4006 6180
166 264 282 351 35.3

698 260 1444 326 COMMENTARIORUM
1488 260 1567 321 IN
1615 257 2113 321 EZECHIELEM
2159 259 2304 317 LIB.
2350 257 2452 317 XI.
2499 257 2671 317 CAP.
2714 256 3030 319 XXXVIII.

2735 162 2767 178 ιι-

173 397 285 459 sint
309 393 547 451 dicere:
578 394 798 452 Statuit
825 411 1006 467 supra
1043 401 1268 466 petram
1309 393 1484 464 pedes
1524 407 1684 445 meos
1705 390 1816 460 (Ps.
1846 391 1905 458 Α
1934 386 3569 462 rusalcm,exstruendumtemplum,cunctasLegisca3re-
3636 452 3643 461 τ

173 501 360 552 nxrx,
385 485 477 556 3):
503 489 645 539 tunc
661 482 1209 555 multiplicabuntur
1228 481 1311 537 vel
1330 480 1692 536 credentium
1708 497 1819 533 ιλιι--

174 591 348 640 mero,
366 573 455 629 vel
477 572 964 646 multiplicatione
982 571 1293 628 virtutum.
1319 570 1389 625 Et
1409 568 1582 632 dabo,
1606 565 1819 639 inquit,

174 660 695 720 sanctificationem
722 678 936 726 meam,
965 660 1086 716 sive
1116 657 1515 715 sanctuarium
1538 656 1598 711 in
1631 654 1820 711 medio

175 767 372 808 eorum
409 751 471 804 in
513 754 883 822 perpetuum,
921 749 1075 821 quod
1105 746 1289 802 Judaei
1311 747 1382 801 de
1401 744 1818 817 templointer-

174 842 502 912 pretantur,
528 838 685 909 quod
708 839 820 892 sub
842 835 1155 892 Zorobabel
1179 838 1541 890 exstructum
1569 835 1675 888 est.
1709 830 1820 885 Sed

174 928 467 1001 quomodo
501 931 657 982 stare
691 926 903 998 poterit
933 925 1043 980 hoc
1085 923 1241 995 quod
1279 923 1512 987 dicitur,
1537 924 1595 976 in
1615 936 1820 993 perpe-

173 1025 325 1073 tuum
354 1035 369 1072 :
394 1032 532 1071 cum
568 1015 857 1087 templum
880 1013 1023 1070 illud
1044 1013 1199 1086 quod
1221 1010 1583 1068 aZorobabel
1605 1018 1824 1064 exstru-

175 1110 333 1162 ctum
373 1109 462 1160 est
492 1108 549 1160 et
579 1107 785 1175 postea
815 1120 849 1158 a
877 1102 1081 1158 multis
1111 1102 1529 1166 instauratum,
1564 1097 1823 1153 Romano

174 1194 305 1267 igne
328 1209 684 1249 succensum
707 1191 832 1247 sit?
871 1192 1004 1256 Quae
1035 1190 1232 1246 omnia
1260 1188 1563 1244 referenda
1591 1191 1730 1242 sunt
1751 1186 1823 1241 ad

174 1282 520 1348 Ecclesiam,
540 1285 599 1335 et
620 1281 691 1335 ad
714 1286 981 1352 tempora
1002 1279 1340 1347 Salvatoris,
1368 1277 1602 1349 quando
1632 1277 1823 1332 taber-

177 1371 453 1425 naculum
476 1370 608 1439 ejus
627 1370 887 1441 positum
911 1373 1000 1423 est
1020 1369 1078 1423 in
1101 1367 1395 1422 Ecclesia:
1420 1365 1520 1420 ubi
1540 1365 1727 1420 factus
1739 1367 1828 1419 est

176 1459 326 1515 Deus
350 1462 573 1529 noster,
600 1462 658 1513 et
681 1474 785 1513 nos
808 1456 1059 1530 p0pulus
1081 1456 1229 1527 ejus.
1268 1455 1681 1525 Profectusque
1703 1469 1825 1507 om-

181 1548 340 1603 nium
367 1553 478 1613 est,
505 1551 571 1601 ut
590 1547 783 1602 sciant
818 1547 972 1618 quod
1008 1545 1132 1617 ipso
1166 1543 1242 1599 sit
1270 1544 1556 1599 Dominus
1582 1560 1594 1598 :
1618 1547 1675 1597 et
1705 1541 1828 1613 ipse

180 1636 505 1692 sanctiﬁcat
526 1634 726 1706 Israel,
750 1652 862 1690 non
884 1637 1056 1706 juxta
1076 1650 1332 1701 carnem,
1356 1633 1456 1688 sed
1472 1633 1646 1703 juxta
1661 1629 1831 1702 spiri-

180 1732 297 1781 tum
314 1742 327 1779 :
343 1725 588 1796 quando
611 1724 995 1780 sanctificatio
1021 1725 1148 1794 ejus
1166 1724 1225 1776 in
1249 1721 1440 1777 medio
1464 1719 1826 1775 credentium

184 1815 432 1870 factaest
458 1814 520 1867 in
545 1816 917 1886 perpetuum.
947 1814 1069 1878 Quo
1086 1816 1283 1867 autem
1301 1809 1584 1865 Dominus
1607 1809 1829 1879 abjece-

183 1903 245 1958 rit
264 1904 491 1958 tribum
520 1901 821 1974 Ephraim,
853 1906 907 1957 et
942 1900 1181 1973 elegerit
1216 1900 1438 1959 tribum
1476 1899 1649 1965 Juda,
1684 1897 1828 1952 etin

183 1991 424 2047 Psalmis
445 1990 725 2064 legimus,
751 1991 809 2045 in
834 1991 1048 2062 quibus
1070 1989 1354 2061 scriptum
1377 1993 1466 2044 est
1490 2004 1502 2043 :
1530 1988 1599 2042 Et
1619 1986 1832 2057 repulit

183 2079 629 2137 tabernaculum
655 2080 898 2151 Joseph,
933 2084 991 2135 et
1018 2079 1238 2134 tribum
1270 2076 1544 2149 Ephraim
1575 2092 1690 2130 non
1712 2073 1830 2131 ele-

181 2170 259 2242 git
284 2188 297 2224 :
324 2170 428 2226 sed
450 2169 633 2243 elegit
655 2168 872 2224 tribum
883 2168 1158 2239 J‘uda(Ps.
1176 2166 1612 2235 Lxxv11,67,58),
1630 2165 1700 2220 de
1714 2181 1831 2237 qua

181 2258 464 2333 scriptum
486 2263 611 2314 est:
640 2258 761 2312 Non
789 2257 1019 2312 deﬁciet
1039 2256 1310 2328 princeps
1351 2271 1419 2310 ex
1439 2252 1613 2325 Juda,
1641 2269 1830 2325 neque

183 2347 305 2402 dux
332 2349 407 2402 de
435 2346 756 2402 femoribus
785 2346 935 2416 ejus,
970 2345 1153 2400 donec
1181 2342 1373 2400 veniat
1396 2342 1489 2398 cui
1511 2342 1830 2415 repositum

184 2438 276 2489 est
298 2452 311 2488 :
337 2434 539 2505 etipse
560 2434 669 2489 erit
686 2432 1039 2506 exspectatio
1076 2432 1341 2505 gentium
1378 2430 1685 2504 (Census,
1719 2430 1827 2501 10).

183 2522 329 2578 Vere
350 2521 513 2577 enim
538 2522 593 2577 in
612 2523 860 2577 adventu
886 2521 1113 2576 Domini
1136 2520 1471 2585 Salvatoris,
1492 2519 1613 2574 duae
1632 2533 1832 2587 virgae,

178 2615 311 2665 etut
326 2610 673 2665 inHebraico
691 2610 951 2683 positum
964 2609 1181 2677 est,duo
1194 2607 1419 2677 Iignain
1439 2624 1621 2663 unum
1628 2608 1651 2678 j
1664 2611 1836 2661 uncta

178 2703 315 2754 sunt
337 2703 729 2770 sceptrum,et
745 2698 806 2754 in
826 2698 1179 2770 baptismate
1197 2697 1412 2752 Christi
1428 2696 1654 2762 dudum
1674 2711 1835 2768 sepa-

175 2792 299 2843 rata
322 2786 635 2843 sociantur
664 2786 915 2841 :utﬁant
940 2786 996 2841 in
1012 2803 1198 2841 unum
1214 2802 1429 2841 novum
1450 2784 1837 2851 hominem,et

173 2876 228 2930 in
245 2893 436 2931 unam
448 2880 710 2949 gentem,
725 2891 914 2946 neque
925 2873 1263 2947 polluantur
1280 2874 1434 2928 ultra
1451 2874 1507 2927 in
1528 2872 1697 2928 idolis
1715 2878 1770 2928 et
1782 2889 1837 2927 a-

175 2963 818 3032 bominationibus;sed
836 2962 1301 3029 mundilavacro,
1320 2960 1703 3033 sintpopulus
1719 2961 1835 3026 Dei,

174 3057 225 3107 et
242 3053 503 3126 imperet
517 3053 604 3109 eis
620 3052 912 3113 Christus.
930 3057 987 3107 et
1008 3052 1272 3108 habitent
1292 3068 1470 3123 super
1487 3055 1702 3106 terram
1727 3050 1835 3105 mi-

1932 476 2155 532 monias
2167 476 2537 543 exercendas,
2558 476 2985 531 observandum
3003 478 3336 549 sabbatum,
3352 477 3567 551 accipi-

1930 565 2145 622 endum
2178 564 2642 620 eircumcisionis
2669 564 2968 636 injuriam,
3003 567 3482 623 manducandum
3512 572 3571 623 et

1931 654 2271 717 bibendum,
2296 658 2353 708 et
2373 653 2705 708 divitiarum
2739 654 3157 712 abundantiam
3202 672 3302 728 pro
3334 672 3570 712 summa

1929 741 2287 799 beatitudine
2336 748 2393 797 et
2438 742 2663 797 cunctis
2710 744 2919 815 opibus
2966 744 3395 812 aestimandam,
3434 761 3570 800 cum

1930 830 2243 903 Apostolus
2265 831 2417 885 dicat
2442 848 2454 885 :
2482 831 2624 886 Esca
2648 833 2855 900 ventri,
2880 836 2935 888 et
2968 838 3167 889 venter
3205 834 3352 890 escis
3377 850 3390 890 :
3416 839 3570 891 Deus

1933 926 2127 975 autem
2161 925 2219 975 et
2249 918 2401 973 hunc
2433 918 2636 974 etillas
2659 920 2918 975 destruet
2945 922 2994 989 (Ι
3026 922 3145 978 Cor.
3177 939 3254 988 v1,
3284 923 3392 994 13).
3427 926 3573 988 Quo-

1934 1010 2106 1063 modo
2130 1014 2325 1062 autem
2351 1008 2407 1062 in
2432 1013 2564 1080 typo
2607 1010 3047 1066 resurrectionis
3085 1013 3350 1083 superior
3378 1029 3571 1070 sermo

1933 1095 2307 1168 propheticus
2332 1097 2813 1153 resurrectionem
2835 1099 3063 1154 Judaici
3101 1100 3302 1172 populi
3333 1101 3572 1159 demon-

1935 1184 2158 1251 stravit,
2194 1202 2307 1239 non
2339 1186 2658 1256 carnalem,
2693 1187 2791 1242 sed
2825 1187 3227 1258 spiritualem:
3263 1189 3345 1245 sic
3378 1194 3430 1245 et
3462 1189 3578 1261 ista

1936 1273 2239 1345 prophetia
2265 1291 2635 1346 nequaquam
2659 1277 2728 1330 ad
2755 1277 2967 1347 carnis,
2994 1279 3094 1333 sed
3117 1279 3188 1333 ad
3213 1278 3574 1352 anime'per-

1934 1362 2082 1417 tinet
2105 1361 2458 1431 felicitatem,
2481 1368 2536 1419 et
2553 1366 2624 1419 ad
2642 1365 2721 1421 Cb
2732 1365 2856 1421 risti
2876 1366 3068 1433 fidem,
3089 1384 3206 1440 qua
3219 1370 3581 1424 mundamur

1936 1452 1995 1507 in
2031 1452 2403 1523 baptismate,
2436 1455 2604 1524 cujus
2638 1471 2882 1526 regnum
2912 1457 3343 1528 inperpetuum
3374 1463 3481 1524 est,
3516 1461 3581 1513 ut

1939 1558 2054 1596 non
2085 1547 2489 1613 exspectemus
2537 1548 2801 1609 ventura
2829 1562 2953 1615 qua:
3005 1551 3301 1602 transacta
3329 1552 3487 1615 sunt,
3522 1551 3581 1603 et

1940 1630 2201 1702 quotidie
2230 1631 2476 1702 transigi
2508 1631 2797 1687 novimus.

2011 1719 2167 1790 (Cap.
2199 1718 2518 1789 XXXVIII.)
2553 1740 2580 1767 ‹‹
2613 1720 2681 1774 Et
2713 1721 2900 1776 factus
2929 1726 3019 1777 est
3039 1738 3229 1778 sermo
3252 1721 3485 1779 Domini
3508 1723 3580 1781 ad

1944 1831 1971 1856 ‹‹
2005 1823 2118 1873 me,
2151 1807 2352 1862 dicens
2378 1823 2388 1860 :
2427 1806 2529 1861 Fili
2553 1808 2828 1876 hominis,
2854 1827 3004 1881 pone
3032 1811 3236 1867 faciem
3258 1814 3419 1867 tuam
3442 1828 3579 1869 con-

1947 1917 1974 1945 ‹‹
2001 1899 2091 1951 tra
2110 1895 2251 1968 Gog,
2270 1900 2484 1951 terram
2500 1900 2724 1969 Magog,
2746 1898 3068 1971 principem
3090 1900 3298 1972 capitis
3314 1903 3451 1969 (sive
3464 1901 3580 1974 ros)

1942 2007 1970 2033 ‹‹
2003 1986 2257 2051 Mosoch,
2279 1989 2336 2039 et
2357 1985 2673 2052 Thubal,et
2694 1986 3007 2057 vaticinare
3028 1989 3099 2044 de
3120 2004 3207 2043 eo.
3226 1989 3297 2044 Et
3330 1990 3487 2046 dices
3509 1991 3581 2047 ad

1946 2096 1974 2123 ‹‹
2007 2090 2141 2128 eum
2168 2073 2329 2128 εΗωο
2355 2074 2495 2129 dicit
2517 2075 2801 2130 Dominus
2816 2076 3001 2131 Deus:
3024 2078 3166 2133 Ecce
3183 2093 3286 2150 ego
3304 2078 3375 2133 ad
3394 2079 3587 2152 tejGog

1945 2185 1971 2212 ‹‹
2016 2162 2339 2235 principem
2365 2164 2572 2235 capitis
2592 2166 2721 2232 (sive
2741 2166 2857 2234 ros)
2882 2166 3140 2231 Mosoch,
3172 2169 3325 2224 442
3347 2171 3405 2222 et
3430 2168 3586 2223 Thu-

1948 2274 1975 2300 ‹‹
2009 2250 2123 2321 bal,
2148 2259 2201 2306 et
2222 2252 2619 2324 circumagam
2645 2258 2717 2317 te,
2742 2259 2798 2308 et
2818 2270 3030 2325 ponam
3056 2256 3285 2311 frenum
3304 2255 3364 2309 in
3386 2255 3584 2315 maxil-

1945 2362 1972 2388 «
2006 2338 2079 2394 lis
2101 2339 2239 2406 tuis,
2264 2345 2321 2394 et
2341 2340 2586 2395 educam
2608 2341 2743 2413 (sive
2765 2344 3149 2413 congregabo)
3172 2348 3247 2413 te,
3271 2348 3329 2399 et
3352 2360 3587 2409 omnem

1953 2448 1974 2477 ι
2006 2427 2321 2509 exercitum
2352 2432 2544 2495 tuum,
2575 2446 2758 2501 equos
2786 2435 2845 2485 et
2868 2430 3587 2504 equites’vestitosjloricis
3690 2432 3693 2439 ’

1945 2539 1973 2565 ‹‹
2009 2516 2333 2584 universos,
2357 2517 2795 2573 multitudinem
2816 2535 3113 2592 magnam,
3139 2520 3364 2587 hastam
3390 2526 3448 2577 et
3468 2522 3584 2594 cly-

1958 2628 1978 2654 α
2000 2621 2179 2676 peum
2203 2604 2636 2677 arripientium,
2659 2610 2716 2662 et
2738 2605 2998 2678 gladium
3043 2609 3175 2678 (sive
3197 2606 3381 2680 peltas
3403 2613 3461 2665 et
3479 2625 3585 2682 ga-

1947 2716 1975 2744 ‹‹
2007 2693 2151 2761 leas,
2175 2699 2232 2749 et
2252 2693 2502 2766 gladios)
2525 2712 2537 2750 :
2562 2695 3153 2768 Persae,1Ethiopes,et
3190 2696 3418 2768 Libyes,
3449 2714 3585 2755 cum

1950 2803 1978 2831 «
2009 2782 2091 2837 eis
2112 2799 2315 2838 omnes
2342 2783 2556 2838 scutati
2587 2787 2644 2839 et
2675 2782 2884 2857 galeati
2910 2800 2922 2838 :
2970 2785 3201 2852 Gomer,
3235 2789 3291 2840 et
3318 2787 3589 2845 universa

1946 2894 1975 2921 ‹‹
2008 2872 2243 2943 agmina
2268 2873 2395 2943 ejus
2419 2888 2431 2925 :
2467 2874 2679 2928 domus
2708 2872 3052 2949 Thogorma,
3075 2872 3256 2929 latera
3282 2874 3588 2946 Aquilonis

1946 2983 1973 3010 ‹‹
2008 2961 2142 3031 (sive
2173 2962 2242 3016 ab
2264 2963 2539 3016 extremis
2560 2961 2912 3033 Aquilonis),
2935 2966 2991 3017 et
3011 2967 3201 3019 totum
3235 2964 3585 3036 roburejus,

1947 3071 1974 3099 «
2008 3048 2323 3120 populique
2336 3050 2412 3120 (a)
2433 3048 2568 3120 (sive
2579 3053 2801 3123 gentes)
2818 3051 3016 3107 multa:
3030 3057 3242 3107 tecum.
3260 3052 3523 3125 Praapara
3534 3058 3591 3108 et

174 3141 341 3207 tium,
376 3148 601 3197 terram
634 3141 971 3210 viventium,
1019 3157 1197 3212 quam
1247 3140 1485 3196 dederat
1532 3156 1696 3196 servo
1728 3156 1834 3195 suo
1864 3129 1906 3194 C
1949 3138 2235 3193 «instrue
2272 3142 2347 3205 te,
2381 3143 2438 3193 et
2479 3156 2710 3194 omnem
2762 3138 3206 3196 multitudinem
3252 3144 3415 3197 tuam
3461 3159 3587 3214 qua:

170 3230 377 3299 Jacob,
410 3230 512 3302 qui
535 3228 822 3302 populum
844 3228 1019 3285 Israel
1043 3229 1100 3284 in
1142 3228 1347 3284 matris
1365 3233 1530 3284 utero
1551 3226 1837 3300 supplau-

174 3322 329 3375 tavit.
358 3319 472 3375 Sin
494 3323 693 3375 autem
716 3317 1074 3375 voluerimus
1101 3318 1273 3388 juxta
1290 3317 1651 3389 prophetiam
1669 3316 1836 3383 Osee,

175 3412 313 3465 441
347 3426 489 3482 qua:
515 3425 664 3480 pene
685 3407 880 3463 omnis
900 3407 975 3462 ad
997 3408 1195 3462 decem
1226 3405 1416 3461 tribus
1449 3404 1743 3477 dirigitur,
1780 3404 1834 3459 id

174 3502 275 3562 est,
297 3500 377 3553 ad
406 3496 629 3568 Joseph
669 3501 726 3551 et
761 3495 1057 3568 Ephraim,
1094 3500 1150 3550 et
1184 3495 1531 3562 Samariam,
1553 3500 1610 3549 et
1634 3493 1834 3560 Israel,

172 3586 509 3660 intelligere
527 3584 661 3641 falsi
689 3585 945 3641 nominis
981 3584 1306 3655 scientiam,
1348 3588 1405 3639 et
1425 3583 1684 3639 diversas
1709 3588 1837 3638 tur-

172 3674 269 3729 bas
293 3674 738 3743 haereticorum,
762 3673 872 3728 hoc
892 3673 1175 3738 dicemus,
1201 3672 1440 3744 quodin
1462 3671 1670 3727 ultimo
1695 3676 1840 3727 tem-

172 3779 302 3833 pore
352 3762 603 3835 quando
648 3760 1070 3817 subiutraverit
1116 3760 1420 3832 plenitudo
1469 3762 1839 3834 gentium,et

172 3852 366 3907 omnis
396 3849 576 3905 Israel
609 3850 810 3906 salvus
839 3849 1015 3904 fuerit
1035 3849 1205 3921 (Rom.
1234 3851 1338 3921 χι),
1371 3853 1512 3904 tunc
1544 3849 1719 3905 etiam
1742 3850 1838 3904 ad-

168 3938 436 3993 versarii
464 3936 681 4009 pepuli,
731 3937 832 4008 qui
882 3943 1085 3993 contra
1126 3939 1365 3994 domum
1415 3938 1579 3993 Judaa
1611 3942 1667 3992 et
1696 3955 1825 3994 con-

170 4024 511 4079 fessionem
539 4025 803 4081 Ecclesize
832 4031 1262 4098 pugnaverunt,
1296 4027 1533 4082 tradant
1570 4042 1633 4082 se
1664 4025 1840 4081 eccle-

174 4113 451 4169 siastica
480 4114 624 4184 ﬁdei,
658 4121 715 4170 et
759 4115 1047 4171 universis
1093 4115 1390 4171 erroribus
1440 4114 1750 4182 derelictis,
1781 4120 1839 4192 et

167 4202 554 4276 principibus
584 4203 797 4259 mundi
831 4203 1005 4259 istius
1035 4203 1134 4274 qui
1179 4204 1563 4259 destruuntur
1591 4203 1699 4275 [Αι.
1733 4204 1837 4259 de-

168 4293 539 4364 struantur],
553 4299 609 4348 et
621 4292 973 4365 patriarchis
987 4293 1131 4363 suis,
1148 4292 1248 4364 qui
1262 4310 1358 4349 eos
1374 4292 1432 4347 in
1448 4291 1839 4364 blasphemia-

168 4399 297 4436 rum
332 4381 696 4437 barathrum
728 4380 1112 4447 deduxerunt,
1162 4386 1537 4453 consurgant,
1578 4386 1635 4437 et
1662 4381 1835 4437 relin-

1948 3248 1976 3276 α
2008 3230 2339 3282 coacervata
2393 3230 2481 3282 est
2545 3228 2617 3283 ad
2685 3232 2762 3296 te,
2830 3232 2886 3284 et
2943 3234 3066 3285 esto
3124 3229 3210 3286 eis
3264 3230 3326 3285 in
3379 3248 3589 3303 praece-

1947 3337 1972 3364 ‹‹
2010 3321 2174 3387 ptum
2207 3317 2341 3383 (sive
2370 3320 2427 3371 et
2457 3316 2572 3371 eris
2604 3317 2749 3372 mihi
2778 3316 2839 3372 in
2873 3319 3244 3390 custodiam).
3295 3323 3437 3376 Post
3467 3319 3591 3379 dies

1949 3425 1977 3452 ‹‹
2007 3403 2227 3460 multos
2248 3405 2579 3461 visitaberis
2605 3423 2617 3473 ;
2648 3406 2706 3460 in
2732 3407 3048 3463 novissimo
3088 3409 3192 3475 [Αἰ.
3228 3408 3585 3478 novissimis]

1945 3515 1974 3542 ‹‹
2006 3510 2294 3548 annorum
2308 3494 2500 3549 venies
2518 3495 2589 3549 ad
2604 3500 2817 3550 terram
2838 3513 2965 3566 quae
2984 3512 3212 3552 reversa
3228 3496 3587 3571 (sive(b)per-

1946 3605 1973 3631 ‹‹
2007 3583 2193 3652 versa)
2224 3586 2312 3638 est
2342 3599 2375 3636 a
2403 3582 2598 3654 gladio
2625 3600 2637 3638 :
2668 3588 2726 3638 et
2755 3588 3105 3656 congregata
3135 3583 3586 3657 estjdefpopulis

1944 3695 1971 3720 ‹‹
2007 3671 2211 3726 multis
2266 3671 2336 3725 ad
2389 3676 2644 3726 montem
2696 3672 2801 3741 [Αἱ.
2865 3677 3111 3742 montes]
3162 3675 3301 3745 (sive
3346 3674 3585 3745 terram)

1947 3781 1975 3809 «
2009 3758 2204 3824 Israel,
2232 3760 2329 3831 qui
2358 3760 2590 3816 fuerunt
2627 3761 2838 3816 deserti
2867 3762 3125 3833 jugiter:
3156 3761 3277 3817 hac
3297 3762 3368 3816 de
3401 3778 3588 3833 popu-

1951 3869 1973 3897 ι
2006 3848 2078 3903 lis
2107 3848 2313 3902 educta
2341 3852 2429 3902 est
2460 3854 2515 3903 et
2544 3849 2893 3904 habitabant
2936 3850 3041 3917 [AL
3094 3849 3501 3905 habitaverunt
3527 3848 3588 3905 in

1948 3959 1977 3988 «
2001 3954 2069 3992 ea
2097 3937 2463 3992 confidentur
2494 3936 2770 3992 universi.
2822 3939 3155 3994 Ascendens
3204 3942 3400 3994 autem
3441 3954 3590 4010 quas

1948 4048 1975 4076 ‹‹
2007 4029 2326 4097 tempestas
2357 4026 2573 4096 venies,
2607 4030 2663 4081 et
2694 4027 2861 4098 quasi
2894 4028 3104 4094 nubes,
3130 4032 3195 4082 ut
3218 4028 3447 4100 operias
3469 4034 3589 4083 ter-

1947 4137 1974 4164 «
2010 4130 2134 4169 ram
2168 4118 2230 4168 tu
2262 4118 2319 4168 et
2348 4114 2548 4170 omnia
2578 4116 2815 4187 agmina
2842 4120 2962 4182 tua,
2996 4121 3054 4172 et
3074 4115 3273 4188 populi
3297 4116 3431 4187 (sive
3449 4132 3592 4189 gen-

1953 4225 1974 4253 ι
2008 4204 2118 4275 tes)
2151 4202 2321 4257 multi
2354 4208 2566 4260 tecum.
2603 4204 2732 4260 llaec
2767 4205 2910 4260 dicit
2957 4205 3244 4261 Dominus
3298 4205 3493 4262 Deus:
3528 4206 3592 4261 In

1949 4314 1975 4341 ‹‹
2009 4292 2102 4347 die
2130 4291 2232 4346 illa
2261 4293 2579 4348 ascendant
2608 4309 2909 4349 sermones
2958 4310 3137 4367 super
3182 4311 3280 4351 cor
3307 4298 3500 4361 tuum,
3535 4299 3593 4350 et

1954 4402 1975 4430 α
2009 4381 2292 4452 cogitabis
2323 4381 2734 4453 cogitationem
2776 4382 3117 4455 pessimam,
3174 4390 3232 4439 et
3284 4383 3441 4440 dices
3471 4400 3483 4437 :
3516 4384 3591 4437 A-

170 4468 543 4543 quautjdola
564 4486 694 4537 sua,
720 4473 776 4524 et
797 4468 1265 4526 abominationes
1287 4487 1447 4540 suas,
1472 4486 1618 4541 quas
1637 4471 1708 4525 de
1730 4486 1835 4525 suo
1865 4494 1912 4558 Ι)
1948 4493 1975 4519 ‹‹
2012 4471 2286 4526 scendam
2318 4471 2388 4526 ad
2423 4476 2635 4527 terram
2680 4474 2812 4543 (sive
2861 4489 3038 4543 super
3079 4473 3317 4543 terram)
3368 4472 3593 4543 absque

168 4561 339 4616 corde
362 4561 805 4628 confluxerant,
829 4559 966 4615 etde
988 4560 1214 4615 cunctis
1227 4559 1466 4615 sedibus
1479 4559 1620 4625 suis,
1640 4558 1699 4613 in
1713 4558 1839 4630 qui-

171 4647 274 4703 bus
293 4652 725 4721 peccaverunt,
746 4651 1045 4703 transeant
1063 4648 1134 4702 ad
1157 4646 1613 4703 ecclesiasticam
1638 4648 1835 4715 ﬁdem,

167 4742 221 4791 et
248 4738 657 4801 mundeutur,
690 4738 749 4790 et
777 4735 897 4790 sint
926 4734 1180 4809 populus
1221 4734 1455 4801 Christi,
1503 4739 1560 4790 et
1609 4735 1733 4807 ipse
1764 4736 1840 4791 sit

172 4828 317 4881 Deus
339 4841 598 4881 eorum:
626 4841 754 4895 qua:
778 4821 1009 4896 plenius
1030 4824 1089 4878 in
1113 4824 1257 4879 Osee
1280 4822 1565 4896 propheta
1586 4823 1839 4881 dictasse

169 4930 258 4969 me
289 4914 455 4970 novi.
505 4913 673 4977 Quod
716 4912 764 4965 si
802 4912 989 4968 Judazi
1025 4917 1080 4968 et
1100 4911 1413 4969 Christiani
1443 4912 1841 4985 Judaizantes,‘

168 5000 287 5056 hec
314 5003 392 5057 ad
422 5001 591 5057 mille
610 5017 901 5055 annorum
921 5000 1207 5057 voluerint
1228 5002 1440 5056 referre
1457 5008 1724 5074 regnum,
1743 5019 1839 5058 ne-

168 5092 457 5147 cessitate
487 5095 807 5163 coguntur,
842 5094 908 5145 ut
958 5091 1283 5163 suscipiant
1326 5108 1531 5148 omnes
1563 5092 1661 5164 qui
1694 5090 1837 5149 salvi

168 5178 389 5236 fuerint
422 5179 797 5235 habitatores
825 5177 885 5233 in
916 5181 1073 5235 terra
1102 5179 1297 5247 Israel,
1319 5180 1721 5236 aedificandam
1746 5181 1840 5236 Je-

235 5360 314 5427 (a)
346 5358 541 5423 Vict.,
574 5359 893 5479 populique
921 5358 1101 5427 mulli,
1134 5361 1247 5415 sive
1273 5362 1485 5430 gentes,
1516 5363 1649 5428 etc.,
1683 5361 1836 5433 quod

241 5430 431 5481 nnlet.
476 5445 544 5481 ex
630 5428 747 5481 ulu.
782 5435 838 5481 et
882 5429 1053 5481 Hebr.

166 5430 431 5503 supplet.
476 5445 544 5483 ex
574 5429 747 5501 Vulg.
782 5435 838 5484 et
882 5429 1053 5485 Hebr.
1282 5429 1285 5430 ⁷
1698 5429 1717 5433 “

231 5502 320 5583 (ὑλ
338 5503 541 5565 Idem,
560 5516 761 5583 aversa
790 5518 895 5583 pro
917 5516 1200 5583 perversa,
1231 5518 1301 5558 ex
1345 5501 1609 5583 subnexa
1640 5501 1837 5583 Hiero:

164 5574 326 5645 nymi
357 5573 760 5644 expositione,
799 5573 932 5628 ubi.‘
972 5573 1055 5629 Ad
1090 5589 1341 5645 quorum
1362 5577 1647 5630 terram...
1679 5575 1839 5631 venit

1948 4581 1976 4608 «
2012 4575 2180 4614 muro
2228 4560 2360 4631 (sive
2421 4560 2770 4632 abjectam):
2822 4560 3053 4616 veniam
3102 4562 3174 4616 ad
3225 4561 3592 4632 quiescentes

1953 4671 1973 4697 ι
2011 4648 2458 4721 habitantesque
2480 4666 2682 4705 secure
2708 4650 2916 4721 (sivein
2938 4651 3097 4721 pace)
3133 4666 3373 4709 :omnes
3407 4650 3588 4717 [Vulg.

1949 4760 1977 4788 «
2004 4738 2160 4793 addit
2217 4738 2299 4809 hi]
2351 4738 2622 4795 habitant
2664 4739 2815 4809 siuei
2834 4756 3023 4806 muro,
3069 4743 3265 4795 vectes
3313 4743 3371 4794 et
3412 4742 3591 4810 porta:

1954 4850 1973 4875 ι
2012 4844 2123 4882 non
2159 4833 2298 4882 sunt
2327 4827 2447 4883 eis:
2485 4833 2550 4882 ut
2582 4828 2826 4900 diripias
2859 4828 3046 4900 spolia
3071 4846 3084 4884 :
3108 4833 3165 4884 et
3185 4827 3428 4882 invadas
3450 4842 3592 4898 prae-

1955 4938 1975 4963 ε
2012 4916 2187 4971 dam:
2238 4920 2302 4971 ut
2353 4916 2570 4972 inferas
2622 4934 2862 4973 manum
2907 4922 3070 4973 tuam
3119 4932 3297 4987 super
3341 4932 3440 4972 eos
3488 4915 3590 4989 qui

1950 5027 1977 5055 ‹‹
2011 5004 2222 5059 deserti
2256 5006 2504 5071 fuerant,
2535 5011 2592 5062 et
2622 5013 2825 5078 postea
2872 5005 3146 5071 restituti,
3192 5012 3248 5060 et
3279 5021 3455 5078 super
3483 5022 3590 5077 po-

1955 5113 1977 5141 «
2010 5093 2213 5165 pulum
2238 5094 2333 5165 qui
2390 5099 2478 5150 est
2506 5100 2892 5167 congregatus
2922 5111 2988 5149 ex
3019 5094 3420 5167 gentibus,qui
3453 5111 3588 5167 pos-

1922 5204 1976 5255 Δ‹‹
2012 5183 2202 5238 sidere
2224 5183 2415 5254 ccepit,
2438 5188 2493 5239 et
2511 5183 2953 5253 esse_habitator
2968 5183 3231 5238 umbilici
3256 5187 3417 5240 terrae
3435 5184 3589 5240 Saba

1947 5363 2071 5436 Gog
2088 5363 2565 5436 expugnandam,
2600 5380 2727 5435 qua:
2759 5380 2987 5420 reversa
3016 5368 3123 5436 est,
3174 5366 3293 5421 sive
3322 5380 3523 5436 averso
3554 5381 3589 5421 a

1945 5432 2277 5506 gla'diofln'
2324 5435 2583 5508 Hebraic.
2618 5432 2871 5508 'quoque
2919 5432 3198 5497 nmen.
3248 5437 3379 5491 Mox
3407 5435 3586 5493 etiam

1908 5538 1909 5541 η
1941 5509 2248 5581 proiectam
2276 5522 2381 5578 pro
2410 5506 2674 5578 abjectmri
2701 5506 2792 5565 ex‘
2817 5508 3022 5565 eadem
3059 5508 3419 5581 expositione
3450 5523 3590 5580 pra-

1949 5580 2078 5635 fert.
