3996 6184
471 295 592 355 355

1729 291 1792 351 S.
1840 287 2151 351 EUSEBII
2196 290 2639 353 HIERONYMI

3746 281 3859 346 356

464 448 494 479 «
526 430 582 482 et
597 425 883 491 Dedan,et
899 421 1286 493 negotiatores
1302 421 1684 495 Tharsis(sive
1704 420 2114 494 Carthaginen-
2143 421 2199 487 Α
2227 421 2286 476 in
2317 426 2536 478 terram
2566 421 2764 489 Israel,
2801 422 3034 493 quando
3073 419 3375 478 aediﬁcatio
3422 417 3627 489 templi
3656 415 3860 472 descri-

465 538 494 566 «
527 531 623 570 ses
641 518 699 569 et
717 530 920 568 omnes
939 512 1135 566 leones
1150 510 1320 576 villae)
1336 513 1463 582 ejus
1477 509 2112 582 dicenttibizNumquid

455 624 484 652 ‹‹
524 603 593 657 ad
618 602 905 657 sumenda
925 599 1113 672 spolia
1152 604 1215 654 tu
1244 601 1447 657 venis?
1468 602 1608 656 Ecee
1628 602 1694 656 ad
1720 599 2110 671 diripiendam

459 712 487 739 ‹‹
512 691 768 762 praedam
789 689 1157 761 congregasti
1183 688 1620 743 multitudinem
1644 694 1830 755 tuam,
1856 692 1920 742 ut
1940 686 2113 742 tollas

462 800 483 827 α
521 781 828 849 argentum
854 782 910 831 et
924 792 1155 846 aurum,
1172 780 1230 830 et
1244 777 1473 830 auferas
1489 774 1912 846 supellectilem
1937 778 2111 844 atque

459 886 487 915 ‹‹
519 865 933 933 substantiam,
966 868 1022 919 et
1043 864 1288 935 diripias
1310 865 1622 920 manubias
1654 864 1936 918 infinitas.
1969 863 2111 917 Pro-

460 972 482 1003 α
515 958 714 1026 pterea
734 953 1071 1019 vaticinare,
1098 952 1179 1007 fili
1205 953 1483 1019 hominis,
1504 957 1559 1007 et
1574 953 1730 1008 dices
1745 953 1815 1007 ad
1831 953 2111 1024 Gog:Haac

455 1065 483 1093 ‹‹
520 1042 661 1098 dicit
709 1042 990 1098 Dominus
1040 1041 1233 1096 Deus:
1287 1040 1585 1112 Numquid
1633 1057 1745 1095 non
1798 1041 1857 1094 in
1889 1041 1981 1094 die
2012 1038 2110 1094 illo

452 1152 480 1181 ‹‹
516 1148 652 1187 cum
673 1130 1023 1186 habitaverit
1048 1129 1301 1202 populus
1341 1146 1508 1185 meus
1536 1128 1710 1184 Israel
1747 1129 2112 1183 conﬁdenter

452 1240 480 1267 «
515 1219 651 1290 (sive
682 1219 741 1274 in
773 1219 934 1290 pace)
984 1218 1149 1273 scies
1181 1220 1313 1284 (sive
1364 1217 1752 1289 consurges)?
1804 1219 1871 1272 Et
1915 1216 2109 1272 venies

452 1331 478 1357 ‹‹
515 1308 585 1362 de
601 1306 726 1363 loco
746 1312 845 1362 tuo
865 1306 1188 1362 alateribus
1202 1306 1334 1376 (sive
1353 1323 1384 1359 a
1401 1306 1761 1374 novissimis)
1777 1305 2104 1377 Aquilonis,

453 1420 481 1447 ‹‹
510 1401 573 1451 tu
597 1401 651 1451 et
670 1395 866 1468 populi
890 1394 1057 1449 multi
1078 1399 1291 1461 tecum,
1313 1411 1650 1450 ascensores
1669 1412 1954 1466 equorum
1976 1394 2106 1450 uni-

456 1502 480 1532 κ
510 1484 682 1551 versi,
736 1484 889 1538 443
933 1486 1117 1537 ccstus
1167 1499 1443 1554 magnus,
1496 1487 1553 1537 et
1602 1484 1891 1538 exercitus
1935 1484 2107 1537 vehe-

448 1593 477 1620 «
511 1588 700 1627 mens.
736 1573 806 1627 Et
841 1571 1165 1626 ascendens
1196 1588 1373 1642 super
1392 1570 1677 1645 populum
1703 1588 1899 1627 meum
1923 1571 2105 1627 Israel

447 1680 475 1709 «
511 1660 679 1730 quasi
712 1659 919 1727 nubes,
967 1664 1033 1714 ut
1080 1659 1308 1730 operias
1354 1663 1592 1716 terram.
1652 1659 1714 1715 In
1769 1659 2106 1716 novissimis

461 1770 489 1799 ‹‹
511 1747 719 1803 diebus
743 1748 857 1804 eris
878 1749 1011 1819 (sive
1041 1747 1171 1815 erit)
1193 1752 1249 1803 et
1268 1749 1557 1804 adducam
1589 1752 1645 1803 te
1680 1765 1858 1820 super
1888 1753 2103 1804 terram

465 1856 487 1885 α
520 1852 747 1892 meam:
784 1841 849 1891 ut
867 1837 1057 1892 sciant
1088 1853 1291 1891 omnes
1317 1837 1507 1907 [ναις.
1546 1840 1687 1892 tacet
1710 1838 1936 1908 omnes]
1967 1854 2104 1909 gen-

448 1929 597 1981 «tes
626 1942 739 1997 me,
774 1942 908 1980 cum
942 1925 1341 1980 sanctificatus
1392 1926 1552 1980 fuero
1604 1927 1662 1980 in
1704 1930 1760 1980 te
1813 1926 1873 1981 in
1914 1926 2099 1982 oculis

447 2036 475 2064 ‹‹
511 2030 735 2081 eorum,
769 2031 801 2068 o
827 2013 968 2084 Gog.
993 2013 1123 2067 Haac
1148 2013 1287 2067 dicit
1310 2013 1596 2068 Dominus
1638 2015 1784 2068 Deus
1811 2032 1822 2069 :
1847 2015 1931 2069 Tu
1961 2031 2098 2086 ergo

447 2125 475 2153 «
508 2101 604 2157 ille
634 2118 717 2168 es,
750 2102 822 2157 de
851 2118 966 2172 quo
998 2101 1227 2156 locutus
1259 2117 1391 2157 sum
1422 2100 1483 2155 in
1514 2101 1723 2157 diebus
1752 2103 2014 2174 antiquis
2037 2103 2096 2156 in

448 2212 477 2242 «
509 2207 686 2246 manu
711 2206 1010 2246 servorum
1034 2206 1298 2244 meorum
1323 2189 1740 2261 prophetarum
1771 2190 1967 2256 Israel,
1994 2192 2094 2263 qui

450 2302 478 2331 «
509 2280 1005 2353 prophetaverunt
1033 2280 1093 2334 in
1126 2279 1333 2335 diebus
1363 2280 1481 2335 illis
1516 2286 1690 2350 atque
1730 2281 2097 2351 temporibus

447 2392 476 2420 «
511 2371 692 2439 (Vulg.
724 2369 961 2424 illorum
993 2372 1347 2441 temporum]
1382 2369 1516 2438 (sive
1556 2368 1747 2436 annis)
1775 2387 1787 2423 :
1822 2374 1884 2423 ut
1914 2370 2098 2424 addu-

448 2479 476 2508 ‹‹
510 2473 700 2513 cerem
732 2461 789 2513 te
819 2474 997 2529 super
1026 2474 1125 2513 eos
1145 2457 1172 2512 ?
1202 2458 1272 2512 Et
1300 2457 1410 2512 erit
1442 2457 1499 2512 in
1534 2457 1625 2512 die
1655 2457 1776 2523 illa,
1800 2458 1859 2511 in
1885 2458 1975 2512 die
1997 2459 2100 2513 ad-

453 2570 481 2597 ι‹
516 2551 724 2602 ventus
772 2545 896 2618 Gog
939 2563 1115 2618 super
1164 2550 1380 2601 terram
1434 2545 1630 2611 Israel,
1686 2547 1767 2601 ait
1816 2546 2100 2602 Dominus

459 2658 488 2686 «
521 2635 674 2691 Deus
708 2634 1366 2706 :ascendetindignatio
1389 2650 1519 2689 mea
1542 2635 1599 2690 in
1636 2635 1828 2690 furore
1859 2651 2006 2689 meo.
2030 2635 2101 2689 Et

452 2747 480 2775 «
512 2724 573 2778 in
605 2723 725 2779 zelo
758 2739 906 2789 meo,
938 2723 998 2778 in
1031 2722 1164 2794 igne
1194 2724 1291 2777 iraa
1325 2739 1467 2778 mem
1516 2722 1745 2778 locutus
1775 2740 1928 2793 sum,
1963 2725 2101 2794 quia

446 2834 474 2862 ‹‹
506 2812 567 2865 in
592 2811 683 2866 die
714 2811 815 2866 illa
846 2812 955 2866 erit
984 2811 1299 2865 commotio
1333 2827 1546 2882 magna
1577 2828 1753 2882 super
1775 2817 1989 2867 terram
2022 2812 2099 2866 Is-

446 2921 475 2947 ‹‹
507 2898 650 2965 rael,
673 2903 729 2952 et
751 2899 1276 2953 commovebuntur
1297 2916 1330 2952 a
1352 2899 1493 2953 facie
1516 2916 1648 2953 mea
1685 2900 1870 2969 pisces
1897 2901 2095 2970 maris,

447 3008 476 3036 «
508 2989 566 3042 et
584 2985 849 3041 volucres
884 2985 1034 3054 coeli,
1081 2991 1138 3041 et
1180 2986 1378 3041 bestiae
1421 2988 1544 3058 agri
1589 2989 1726 3056 (sive
1774 2988 2009 3060 campi),
2043 2994 2100 3044 et

447 3098 475 3126 ‹‹
507 3092 681 3132 omne
711 3073 916 3147 reptile
946 3075 1100 3146 quod
1134 3080 1397 3130 movetur
1418 3092 1593 3147 super
1624 3076 1906 3130 humum:
1956 3094 2097 3131 cun-

2226 511 2403 579 bitur,
2438 517 2493 567 et
2521 510 2997 567 caeremoniarum
3030 513 3158 582 ejus
3177 510 3317 566 ordo
3342 511 3630 563 narratur.
3656 496 3861 561 Deinde

2224 601 2654 656 observandum
2678 605 2785 669 est,
2819 601 2973 672 quod
2997 600 3251 671 ponitur,
3276 597 3395 654 sive
3417 596 3756 653 obﬁrmatur
3776 594 3861 649 fa-

2223 690 2340 744 cies
2373 690 2666 762 prophetae
2699 694 2903 744 contra
2932 690 3053 761 Gog
3073 692 3309 755 terram,
3347 687 3469 741 sive
3507 688 3717 739 terram
3744 685 3857 737 Ma-

2222 792 2355 849 gog.
2390 778 2809 833 Obﬁrmatione
2848 777 3002 833 enim
3035 781 3189 831 444
3221 781 3279 831 et
3323 774 3510 830 multa
3538 772 3859 829 considera-

2222 866 2380 922 tione
2410 866 2607 922 vultus
2637 883 2783 937 opus
2805 871 2912 929 est,
2937 869 3001 920 ut
3022 881 3151 936 qua:
3168 866 3465 931 dicuntur,
3493 879 3665 918 nosse
3685 859 3862 932 possi-

2223 971 2355 1009 mus
2387 955 2710 1010 secundum
2742 954 2885 1009 illud
2915 952 3315 1026 Apostolicum
3347 968 3360 1007 :
3395 952 3511 1009 Nos
3530 954 3719 1006 autem
3741 964 3864 1003 om-

2222 1058 2324 1097 nes
2343 1041 2592 1097 revelata
2609 1042 2752 1097 facie
2776 1041 3023 1114 gloriam
3047 1040 3280 1095 Domini
3300 1038 3775 1111 contemplantes,
3794 1037 3857 1091 in

2219 1130 2487 1185 eamdem
2506 1131 2824 1202 imaginem
2849 1129 3257 1197 reformamur,
3286 1146 3319 1184 a
3337 1126 3596 1200 gloriain
3618 1126 3858 1198 gloriam

2219 1220 2389 1290 quasi
2411 1237 2444 1274 a
2474 1219 2704 1274 Domini
2730 1219 2941 1291 spiritu
2965 1220 3009 1290 (Ι
3034 1218 3156 1274 Cor.
3181 1235 3265 1289 ιιι,
3291 1218 3378 1289 18)
3403 1217 3585 1289 Igitur
3602 1214 3781 1271 Judaei
3800 1217 3860 1269 et

2219 1309 2403 1363 nostri
2424 1307 2799 1363 Judaizantes
2822 1312 3031 1380 putant
3048 1307 3167 1378 Gog
3181 1311 3384 1378 gentes
3406 1305 3483 1377 (b)
3500 1320 3628 1360 esse
3645 1302 3861 1375 Scythi-

2215 1396 2629 1461 cas,immanes
2647 1400 2704 1452 et
2716 1394 3195 1462 innumerabiles,
3213 1412 3289 1467 qu
3301 1411 3344 1449 ω
3360 1398 3525 1448 trans
3539 1391 3857 1447 Causasum

2219 1488 2499 1550 montem,
2523 1490 2578 1540 et
2602 1486 2924 1540 Maaotidem
2961 1482 3259 1555 paludem,
3290 1486 3347 1538 et
3376 1498 3554 1554 prope
3583 1480 3857 1552 Caspium

2218 1589 2377 1628 mare
2400 1574 2471 1629 ad
2495 1574 2723 1629 Indiam
2746 1589 2932 1645 usque
2956 1573 3307 1639 tendantur;
3332 1575 3389 1626 et
3416 1570 3524 1626 has
3545 1573 3677 1641 post
3697 1566 3857 1623 mille

2216 1680 2504 1719 annorum
2536 1679 2783 1735 regnum
2814 1678 2943 1717 esse
2975 1662 3206 1717 diabolo
3237 1659 3857 1729 commovendas,qua3

2212 1752 2448 1807 veniant
2466 1752 2525 1807 in
2548 1756 2765 1808 terram
2788 1750 2987 1819 Israel,
3017 1755 3081 1805 ut
3104 1753 3364 1823 pugnent
3383 1752 3585 1803 contra
3600 1751 3851 1817 sanctos,

2216 1840 2419 1895 multis
2450 1856 2646 1896 secum
2680 1840 2953 1912 gentibus
2985 1837 3371 1910 congregatis.
3418 1836 3699 1902 Primum,
3730 1835 3855 1890 Mo-

2213 1929 2374 1995 soch,
2391 1945 2538 2000 quos
2548 1930 2579 1984 J
2584 1929 2761 2000 oseph
2773 1946 2839 1983 us
2858 1929 3276 1999 interpretatur
3286 1926 3676 1997 Cappadocas,
3691 1922 3857 1979 dein-

2208 2020 2279 2073 de
2308 2017 2552 2085 Thubal,
2579 2033 2727 2090 quos
2758 2017 2914 2072 idem
2941 2017 3160 2084 Iberos,
3185 2014 3274 2070 vel
3301 2015 3607 2085 Hispanos,
3632 2012 3858 2068 Hebraei

2210 2106 2387 2163 Italos
2409 2106 2804 2178 suspicantur,
2828 2105 3114 2160 habentes
3140 2120 3340 2159 secum
3364 2104 3423 2157 in
3447 2102 3701 2157 exercitu
3722 2101 3856 2156 Per-

2213 2212 2331 2265 sas,
2357 2194 2742 2265 XEthiopas,et
2764 2194 3008 2265 Libyas:
3040 2192 3251 2249 Gomer
3267 2206 3499 2263 quoque
3519 2197 3572 2245 et
3600 2188 3858 2261 Thogor-

2209 2300 2324 2354 ma,
2348 2300 2495 2355 quos
2514 2282 2749 2338 Galatas
2767 2287 2823 2338 et
2838 2282 3095 2354 Phrygas
3114 2282 3597 2352 interpretantur;
3622 2278 3853 2333 Sabaeos

2207 2388 2441 2444 quoque
2467 2376 2525 2426 et
2555 2372 2774 2437 Dedan,
2809 2374 2865 2425 et
2890 2369 3400 2441 Carthaginenses,
3440 2367 3556 2423 sive
3585 2365 3848 2433 Tharsis,

2207 2466 2263 2516 et
2284 2461 2393 2516 hoc
2415 2463 2523 2528 est,
2552 2461 2705 2530 quod
2736 2459 2991 2514 Joannes
3021 2474 3253 2529 quoque
3287 2456 3345 2510 in
3382 2473 3490 2512 sua
3510 2454 3672 2526 ponit
3696 2456 3850 2526 Apo-

2207 2549 2427 2621 calypsi
2453 2567 2466 2604 :
2503 2571 2530 2599 «
2562 2549 2629 2604 Et
2658 2564 2792 2603 cum
2817 2546 2965 2601 ﬁniti
2990 2546 3207 2602 fuerint
3236 2545 3395 2601 mille
3416 2543 3574 2608 anni,
3598 2542 3858 2599 solvetur

2215 2659 2243 2687 ‹‹
2276 2637 2522 2691 Satanas
2552 2636 2624 2690 de
2653 2634 2921 2691 custodia
2949 2651 3076 2698 sua,
3101 2637 3157 2689 et
3176 2632 3508 2705 egredietur
3528 2636 3593 2688 ut
3616 2632 3861 2688 seducet

2217 2745 2239 2773 er
2274 2729 2475 2797 gentes
2506 2724 2561 2778 in
2597 2729 2851 2795 quatuor
2879 2721 3113 2795 angulis
3140 2726 3327 2791 terrae,
3362 2721 3505 2794 Gog,
3538 2726 3596 2776 et
3624 2720 3855 2792 Magog,

2214 2833 2235 2862 α
2270 2817 2335 2867 ut
2354 2817 2662 2883 congreget
2683 2828 2782 2867 eos
2804 2811 2873 2866 ad
2896 2810 3141 2878 bellum,
3178 2826 3428 2882 quorum
3464 2825 3741 2864 numerus
3764 2812 3859 2863 est

2208 2925 2235 2952 «
2272 2901 2424 2956 sicut
2452 2917 2626 2956 arena
2657 2900 2861 2955 maris.
2894 2900 2963 2954 Et
2993 2900 3381 2955 ascenderunt
3403 2914 3580 2970 super
3598 2895 3859 2952 latitudi-

2209 3012 2237 3037 ‹‹
2269 3006 2401 3044 nem
2425 2995 2611 3057 terrae,
2654 2992 2711 3043 et
2740 2987 3252 3043 circumdederunt
3273 2990 3463 3042 castra
3492 2990 3853 3053 sanctorum,

2210 3101 2236 3128 ‹‹
2272 3082 2330 3132 et
2352 3077 2644 3133 civitatem
2671 3076 2964 3132 dilectam.
2996 3077 3062 3131 Et
3081 3076 3384 3131 descendit
3409 3075 3562 3146 ignis
3586 3092 3620 3130 a
3641 3075 3757 3130 Deo
3780 3074 3853 3128 de

451 3187 481 3214 «
512 3164 706 3235 otique
736 3163 1007 3219 homines
1037 3163 1137 3234 qui
1185 3168 1323 3218 sunt
1371 3180 1547 3234 super
1590 3164 1794 3219 faciem
1820 3167 2008 3230 terrae,
2040 3168 2097 3221 et
2126 3150 2168 3216 C
2208 3189 2235 3216 «
2269 3165 2432 3233 ccelo,
2479 3170 2537 3221 et
2570 3165 2865 3221 devoravit
2886 3181 3017 3220 eos:
3047 3162 3392 3219 etdiabolus
3418 3164 3518 3234 qui
3541 3162 3860 3219 seducebat

452 3274 480 3303 «
513 3252 926 3308 subvertentur
954 3251 1086 3322 (sine
1116 3251 1457 3307 scindentur
1508 3258 1759 3315 montes,
1801 3258 1856 3308 et
1885 3256 2095 3309 cadent

452 3361 482 3391 ‹‹
513 3340 588 3412 (α)
622 3355 789 3411 sepes
820 3340 951 3409 (sive
979 3338 1182 3410 valles)
1210 3358 1223 3395 :
1257 3344 1312 3395 et
1342 3341 1534 3395 omnis
1565 3358 1770 3396 murus
1800 3342 1856 3396 in
1878 3346 2092 3398 terram

460 3450 489 3480 ‹‹
519 3433 765 3484 corruet.
798 3429 867 3483 Et
895 3429 1220 3483 convocabo
1253 3429 1559 3484 adversum
1610 3447 1741 3485 eum
1774 3430 1833 3484 in
1867 3432 2094 3486 cunctis

449 3540 478 3568 «
511 3517 813 3581 montibus
844 3516 990 3571 meis
1023 3516 1286 3588 gladium
1308 3519 1442 3585 (sive
1463 3534 1697 3573 omnem
1721 3519 2091 3574 formidinem

2207 3278 2234 3304 ‹‹
2267 3271 2387 3321 eos,
2423 3254 2642 3309 missus
2665 3258 2754 3309 est
2778 3253 2836 3308 in
2862 3257 3137 3325 stagnum
3155 3251 3308 3325 ignis
3329 3256 3385 3307 et
3401 3250 3722 3323 sulphuris,
3750 3250 3861 3305 ubi

2205 3347 2384 3398 «erat
2414 3342 2602 3398 bestia
2626 3346 2683 3397 et
2726 3341 3272 3413 pseudopropheta:
3326 3344 3383 3396 et
3429 3338 3868 3395 cruciabuntur

2204 3453 2231 3481 ‹‹
2265 3430 2472 3486 diebus
2502 3435 2558 3486 et
2580 3429 2848 3485 noctibus
2873 3430 2932 3484 in
2972 3428 3188 3485 saecula
3208 3427 3552 3484 saeculorum
3583 3427 3771 3499 (Apoc.
3799 3445 3862 3496 ι,

2205 3524 2231 3568 ὰ
2263 3521 2295 3575 7
2321 3518 2514 3591 seqq.),
2542 3541 2570 3567 »
2595 3535 2709 3573 non
2736 3517 3130 3590 intelligentes
3154 3520 3340 3573 totum
3375 3516 3642 3572 volumen
3673 3515 3863 3571 Joan-

453 3625 476 3653 c
509 3605 749 3678 gladii):
785 3604 926 3660 dicit
944 3605 1225 3660 Dominus
1256 3606 1429 3660 Deus.
1456 3604 1697 3661 Gladius
1723 3608 2094 3679 uniuscujus-

449 3714 479 3744 «
513 3710 627 3766 que
648 3694 783 3766 (sive
813 3693 1091 3759 hominis)
1123 3693 1182 3747 in
1214 3693 1452 3748 fratrem
1487 3710 1661 3749 suum
1692 3694 1996 3767 dirigetur.
2028 3697 2094 3751 Et

446 3804 473 3833 «
498 3782 778 3854 judicabo
801 3799 935 3837 eum
967 3786 1127 3854 peste
1156 3784 1293 3850 (sive
1341 3783 1547 3853 morte)
1598 3787 1653 3838 et
1701 3784 2010 3856 sanguine,
2037 3789 2094 3841 et

449 3870 695 3925 «imbre
740 3869 1070 3925 vehementi
1119 3873 1176 3924 et
1236 3868 1531 3941 lapidibus
1596 3869 1903 3926 immensis
1952 3873 2093 3944 (sive

448 3980 477 4009 «
503 3958 850 4029 grandinis).
876 3960 1071 4030 Ignem
1090 3964 1145 4012 et
1167 3958 1419 4029 sulphur
1442 3958 1641 4028 pluam
1662 3976 1839 4030 super
1857 3977 2012 4029 eum,
2037 3966 2094 4016 et

445 4069 475 4096 «
506 4061 608 4117 per
635 4045 950 4100 exercitum
984 4046 1112 4115 ejus
1144 4046 1277 4115 (sive
1298 4062 1475 4116 super
1495 4062 1696 4101 omnes
1719 4047 1817 4117 qui
1847 4064 1978 4103 cum
2003 4065 2089 4118 eo,

450 4155 471 4183 α
507 4137 667 4198 sunt,
699 4138 757 4187 et
786 4149 964 4203 super
993 4132 1239 4204 populos
1271 4132 1488 4188 multos
1520 4134 1622 4205 qui
1668 4139 1807 4189 sunt
1836 4152 1970 4191 cum
2002 4153 2090 4192 eo.

448 4241 477 4271 «
506 4221 579 4275 Et
608 4220 1051 4293 magniﬁcabor,
1078 4225 1132 4275 et
1162 4221 1591 4289 sanctiﬁcabor,
1616 4227 1672 4277 et
1701 4227 1875 4279 notus
1905 4241 2000 4280 ero
2032 4226 2090 4281 in

445 4332 475 4359 «
507 4314 820 4381 conspectu
869 4310 1048 4378 [Vulg.
1093 4308 1295 4376 oculis]
1347 4310 1611 4388 gentium
1662 4311 2001 4381 multarum,
2035 4320 2093 4371 et
2200 4319 2367 4388 gunt,
2401 4314 2554 4370 utin
2614 4314 2829 4369 caelesti
2885 4313 3232 4383 Jerusalem,
3292 4313 3513 4371 diaboli
3569 4318 3627 4369 et
3655 4312 3873 4372 omnis

443 4421 471 4449 «
505 4398 691 4455 scient
736 4398 876 4470 quia
917 4413 1024 4470 ego
1078 4414 1208 4452 sum
1264 4384 1567 4453 Dominus.
1606 4422 1633 4447 ››
1684 4401 1940 4456 Primum
1971 4402 2088 4459 his-
2199 4384 2492 4460 exercitus
2522 4404 2649 4473 ejus
2680 4402 2830 4458 bella
2861 4402 3215 4469 describant,
3262 4407 3318 4459 et
3347 4403 3457 4459 sub
3490 4398 3872 4476 τοπολογέαις

440 4487 599 4543 torias
617 4486 1287 4575 fundamentajacienda
1308 4490 1465 4555 sunt,
1490 4488 1909 4561 sciendumque
1932 4490 2086 4562 quod
2117 4512 2164 4575 Ι)
2198 4493 2303 4565 (Al.
2368 4490 2758 4564 etymologiis)
2806 4492 3071 4563 gentium
3137 4492 3505 4565 singularum
3561 4491 3875 4564 interpre-

443 4575 514 4630 ad
538 4574 891 4631 Ezechielem
923 4574 1264 4647 prophetam
1306 4575 1413 4630 iste
1460 4580 1754 4632 extremus
1787 4595 1979 4633 sermo
2012 4579 2088 4635 sit
2136 4574 2143 4575 ί
2194 4584 2396 4635 tantur
2424 4578 2713 4651 spiritalia
2742 4579 3019 4651 nequitia:
3057 4580 3116 4635 in
3166 4580 3520 4637 coelestibus.
3574 4581 3713 4646 Quae
3749 4596 3875 4636 nos

446 4663 1077 4735 Domini.Nequeenim
1095 4663 1394 4735 posthunc
1408 4663 1600 4720 simile
1616 4666 1755 4737 quid
1770 4683 2087 4738 possumus
2196 4669 2346 4726 445
2382 4667 2582 4724 omnia
2613 4667 2845 4724 lectoris
2874 4669 3116 4724 arbitrio
3148 4670 3554 4739 concedentes,
3580 4686 3699 4724 non
3733 4672 3874 4723 tam

440 4752 723 4821 invenire,
749 4757 953 4824 praeter
980 4751 1126 4806 illud
1151 4753 1302 4823 quod
1324 4752 1381 4806 in
1405 4752 1681 4809 vicesimo
1708 4755 1911 4826 quinto
1934 4773 2087 4811 anno
2195 4757 2698 4825 alienadamnare,
2717 4741 2892 4826 quam
2910 4756 3364 4813 ecclesiasticam
3380 4756 3874 4833 explanationem

442 4841 725 4914 scriptum
749 4845 838 4897 est
855 4840 1414 4913 transimigrationis
1433 4840 1726 4897 Jechoniie
1753 4858 1765 4897 :
1808 4844 1980 4900 Facta
1999 4849 2089 4901 est
2196 4846 2489 4900 affirmare
2508 4844 2873 4900 conabimur.
2898 4853 2939 4898 A
2962 4847 3083 4917 Gog
3099 4845 3168 4918 (ε)
3187 4846 3383 4902 Graeco
3400 4840 3870 4916 sermonedeta,

443 4944 619 5000 super
634 4945 727 4985 me
745 4946 959 4985 manus
973 4928 1225 4996 Domini,
1250 4934 1308 4985 et
1330 4929 1571 4985 adduxit
1592 4930 1858 5003 meilluc,
1880 4932 1986 4989 hoc
1999 4938 2090 4989 est
2198 4931 2402 4988 Latino
2425 4936 2623 4987 tectum
2643 4933 2678 4987 d
2694 4932 2883 4988 icitur.
2911 4933 3087 4988 Porro
3105 4937 3311 5006 Magog
3328 4933 3779 5007 interpretatur,
3797 4933 3879 4989 de

2202 3607 2314 3675 nis,
2377 3609 2533 3679 quod
2614 3606 3001 3663 Revelationis
3071 3606 3241 3662 titulo
3295 3608 3665 3677 praenotatur,
3725 3619 3866 3660 esse

2202 3696 2537 3768 mysticum,
2564 3699 2619 3751 et
2640 3694 3010 3750 revelationis
3032 3711 3140 3749 nos
3163 3694 3446 3767 indigere,
3466 3697 3531 3748 ut
3555 3693 3868 3765 possimus

2201 3802 2335 3841 cum
2354 3784 2639 3856 propheta
2657 3783 2846 3839 dicere
2870 3801 2883 3838 :
2910 3782 3119 3839 Revela
3139 3782 3338 3839 oculos
3361 3799 3542 3851 meos,
3587 3788 3643 3838 et
3664 3783 3871 3838 conci-

2200 3873 2415 3929 derabo
2450 3871 2746 3928 mirabilia
2774 3873 2845 3928 de
2874 3871 3001 3944 lege
3048 3875 3152 3928 tua
3198 3872 3309 3943 (Ps.
3360 3888 3557 3941 cxvm,
3596 3871 3705 3941 18).
3740 3871 3867 3927 Alii

2202 3979 2335 4018 vero
2354 3967 2651 4017 terrenum
2684 3977 2923 4017 sensum
2948 3960 3370 4033 relinquentes,
3392 3964 3449 4016 et
3469 3959 3751 4016 Judaicas
3769 3964 3866 4016 at-

2201 4067 2314 4122 que
2358 4049 2545 4106 aniles
2595 4048 2825 4104 fabulas
2874 4066 3000 4120 quas
3048 4050 3231 4104 noxiis
3276 4053 3418 4105 sunt
3466 4049 3511 4120 (Ι
3567 4050 3706 4104 Tim.
3753 4049 3863 4121 Iv),

2202 4144 2257 4195 et
2286 4140 2726 4211 acquiescentes
2784 4136 2916 4208 sibi,
2977 4138 3293 4193 detrahunt
3346 4137 3406 4192 in
3468 4136 3867 4209 profundum,

2204 4227 2455 4281 nimium
2487 4227 2558 4281 ad
2590 4224 2710 4282 alta
2739 4226 3162 4291 conscendunt,
3194 4230 3251 4282 et
3280 4224 3465 4281 multo
3492 4226 3721 4297 pejores
3754 4225 3874 4280 ﬁn-

515 5086 682 5165 (a)Ex_
699 5103 841 5165 mss.
874 5106 943 5165 ex
962 5088 1199 5165 Rabano
1217 5105 1362 5159 sepes
1381 5088 1828 5159 substituimus;
1852 5109 1955 5163 pro
1972 5109 2087 5165 quo

445 5162 637 5221 antea,
670 5160 903 5214 tametsi
943 5160 1145 5215 eodem
1179 5176 1379 5223 sensu,
1412 5166 1537 5215 erat
1565 5165 1835 5217 maceriae.

513 5229 588 5304 (b)
620 5228 867 5304 Sanctus
889 5248 1122 5304 quoque
1140 5231 1504 5304 Augustinus
1529 5230 1566 5287 Ι.
1601 5249 1674 5287 xx
1696 5233 1766 5304 de
1800 5233 1965 5290 Civit.
1987 5235 2089 5291 Dei

443 5299 578 5376 9,11
610 5299 931 5376 :«Gentes',
967 5299 1175 5373 inquit,
1209 5299 1353 5376 ista),
1394 5318 1540 5376 quas
1579 5303 1833 5375 appellat
1867 5305 2007 5376 Gog,
2032 5311 2090 5362 et

442 5372 671 5444 Magog,
690 5389 817 5445 non
841 5374 924 5428 sic
946 5372 1084 5429 sunt
1119 5373 1492 5445 accipiendae,
1516 5372 1797 5445 tanquam
1832 5372 2086 5433 sint'ali-

442 5445 543 5516 qui
566 5444 624 5498 in
649 5444 845 5515 aliqua
867 5449 1027 5516 parte
1050 5449 1334 5500 terrarum
1371 5445 1600 5500 barbari
1625 5444 1946 5515 constituti,
1970 5448 2088 5505 sive

441 5516 1246 5600 quos‘q‘uidam‘suspicantur
1266 5517 1458 5585 Getas,
1481 5521 1537 5598 et
1551 5520 1932 5600 Massagetas,
1951 5537 2089 5592 pro-

441 5584 572 5671 pter
597 5584 822 5647 litteras
849 5584 1061 5647 horum
1090 5587 1400 5648 nominum
1430 5588 1674 5666 primas,
1708 5584 1831 5650 sive
1859 5584 2087 5669 aliquos

2197 5090 2829 5172 alios_alienigenas,‘et
2849 5108 2883 5172 ξι
2907 5091 3167 5172 Romano
3183 5092 3318 5172 jure
3338 5092 3654 5172 sejunctos.
3693 5112 3723 5141 »
3743 5090 3878 5172 ﬁe-

2196 5164 2319 5220 cole
2342 5162 2738 5218 Praefationem
2758 5162 3063 5233 hujusmet
3082 5162 3234 5229 libri,
3262 5168 3320 5219 et
3357 5164 3722 5230 Quaestiones
3742 5162 3874 5220 He-

2197 5235 2424 5291 braicas
2455 5233 2515 5287 in
2544 5234 2837 5288 Genesim.

2269 5307 2339 5376 (c)
2370 5306 2526 5360 Idem
2560 5303 2796 5360 laudato
2824 5304 2971 5359 libro
3020 5304 3091 5360 de
3145 5304 3392 5360 Civitate
3440 5304 3541 5359 Dei
3571 5321 3584 5359 :
3618 5306 3874 5376 Horum,

2197 5374 2298 5443 ait,
2324 5374 2839 5448 interpretationem
2867 5377 3155 5432 nominum
3182 5392 3296 5431 esse
3321 5376 3716 5448 comperimus.
3746 5374 3874 5448 Gog

2195 5452 2413 5521 tectum
2444 5447 2674 5521 ;'_Magog
2708 5447 2777 5502 de
2806 5451 2978 5518 tecto,
3010 5456 3271 5521 tanquam
3298 5447 3507 5515 domus,
3540 5457 3591 5503 el
3613 5449 3737 5520 ipse
3763 5447 3884 5521 qui

2194 5519 2436 5595 procedit
2465 5518 2531 5577 de
2560 5520 2742 5576 domo.
