4006 6180
366 287 482 352 363

1633 291 1697 354 S.
1745 293 2051 358 EUSEBII
2099 292 2536 355 HIERONYMI

3645 294 3756 356 364

364 423 506 478 dum
536 426 732 479 tamen
749 423 896 480 sciat
915 424 1360 497 nequaquamin
1391 426 1560 482 nobis
1579 429 1860 494 vires,sed
1883 430 2006 484 ani-
2037 433 2093 494 Α
2124 449 2150 477 ‹‹
2185 427 2380 493 minis,
2415 430 2673 481 statuent
2693 427 2862 497 juxta
2889 425 3033 482 illud
3064 424 3323 494 titulum,
3355 426 3537 482 donec
3590 441 3762 499 sepe-

364 527 527 566 mum
551 511 962 583 judicandum.

435 599 607 670 (CAP.
641 600 875 657 XXXIX.
911 634 977 644 —
1008 603 1173 661 Vers.
1211 606 1237 660 1
1272 608 1420 678 seq.)
1451 627 1479 657 «
1512 607 1596 662 Tu
1657 611 1875 672 autem,
1927 607 2009 662 ﬁli

365 687 703 758 «hominis,
758 691 1074 750 vaticinare
1147 696 1451 751 adversum
1507 700 1647 768 Gog,
1706 699 1762 752 et
1811 697 2007 753 dices:

367 797 396 824 «
426 775 555 832 Haec
588 778 728 834 dicit
754 779 1038 838 Dominus
1069 783 1256 838 Deus:
1290 785 1433 840 Ecce
1459 801 1562 857 ego
1597 803 1774 858 super
1805 790 1857 841 te
1890 785 2011 858 Gog

365 865 745 940 «principem
794 870 1000 943 capitis
1058 872 1202 943 (sive
1247 874 1404 946 Bos),
1468 875 1702 930 Mosoch
1751 879 1807 929 et
1854 875 2010 929 Thu-

367 975 396 1004 «
424 955 522 1010 bal
552 961 644 1023 ;et
673 957 1068 1034 circumagam
1091 961 1231 1032 (sive
1255 965 1729 1036 congregabo)te;
1764 965 1894 1036 et(a)
1924 979 2012 1019 re-

370 1065 400 1095 ‹‹
429 1046 641 1102 ducam
674 1046 818 1118 (sive
849 1048 1157 1121 deducam)
1187 1056 1278 1106 te:
1341 1057 1397 1107 et
1450 1053 1762 1109 ascendere
1821 1045 2010 1123 (Vulg.

370 1155 400 1185 «
431 1134 583 1191 addit
603 1136 679 1206 te]
715 1136 923 1193 faciam
958 1139 1028 1194 de
1059 1137 1341 1196 lateribus
1372 1141 1509 1211 (sive
1541 1143 1611 1196 de
1652 1142 2011 1212 novissimis)

369 1223 761 1294 «Aquilonis;
796 1229 853 1280 et
878 1227 1166 1282 adducam
1189 1232 1241 1284 te
1275 1241 1449 1300 super
1480 1234 1708 1286 montes
1731 1229 1925 1286 Israel.
1949 1232 2016 1286 Et

375 1334 403 1360 ‹‹
437 1313 757 1384 percutiam
791 1315 932 1383 (sive
965 1317 1482 1390 perdamfarcumi‘
1498 1323 1666 1374 tuum
1725 1319 1783 1374 in
1836 1337 2014 1374 manu

379 1420 402 1448 α
434 1401 575 1471 (sive
606 1403 674 1457 de
697 1405 897 1475 manu)
921 1405 1160 1460 sinistra
1199 1410 1319 1473 tua,
1353 1412 1409 1462 et
1459 1408 1702 1481 sagittas
1763 1413 1894 1463 tuas
1944 1410 2015 1465 de

369 1512 396 1536 ‹‹
434 1504 608 1545 manu
630 1490 1051 1564 dextera(b)tua
1070 1498 1178 1564 ,{et
1208 1495 1478 1565 dejiciam
1500 1501 1555 1552 te
1587 1514 1762 1568 super
1789 1503 2015 1553 montes

369 1600 398 1627 «
435 1577 630 1645 Israel,
665 1583 721 1634 et
744 1580 1009 1650 cades'jtu
1038 1586 1094 1637 et
1114 1584 1311 1639 omnia
1342 1585 1579 1657 agmina
1609 1591 1792 1652 tua,et
1816 1586 2017 1658 populi

368 1687 396 1715 «
430 1665 570 1734 (sive
598 1669 822 1740 gentes)
856 1686 980 1740 qua:
1011 1674 1204 1726 tecum
1238 1677 1393 1728 sunt.
1431 1674 1609 1741 Foris,
1640 1675 2014 1746 avibus,':om-

367 1777 396 1805 ‹‹
423 1755 602 1827 nique
657 1757 902 1826 volatili,
934 1763 989 1814 et
1019 1761 1221 1817 bestiis
1250 1767 1415 1818 terra:
1447 1763 1581 1818 dedi
1625 1769 1676 1819 te
1735 1766 2018 1820 devoran-

366 1867 395 1894 «
428 1845 801 1919 dum.Super
831 1848 1340 1921 faciem'_agri(sive
1357 1852 1572 1924 campi)
1607 1853 1814 1909 cades:
1874 1854 2012 1925 quia

369 1959 398 1987 «
429 1953 534 2010 ego
564 1936 794 1993 locutus
824 1955 978 2006 sum,
1013 1940 1152 1996 dicit
1177 1941 1462 1997 Dominus
1493 1946 1663 2000 Deus.
1723 1944 1790 1997 Et
1841 1943 2008 1998 emit-

369 2048 396 2077 «
430 2031 548 2082 tam
576 2027 772 2100 ignem
821 2028 881 2082 in
932 2029 1160 2103 Magog,
1210 2035 1267 2086 et
1324 2031 1381 2086 in
1451 2031 1543 2086 his
1593 2033 1691 2103 qui
1740 2031 2014 2087 habitant

368 2139 396 2166 ‹‹
430 2117 488 2171 in
519 2116 733 2172 insulis
763 2118 1123 2174 confidenter
1149 2120 1294 2187 (sive
1324 2123 1379 2176 et
1401 2121 1826 2177 habitabuntur
1856 2123 2010 2178 453

366 2228 395 2256 ‹‹
427 2205 633 2262 insulas
665 2205 721 2260 in
762 2206 962 2278 pace):
1016 2212 1074 2262 et
1121 2208 1306 2264 scient
1359 2210 1495 2282 quia
1543 2227 1646 2282 ego
1706 2211 2008 2266 Dominus.

369 2318 398 2348 ‹‹
429 2299 498 2351 Et
524 2312 735 2352 nomen
767 2300 1038 2353 sanctum
1070 2314 1267 2354 meum
1282 2304 1486 2354 notum
1510 2300 1717 2355 faciam
1739 2300 1800 2354 in
1824 2299 2011 2356 medio

370 2409 398 2436 «
429 2386 628 2460 populi
652 2386 764 2442 mei
796 2386 998 2456 Israel,
1028 2391 1086 2443 et
1113 2405 1229 2443 non
1262 2387 1519 2460 polluam
1551 2389 1694 2461 (sive
1715 2406 1831 2444 non
1888 2388 2011 2460 pol-

372 2497 400 2527 ‹‹
430 2475 646 2548 luetur)
669 2493 882 2533 nomen
915 2482 1184 2533 sanctum
1220 2494 1417 2533 meum
1448 2477 1702 2549 amplius
1731 2482 1815 2545 ;et
1830 2478 2016 2533 scient

374 2589 395 2619 ι
431 2573 632 2640 gentes
654 2568 929 2640 quoniam
959 2583 1063 2639 ego
1086 2585 1216 2624 sum
1240 2567 1525 2623 Dominus
1548 2572 1788 2622 sanctus
1812 2567 2009 2623 Israel.

367 2681 394 2708 α
430 2657 781 2727 Εοοθῗνεηὶι,
815 2661 871 2712 et
900 2657 1116 2711 factum
1149 2661 1236 2712 est
1266 2657 1406 2728 (sive
1427 2661 1484 2712 et
1535 2657 1682 2713 scies
1728 2657 2007 2728 quoniam

368 2768 396 2795 «
431 2745 582 2816 erit),
607 2744 749 2799 dicit
777 2745 1055 2799 Dominus
1086 2746 1266 2816 [ναιθ.
1296 2745 1447 2800 addit
1481 2747 1651 2817 Deus]
1687 2764 1698 2801 :
1759 2747 1878 2801 haec
1926 2751 2015 2802 est

368 2856 396 2883 «
421 2833 545 2888 dies
576 2832 646 2887 de
677 2849 794 2904 qua
820 2831 1050 2888 locutus
1073 2835 1303 2888 sum.Et
1333 2833 1704 2905 egredientur
1724 2835 2010 2890 habitato-

370 2943 398 2972 ‹‹
430 2939 523 2978 res
545 2921 782 2976 urbium
813 2922 989 2994 (Vulg.
1025 2923 1094 2978 de
1123 2921 1476 2992 civitatibus)
1505 2924 1702 2992 Israel,
1753 2930 1808 2978 et
1875 2943 2012 2981 suc-

371 3034 400 3064 «
431 3012 678 3068 cendent
706 3015 763 3066 et
793 3011 1137 3066 comburent
1166 3028 1347 3078 arma,
1383 3011 1647 3084 clypeum
1696 3018 1754 3068 et
1810 3015 2011 3072 hastas

369 3125 396 3153 ‹‹
431 3102 572 3173 (sive
594 3100 779 3173 peltas
808 3104 866 3156 et
896 3101 1139 3173 centes),
1173 3117 1372 3155 areum
1404 3105 1460 3156 et
1484 3103 2007 3174 sagittas,baculos

2123 538 2150 568 ‹‹
2181 515 2328 570 liant
2348 515 2490 570 illud
2522 515 2892 587 pollinctores
2923 515 2982 570 in
3004 515 3150 572 valle
3182 515 3322 587 (sive
3353 533 3423 571 cs
3460 517 3575 583 su)
3609 515 3760 572 mul-

2121 628 2147 654 «
2173 604 2444 660 titudinis
2475 604 2616 677 Gog.
2651 605 2873 660 Nomen
2905 609 3098 660 autem
3116 605 3368 660 civitatis
3394 606 3765 676 Amona(sive

2126 716 2145 741 ι
2185 693 2588 764 Polyandrion)
2611 711 2623 747 :
2647 698 2705 749 ct
2727 693 3099 749 mundabunt
3119 697 3332 749 terram
3358 694 3496 766 (sive
3521 695 3766 750 munda-

2122 807 2149 832 ‹‹
2182 783 2340 837 bitur
2370 783 2565 852 terra).
2602 805 2627 831 ››
2659 783 2726 837 Et
2757 783 2878 838 haec
2926 783 3179 839 Judaica:
3210 783 3545 839 traditionis
3585 784 3764 840 haere-

2122 873 2244 938 des,
2280 875 2335 926 et
2364 871 2634 942 discipuli
2671 872 3193 927 interminabilium
3236 872 3590 940 fabularum,
3639 879 3770 946 post

2124 961 2281 1016 mille
2303 977 2587 1014 annorum
2621 977 2865 1032 regnum
2891 961 3087 1016 [utura
3115 963 3476 1017 contendunt
3502 979 3514 1019 :
3546 963 3766 1018 interﬁ-

2121 1049 2511 1121 ciendumque
2540 1053 2661 1120 Gog
2690 1049 3012 1120 principem
3064 1051 3197 1120 Bos,
3232 1051 3487 1119 Mosoch,
3521 1056 3580 1108 et
3608 1052 3767 1107 Thu-

2121 1138 2215 1193 bal
2248 1139 2306 1192 in
2341 1138 2554 1192 ﬁnibus
2591 1138 2801 1205 Israel;
2836 1139 2984 1194 etab
3007 1140 3280 1195 omnibus
3319 1139 3674 1210 volatilibus,
3709 1146 3767 1197 et

2123 1227 2325 1281 bestiis
2355 1227 2750 1282 devorandum
2784 1244 2795 1281 :
2831 1233 2887 1282 et
2919 1228 3275 1283 habitatores
3307 1230 3539 1285 urbium
3587 1230 3765 1286 Israel

2124 1320 2346 1387 septem
2362 1316 2534 1371 annis
2554 1316 2847 1388 lignorum
2875 1334 3047 1373 nsum
3073 1334 3442 1390 nequaquam
3463 1319 3768 1376 habituros

2124 1405 2194 1460 de
2224 1405 2548 1460 succisionc
2581 1405 2986 1473 silvarum,st
3019 1408 3088 1462 de
3105 1408 3285 1462 armis
3312 1411 3454 1480 Gog,
3477 1410 3664 1465 scutis
3688 1409 3770 1464 vi-

2125 1494 2334 1550 delicet
2365 1499 2421 1550 et
2449 1494 2656 1560 hastis,
2694 1495 3042 1567 sagittisque
3062 1500 3118 1551 et
3143 1495 3365 1551 baculis
3397 1498 3512 1553 sive
3544 1500 3767 1554 contis:

2127 1585 2320 1656 ipsum
2354 1589 2548 1640 autem
2582 1583 2706 1655 Gog
2734 1583 3131 1656 sepeliendum
3175 1585 3233 1640 in
3292 1586 3460 1653 valle,
3490 1603 3616 1659 quas
3665 1588 3773 1643 He-

2128 1674 2320 1729 braice
2343 1673 2553 1728 dicitur
2582 1691 2650 1728 GE
2673 1674 2834 1744 (au),
2855 1679 2912 1729 et
2942 1691 3156 1728 numen
3191 1675 3439 1747 sepulcri
3475 1676 3633 1732 illius
3665 1695 3770 1750 ap-

2126 1763 2463 1834 pellandum
2483 1765 2631 1819 45-1
2653 1763 3017 1833 polyandrion.
3046 1764 3166 1831 ;ubi
3196 1764 3416 1820 scilicet
3445 1766 3770 1822 multitudo

2124 1852 2431 1907 hominum
2465 1852 2541 1906 sit
2569 1851 3055 1924 sepulta.Septem
3089 1857 3284 1908 autem
3310 1855 3611 1910 mensibus
3636 1871 3771 1911 eum

2121 1941 2521 2011 sepeliendum
2555 1958 2584 1994 a
2609 1941 2781 1995 domo
2804 1940 3002 2010 Israel,
3035 1946 3100 1995 ut
3130 1946 3284 1997 terra
3317 1944 3667 1999 mundetur:
3697 1945 3773 2014 {et

2122 2031 2400 2102 inclytam
2434 2031 2691 2085 futuram
2725 2030 3141 2101 diem,quando
3166 2031 3506 2088 interfectus
3525 2033 3602 2087 sit
3623 2033 3770 2105 Gog,

2122 2120 2678 2190 constituendosquc
2710 2119 2808 2190 qui
2840 2137 2973 2175 ossa
3005 2119 3313 2192 diligenter
3352 2121 3658 2194 inquirant
3709 2126 3766 2178 et

2122 2209 2424 2281 sepeliant,
2461 2224 2573 2279 quo
2605 2208 2826 2263 scilicet
2855 2207 2999 2262 nihil
3030 2209 3090 2263 in
3123 2214 3272 2264 terra
3294 2215 3590 2266 remaneat
3617 2212 3769 2268 inse-

2122 2297 2373 2369 pultum.
2410 2301 2540 2353 Post
2566 2313 2796 2352 menses
2821 2303 3040 2365 autem,
3067 2297 3183 2353 sive
3213 2298 3270 2353 in
3313 2300 3620 2356 mensibus
3680 2317 3771 2356 se-

2123 2394 2277 2459 ptem
2305 2388 2727 2459 peragrandam
2759 2391 3012 2453 tcrram;
3047 2392 3102 2442 et
3149 2387 3335 2443 sicubi
3390 2406 3453 2444 os
3511 2390 3774 2446 hominis

2115 2477 2338 2547 jaceret
2366 2477 2789 2547 perspexerint,
2823 2477 2992 2530 titulo
3052 2493 3228 2549 prope
3287 2479 3475 2549 posito
3529 2480 3778 2535 demon-

2124 2566 2455 2636 strandum,
2489 2570 2554 2620 ut
2584 2571 2783 2637 postea
2813 2565 3093 2637 sepeliant
3125 2566 3290 2632 illud,
3317 2569 3415 2637 qui
3439 2568 3575 2623 huic
3609 2568 3780 2640 operi

2124 2655 2417 2727 praepositi
2449 2660 2631 2710 sunt:
2692 2671 2905 2710 nomen
2957 2660 3152 2710 autem
3194 2656 3441 2712 civitatis
3489 2657 3779 2730 appellari

2123 2745 2351 2814 Amo-na,
2375 2761 2502 2815 quae
2525 2743 2716 2799 Graece
2735 2744 2948 2799 dicitur
2968 2741 3503 2817 woluvivdpzovmoc
3524 2751 3613 2802 est
3635 2748 3784 2801 mul-

2125 2835 2297 2889 titudo
2328 2833 2617 2888 hominum
2642 2834 3013 2906 sepultorum;
3044 2839 3100 2888 et
3122 2835 3205 2887 sic
3225 2839 3441 2890 terram
3454 2851 3576 2890 esse
3592 2851 3777 2889 mun-

2123 2923 2282 2978 dam.
2317 2927 2435 2977 Hoc
2467 2921 2553 2976 illi
2586 2922 2856 2977 dixerint.
2892 2922 3008 2977 Nos
3039 2927 3233 2978 autem
3267 2929 3460 2995 coepta:
3490 2923 3780 2996 explana-

2118 3013 2296 3068 tionis
2318 3029 2556 3067 sensum
2587 3016 2867 3082 tcnentes,
2927 3011 3160 3084 singula
3187 3029 3312 3083 qua)
3335 3013 3782 3085 proposuimus,

2131 3102 2511 3158 disseramus.
2548 3101 2730 3154 Habet
2760 3100 2882 3171 Gog
2903 3105 2960 3155 et
3004 3102 3128 3172 ipse
3184 3100 3505 3156 trinitatem
3558 3119 3779 3158 suam:

374 3213 402 3242 ‹‹
433 3169 720 3247 manuum
749 3192 929 3262 (Vulg.
964 3169 1236 3262 manus):
1272 3195 1327 3246 et
1349 3169 1705 3263 contos(sive
1729 3193 2013 3268 lanceas):
2050 3169 2092 3235 (ἶ
2130 3193 2253 3258 Βος,
2278 3191 2501 3260 Mosoch,
2535 3198 2586 3244 et
2642 3169 2889 3256 Thubalv;
2940 3169 3117 3261 caput,
3173 3189 3457 3256 videlicet,
3518 3197 3576 3247 et
3625 3194 3782 3248 iusa-

377 3302 406 3333 «
436 3284 493 3337 et
524 3281 882 3337 succendent
909 3297 973 3336 ea
1003 3280 1122 3352 igni
1157 3285 1379 3351 septem
1406 3282 1596 3337 annis.
1629 3283 1696 3336 Et
1724 3300 1839 3338 non
1886 3301 2018 3356 por-

374 3393 402 3420 ‹‹
431 3369 640 3424 tabunt
670 3367 810 3440 (sive
833 3385 948 3424 non
972 3369 1296 3439 assumant)
1349 3368 1509 3440 ligna
1565 3370 1635 3424 de
1681 3371 2016 3441 regionibus

373 3459 567 3529 «(sive
589 3460 658 3515 de
681 3460 1145 3531 campis),neque
1167 3457 1465 3513 succident
1488 3459 1557 3514 de
1570 3458 1843 3515 saltibus:
1880 3478 2016 3532 quo-

371 3570 399 3598 ‹‹
430 3547 588 3603 niam
621 3564 784 3603 arma
815 3548 1171 3603 succendent
1200 3546 1343 3619 igni,
1412 3552 1468 3602 et
1522 3549 2015 3620 deprzedabuntur

369 3659 397 3687 ‹‹
431 3653 528 3693 eos
560 3636 776 3708 quibus
807 3636 1010 3708 praeda:
1042 3636 1289 3704 fuerant;
1314 3639 1368 3692 et
1389 3636 1664 3709 diripient
1694 3641 2012 3696 vastatores

367 3749 397 3778 ‹‹
429 3744 588 3794 suos,
621 3726 702 3782 ait
741 3727 1021 3781 Dominus
1051 3726 1225 3781 Deus.
1259 3726 1328 3781 Et
1357 3726 1466 3780 erit
1494 3727 1552 3781 in
1585 3727 1676 3782 die
1708 3726 1825 3795 illa,
1859 3729 2008 3785 dabo

365 3839 393 3866 «
427 3817 549 3888 Gog
569 3815 761 3871 locum
794 3815 1164 3871 nominatum
1187 3814 1520 3886 sepulcrum
1553 3816 1611 3870 in
1646 3816 1820 3871 Israel
1848 3834 1860 3871 :
1893 3817 2008 3872 val-

363 3927 391 3954 «
423 3905 538 3961 lem
564 3905 854 3960 viatorum
886 3906 956 3959 ad
989 3905 1285 3960 Orientem
1318 3905 1516 3973 maris,
1560 3922 1684 3976 quae
1735 3907 2007 3979 obstupe-

360 4017 389 4044 «
423 4011 582 4050 scere
605 3993 741 4049 facit
757 3993 1128 4064 (Vulg.faciet)
1148 3995 1749 4065 praaptereuntes(sive
1770 3992 2004 4048 πολυάν-

363 4107 384 4134 α
425 4079 572 4157 δριον
604 4099 807 4140 eorum
838 4083 937 4154 qui
970 4082 1233 4138 venerint
1260 4083 1330 4137 ad
1355 4099 1534 4152 mare,
1558 4086 1614 4137 et
1633 4083 2004 4140 aedificabunt

359 4196 389 4223 «
422 4191 524 4245 per
545 4171 855 4228 circuitum
887 4187 952 4226 os
982 4170 1149 4227 vallis
1177 4189 1189 4238 ;
1223 4174 1281 4225 et
1320 4170 1600 4242 sepelient
1644 4171 1723 4226 ibi
1767 4172 1888 4244 Gog
1947 4180 2002 4230 et

361 4285 382 4312 ι
419 4279 654 4318 omnem
685 4259 1122 4316 multitudinem
1155 4260 1320 4329 ejus;
1375 4264 1432 4313 et
1477 4260 1779 4315 vocabitur
1834 4263 1999 4320 vallis

355 4374 384 4402 «
418 4351 560 4424 (sive
581 4369 652 4407 mg
677 4350 796 4421 nu)
829 4348 1267 4404 multitudinem
1301 4349 1447 4420 Gog.
1487 4349 1556 4403 Et
1586 4350 1870 4421 scpelient
1900 4369 1998 4408 eos

355 4464 384 4492 ‹‹
419 4442 628 4497 domus
660 4439 928 4504 Israel,ut
958 4439 1242 4493 mundent
1264 4438 1638 4509 terram(sive
1668 4445 1733 4494 ut
1758 4443 1998 4498 munde-

2127 3282 2300 3347 m'am,
2331 3288 2382 3336 et
2409 3282 2663 3334 universa
2688 3297 2700 3345 ;
2735 3283 2799 3333 ut
2820 3277 3048 3333 nullum
3071 3281 3146 3334 sit
3175 3280 3401 3351 vitium,
3441 3281 3598 3350 quod
3658 3299 3787 3338 non

2126 3371 2184 3425 in
2217 3371 2339 3442 Gog
2390 3369 2757 3440 possessione
2813 3367 3114 3423 consistat.
3143 3369 3252 3423 Istc
3275 3369 3554 3424 educetur
3587 3388 3599 3424 :
3650 3372 3786 3428 sive

2126 3461 2574 3531 circumagetur,
2610 3462 2667 3512 et
2719 3457 3071 3529 palpabitur,
3133 3457 3251 3512 sive
3302 3457 3656 3514 luctabitur:
3722 3467 3795 3516 ut

2124 3565 2366 3620 sperans
2391 3546 3080 3613 victoriam,occidendus
3103 3547 3354 3601 ducatur
3375 3548 3442 3601 ad
3476 3547 3787 3618 praelium.

2122 3639 2188 3693 Et
2220 3636 2492 3692 ascendet
2525 3637 2594 3690 de
2616 3635 2915 3700 lateribus,
2951 3635 3072 3690 sive
3105 3636 3174 3689 de
3194 3635 3522 3691 novissimis
3579 3639 3789 3709 Aqui-

2121 3727 2292 3793 lonis,
2325 3743 2392 3781 ex
2424 3741 2536 3796 quo
2569 3725 2954 3779 exardescunt
2984 3724 3139 3779 mala
3165 3741 3340 3796 super
3367 3740 3598 3779 omnem
3643 3730 3793 3782 ter-

2117 3834 2241 3872 ram
2275 3816 2497 3887 (Jcrem.
2528 3815 2665 3885 1).Et
2695 3814 2764 3868 ab
2797 3830 2860 3868 eo
2893 3813 3018 3884 ipso
3051 3815 3372 3869 adducetur
3401 3829 3575 3885 super
3596 3831 3790 3872 mon-

2114 3912 2202 3962 tes
2233 3905 2442 3962 Israel:
2469 3920 2616 3976 quos
2647 3903 2939 3974 apostolos
2972 3909 3028 3958 et
3066 3903 3412 3974 apostolicos
3443 3904 3620 3971 viros,
3682 3911 3789 3961 at-

2113 4013 2225 4068 que
2246 3993 2668 4051 ecclesiasticos
2693 3991 3011 4063 intelligere
3036 3992 3338 4059 debemus,
3365 3996 3428 4046 ut
3450 3998 3784 4065 postquam

2113 4087 2399 4140 adductus
2424 4083 2596 4138 fuerit
2628 4083 2696 4136 ad
2731 4086 2960 4136 montes
2993 4081 3188 4141 Israel.
3223 4086 3364 4136 tunc
3395 4083 3786 4153 percutiatur

2111 4191 2301 4237 arcus,
2324 4173 2422 4244 qui
2445 4176 2532 4226 est
2562 4171 2620 4225 in
2648 4188 2824 4225 manu
2850 4170 3089 4226 sinistra
3119 4171 3268 4241 ejus,
3301 4176 3357 4225 et
3380 4172 3784 4244 sagittae,quae

2110 4279 2286 4316 manu
2320 4265 2588 4315 tenentur
2615 4261 2870 4314 dextera.
2905 4260 2974 4313 Et
3003 4257 3127 4330 ipse
3159 4258 3315 4313 enim
3345 4259 3639 4330 (imitatur
3707 4263 3789 4317 ad

2108 4350 2537 4406 interficiendos
2569 4365 2667 4405 eos
2691 4365 2838 4420 quos
2871 4347 3413 4419 deceperit,habere
3439 4366 3606 4404 arma
3640 4367 3681 4405 a
3701 4351 3789 4406 si-

2109 4439 2310 4494 nistris
2344 4444 2400 4494 et
2431 4439 2778 4509 dextris,per
2799 4439 3011 4492 bonam
3043 4441 3097 4492 et
3121 4436 3337 4492 malam
3372 4438 3614 4493 famam.
3640 4443 3788 4495 Istae

358 4553 386 4579 ‹‹
423 4532 519 4585 tur
547 4530 722 4600 terra)
750 4532 970 4600 septem
1003 4527 1325 4582 mensibus.
1352 4526 1599 4599 Sepeliet
1649 4532 1842 4583 autem
1903 4547 2000 4588 eos
2032 4539 2076 4603 ι’)
2111 4529 2336 4601 sagittae
2363 4532 2520 4595 sunt,
2554 4532 2611 4582 et
2633 4525 2986 4597 hazcjacula,
3020 4527 3090 4581 de
3116 4526 3331 4597 quibus
3363 4530 3419 4581 et
3453 4525 3788 4584 Psalmista

356 4642 384 4670 «
414 4620 595 4689 (Vulg.
627 4621 764 4673 tacet
786 4618 906 4688 eos)
939 4616 1130 4672 omnis
1160 4615 1411 4687 populus
1445 4619 1695 4683 terramct
1745 4617 1854 4671 erit
1912 4620 1995 4676 eis

353 4732 382 4760 ‹‹
416 4709 719 4765 nominata
749 4707 895 4767 dies.
924 4707 983 4760 in
1016 4722 1131 4777 qua
1151 4705 1510 4777 gloriﬁcatus
1532 4706 1774 4772 sum,ait
1801 4706 1996 4763 Domi-

352 4822 379 4849 «
413 4816 525 4854 nus
556 4798 731 4854 Deus.
754 4795 824 4850 Et
849 4796 1004 4851 viros
1029 4794 1251 4866 jugiter
1280 4795 1655 4866 constituent,
1682 4794 1997 4853 lustrantes

357 4910 386 4936 ‹‹
422 4888 568 4958 (sive
599 4885 1045 4955 circumeuntes)
1074 4887 1311 4946 terram,
1335 4883 1434 4954 qui
1467 4882 1751 4955 sepeliant
1810 4890 1864 4940 et
1907 4903 1995 4941 re-

353 4997 382 5024 ‹‹
416 4976 645 5044 quirant
671 4993 789 5042 eos,
825 4973 923 5045 qui
957 4971 1344 5028 remanserint
1373 4972 1992 5045 (Vulg.remanseranl)

353 5085 381 5112 ‹‹
416 5078 592 5134 super
620 5065 823 5119 faciem
846 5068 1026 5133 terrae,
1061 5065 1125 5116 ut
1153 5060 1471 5116 emundant
1487 5077 1613 5114 eam
1640 5078 1651 5114 :
1679 5065 1810 5131 post
1832 5078 1993 5116 men-

352 5175 382 5203 ‹‹
415 5167 507 5208 ses
542 5155 735 5206 autem
769 5157 990 5224 septem
1013 5166 1268 5222 quaerere
1298 5148 1596 5220 incipient.
1659 5150 1727 5204 Et
1784 5149 1988 5205 circui-

351 5265 380 5294 «
412 5243 562 5298 bunt
579 5244 952 5312 peragrantes
970 5245 1183 5296 terram
1220 5257 1232 5294 :
1259 5255 1509 5310 cumque
1543 5237 1795 5293 viderint
1812 5255 1876 5294 os
1893 5239 1992 5295 ho-

419 5423 496 5493 (a)
529 5425 714 5477 Penes
732 5417 1035 5493 Rabanum
1050 5419 1273 5493 educam
1299 5417 1616 5474 :Victorius
1630 5417 1898 5488 seducam,
1915 5417 1986 5472 ad

345 5489 606 5568 vulgatae
637 5489 966 5568 exemplum
1000 5490 1271 5568 mavelit-

413 5566 497 5633 (b)
528 5567 742 5620 Iterum
771 5566 989 5616 Victor.
1021 5566 1095 5616 ad
1124 5566 1436 5634 Vulgatam
1468 5566 1677 5632 reﬁxit,
1701 5566 1765 5616 de
1811 5575 1983 5616 manu

343 5636 545 5698 dextra
573 5644 670 5694 tua
697 5633 977 5714 dejiciam.
1012 5632 1185 5708 Super
1211 5636 1418 5691 montes
1447 5630 1621 5689 Israel
1649 5631 1805 5690 cades
1831 5639 1910 5705 tu,
1932 5639 1983 5692 et

2110 4617 2405 4689 loquitur:
2439 4617 2581 4671 Ecce
2637 4616 2793 4670 enim
2853 4619 3184 4686 peccatores
3235 4615 3616 4670 intenderunt
3673 4634 3782 4672 ar-

2111 4725 2278 4762 cum:
2311 4709 2657 4778 paraverunt
2685 4705 2926 4776 sagittas
2960 4721 3096 4759 suas
3149 4703 3201 4757 in
3241 4705 3532 4775 pharetra,
3558 4708 3628 4759 ut.
3682 4723 3782 4762 sa-

2107 4796 2319 4867 gittent
2348 4795 2404 4850 in
2438 4795 2685 4850 obscuro
2732 4797 2917 4848 rectos
2963 4794 3132 4848 corde
3196 4795 3304 4862 (Ps.
3363 4810 3419 4864 κ,
3459 4793 3537 4863 2).
3597 4795 3780 4859 Quaa-

2106 4883 2289 4956 ignita
2314 4883 2527 4938 diaboli
2554 4881 2752 4953 jacula
2785 4886 2948 4936 scuto
2974 4881 3106 4935 ﬁdei
3167 4881 3585 4953 restinguenda
3627 4889 3778 4938 sunt

2106 4972 2320 5044 (Ephes.
2353 4972 2453 5042 v1).
2487 4971 2804 5041 Dejicietur
2833 4975 3050 5038 autem,
3086 4970 3206 5024 sive
3249 4971 3416 5026 cadet
3454 4973 3596 5042 Gog,
3668 4972 3776 5044 qui

2104 5062 2445 5116 ascenderat
2473 5077 2648 5131 super
2679 5064 2907 5114 montes
2941 5059 3139 5123 Israel,
3173 5059 3230 5112 in
3260 5059 3402 5130 ipsis
3451 5061 3775 5118 montibus

2105 5167 2236 5206 cum
2269 5151 2426 5205 omni
2459 5149 2711 5205 exercitu
2745 5165 2850 5203 suo
2872 5147 3214 5216 cunctisque
3264 5147 3644 5219 agminibus;
3715 5154 3770 5207 et

2101 5238 2211 5293 erit
2240 5239 2296 5292 in
2328 5255 2519 5294 escam
2553 5239 2710 5304 feris,
2732 5237 2956 5302 avibus,
2992 5236 3381 5308 omnibusque
3409 5235 3770 5294 volatilibus

2097 5420 2287 5474 omnia
2323 5417 2548 5488 agmina
2582 5418 2694 5488 tua,
2733 5419 2786 5468 et
2817 5415 3006 5488 populi
3037 5415 3121 5468 tui
3134 5413 3283 5488 (sive
3312 5416 3522 5486 gentes)
3547 5419 3661 5486 qui
3704 5423 3775 5475 tc-

2097 5507 2217 5544 cum
2247 5485 2392 5544 sunt.
2421 5489 2490 5542 Et
2521 5485 2693 5557 paulo
2756 5490 2908 5557 post,
2982 5487 3274 5557 immittam
3330 5502 3432 5556 pro
3479 5485 3772 5546 amatam.

823 5556 1095 5636 ictorfad
1124 5557 1677 5636 Vulgatam_refix_it,
1701 5560 1765 5636 de
1811 5575 1984 5616 manu
2094 5561 2462 5635 Sutl‘ragatur
2490 5556 2622 5616 vero
2655 5560 2711 5614 et
2741 5556 3005 5614 subnexa
3021 5556 3078 5613 S.
3140 5557 3394 5616 doctoris
3438 5562 3771 5636 expositio.
