3996 6184
240 273 370 333 365

811 275 1554 339 COMMENTARIORUM
1602 277 2218 339 IN‘EZECHIELEM
2267 277 2410 338 LIB.
2462 279 2561 351 Xl,
2612 280 2784 338 CAP.
2830 279 3102 341 XXXIX.

3533 282 3651 343 366

236 411 294 460 et
312 404 529 460 bestiis
559 409 724 460 terrae
760 423 772 461 :
807 407 1153 463 adversariis
1181 407 1449 464 videlicet
1484 409 1891 481 potestatibus,
1927 412 1981 477 Α
2010 409 2126 478 illa,
2163 409 2221 463 in
2255 408 2410 464 claro
2450 409 2881 480 praedicationis
2929 409 3152 468 lumine
3183 428 3196 468 :
3236 411 3400 483 Dabo,
3462 411 3656 483 inquit

234 511 371 565 quae
396 496 572 566 juxta
595 495 749 550 viam
781 499 1083 552 comedere
1109 503 1452 561 sementem.
1486 503 1544 554 et
1587 500 1895 571 sanguina-

235 585 343 639 riis
357 585 592 640 bestiis.
620 585 920 648 Quomodo
934 588 1089 642 enim
1111 587 1393 660 scriptum
1416 593 1504 643 est
1521 589 1592 644 de
1611 589 1894 645 dracone:

235 682 467 738 Dedisti
497 699 634 738 eum
667 699 860 738 escam
891 684 1122 756 p0pulis
1153 685 1485 757 Ethiopum
1531 686 1645 755 (Ps.
1701 703 1894 753 Lxxm,

237 772 328 838 44)
363 788 379 827 :
433 772 521 826 sic
556 772 783 843 decepti
813 772 1032 844 quique
1090 775 1160 829 ab
1185 773 1489 842 haereticis,
1565 775 1896 830 daemonum

235 861 344 915 cibi
380 865 548 915 sunt.
583 860 762 915 Cadet
791 867 982 917 autem
1003 863 1144 934 Gog,
1169 863 1323 918 velin
1351 864 1541 936 campi
1565 863 1896 931 latitudine,

235 949 387 1006 455
419 948 513 1004 vel
539 949 598 1004 in
618 966 779 1020 agro,
813 951 914 1021 qui
939 950 1130 1006 cultus
1159 957 1246 1007 est
1268 969 1301 1006 a
1329 953 1423 1007 Dei
1449 953 1742 1024 agricolis.
1794 954 1898 1009 Ne-

234 1054 347 1110 que
379 1039 546 1093 enim
586 1038 707 1094 fieri
731 1044 938 1110 potest,
973 1045 1038 1094 ut
1070 1040 1300 1095 Domini
1323 1041 1495 1096 verba
1545 1041 1663 1096 sint
1711 1041 1894 1096 irrita.

231 1129 396 1182 Tunc
419 1129 698 1182 mittetur
728 1126 882 1199 ignis
904 1129 962 1182 in
993 1129 1218 1202 Magog,
1253 1131 1312 1183 in
1336 1145 1435 1185 eos
1479 1129 1747 1186 videlicet
1798 1131 1896 1202 qui

231 1217 353 1288 Gog
383 1233 710 1288 suscepere
740 1217 1088 1287 doctrinam,
1120 1225 1178 1273 et
1209 1218 1266 1273 in
1297 1235 1395 1275 eos
1418 1219 1516 1290 qui
1559 1221 1629 1275 ad
1691 1220 1884 1274 simili-

239 1306 509 1360 tudinem
530 1305 867 1361 insularum
901 1306 1097 1362 szeculi
1131 1307 1407 1363 fluctibus
1435 1309 1899 1376 verberantur,et

229 1400 446 1467 putant
480 1410 545 1450 se
576 1394 791 1450 debere
821 1411 949 1450 esse
983 1413 1219 1452 securos
1255 1415 1266 1452 :
1314 1397 1410 1452 ille
1453 1397 1602 1468 ignis
1652 1397 1722 1453 de
1781 1414 1896 1469 quo

233 1485 528 1539 Dominus
564 1482 826 1555 loquitur
859 1501 871 1538 :
908 1486 1106 1554 Ignem
1149 1485 1276 1540 veni
1302 1487 1530 1541 mittere
1568 1502 1745 1558 super
1791 1491 1900 1541 ter-

229 1591 362 1629 ram
396 1577 493 1628 :et
523 1590 708 1644 quam
732 1573 840 1643 [AL
870 1575 1066 1645 quem]
1099 1574 1227 1630 volo
1260 1580 1325 1630 ut
1347 1576 1547 1630 ardeat
1584 1577 1734 1646 (Luc.
1794 1593 1897 1641 xu,

236 1664 330 1733 49)
369 1680 383 1717 :
415 1668 480 1718 ut
509 1663 705 1718 sciant
741 1679 944 1718 omnes
976 1668 1032 1718 et
1061 1663 1393 1735 intelligant
1424 1664 1578 1736 quod
1631 1681 1736 1735 ego
1785 1665 1898 1720 sim

2010 500 2118 568 Gog
2151 500 2329 554 locum
2366 499 2713 554 nominatum
2741 500 3058 571 sepulcrum
3115 503 3175 556 in
3211 501 3386 556 Israel
3415 518 3432 554 :
3493 501 3657 572 juxta

2009 588 2380 657 Hebraicum,
2417 589 2613 643 vallem
2641 591 3000 645 viatorum‘ad
3013 591 3292 648 Orientem
3308 591 3507 657 maris,
3527 605 3653 661 quae

2009 679 2422 748 obstupescere
2448 677 2584 732 facit
2597 682 3031 748 praetereuntes.
3056 679 3237 749 Cujus
3259 677 3546 734 sermonis
3558 678 3655 734 hic

2010 783 2219 822 sensus
2250 770 2374 820 est:
2407 765 2748 837 Sepulcrum
2778 765 2901 838 Gog
2931 784 3046 822 non
3070 766 3180 822 erit
3217 766 3276 821 in
3330 766 3651 834 montibus,

2009 865 2108 920 sed
2141 863 2199 918 in
2231 864 2527 936 depressis
2549 863 2815 935 vallibus,
2840 865 2966 920 etin
2981 864 3656 937 confragosislocis,quaa

2006 953 2285 1009 Hebraice
2316 952 2684 1024 appellantur
2703 971 2772 1008 οε
2805 954 2966 1025 (κη),
3014 971 3140 1025 qua
3190 953 3466 1021 haeretici,
3521 970 3657 1009 cum

2009 1043 2067 1097 in
2099 1042 2409 1098 Occidente
2439 1041 2836 1107 sint,0rientis
2868 1043 2994 1098 loca
3023 1059 3150 1098 esse
3188 1043 3559 1114 conﬁngunt;
3594 1045 3660 1097 ut

2008 1131 2301 1203 decipiant
2330 1131 2702 1199 viatores,eos
2722 1131 2991 1188 videlicet
3021 1131 3121 1203 qui
3153 1131 3432 1187 saeculum
3499 1132 3658 1187 istud

2008 1225 2439 1291 pertranseunt,
2472 1225 2528 1275 et
2557 1237 2672 1276 non
2705 1225 2844 1277 sunt
2901 1221 3279 1287 habitatores,
3339 1220 3441 1277 sed
3493 1237 3660 1292 pere-

2007 1311 2180 1380 grini,
2231 1310 2488 1366 dicentes
2536 1309 2679 1364 illud
2740 1309 3183 1382 propheticum:
3234 1311 3471 1366 Advena
3525 1327 3659 1366 sum

2007 1415 2132 1470 ego,
2167 1403 2223 1453 et
2254 1398 2614 1470 peregrinus,
2656 1399 2808 1454 sicut
2863 1415 3067 1454 omnes
3123 1402 3318 1470 patres
3379 1397 3493 1454 mei
3543 1399 3655 1470 (Ps.

2006 1505 2241 1555 xxxvm,
2276 1489 2386 1558 12).
2415 1489 2556 1551 Quis
2579 1488 2734 1542 enim
2763 1487 3265 1558 praetereuntium,
3311 1487 3382 1542 de
3440 1487 3657 1558 quibus

2009 1587 2292 1658 scripturn
2326 1591 2414 1641 est
2451 1604 2463 1641 :
2498 1587 2563 1640 Et
2619 1603 2735 1642 non
2785 1586 3057 1641 dixerunt
3113 1585 3214 1656 qui
3263 1583 3659 1656 prateribant,

2009 1675 2333 1731 benedictio
2364 1675 2593 1730 Domini
2628 1692 2804 1746 super
2833 1691 2936 1730 vos
2965 1677 3078 1743 (Ps.
3143 1691 3376 1741 cxxvm,
3421 1675 3496 1745 8),
3545 1689 3662 1729 non

229 1752 550 1822 Ποωῖηυε,
583 1758 642 1850 εξ
663 1768 874 1807 nomen
904 1758 1173 1808 sanetum
1196 1770 1390 1808 meum
1424 1757 1627 1808 Ποῐυῐῐὶ
1681 1754 1782 1808 ﬁat
1836 1754 1897 1808 in
1928 1785 1976 1850 Β
2008 1765 2333 1820 admiratur
2357 1768 2413 1818 et
2444 1763 2805 1835 obstupescit
2837 1771 2970 1818 ciim
3001 1763 3211 1818 vallem
3251 1762 3461 1818 viderit
3479 1762 3662 1818 viato-

230 1842 427 1897 medio
461 1840 669 1913 populi
702 1842 835 1901 mei,
876 1841 976 1912 qui
997 1859 1368 1914 nequaquam
1398 1848 1521 1914 Gog
1559 1844 1900 1902 auctoritate

234 1931 523 1986 seductus
555 1935 646 1986 est
680 1947 692 1984 :
723 1947 909 2002 neque
930 1929 1086 1986 ultra
1117 1948 1220 2003 per
1249 1933 1610 1988 occasionem
1637 1931 1765 1986 falsi
1799 1948 1899 1986 no-

238 2019 409 2076 minis
445 2019 711 2075 scientiaa
743 2020 1039 2091 polluatur
1062 2037 1273 2076 nomen
1289 2037 1484 2076 meum
1507 2020 1898 2088 inhrereticis;

240 2124 290 2173 et
309 2119 509 2175 sciant
531 2121 762 2192 gentes,
791 2135 916 2190 quae
949 2119 1009 2174 in
1041 2117 1266 2174 circuiti
1301 2125 1458 2186 sunt,
1485 2119 1636 2189 quod
1662 2135 1766 2190 ego
1787 2119 1899 2174 sim

131 2229 144 2242 ο
246 2208 545 2263 Dominus.
588 2207 753 2270 Quod
798 2213 992 2262 autem
1033 2207 1342 2278 sequitur:
1399 2209 1541 2263 Ecce
1611 2208 1788 2273 venit,
1848 2211 1904 2262 et

247 2297 458 2352 factum
491 2301 609 2367 est,
635 2297 704 2352 de
728 2296 952 2367 judicio
973 2296 1187 2351 Christi
1219 2297 1436 2352 dicitur
1470 2316 1481 2352 :
1517 2296 1624 2363 Qui
1663 2296 1902 2352 veniens

243 2386 452 2453 veniet,
483 2391 543 2441 et
566 2402 684 2441 non
706 2385 961 2441 tardabit
987 2386 1168 2456 (Abac.
1205 2403 1265 2454 ιι,
1289 2387 1362 2454 3).
1397 2387 1467 2441 Et
1497 2387 1625 2457 ipsa
1646 2390 1734 2440 est
1780 2385 1904 2440 dies

248 2491 550 2545 pcenarum
595 2478 770 2545 atque
799 2472 1085 2542 vindictae,
1119 2474 1188 2528 de
1221 2491 1335 2545 qua
1367 2491 1468 2545 per
1515 2490 1719 2528 omnes
1779 2489 1906 2544 pro-

252 2563 456 2634 phetas
489 2563 726 2618 locutus
758 2566 847 2618 est
876 2561 1178 2618 Dominus.
1207 2562 1270 2616 Et
1290 2562 1668 2634 egredientur
1687 2561 1907 2616 habita-

251 2656 395 2706 tores
415 2652 658 2707 urbium
675 2649 1243 2718 Israel,credentium
1261 2651 1460 2723 populi
1483 2669 1496 2718 ;
1519 2653 1693 2706 urbes
1707 2655 1905 2705 autem

251 2741 420 2796 Israel
451 2739 844 2811 intelligimus
880 2739 1168 2796 Ecclesias
1193 2745 1358 2795 rectae
1392 2739 1546 2795 ﬁdei.
1581 2741 1904 2794 Etsuccen-

249 2831 405 2895 dent,
444 2836 499 2885 et
518 2830 867 2886 comburent
902 2847 1084 2900 arma,
1109 2831 1181 2886 de
1203 2830 1422 2902 quibus
1454 2830 1590 2884 etin
1638 2828 1749 2884 alio
1787 2828 1910 2884 loco

252 2922 535 2991 scriptum
554 2923 887 2974 estzArcum
911 2923 1189 2989 conteret,
1222 2924 1278 2974 et
1299 2917 1624 2991 confringet
1646 2934 1829 2983 arma,
1854 2923 1911 2973 et

253 3015 420 3064 scuta
449 3009 750 3064 comburet
779 3009 898 3080 igni
923 3011 1029 3079 (Ps.
1067 3009 1340 3080 x1.m,lO),
1361 3008 1593 3080 clypeos
1615 3013 1670 3063 et
1690 3007 1908 3064 hastas,

255 3097 1045 3169 arcumetsagittas,baculos
1083 3113 1318 3164 manus,
1350 3099 1408 3151 in
1443 3097 1657 3168 quibus
1688 3108 1916 3168 perver'

2013 1871 2165 1917 rum,
2190 1869 2318 1925 quis
2348 1852 2668 1908 viatoribus
2699 1851 2888 1918 vallis,
2914 1853 3342 1908 habitatoribus
3372 1868 3542 1908 mons
3574 1851 3662 1906 vi-

2012 1942 2227 1998 detur?
2261 1943 2376 1996 l-loc
2397 1941 2943 2012 juxtaHebraicum.
2969 1943 3253 1997 Castorum
3273 1940 3661 2013 Septuaginta

2013 2030 2463 2098 transtulerunt,
2485 2031 2859 2102 polyandrion
2909 2047 3096 2086 eorum
3141 2032 3238 2100 qui
3291 2031 3542 2085 venerint
3592 2029 3667 2084 ad

2011 2137 2170 2176 mare
2194 2140 2213 2185 ;
2246 2129 2295 2174 et
2326 2120 2672 2189 aediﬁcabant
2695 2122 2753 2175 in
2781 2121 3021 2176 circuitu
3033 2121 3324 2175 introitum
3344 2118 3533 2174 vallis.
3557 2117 3664 2174 La-

2012 2210 2120 2264 bor
2149 2209 2303 2264 enim
2338 2214 2426 2264 est
2446 2225 2648 2264 eorum
2695 2209 2792 2280 qui
2851 2209 3234 2281 egrediuntur
3292 2209 3364 2263 de
3419 2206 3667 2262 urbibus

2016 2297 2213 2366 Israel,
2247 2303 2311 2352 ut
2343 2314 2554 2352 nomen
2578 2297 2886 2353 introitum
2917 2303 2976 2353 et
3006 2299 3222 2352 exitum
3239 2296 3523 2352 haereticis
3538 2312 3668 2368 pra-

2013 2387 2207 2441 vitatis
2241 2386 2339 2457 qui
2370 2390 2649 2441 venerant
2678 2387 2746 2441 ad
2784 2402 2964 2453 mare,
2998 2391 3054 2441 et
3079 2384 3474 2440 amaritudine
3505 2383 3667 2439 illius

2018 2475 2898 2545 delectabantur,undarumquo
2928 2473 3188 2529 molibus
3225 2478 3282 2528 et
3320 2472 3666 2528 crudelitate

2019 2564 2330 2634 naufragii,
2365 2563 2644 2618 claudant
2673 2567 2730 2617 et
2759 2562 3291 2628 circummdiﬁcent,
3323 2565 3380 2616 et
3408 2560 3467 2614 in
3504 2576 3668 2615 vora-

2017 2653 2255 2726 ginibus
2284 2656 2448 2707 terras
2485 2651 2787 2724 sepeliant,
2822 2668 2893 2706 ne
2919 2651 3072 2705 ultra
3107 2649 3262 2706 exire
3317 2648 3566 2718 valeant,
3609 2652 3668 2704 et

2018 2742 2246 2814 aliquos
2277 2757 2386 2796 sua
2412 2740 2615 2794 fraude
2647 2739 3027 2812 decipere.lbi
3058 2755 3194 2810 ergo
3227 2736 3665 2809 sepelientGog,

2019 2845 2076 2894 et
2106 2855 2337 2895 omnem
2371 2837 2810 2892 multitudinem
2842 2837 2990 2907 ejus,
3025 2853 3141 2907 qua
3170 2833 3671 2906 semperhaeretici

2020 2928 2401 2984 delectantur.
2437 2928 2508 2981 Et
2535 2927 2840 2981 vocabitur
2867 2941 3079 2980 nomen
3098 2922 3267 2979 vallis
3288 2923 3536 2992 illius,in
3552 2937 3672 2992 qua

2019 3022 2140 3090 Gog
2160 3015 2424 3088 sepultus
2436 3015 2918 3084 est,multitudinis
2945 3013 3155 3085 ge,sive
3166 3006 3672 3084 πολυάνδριον,ὶιοο

2023 3111 2130 3174 est,
2163 3103 2479 3176 sepulcrum
2506 3105 2766 3175 plurimae
2779 3103 3171 3157 multitudinis.
3188 3099 3562 3172 thuomodo
3575 3115 3672 3153 su-

339 3150 350 3151 ,
785 3150 796 3164 ,
988 3150 1002 3152 -
1027 3150 1039 3152 _
1085 3150 1177 3152 κ
1211 3150 1242 3151 η
1277 3150 1318 3164 -,
1452 3150 1478 3168 1
1551 3150 1573 3152 ν-
1601 3150 1606 3151 ν
1639 3150 1650 3152 -
1689 3150 1746 3168 ικ
1837 3150 1844 3151 κ
2024 3150 2130 3174 ww,
2163 3150 2478 3176 .η,,..-ν.η..,
2506 3150 2616 3175 ,μω
2641 3150 3646 3172 -..-νν..-η----η..-.---,.-Ἲπ-τη---

259 3203 395 3242 sum
421 3186 632 3241 Pascha
653 3185 1447 3252 celebrabant:lanceas,sive
1461 3186 1904 3257 contos,quibus
1936 3150 1978 3216 C
2015 3213 2121 3267 pra
2150 3194 2561 3264 diximus,‘per
2581 3198 2805 3264 septem
2820 3208 3004 3247 annos
3023 3189 3488 3246 adversariorum
3503 3203 3670 3243 arma

255 3275 369 3330 lata
399 3281 453 3329 et
495 3273 841 3329 insanabilia
873 3275 1198 3330 inferebant
1217 3273 1901 3330 vulneradoctrinarum:

257 3372 624 3445 clypeosque,
648 3389 818 3428 arcus
832 3378 886 3427 et
900 3371 1242 3444 sagittas,de
1259 3372 1475 3444 quibus
1488 3389 1666 3444 supra
1679 3372 1902 3428 dictum

258 3467 361 3517 est.
383 3462 668 3532 Quodque
696 3461 961 3532 sequitur
983 3479 995 3516 :
1014 3465 1069 3517 et
1091 3461 1900 3534 succendenteaigniseptem

263 3551 452 3617 annis,
476 3551 547 3605 de
581 3551 774 3605 Exodo
805 3554 861 3605 et
894 3550 1140 3606 Levitico
1171 3551 1578 3623 exponendum
1603 3551 1898 3621 est(Ex0d.

255 3656 342 3694 xxx
365 3657 384 3693 :
414 3639 565 3693 Leuit
598 3639 747 3709 xxv),
783 3638 842 3692 in
877 3639 1090 3710 quibus
1127 3645 1269 3711 Lege
1299 3639 1652 3711 praecipitur,
1680 3644 1746 3694 ut
1771 3657 1901 3712 sep-

257 3728 390 3782 timo
424 3743 582 3782 anno
614 3726 1000 3797 remissionis,
1033 3729 1266 3799 quando
1297 3729 1476 3783 servis
1528 3729 1781 3784 Hebraeis
1832 3728 1900 3782 li-

254 3817 448 3871 bertas
482 3816 767 3882 redditur,
798 3821 855 3871 et
884 3816 1078 3872 debita
1106 3822 1315 3872 cuncta
1345 3817 1665 3885 solvuntur,
1717 3823 1775 3871 et
1831 3818 1902 3872 ad

255 3906 524 3960 dominos
548 3905 698 3959 redit
728 3904 968 3975 antiqua
997 3906 1282 3978 possesio,
1312 3911 1368 3961 et
1399 3905 1564 3977 quies
1592 3910 1756 3960 terrae
1800 3907 1904 3960 tri-

254 3995 537 4061 buitur,et
559 4009 763 4048 omnes
778 3994 974 4065 fruges
987 3995 1343 4065 pauperibus
1357 3995 1906 4066 condonantur,quo

255 4083 477 4138 scilicet
508 4083 568 4136 in
602 4087 823 4153 septem
856 4082 1026 4137 annis
1057 4100 1299 4138 numero
1332 4088 1558 4138 sacrato
1584 4087 1758 4154 atque
1780 4100 1907 4154 per-

257 4172 399 4227 fecto
432 4170 842 4226 haereticorum
875 4176 1172 4227 armatura
1201 4172 1514 4242 dispereat,
1546 4176 1603 4227 et
1633 4172 1908 4227 ecclesia-

257 4261 385 4317 stici
418 4261 532 4316 viri
584 4276 956 4332 nequaquam
977 4260 1138 4332 ligna
1167 4261 1471 4316 succidant
1496 4261 1566 4317 de
1605 4262 1828 4332 campis
1857 4265 1915 4315 et

255 4349 620 4423 regionibus,
654 4348 934 4421 silvisque
965 4354 1020 4404 et
1052 4348 1301 4404 saltibus
1333 4349 1772 4420 gentium,quos
1795 4365 1913 4403 mae

253 4441 341 4510 gis
365 4438 597 4494 salvare
631 4438 879 4509 cupiunt
903 4455 1080 4509 quam
1104 4437 1344 4510 perdere
1378 4456 1391 4504 ;
1426 4438 1527 4492 sed
1551 4439 1619 4494 de
1641 4438 1917 4494 heretico-

2013 3282 2288 3339 succendi
2325 3300 2337 3338 :
2373 3282 2458 3337 sic
2480 3298 2582 3354 per
2612 3286 2833 3352 septem
2857 3297 3089 3336 menses
3150 3278 3424 3334 sordibus
3482 3276 3666 3332 haare-

2011 3373 2258 3428 ticorum
2292 3376 2446 3426 terra
2472 3369 2874 3425 mundabitur.
2897 3371 2943 3424 A
2977 3368 3165 3440 primo
3220 3367 3377 3421 enim
3430 3380 3662 3430 mense,

2010 3461 2244 3532 quando
2277 3459 2496 3530 pascha
2527 3458 2754 3513 Domini
2788 3458 3173 3524 celebramus,
3206 3459 3264 3510 et
3302 3452 3656 3508 extermina-

2009 3553 2194 3604 torem
2235 3547 2482 3620 .Egypti,
2535 3547 2668 3618 agni
2719 3547 2778 3600 in
2833 3544 3100 3617 postibus
3153 3541 3371 3597 nostris
3426 3555 3654 3606 cruore,

2011 3640 2160 3694 457
2193 3639 2470 3707 vitamus,
2513 3652 2700 3707 usque
2757 3635 2828 3689 ad
2890 3634 3107 3690 exitum
3167 3631 3327 3696 anni,
3387 3630 3497 3686 hoc
3544 3632 3653 3698 est,

2012 3743 2200 3798 usque
2257 3727 2326 3780 ad
2387 3725 2706 3795 septimum
2757 3738 3046 3786 mensem,
3105 3720 3336 3791 quando
3386 3718 3659 3773 taberna-

2012 3815 2145 3872 cula
2171 3815 2427 3886 ﬁgimus.
2461 3819 2518 3868 et
2539 3813 2690 3868 inter
2738 3817 2971 3866 caeteras
3033 3810 3268 3865 frondes
3326 3807 3660 3879 palmarum

2014 3919 2248 3976 quoque
2268 3903 2448 3958 ramis
2472 3901 2860 3973 protegimur:
2881 3905 2943 3955 ut
2964 3899 3222 3971 perfecta
3242 3900 3439 3952 contra
3461 3895 3664 3950 hostes

2013 3992 2257 4047 victoria
2286 3992 2725 4046 demonstretur
2755 4008 2768 4045 :
2806 3989 3146 4044 festivitates
3172 4001 3376 4042 omnes
3407 3982 3666 4056 comple-

2015 4098 2150 4136 mus
2180 4081 2240 4135 in
2274 4079 2504 4151 populis
2539 4097 2550 4133 :
2586 4096 2690 4133 nec
2723 4078 2914 4134 solum
2946 4075 3233 4148 magistri,
3265 4075 3365 4130 sed
3397 4082 3452 4128 et
3473 4071 3668 4128 omnis

2017 4168 2270 4242 populus
2302 4167 2410 4222 hoc
2441 4167 2704 4222 certatim
2743 4166 2933 4232 faciet,
2991 4171 3055 4219 ut
3111 4162 3353 4234 sepeliet
3410 4163 3552 4233 Gog,
3615 4163 3673 4215 et

2020 4266 2173 4314 terra
2202 4257 2428 4329 operiat
2457 4274 2470 4323 ;
2503 4262 2559 4311 et
2608 4271 2981 4327 nequaquam
3043 4268 3235 4308 aerem
3281 4250 3533 4306 liberum
3584 4264 3675 4303 ca-

2020 4363 2156 4419 pere
2174 4347 2495 4418 permittat.
2526 4349 2663 4400 Post
2692 4360 2890 4400 necem
2911 4347 3106 4398 autem
3120 4336 3673 4406 etinterfectionem,

2022 4446 2143 4500 sive
2165 4443 2498 4515 sepulcrum
2533 4444 2674 4514 Gog,
2697 4441 2986 4513 eligentur
3013 4438 3120 4492 viri
3149 4431 3680 4504 Ecclesiastici,qui

261 4544 413 4594 rum,
460 4544 613 4600 quos
639 4525 902 4596 vicerint,
939 4526 1174 4599 clypeis,
1209 4525 1417 4592 hastis,
1451 4527 1700 4598 sagittis,
1743 4527 1918 4582 bacu-
1950 4520 1996 4584 D
2028 4534 2135 4588 hoc
2158 4534 2412 4588 habeant
2443 4531 2643 4601 studii,
2679 4547 2748 4585 ne
2779 4529 2918 4600 quid
2943 4527 3003 4582 in
3032 4531 3189 4581 terra
3212 4523 3387 4580 Israel
3445 4523 3683 4577 maneat

257 4616 351 4687 lis,
375 4617 691 4687 contisque
721 4620 776 4670 et
797 4613 1032 4670 lanceis.
1069 4614 1293 4669 Habent
1313 4615 1471 4670 enim
1492 4620 1548 4669 et
1578 4615 1688 4686 ipsi
1721 4615 1789 4670 ad
1815 4616 1919 4669 im-

260 4706 648 4778 pugnandam
682 4703 998 4759 Ecclesiam
1027 4703 1239 4758 Christi
1261 4703 1376 4758 tela
1405 4703 1654 4769 diversa,
1687 4721 1813 4775 quae
1847 4705 1916 4759 ab

257 4795 508 4849 eruditis
525 4793 871 4848 hominibus
890 4793 1021 4866 igne
1039 4793 1224 4848 sancti
1241 4793 1494 4865 Spiritus
1508 4794 1917 4849 succendenda

262 4898 438 4959 sunt;
468 4907 743 4947 sermone
775 4893 929 4948 456
971 4891 1239 4947 videlicet
1273 4891 1686 4958 ecclesiastico,
1744 4909 1917 4964 quem

267 4983 362 5052 qui
396 4981 692 5051 habuerit,
727 4981 940 5052 poterit
969 4981 1161 5036 dicere
1193 4997 1205 5034 :
1245 4981 1445 5036 Nonne
1503 4999 1601 5037 cor
1651 4986 1917 5036 nostrum

265 5075 386 5124 erat
414 5070 639 5126 ardens
672 5069 730 5124 in
761 5069 874 5136 via,
899 5085 1032 5124 cum
1065 5069 1316 5141 aperiret
1346 5070 1516 5125 nobis
1546 5073 1719 5126 Jesus
1767 5069 1918 5125 Scri-

266 5164 468 5230 pturas
493 5160 648 5230 (Luc.
681 5176 832 5229 XXIV,
868 5160 954 5229 12)
985 5159 1012 5212 ?
1041 5158 1154 5214 Nec
1186 5175 1501 5230 possumus
1531 5158 1763 5231 plenam
1821 5159 1922 5215 ha-

265 5248 399 5303 bere
431 5263 666 5320 pacem,
699 5252 756 5303 et
788 5247 1618 5314 habitationisconfidentiam,
1645 5248 1756 5303 nisi
1779 5264 1919 5302 cun-

263 5341 417 5392 ctam
433 5336 908 5392 adversariorum
933 5335 1393 5408 suppellectilem
1413 5337 1840 5406 depraedemur:
1860 5339 1923 5389 ut

261 5431 516 5496 pereant
545 5425 764 5494 omnia,
799 5430 854 5479 et
884 5426 944 5479 in
975 5425 1226 5480 cinerem
1258 5429 1732 5490 concrementur;
1756 5423 1920 5478 etde-

257 5515 602 5586 predemur
629 5530 729 5569 eos
759 5515 858 5586 qui
892 5531 997 5570 nos
1027 5514 1258 5569 fuerant
1277 5517 1410 5568 ante
1430 5514 1689 5585 praedati,
1721 5517 1779 5568 et
1825 5529 1921 5568 va-

261 5609 504 5664 stemus
544 5601 678 5664 illos
707 5603 1193 5685 quivastaverunt
1210 5603 1374 5684 prius
1385 5601 1724 5662 Ecclesiam.
1746 5603 1809 5660 In
1831 5602 1924 5663 die

2029 4623 2290 4678 sordium
2326 4621 2732 4692 pristinarum,
2789 4634 2860 4672 ne
2919 4615 3059 4687 quid
3099 4613 3520 4668 morticinum:
3578 4607 3680 4679 qui

2026 4713 2279 4768 lustrent
2310 4715 2546 4777 terram,
2584 4714 2640 4763 et
2672 4706 2972 4778 requirant
2994 4707 3275 4771 mortuos,
3297 4705 3354 4756 et
3373 4697 3677 4771 sepeliant,

2028 4805 2092 4855 ut
2122 4798 2390 4853 videlicet
2424 4798 2742 4851 mundetur
2798 4801 2952 4849 terra
2993 4791 3282 4846 Ecclesiae.
3328 4788 3427 4842 Sin
3484 4789 3682 4841 autem

2028 4892 2162 4962 post
2193 4891 2419 4958 septem
2453 4901 2705 4952 menses,
2738 4882 2974 4954 quando
3027 4881 3242 4935 debent
3301 4892 3430 4932 esse
3475 4877 3686 4930 cuncta

2029 4981 2298 5051 purgata,
2330 4975 2390 5029 hi
2417 4975 2515 5046 qui
2534 4980 2748 5029 terram
2776 4972 3085 5043 peragrant
3104 4972 3278 5038 atque
3294 4965 3687 5032 circumeunt,

2030 5067 2091 5122 in
2123 5066 2319 5136 aliquo
2343 5081 2406 5119 os
2440 5063 2720 5130 hominis,
2756 5060 2863 5113 hoc
2902 5061 3010 5126 est,
3067 5054 3344 5110 duritiam
3402 5051 3687 5107 haeretica

2030 5154 2350 5228 pravitatis,
2386 5152 2506 5208 sive
2537 5148 2912 5206 morticinum
2944 5145 3084 5217 quid
3117 5143 3396 5200 doctrinae
3424 5139 3684 5228 pristina:

2027 5226 2279 5299 viderint
2310 5240 2685 5305 remansisse,
2721 5239 2939 5309 ponent
2959 5235 3133 5305 juxta
3162 5232 3329 5298 illud,
3360 5231 3480 5287 sive
3499 5226 3686 5284 aedifi-

2031 5334 2266 5399 cabunt,
2301 5330 2540 5385 titulum
2571 5345 2585 5383 :
2613 5331 2678 5382 ut
2707 5330 3020 5397 postquam
3053 5322 3238 5378 notati
3286 5319 3520 5388 fuerint,
3581 5315 3683 5388 qui

2030 5419 2436 5491 hujuscemodi
2461 5422 2634 5474 sunt:
2668 5421 2805 5471 tunc
2839 5412 2927 5468 vel
2953 5412 3364 5477 emundentur,
3397 5406 3485 5462 vel
3515 5420 3682 5478 sepe-

2029 5511 2248 5566 liantur
2273 5525 2406 5564 cum
2433 5509 2578 5579 Gog,
2605 5509 2664 5562 et
2694 5505 2752 5558 in
2784 5502 2989 5558 tumba
3011 5501 3124 5570 [Αι.
3142 5499 3333 5568 turba]
3367 5494 3679 5568 sepulturas

2031 5598 2192 5662 illius
2223 5597 2623 5660 retrudantur.
2653 5591 2876 5658 Nomen
2905 5595 3100 5653 autem
3132 5586 3402 5662 civitatis,
3438 5584 3536 5654 ubi
3555 5600 3676 5647 ser-
