4006 6180
317 253 436 314 367

1557 261 1619 320 S.
1666 259 1977 324 EUSEBII
2022 263 2468 326 HIERONYMI

3603 265 3721 328 368

319 401 523 442 verum
550 385 778 443 Domini
808 387 1042 444 vicioria
1070 393 1176 458 est,
1205 393 1262 445 et
1282 391 1482 462 jacent
1511 392 1846 465 adversarii,
1907 400 1964 450 et
1990 397 2048 462 Α
2078 412 2208 450 mus
2232 396 2402 466 juxta
2430 396 2721 462 Hebrmos,
2753 399 2805 450 et
2832 396 3164 466 congregabo
3193 411 3280 452 eos
3308 411 3476 467 super
3515 399 3721 453 terram

321 476 513 532 omnis
543 476 913 534 inimicorum
935 479 1060 550 ejus
1091 479 1406 536 multitudo
1439 485 1730 554 prostrata
1759 487 1970 557 est,ap-

321 564 636 635 pellabitur
667 582 866 622 amona
917 567 1036 624 sive
1092 571 1498 641 polyandrion:
1551 576 1618 627 ut
1675 573 1810 628 ﬁnis
1842 590 1966 628 om~

323 653 508 723 nium,
543 654 834 711 restitutio
865 657 1138 728 puritatis
1185 658 1281 714 sit.
1341 659 1602 731 Denique
1651 663 1919 734 sequitur
1953 680 1965 717 :

323 743 400 796 Et
427 743 776 799 mandabant
805 754 1030 816 terram;
1062 747 1221 804 haud
1255 750 1501 806 dubium
1520 751 1661 822 quin
1677 751 1738 805 hi
1760 752 1830 806 de
1846 753 1970 824 qui-

322 829 436 886 bus
465 847 645 903 supra
675 835 960 906 scriptum
982 844 1068 893 est
1101 840 1389 907 :Quaerere
1401 841 1754 912 incipient,et
1775 843 1970 896 circui-

323 917 456 974 bunt
477 927 836 994 peragrantes
855 928 1079 982 terram.

391 1009 580 1080 (Vers.
614 1010 680 1066 l7
708 1015 950 1086 seqq.)«
985 1016 1072 1070 Tu
1122 1032 1278 1091 ergo,
1335 1016 1418 1072 fili
1502 1017 1778 1088 hominis,
1838 1019 1970 1075 'hazc

329 1117 355 1150 α
385 1096 528 1154 dicit
547 1099 833 1158 Dominus
865 1107 1015 1160 Deus
1052 1122 1064 1173 ;
1097 1091 1188 1161 dic
1220 1107 1379 1162 omni
1399 1106 1642 1178 volucri(
1663 1113 1719 1163 et
1741 1108 1968 1164 univer-

323 1209 351 1236 ‹‹
388 1187 472 1244 sis
503 1189 728 1257 avibus,
761 1193 1070 1265 cuntisque
1100 1195 1300 1252 bestiis
1331 1197 1452 1268 agri
1505 1198 1648 1268 (sive
1707 1199 1920 1270 campi)
1956 1216 1967 1253 :

323 1277 696 1335 «Convenite
780 1285 836 1336 ct
893 1288 1243 1355 properate:
1305 1287 1631 1342 concurrite
1712 1287 1972 1359 undique

324 1389 352 1418 «
386 1367 528 1439 (sive
547 1385 651 1440 per
689 1369 1103 1445 circuitum)ad
1118 1374 1413 1430 victimam
1429 1392 1620 1432 meam
1651 1393 1826 1447 quam
1865 1393 1970 1449 ego

331 1486 351 1513 «ι
387 1461 683 1517 immolavi
712 1463 890 1533 [Vulg.
912 1461 1668 1533 immolo]vocis,victimam
1685 1467 1966 1538 grandem

325 1577 353 1603 ‹‹
381 1569 559 1625 super
574 1556 803 1608 montes
835 1551 1013 1623 [Vulg.
1032 1557 1312 1622 montem]
1331 1553 1527 1620 Israel,
1553 1559 1617 1608 ut
1644 1554 1968 1610 comedatis

327 1665 355 1694 ‹‹
386 1658 642 1710 carnem,
675 1646 732 1697 et
769 1641 984 1697 bibatis
1035 1643 1405 1714 sauguinem.
1468 1646 1676 1699 Carnes
1729 1644 1967 1698 fortium

2076 501 2253 550 suam,
2285 488 2336 540 et
2360 501 2470 540 non
2497 485 2874 556 derelinquam
2896 501 3227 557 quamquam
3275 502 3345 542 ex
3400 487 3478 542 eis
3513 486 3612 556 ibi,
3661 487 3723 542 in

2079 572 2220 626 LXX
2251 590 2366 628 non
2398 573 2662 628 habetur.
2697 574 3258 646 Rursumque,quod
3274 575 3733 645 juxtaHebraaos

2078 677 2180 732 pro
2197 662 2600 717 benedictione
2627 662 2686 718 in
2719 662 2926 717 ultimo
2961 664 3215 735 ponitur,
3248 679 3308 718 eo
3336 663 3479 734 quod
3520 664 3730 735 effude-

2077 752 2190 806 rim
2231 753 2492 818 spiritum
2545 768 2748 819 meum,
2782 751 2918 806 LXX
2959 751 3408 819 transtulerunt,
3457 755 3728 823 furorem,

2080 840 2178 910 qui
2220 841 2292 894 ad
2321 839 2468 894 iram
2500 841 2768 912 pertinet,
2801 841 3123 912 praesertim
3173 842 3329 911 quod
3387 841 3445 896 in
3488 842 3731 898 Hebraeo

2079 947 2219 985 num
2249 930 2448 1000 (nam)
2479 930 2735 1000 positum
2768 930 2843 985 sit
2874 947 2886 984 :
2920 930 3076 1001 quod
3108 930 3338 1001 proprie
3369 935 3538 986 sonat
3553 932 3730 1000 spiri-

2081 1021 2194 1072 tum
2221 1034 2402 1074 meum
2431 1022 2488 1072 et
2541 1034 2906 1089 nequaquam
2919 1021 3164 1088 [arerem
3179 1034 3380 1073 meum.
3409 1018 3733 1074 Omniaau-

2079 1111 2194 1162 tem
2229 1123 2414 1178 usque
2443 1107 2516 1162 ad
2548 1123 2681 1161 eum
2714 1106 2928 1178 locum,
2961 1107 3019 1161 in
3053 1123 3166 1179 quo
3216 1108 3476 1163 succedit
3521 1108 3734 1180 templi

2081 1196 2402 1261 :cditicatio,
2437 1195 2496 1250 hi
2520 1213 2667 1268 quos
2697 1212 2875 1267 supra
2905 1197 3162 1252 diximus
3189 1197 3446 1265 Judaeos,
3504 1202 3563 1253 et
3593 1214 3732 1254 nos-

2079 1290 2200 1342 tros
2227 1285 2602 1340 Judaizantes
2624 1286 2694 1340 ad
2724 1286 3000 1341 ultimum
3017 1289 3247 1358 tempus
3262 1287 3548 1342 referunt:
3571 1288 3732 1358 quod

2080 1374 2355 1430 carnibus
2385 1374 2507 1446 G‘og
2528 1374 2836 1446 cunctique
2867 1376 2994 1446 ejus
3027 1376 3334 1446 exercitus,
3369 1376 3535 1447 quasi
3598 1377 3733 1449 pin-

2080 1463 2383 1535 guissimis
2414 1463 2622 1519 hostiis
2644 1463 2907 1519 volucres
2939 1463 3254 1535 bestiaeque
3279 1465 3430 1522 459
3461 1469 3734 1522 saturan-

2079 1555 2163 1607 dae
2196 1554 2313 1608 sint
2347 1571 2358 1608 :
2393 1556 2448 1607 et
2480 1553 2824 1608 restituatur
2855 1553 3031 1608 Israel
3057 1553 3114 1608 in
3141 1553 3456 1626 pristinum
3481 1558 3729 1621 statum,

2079 1648 2134 1697 et
2165 1659 2534 1713 nequaquam
2563 1641 2780 1712 ultrala
2807 1643 3084 1714 gentibus
3113 1649 3491 1714 expugnetur,
3515 1645 3618 1700 sed
3652 1644 3738 1700 ef-

329 1757 350 1783 α
387 1732 529 1804 (sive
559 1731 910 1805 gigantium)
944 1731 1284 1799 comedetis,
1313 1736 1370 1786 et
1391 1732 1736 1804 sanguinem
1751 1733 1967 1804 princi-
2002 1770 2050 1833 B
2082 1731 2286 1786 fundat
2317 1730 2589 1802 spiritum
2622 1748 2796 1786 suum
2827 1748 3002 1802 super
3033 1748 3130 1787 eos
3164 1737 3333 1800 Deus,
3368 1736 3431 1787 ut
3463 1733 3738 1789 habitent

332 1844 353 1874 ι
391 1839 532 1895 pum
564 1827 728 1878 terra:
760 1820 974 1876 bibetis
1006 1837 1018 1875 :
1054 1821 1325 1890 arietum,
1359 1837 1664 1894 agnorum,
1697 1827 1754 1878 et
1784 1823 1971 1878 hirco-

325 1935 352 1962 ‹‹
387 1912 996 1984 rum,§taurorumqne
1027 1909 1277 1966 altilium
1292 1915 1348 1966 et
1360 1911 1668 1983 pinguium
1682 1911 1970 1967 omnium.

327 2023 354 2052 ‹‹
388 2002 456 2056 Et
484 1999 803 2057 comedetis
834 1999 1066 2071 adipem
1098 2000 1157 2054 in
1176 2000 1503 2066 saturitate,
1521 2004 1578 2055 et
1599 2000 1810 2055 bibetis
1835 2018 1975 2056 san-

325 2113 354 2142 ‹‹
385 2090 623 2163 guinem
658 2088 716 2144 in
748 2088 1045 2156 ebrietate,
1078 2089 1149 2144 dc
1180 2089 1415 2143 victima
1439 2105 1614 2160 quam
1637 2089 1973 2161 egoimmo-

321 2205 350 2233 ‹‹
384 2179 496 2236 lavi
521 2179 704 2248 [Vulg.
744 2177 1082 2248 immolabo]
1101 2177 1284 2233 vobis.
1309 2178 1376 2232 Et
1406 2179 1817 2233 saturabimini
1866 2197 1961 2234 su-

330 2295 351 2324 α
378 2287 480 2344 per
510 2284 774 2326 mensam
798 2284 990 2323 meam
1018 2255 1088 2322 de
1119 2283 1288 2338 equo,
1351 2272 1406 2322 et
1459 2267 1529 2322 de
1587 2268 1781 2339 equite
1839 2269 1974 2323 forti

327 2385 354 2412 «
389 2361 530 2431 (sive
559 2358 815 2432 gigante)
844 2374 857 2412 ι
893 2360 948 2413 et
979 2357 1049 2412 de
1080 2355 1369 2412 universis
1396 2356 1534 2412 viris
1557 2356 1709 2413 458
1733 2356 1972 2412 bellato-

331 2474 358 2501 «
388 2450 574 2516 ribus,
608 2449 689 2503 ait
717 2447 999 2504 Dominus
1031 2445 1203 2501 Deus.
1232 2446 1302 2500 Et
1338 2462 1550 2518 ponam
1608 2445 1750 2517 (sive
1800 2446 1972 2518 dabo)

331 2562 358 2592 ‹‹
392 2538 639 2612 gloriam
671 2554 864 2593 meam
893 2536 953 2592 in
981 2536 1254 2609 gentibus
1284 2536 1427 2605 (sive
1459 2536 1518 2590 in
1537 2535 1725 2605 vobis)
1757 2553 1769 2590 :
1805 2539 1861 2590 et
1890 2535 1972 2590 vi-

327 2652 355 2680 «
388 2630 611 2685 debunt
637 2643 842 2683 omnes
871 2630 1072 2698 gentes
1094 2625 1387 2696 judicium
1421 2641 1616 2680 meum
1639 2626 1793 2696 quod
1830 2625 1974 2680 fece-

333 2742 360 2769 ‹‹
396 2718 530 2786 rim,
561 2721 617 2772 et
637 2731 881 2771 manum
914 2729 1103 2769 meam
1136 2730 1311 2785 quam
1346 2713 1638 2784 posuerim
1677 2713 1818 2781 (sive
1879 2715 1970 2768 in-

335 2828 364 2856 «ι
396 2803 688 2874 duxerim,
722 2819 897 2872 super
927 2818 1046 2857 eos.
1081 2802 1149 2856 Et
1169 2801 1353 2856 scient
1374 2801 1585 2856 domus
1604 2801 1801 2869 Israel,
1837 2801 1976 2873 quia

337 2918 358 2945 σι
392 2909 498 2964 ego
521 2907 654 2948 sum
686 2890 971 2946 Dominus
992 2889 1146 2945 Deus
1177 2905 1377 2944 eorum
1403 2906 1436 2944 a
1467 2890 1560 2944 die
1588 2887 1690 2944 illa
1715 2895 1770 2944 et
1811 2890 1972 2945 dein-

331 3006 360 3034 ‹‹
393 2997 546 3054 ceps.
580 2981 650 3036 Et
669 2979 854 3036 scient
883 2995 1084 3034 omnes
1116 2979 1295 3047 [Vulg.
1331 2982 1466 3034 tacet
1505 2982 1729 3047 omnes]
1771 2983 1971 3050 gentes

327 3096 354 3124 ‹‹
371 3068 968 3144 quoniam(a)propter
983 3066 1322 3138 iniquitates
1337 3083 1473 3122 suas
1488 3071 1657 3139 capta
1674 3068 1749 3122 sit
1762 3068 1973 3123 domus

2081 1821 2140 1875 in
2167 1825 2325 1897 terra
2351 1838 2458 1875 sua
2493 1838 2504 1875 :
2539 1837 2654 1876 non
2687 1833 2890 1876 omnes
2905 1825 3130 1892 gentes,
3151 1823 3251 1877 sed
3265 1823 3497 1894 proprie
3519 1823 3738 1878 domus

2087 1910 2280 1965 Israel.
2309 1911 2423 1965 Nos
2446 1914 2641 1972 autem
2674 1914 2922 1982 coeptam
2952 1909 3336 1983 tropologiam
3395 1917 3734 1984 sequentes,

2084 1999 2193 2054 hoc
2232 1999 2515 2066 dicemus,
2549 2000 2705 2071 quod
2730 1998 3205 2056 omnesvolucres
3220 2000 3736 2056 etuniversasbes-

2083 2089 2192 2143 tias
2217 2093 2488 2144 convocet
2518 2088 2820 2154 Dominus,
2844 2093 2909 2143 ut
2946 2091 3135 2144 tradat
3191 2089 3276 2144 eis
3325 2089 3738 2146 hzereticorum

2083 2178 2396 2250 principes,
2422 2177 2592 2249 quasi
2624 2177 3049 2249 pinguissimae
3079 2178 3305 2234 hostias
3345 2179 3735 2235 devorandos.

2082 2266 2360 2322 Volucres
2384 2271 2577 2322 autem
2609 2271 2664 2321 et
2696 2267 2915 2333 bestiae,
2947 2266 3034 2321 vel
3087 2271 3324 2340 propter
3377 2267 3739 2324 celeritatem

2082 2357 2141 2411 in
2173 2352 2371 2411 omnia
2399 2354 2781 2425 discurrendi,
2815 2355 2901 2411 vel
2925 2360 3161 2427 propter
3193 2356 3479 2413 feritatem
3513 2363 3570 2413 et
3601 2375 3739 2414 cru-

2083 2444 2380 2500 delitatem
2411 2443 2797 2516 appellantur,
2831 2445 3045 2516 quibus
3070 2446 3386 2501 traduntur
3414 2446 3743 2503 adversarii

2083 2534 2140 2588 in
2173 2533 2475 2589 interitum
2505 2533 3267 2606 carnis,utspiritussalvus
3282 2535 3401 2604 fiat,
3418 2539 3475 2590 et
3505 2535 3744 2591 discant

2084 2640 2198 2678 non
2229 2621 2640 2694 blasphemare
2674 2623 2720 2692 (I
2750 2624 2880 2679 Tim.
2912 2624 2972 2694 1).
3001 2617 3314 2679 Comedent
3337 2628 3531 2680 autem
3561 2641 3742 2698 gran-

2083 2714 2215 2768 dem
2249 2716 2306 2767 et
2322 2711 2772 2784 pinguissimam
2788 2711 3083 2768 victimam
3103 2731 3114 2781 ;
3134 2730 3251 2768 non
3265 2712 3424 2785 alibi,
3445 2715 3545 2769 sed
3560 2732 3743 2787 super

2083 2805 2310 2857 montes
2345 2800 2542 2866 Israel,
2574 2818 2719 2873 quos
2742 2801 3055 2874 prophetas
3087 2807 3144 2857 et
3165 2802 3541 2873 apostolos,et
3561 2821 3734 2859 sanc-

2082 2895 2172 2946 tos
2202 2890 2353 2945 viros
2387 2889 2707 2962 intelligere
2737 2890 3039 2948 debemus.
3076 2893 3139 2946 In
3175 2891 3290 2947 illis
3319 2893 3470 2947 enim
3500 2897 3734 2948 contra-

2084 2979 2303 3035 riorum
2319 2980 2657 3051 dogmatum
2675 2979 2939 3052 magistri
2956 2985 3253 3051 corruunt,
3277 2982 3418 3036 etab
3440 2981 3581 3052 ipsis
3596 2998 3737 3054 per-

2083 3073 2223 3124 eunt
2252 3068 2560 3136 vulnerati,
2595 3085 2770 3140 super
2800 3085 2946 3142 quos
2977 3069 3296 3125 mdiﬁcatur
3352 3069 3647 3126 Ecclesia:
3683 3075 3743 3128 et

331 3183 359 3212 «
392 3143 592 3229 Israel,
633 3173 698 3214 eo
753 3157 910 3228 quod
967 3155 1330 3228 reliquerunt
1389 3172 1502 3225 me,
1547 3161 1604 3212 et
1651 3157 1971 3212 absconde-
2004 3143 2046 3210 C
2084 3162 2149 3212 ut
2178 3157 2370 3212 verius
2401 3157 2591 3213 dicam
2623 3175 2798 3229 super
2828 3158 3118 3213 montium
3154 3162 3435 3226 montem,
3489 3159 3563 3214 de
3621 3175 3740 3231 quo

328 3273 355 3300 ‹‹
392 3249 505 3304 rim
536 3249 678 3320 (sive
711 3246 1038 3316 averterim)
1059 3245 1264 3300 faciem
1296 3261 1487 3300 meam
1511 3245 1582 3300 ab
1613 3245 1718 3314 eis,
1753 3250 1808 3301 et
1865 3249 1977 3302 tra-

331 3361 353 3390 ι
381 3337 629 3394 diderim
662 3353 762 3393 eos
787 3337 845 3391 in
878 3352 1090 3390 manus
1121 3334 1380 3390 hostium
1405 3335 1545 3405 (sive
1597 3334 1972 3390 inimicorum

333 3450 362 3479 «
392 3428 618 3497 eorum)
650 3431 708 3482 et
736 3423 1048 3481 ceciderint
1068 3424 1127 3478 in
1157 3423 1350 3496 gladio
1382 3423 1657 3479 universi.
1681 3424 1975 3479 Juxtaim-

330 3540 359 3569 «
383 3516 708 3573 munditias
738 3530 939 3571 eorum
970 3520 1026 3569 et
1055 3513 1275 3569 scelera
1303 3512 1445 3584 (sive
1470 3511 1832 3584 iniquitates)
1883 3530 1976 3568 eo-

328 3631 357 3658 ‹‹
393 3623 526 3662 rum
567 3604 677 3662 feci
733 3603 839 3670 eis,
891 3607 947 3659 et
999 3601 1277 3657 abscondi
1328 3600 1470 3674 (sive
1519 3601 1716 3672 averti)
1767 3601 1972 3656 faciem

334 3713 583 3753 «meam
625 3695 696 3750 ab
755 3692 890 3748 illis.
955 3692 1261 3764 Pr0ptcrea
1317 3689 1437 3745 haec
1494 3689 1636 3744 dicit
1693 3689 1976 3746 Dominus

328 3811 357 3839 ‹‹
406 3789 557 3843 Deus
592 3802 605 3841 :
628 3783 793 3840 Nunc
822 3783 1096 3838 reducam
1113 3779 1506 3852 captivitatem
1523 3778 1722 3848 Jacob,
1739 3779 1978 3835 etmise-

330 3899 358 3928 ‹‹
393 3876 563 3932 rebor
592 3872 748 3930 omni
782 3871 982 3928 domui
1016 3869 1188 3925 Israel
1218 3886 1230 3925 :
1266 3874 1324 3925 et
1355 3885 1653 3924 assumam
1668 3868 1857 3926 zelum
1872 3885 1973 3941 pro

333 3986 362 4015 ι(
392 3963 628 4019 nomine
657 3978 785 4016 meo
825 3963 1046 4029 sancto,
1106 3962 1164 4013 et
1219 3959 1534 4030 portabunt
1574 3959 1976 4014 confusionem

330 4076 358 4104 «
393 4051 534 4121 (sive
563 4043 972 4122 ignominiam)
1003 4063 1194 4113 suam,
1215 4051 1271 4100 et.
1292 4063 1525 4101 omnem
1558 4046 1975 4117 praevaricatio-

333 4164 362 4193 ‹‹
396 4156 552 4204 nem,
586 4155 702 4210 qua
731 4137 1087 4208 praevaricati
1120 4136 1334 4192 suntin
1359 4151 1470 4202 me,
1502 4153 1635 4191 cum
1687 4135 1979 4190 habitave-

331 4253 360 4282 «
389 4229 506 4286 rint
535 4228 594 4283 in
625 4231 779 4282 terra
805 4243 912 4281 sua
941 4225 1298 4280 confidenter
1327 4224 1468 4294 (sive
1496 4226 1554 4279 in
1589 4226 1770 4296 pace),
1801 4225 1980 4280 nemi-

338 4343 367 4372 «
397 4335 529 4376 nem
561 4316 964 4385 formidantes,
983 4318 1039 4370 et
1060 4313 1338 4368 reduxere
1371 4329 1468 4368 eos
1482 4313 1551 4367 de
1573 4313 1806 4384 populis
1837 4314 1977 4384 (sive

335 4433 365 4462 «
397 4407 695 4482 gentibus)
729 4423 743 4474 ;
777 4409 833 4461 et
851 4418 1273 4476 congregavero
1304 4402 1376 4457 de
1406 4401 1574 4456 terris
1607 4401 1976 4458 inimicorum

2088 3247 2269 3302 Isaias
2300 3245 2562 3318 loquitur
2591 3250 2647 3302 et
2677 3247 2924 3302 Micheas
2963 3265 2976 3302 :
3009 3248 3206 3303 Venite
3255 3249 3650 3304 ascendamus
3681 3249 3742 3304 in

2088 3339 2348 3390 montem
2382 3335 2702 3406 Domini,et
2723 3337 2781 3390 in
2813 3338 3051 3392 domum
3077 3337 3174 3391 Dei
3196 3337 3395 3407 Jacob,
3417 3341 3475 3392 et
3506 3355 3740 3393 annun-

2086 3423 2255 3480 tiabit
2286 3423 2455 3478 nobis
2485 3423 2608 3479 vias
2653 3441 2792 3480 suas
2822 3426 2945 3494 (lsa.
2992 3444 3052 3491 11,
3082 3427 3143 3492 3;
3178 3427 3350 3481 Mich.
3387 3443 3462 3495 IV,
3495 3427 3573 3496 2).
3609 3427 3741 3482 Istae

2089 3518 2282 3568 autem
2314 3529 2447 3568 aves
2481 3517 2536 3568 et
2562 3512 2683 3569 ista:
2708 3513 2905 3569 bestiae
2965 3514 3179 3571 celeres
3241 3520 3414 3587 atque
3470 3515 3746 3573 crudeles

2088 3603 2392 3659 comedent
2422 3618 2624 3657 carnes
2651 3603 2921 3658 etbibent
2946 3605 3315 3677 sanguinem,
3337 3621 3459 3674 que
3482 3621 3743 3676 regnum

2090 3691 2503 3764 Deipossidere
2535 3708 2648 3746 non
2683 3697 2970 3764 possunt:
3033 3710 3239 3749 carnes
3291 3693 3541 3762 fortium,
3606 3693 3743 3749 sive

2087 3781 2437 3854 gigantium,
2473 3781 2573 3852 qui
2597 3786 2798 3836 contra
2832 3783 2926 3836 Dei
2958 3782 3260 3838 scientiam
3296 3781 3746 3848 rebellabant,et

2087 3871 2433 3943 sanguinem
2453 3869 2826 3942 principium,
2861 3888 2976 3926 non
3000 3871 3150 3936 coeli,
3187 3873 3288 3927 sed
3322 3877 3482 3927 terra:
3507 3871 3743 3938 bibent,

2089 3961 2190 4032 qui
2208 3964 2417 4014 cuncta
2443 3964 2676 4015 terrena
2706 3966 3028 4032 sapuerunt
3051 3977 3063 4016 ε
3090 3961 3438 4034 sanguinem
3455 3961 3744 4027 arietum,

2089 4053 2145 4103 et
2173 4065 2480 4121 agnorum,
2514 4053 2570 4104 et
2591 4049 2912 4117 hircorum,
2945 4050 3063 4106 sive
3107 4051 3277 4122 juxta
3333 4049 3754 4121 Septuaginta,

2089 4139 2335 4193 arietum
2366 4137 2704 4203 vitulorum,
2736 4143 2791 4193 et
2823 4138 3140 4209 hircorum,
3177 4144 3241 4194 ut
3271 4139 3382 4194 tria
3412 4138 3756 4211 significent

2089 4226 2431 4290 animantia,
2461 4245 2587 4299 quae
2620 4227 2678 4281 in
2699 4227 3477 4284 Deivictimisimmolantur.
3499 4228 3751 4282 Imitan-

2088 4321 2184 4370 tur
2214 4315 2369 4370 enim
2385 4320 2442 4370 et
2461 4315 2716 4370 haeretici
2732 4315 3184 4372 ecclesiasticam
3202 4315 3752 4382 mansuetudinem,

2090 4405 2190 4460 sed
2225 4404 2438 4459 oblatio
2471 4421 2671 4460 eorum
2697 4423 2812 4460 non
2847 4405 2903 4460 in
2941 4405 3297 4471 Deicultum,
3322 4404 3504 4462 sedin
3527 4405 3756 4460 daemo-

335 4522 363 4552 «
387 4513 628 4556 suorum
653 4494 795 4565 (sive
826 4494 896 4549 de
928 4491 1264 4566 regionibus
1286 4492 1594 4563 gentium),
1628 4497 1683 4546 et
1721 4493 1976 4547 sanctiﬁ-
2008 4513 2054 4577 D
2089 4510 2230 4549 num
2267 4494 2463 4549 cibum
2497 4493 2742 4565 proficit,
2765 4509 2891 4566 qua:
2915 4499 3002 4550 est
3032 4495 3422 4566 pinguissima
3445 4494 3759 4550 hostiaeo-

330 4614 358 4641 ‹‹
401 4591 567 4645 catus
599 4587 760 4642 fuero
796 4585 850 4638 in
866 4582 1025 4639 eisin
1041 4579 1453 4652 oculis(sivein
1475 4582 1814 4652 conspectu)
1837 4598 1977 4653 gen-

333 4703 360 4730 ‹‹
395 4679 546 4736 tium
579 4673 991 4748 plurimarum.
1025 4674 1091 4725 Et
1111 4669 1316 4736 scient,
1344 4669 1484 4740 quia
1513 4685 1616 4742 ego
1638 4687 1766 4726 sum
1783 4670 1979 4726 Domi-

335 4791 365 4819 «
396 4785 509 4824 nus
543 4767 697 4822 Deus
719 4779 942 4832 eorum,
963 4776 1093 4816 cum
1112 4760 1288 4830 [γαίᾳ.
1306 4776 1370 4815 eo
1385 4760 1562 4831 quod]
1579 4760 1976 4816 transtulerim

341 4879 368 4907 ‹‹
399 4873 499 4913 eos
526 4855 586 4912 in
618 4856 883 4912 nationes
915 4852 1056 4924 )sive
1085 4866 1219 4905 cum
1251 4864 1571 4921 apparuero
1603 4850 1686 4904 eis
1717 4849 1775 4904 in
1790 4849 1978 4922 genti-

341 4967 370 4994 ‹‹
409 4945 520 5000 bus
554 4963 566 5000 :
601 4950 657 5000 et
688 4957 1108 5016 congregavero
1151 4940 1333 5008 [Vulg].
1359 4939 1978 5011 ccngregaverim]eos

341 5051 369 5081 «
395 5045 572 5100 super
598 5034 814 5085 terram
848 5046 1039 5101 suam,
1073 5031 1130 5084 et
1160 5044 1274 5082 non
1321 5026 1730 5097 dereliquerim
1780 5044 1980 5098 quem-

345 5140 371 5175 α
401 5133 580 5191 quam
605 5133 670 5172 ex
694 5119 775 5172 eis
798 5119 897 5174 ibi.
930 5119 1000 5174 Et
1030 5134 1146 5173 non
1169 5116 1525 5172 abscondam
1546 5115 1686 5187 (sive
1701 5117 1978 5187 avertam)

337 5233 365 5262 «
397 5208 555 5265 ultra
584 5206 788 5260 faciem
829 5223 1020 5262 meam
1053 5207 1124 5262 ab
1156 5205 1260 5276 eis,
1291 5222 1355 5260 eo
1370 5205 1523 5276 quod
1541 5205 1841 5260 eil‘uderim
1859 5205 1978 5276 spi-

2089 4587 2305 4654 rum,et
2336 4585 2502 4654 quasi
2536 4583 2703 4654 adipe
2734 4588 3158 4652 saturantur,et
3172 4582 3759 4656 bibuntsanguinem

2091 4673 2464 4743 deceptorum
2500 4688 2685 4742 usque
2715 4673 2773 4726 in
2805 4673 3167 4727 ebrietatem.
3193 4675 3349 4728 lianc
3399 4677 3599 4728 autem
3639 4672 3763 4726 vic-

2089 4761 2294 4816 timam
2332 4767 2478 4816 Deus
2510 4761 2778 4816 immolat
2807 4777 2910 4833 per
2960 4761 3386 4818 ecclesiasticos
3443 4761 3623 4828 viros,
3687 4764 3758 4815 ut

2091 4849 2467 4904 multitudine
2499 4850 2875 4920 deceptorum
2909 4855 3254 4906 saturentur
3283 4850 3530 4906 convivae
3561 4848 3755 4921 pessi-

2092 4937 2192 5003 mi,
2227 4942 2282 4992 et
2317 4937 2521 4992 bibant
2553 4955 2740 5010 usque
2794 4941 2866 4994 ad
2921 4940 3206 4994 vomitum
3264 4943 3321 4994 et
3376 4937 3752 4994 ebrietatem.

2091 5026 2331 5091 Quando
2364 5027 2578 5082 videris
2603 5032 2836 5082 sanctos
2869 5028 3046 5099 viros,
3081 5033 3137 5083 et
3167 5027 3482 5100 Scripturis
3531 5026 3756 5082 divinis

2090 5116 2348 5170 eruditos
2377 5119 2845 5189 truncareequos
2877 5116 3280 5173 haereticorum
3304 5122 3360 5172 et
3381 5133 3754 5187 ascensores,

2091 5206 2161 5260 de
2191 5205 2404 5277 quibus
2436 5206 2719 5278 scriptum
2749 5210 2835 5261 est
2867 5207 3131 5278 :Equum
3151 5211 3206 5262 et
3227 5222 3595 5262 ascensorem
3612 5223 3756 5278 pro-

335 5323 360 5350 α
398 5300 577 5356 ritum
608 5295 751 5367 (sive
781 5294 1464 5366 furorem)meumsuper
1485 5309 1718 5350 omnem
1735 5294 1976 5348 domum

340 5410 368 5442 ‹‹
399 5387 595 5456 Israel,
630 5384 713 5442 ait
741 5383 1024 5438 Dominus
1055 5389 1224 5439 Deus.
1257 5405 1286 5435 ››
1321 5384 1438 5439 Hoc
1471 5385 1625 5455 quod
1682 5383 1982 5439 transtuli-

2087 5295 2230 5366 jecit
2260 5295 2319 5349 in
2352 5311 2510 5350 mare
2571 5295 2766 5366 (Exod.
2820 5313 2910 5351 xv.
2975 5296 3055 5366 4),
3119 5301 3176 5351 et
3235 5312 3440 5351 omnes
3501 5295 3764 5352 rebelles

2091 5391 2146 5439 et
2193 5384 2461 5455 gigantes
2520 5401 2626 5440 suo
2688 5400 2968 5439 mucrone
3028 5385 3351 5452 concidere,
3431 5387 3489 5439 et
3574 5400 3771 5441 cunc-

408 5531 484 5605 (a)
523 5531 729 5588 lethaeo
749 5526 1210 5605 LXXlectioest,
1245 5522 1332 5582 διὰ
1352 5527 1470 5605 id;
1488 5525 1765 5605 titiam-ciui
1788 5524 1973 5605 αῆτῶνη

2083 5528 2302 5586 ebraeus
2351 5543 2482 5584 vero
2528 5528 2589 5584 in
2636 5528 2929 5602 iniquitate
2955 5544 3057 5588 sua
3103 5528 3281 5588 habet
3309 5545 3321 5586 :
3354 5544 3539 5603 quare
3558 5527 3770 5592 hacin

334 5599 556 5664 testam
586 5608 838 5680 recepta,
869 5599 1033 5658 illam
1063 5601 1133 5657 de
1157 5599 1317 5658 more
1352 5599 1642 5658 Victorius
1696 5599 1974 5661 eliminat.
2729 5599 2743 5602 '
3181 5639 3194 5649 .
