3996 6184
271 366 384 433 369

889 366 1632 434 COMMENTARIORUM
1676 371 1754 431 IN
1799 365 2297 432 EZECHIELEM
2343 369 2491 431 LIB.
2539 369 2673 444 XII,
2719 368 2890 433 CAP.
2935 370 3063 436 XL.

3555 369 3678 438 370

265 507 461 562 torum
483 501 641 562 400
661 501 1009 560 bellatorum
1035 503 1168 561 falsi
1201 504 1458 562 nominis
1485 505 1738 562 scientiae
1770 521 1911 560 san-
1937 503 1996 572 Α
2023 501 2481 561 ethabitaverint
2501 505 3078 577 confidenter,sivein
3101 523 3263 581 pace,
3299 521 3678 582 nequaquam

265 593 503 667 guinem
527 594 768 649 fundere
792 597 954 648 :tunc
978 593 1125 649 scito
1153 610 1418 650 mensam
1447 594 1679 650 Domini
1704 611 1919 666 praepa-

265 688 481 747 ratam,
515 687 579 738 ut
609 686 786 754 ponat
817 682 1064 754 gloriam
1094 700 1263 738 suam
1288 683 1347 737 in
1371 683 1597 738 cunctis
1624 684 1916 755 gentibus,

265 790 386 844 quas
421 771 587 827 illius
617 772 861 827 credunt
894 772 1141 839 nomini,
1191 778 1247 826 et
1290 771 1621 844 intelligant
1652 772 1920 828 Ecclesia:

263 865 603 918 sanctorum
633 859 796 914 illius
816 860 1132 930 judicium,
1168 861 1323 931 quod
1357 861 1600 916 fecerint
1621 877 1796 932 super
1817 861 1918 917 ad-

260 949 572 1015 versarios,
595 953 653 1003 et
673 965 916 1004 manum
943 950 1149 1005 fortem
1175 966 1290 1020 qua
1312 965 1410 1005 eos
1442 949 1830 1021 percusserit:
1864 953 1920 1004 et

259 1039 445 1096 sciant
474 1039 693 1094 domus
721 1037 896 1094 Israel
919 1042 1094 1108 atque
1120 1042 1498 1110 cognoscant,
1522 1039 1676 1109 quod
1698 1038 1823 1110 ipse
1844 1038 1922 1094 sit

260 1129 548 1184 Dominus
568 1128 723 1182 Deus
745 1144 969 1193 eorum,
991 1127 1090 1198 qui
1118 1127 1349 1183 locutus
1367 1131 1490 1183 est:
1518 1128 1633 1199 Ego
1657 1144 1788 1182 sum
1809 1127 1919 1182 Do-

260 1218 455 1273 minus
487 1221 648 1272 Deus
676 1219 884 1286 vester,
914 1233 946 1270 a
977 1217 1070 1271 die
1102 1215 1352 1271 victoriae
1385 1215 1615 1271 Domini
1647 1232 1834 1287 usque
1861 1215 1918 1270 in

259 1310 614 1379 perpetuum
637 1324 650 1360 :
679 1310 736 1362 et
755 1304 1074 1377 recogitent
1098 1305 1314 1360 idcirco
1337 1310 1567 1376 captam
1592 1322 1718 1361 esse
1740 1322 1921 1376 quon-

254 1396 386 1451 dam
413 1395 492 1450 ab
525 1394 817 1450 hazreticis
849 1395 1091 1450 domum
1124 1393 1322 1462 Israel,
1354 1399 1413 1448 et
1443 1393 1503 1448 in
1536 1397 1656 1449 toto
1689 1411 1918 1466 perver-

254 1501 455 1541 sorum
476 1484 833 1556 dogmatum
859 1484 997 1539 orbe
1020 1483 1368 1555 dispersam,
1396 1484 1549 1554 quod
1574 1483 1922 1555 reliquerint

253 1590 411 1640 eum,
444 1573 549 1644 qui
583 1588 902 1644 parumper
934 1571 1265 1638 abscondit,
1311 1572 1432 1628 sive
1476 1571 1682 1627 avertit
1713 1571 1916 1628 faciem

258 1679 433 1719 suam
487 1663 560 1717 ab
610 1661 717 1730 eis,
780 1666 838 1717 et
884 1660 1193 1717 tradiderit
1250 1677 1348 1716 eos
1401 1661 1461 1716 in
1514 1678 1690 1716 manu
1740 1662 1918 1717 here-

253 1752 529 1817 ticorum,
583 1755 642 1806 et
686 1750 1023 1806 ceciderunt
1055 1749 1292 1805 illorum
1325 1766 1605 1806 mucrone
1637 1750 1914 1819 confossi,

251 1845 489 1913 propter
549 1839 961 1896 immunditias
1021 1843 1078 1894 et
1134 1839 1476 1911 iniquitates
1538 1855 1726 1894 suas:
1789 1857 1921 1912 quas

257 1946 438 1985 causa
499 1927 747 1998 exstitit,
804 1933 869 1983 ut
927 1927 1310 1984 absconderet
1364 1931 1420 1982 et
1477 1933 1755 1984 averteret
1838 1929 1920 1983 fa-

258 2018 403 2073 ciem
438 2034 619 2073 suam
680 2018 752 2072 ab
801 2017 904 2072 eis.
965 2017 1258 2088 Expositis
1315 2020 1512 2072 autem
1566 2018 1919 2088 rationibus,

257 2107 592 2163 secundum
625 2104 768 2161 illud
805 2107 960 2178 quod
993 2108 1278 2178 scriptum
1299 2111 1387 2162 est
1420 2125 1431 2161 :
1466 2107 1704 2178 Oportet
1723 2112 1779 2163 et
1802 2107 1923 2162 hae-

264 2214 416 2253 reses
479 2212 637 2261 esse,
698 2201 762 2250 ut
811 2195 1039 2268 probati
1097 2195 1317 2267 quique
1403 2196 1700 2251 manifesti
1780 2197 1925 2252 fiant

265 2286 306 2354 (ι
365 2287 498 2341 Cor.
557 2301 640 2348 x1,
702 2285 810 2356 19),
863 2285 1169 2356 captivitas
1225 2283 1422 2353 Israel,
1483 2285 1750 2340 videlicet
1816 2288 1920 2341 Ec-

268 2374 476 2442 clesia,
507 2373 570 2428 in
605 2389 724 2444 qua
748 2373 1016 2429 habitant
1039 2377 1345 2429 cernentes
1371 2375 1550 2428 Deum
1586 2392 1599 2429 :
1624 2391 1778 2430 nunc
1796 2373 1920 2446 pol-

267 2461 492 2533 licetur,
523 2463 684 2534 quod
737 2463 979 2518 reducat
1031 2461 1092 2516 in
1149 2461 1466 2518 Ecclesiam
1527 2464 1921 2534 captivitatem

264 2551 568 2623 Jacob,qui
585 2551 618 2606 J
628 2550 899 2606 udaicum
923 2550 1206 2622 populum
1219 2567 1328 2622 sup
1335 2549 1712 2622 plantarat,et
1724 2557 1924 2624 postea

267 2640 668 2696 hereticorum
704 2641 1010 2696 fraudidus
1042 2639 1457 2713 supplantatus
1488 2644 1576 2696 est
1606 2657 1617 2694 :
1655 2644 1711 2695 et
1748 2640 1920 2696 mise-

269 2735 459 2786 reatur
488 2729 650 2785 omni
674 2730 876 2785 domui
903 2729 1100 2800 Israel,
1136 2747 1252 2786 non
1292 2731 1464 2800 juxta
1505 2745 1760 2797 carnem,
1821 2731 1920 2785 sed

265 2821 429 2891 juxta
449 2818 747 2891 spiritum.
774 2820 843 2873 Et
869 2818 1584 2892 assuman,inquit,zelum
1599 2835 1796 2874 meum
1819 2835 1922 2890 pro

272 2908 720 2964 nominesancto
735 2910 1049 2979 meo,quod
1072 2908 1596 2979 blasphemabatur
1633 2909 1691 2962 in
1732 2909 1919 2980 genti-

268 2999 379 3053 bus
390 3003 626 3070 propter
638 2998 936 3053 hazreticos
952 3014 964 3053 :
989 3001 1052 3052 ut
1065 3002 1380 3070 postquam
1403 3013 1502 3053 eos
1533 2996 1920 3064 liberaverim,

274 3088 618 3142 erubescant
643 3091 701 3142 et
731 3087 1193 3154 confundantur,
1238 3103 1418 3158 quare
1468 3086 1581 3141 ﬁde
1638 3086 1921 3142 Ecclesia-

273 3174 425 3230 stica
453 3175 1308 3246 derelicta,praevaricatisintin
1322 3191 1435 3230 me.
1477 3174 1923 3231 Confundantur

2027 593 2433 649 hereticorum
2465 593 2711 650 insidias
2742 595 3124 653 formidantes
3154 597 3324 669 (Psal.
3369 597 3472 670 v1).
3516 599 3682 655 Tunc

2028 683 2380 738 reducentur
2409 684 2479 739 de
2510 683 2763 756 populis,
2798 689 2855 740 ot
2884 689 3402 760 congregabuntnr
3421 688 3491 743 de
3511 688 3683 744 terris

2027 771 2415 828 inimicorum
2438 789 2678 828 suorum
2699 773 2758 828 in
2780 777 2995 830 terram
3010 792 3200 845 suam,
3221 781 3278 832 et
3299 776 3686 833 sanctificabi-

2027 866 2123 917 tur
2153 862 2437 917 Dominus
2469 863 2528 919 in
2562 862 2646 918 eis
2678 863 2737 917 in
2769 868 3084 935 conspectu
3116 865 3379 936 gentium
3406 866 3686 938 plurima-

2030 967 2183 1021 rum,
2217 967 2342 1022 quaz
2373 955 2430 1006 et
2459 952 2599 1023 ipsa:
2631 952 2937 1007 crediturae
2961 956 3100 1008 sunt
3127 953 3402 1010 Domino:
3432 955 3685 1026 finisque

2028 1039 2520 1108 sitbeatitudinis,
2537 1041 2686 1096 scire
2709 1046 2884 1112 atque
2897 1043 3430 1114 cognoscere,quod
3451 1043 3575 1114 ipse
3611 1044 3689 1100 sit

2028 1129 2313 1185 Dominus
2339 1134 2492 1184 Deus
2523 1146 2725 1184 eorum
2762 1147 2774 1186 :
2810 1147 2876 1187 eo
2899 1131 3054 1202 quod
3089 1132 3430 1202 apparuerit
3482 1133 3566 1188 eis
3623 1134 3685 1188 in

2027 1219 2450 1290 gentibus,sive
2477 1217 2847 1274 transtulerit
2883 1237 2982 1276 eos
3011 1221 3082 1276 de
3106 1221 3531 1292 nationibus,et
3549 1238 3685 1278 con-

2028 1308 2353 1379 gregaverit
2383 1323 2559 1379 super
2585 1312 2801 1363 terram
2825 1325 3016 1376 suam,
3041 1314 3257 1365 terram
3281 1310 3686 1376 Judaaam,ter-

2030 1413 2154 1451 ram
2188 1396 2816 1464 confessionis,terram
2857 1397 3109 1464 mitium,
3146 1402 3483 1471 terramque
3531 1402 3678 1460 461
3769 1387 3779 1396 ’

2030 1486 2371 1554 viventium,
2405 1490 2464 1542 et
2492 1502 2563 1541 ne
2593 1501 2780 1541 unum
2811 1486 3050 1558 quidem
3069 1485 3372 1559 reliquerit
3402 1487 3685 1546 haeretica:

2030 1573 2300 1645 pravitati
2335 1591 2348 1628 :
2391 1579 2448 1629 et
2476 1573 2630 1630 ultra
2661 1591 2778 1630 non
2809 1575 3128 1630 abscondat
3159 1574 3368 1631 faciem
3398 1592 3570 1633 suam
3611 1577 3684 1632 ab

2028 1662 2134 1728 eis,
2167 1679 2272 1718 nec
2300 1667 2602 1720 aversetur
2633 1662 2789 1732 illos,
2819 1679 2884 1719 eo
2927 1664 3081 1735 quod
3105 1664 3374 1721 effuderit
3413 1664 3686 1737 spiritum

2029 1751 2229 1822 gratiae
2261 1769 2399 1823 sua,
2433 1753 2504 1808 de
2529 1769 2643 1824 quo
2676 1759 2733 1807 et
2756 1752 2883 1808 Joel
2940 1753 3224 1825 propheta
3278 1753 3542 1825 loquitur
3574 1771 3586 1810 ;
3620 1755 3685 1811 In

2031 1839 2365 1896 novissimis
2389 1841 2596 1897 diebus
2609 1841 2904 1896 effundam
2920 1842 2991 1897 de
3005 1841 3216 1914 spiritu
3231 1858 3359 1898 meo
3373 1859 3550 1915 super
3561 1860 3686 1900 om-

2034 1945 2168 1984 nem
2199 1946 2436 1986 carnem
2458 1931 2615 2000 (Joel.
2641 1948 2704 2002 ιι,
2727 1931 2821 2002 28)
2846 1930 3146 1986 :efi‘uderit
3165 1935 3359 1987 autem
3374 1948 3686 2005 superem-

2033 2034 2165 2073 nem
2181 2019 2423 2075 domum
2438 2019 2634 2075 Israel.
2661 2019 2761 2074 Sin
2776 2024 2973 2075 autem
2997 2036 3100 2091 pro
3121 2021 3364 2092 spiritu,j
3374 2026 3512 2076 uxta
3528 2022 3684 2093 LXX,

2027 2109 2276 2177 furorem
2305 2107 2750 2180 legerimus,qui
2769 2107 2828 2162 in
2849 2107 3127 2164 Hebraico
3159 2125 3274 2164 non
3305 2109 3578 2181 habetur,
3604 2109 3688 2166 sic

2033 2196 2407 2252 sentiendum
2439 2201 2546 2265 est,
2574 2198 2728 2269 quod
2761 2195 2916 2252 ultra
2947 2213 3062 2252 non
3121 2198 3440 2254 abscondat
3473 2198 3686 2254 faciem

2033 2301 2202 2340 suam
2236 2286 2308 2340 ab
2335 2286 2438 2348 eis.
2475 2287 2534 2340 in
2567 2303 2712 2358 quos
2744 2286 3000 2341 furorem
3032 2302 3208 2341 suum
3226 2291 3360 2343 ante
3381 2288 3685 2344 effuderat.

2032 2373 2345 2445 Hucusque
2377 2376 2435 2429 in
2466 2374 2723 2430 Ezechiel
2754 2373 3119 2446 prophetam,
3150 2379 3288 2442 Deo,
3313 2380 3380 2431 ut
3416 2380 3688 2447 optamus

2031 2466 2088 2517 et
2146 2462 2461 2532 credimus,
2494 2462 2812 2518 auxiliante
2843 2466 2900 2518 et
2929 2464 3082 2519 402
3111 2463 3405 2534 aperiente
3462 2480 3527 2519 os
3584 2479 3689 2522 no-

2034 2550 2428 2622 strum,locuti
2451 2568 2660 2608 sumus
2678 2569 2691 2607 ε
2707 2567 2821 2606 non
2835 2550 3104 2618 aliorum,
3120 2551 3170 2606 si
3183 2551 3285 2622 qui
3298 2551 3686 2623 scripserunt,

2033 2639 2122 2695 vel
2136 2640 2488 2713 deinceps,si
2503 2641 2776 2713 scripturi
2791 2639 3306 2708 sunt,sententiam
3321 2641 3690 2700 destruentes

2034 2731 2132 2784 sed
2157 2735 2486 2786 asserentes
2520 2730 2973 2801 qualiacumque
3003 2733 3144 2785 sunt
3173 2733 3392 2785 nostra.
3419 2731 3480 2785 In
3504 2729 3687 2786 aediﬁ-

2033 2818 2259 2874 catione
2273 2824 2467 2875 autem
2481 2819 2684 2890 templi
2696 2823 2770 2886 ,et
2781 2817 2984 2874 ordine
3003 2819 3687 2890 sacerdotum,terraeque

2033 2913 2251 2964 sanctae
2281 2909 2564 2964 divisione
2584 2913 2640 2964 et
2669 2907 2913 2963 flumine
2935 2906 3268 2979 egrediente
3280 2907 3352 2962 de
3366 2907 3604 2978 templo,
3628 2911 3686 2962 et

2032 2997 2102 3051 de
2133 2997 2440 3053 arboribus
2469 3015 2537 3053 ex
2568 3002 2818 3069 utraque
2848 2996 2974 3067 ripa
2999 3011 3233 3067 semper
3259 2995 3606 3064 virentibus,
3633 3001 3690 3052 et

2033 3102 2135 3157 per
2150 3085 2413 3157 singulos
2428 3102 2659 3141 menses
2672 3084 3050 3141 efferentibus
3071 3084 3349 3152 fructum,
3364 3088 3420 3140 et
3441 3083 3687 3156 reliquis

2032 3192 2158 3246 quae
2191 3191 2378 3245 usque
2409 3175 2481 3229 ad
2513 3175 2688 3229 ﬁnem
2713 3171 3048 3246 prophetico
3069 3171 3366 3229 volumine
3385 3173 3689 3230 continen-

275 3267 467 3318 antem
497 3268 553 3320 et
582 3264 933 3320 erubescant
962 3263 1128 3319 valde
1159 3262 1448 3332 velociter,
1471 3277 1605 3319 cum
1628 3263 1916 3320 habitave-
1946 3249 1988 3316 C
2028 3267 2145 3334 tur,
2174 3263 2735 3335 aperteimperitiam
2749 3262 3126 3318 conﬁtemur:
3149 3261 3361 3318 melius
3390 3262 3681 3339 arbitran-

267 3351 381 3408 rint
409 3354 470 3409 in
495 3359 649 3410 terra
666 3370 796 3422 sua,
817 3352 1239 3423 terramitium,
1264 3356 1535 3424 terraque
1555 3357 1912 3424 sanctorum,

2025 3357 2114 3408 tes
2154 3352 2389 3408 interim
2424 3352 2592 3418 nihil,
2625 3369 2804 3424 quam
2827 3367 3036 3423 parum
3065 3350 3276 3406 dicere.

1273 3632 1694 3726 LIBER
1755 3629 2667 3726 DUODECIMUS.

332 3926 810 4000 Trepidationem
867 3941 1058 3980 meam
1117 3925 1177 3980 in
1235 3924 1640 3998 explanatione
1712 3925 1924 3996 templi

229 4034 233 4035 ί
262 4015 550 4086 Ezechiel,
584 4015 768 4070 immo
814 4014 1044 4070 tacendi
1096 4014 1605 4087 perseverantiam,
1638 4018 1771 4081 ture,
1804 4013 1924 4070 filia

253 4107 878 4177 Eustochium,preces
900 4108 954 4159 et
976 4104 1205 4159 Domini
1228 4104 1519 4177 promissa
1541 4107 1916 4176 superarunt,

250 4196 533 4252 dicentis:
561 4193 828 4261 Petite,et
853 4193 1154 4266 accipietis
1182 4211 1193 4249 :
1221 4193 1482 4264 quaerite,
1506 4197 1564 4248 et
1586 4192 1915 4258 invenietis,

244 4286 498 4356 pulsate,
531 4289 590 4339 et
620 4283 915 4355 aperietur
945 4283 1109 4338 vobis
1133 4281 1302 4354 (Matt.
1335 4299 1432 4353 vn,
1464 4284 1541 4352 7).
1570 4285 1641 4337 Et
1673 4299 1787 4354 qua
1810 4298 1915 4338 nos

239 4373 630 4431 excusatione
662 4371 755 4427 usi
789 4389 1012 4440 sumus,
1038 4377 1101 4426 ut
1133 4371 1190 4426 in
1224 4371 1379 4426 calce
1411 4371 1718 4427 anterioris
1747 4371 1912 4426 volu-

239 4465 426 4519 minis
462 4463 826 4527 diceremus,
850 4460 1065 4516 melius
1124 4465 1212 4516 est
1259 4459 1425 4532 nihil,
1481 4477 1655 4531 quam
1705 4478 1912 4532 parum

255 4554 453 4619 dicere
481 4578 495 4620 ;
529 4556 595 4607 tu
628 4567 757 4607 eam
789 4549 1013 4606 vertisti
1045 4549 1104 4604 in
1138 4548 1520 4616 contrarium,
1579 4553 1644 4603 ut
1701 4549 1911 4604 referre

236 4649 412 4712 putes
448 4641 663 4697 saltem
698 4655 928 4712 parum,
955 4655 1132 4711 quam
1156 4637 1302 4692 nihil
1362 4637 1551 4692 dicere
1587 4655 1597 4691 :
1657 4637 1794 4708 quia
1850 4637 1909 4692 in

237 4729 422 4786 altero
455 4729 734 4786 voluntas
764 4730 1056 4800 prompta,
1094 4727 1153 4781 in
1190 4725 1369 4781 altero
1402 4725 1580 4780 totius
1603 4725 1795 4796 operis
1818 4725 1910 4781 de-

2033 3923 2274 3991 lecturo,
2308 3921 2454 3978 illud
2486 3922 2544 3978 in
2576 3921 2983 3995 explanatione
3013 3920 3214 3993 templi
3245 3922 3367 3976 tota
3418 3918 3685 3977 libertate

2031 4012 2335 4083 denuntio,
2369 4016 2435 4068 ut
2466 4012 2512 4068 si
2544 4011 2845 4068 veritatem
2877 4011 3188 4079 desiderat,
3215 4013 3436 4083 quaerat
3455 4025 3582 4066 eam
3609 4010 3683 4070 ab

2029 4101 2177 4157 aliis.
2214 4101 2330 4156 Nos
2363 4105 2557 4156 autem
2589 4118 2810 4173 ea,qua3
2841 4101 2900 4156 in
2927 4117 3100 4173 opere
3121 4099 3467 4156 difficillimo
3482 4115 3687 4178 possu-

2029 4207 2161 4245 mus
2195 4189 2502 4262 suspicari,
2537 4189 2882 4263 simpliciter
2911 4190 3258 4246 confitemur
3297 4197 3471 4262 atque
3501 4189 3683 4244 dicta-

2026 4279 2424 4352 mus,gratias
2457 4281 2642 4335 acturi
2696 4279 2960 4351 Domino,
3018 4280 3204 4335 sinon
3263 4279 3323 4336 in
3383 4277 3680 4345 omnibus,

2025 4369 2178 4440 quod
2212 4368 2579 4441 impossibile
2602 4371 2816 4440 est,sed
2849 4369 2908 4424 in
2935 4368 3233 4441 plerisque
3253 4367 3425 4422 nobis
3449 4381 3684 4439 aperue-

2023 4457 2098 4511 rit
2128 4458 2280 4512 f‘ores
2305 4457 2582 4512 scientias.
2618 4457 2813 4514 Prima
2844 4458 3023 4527 enim;
3057 4462 3121 4512 ut
3151 4457 3230 4511 ait
3249 4453 3520 4511 sublimis
3552 4471 3683 4510 ora-

2022 4548 2131 4601 tor.
2170 4568 2196 4595 ‹‹
2230 4547 2482 4617 Quaaque
2505 4547 2771 4616 sectanti,
2805 4547 3117 4602 honestum
3150 4550 3238 4601 est
3269 4545 3446 4601 etiam
3480 4544 3540 4600 in
3591 4558 3682 4600 se-

2023 4635 2228 4690 cundis
2259 4636 2515 4692 tertiisve
2548 4636 2887 4691 consistere.
2921 4659 2948 4685 »

239 4820 502 4890 speratio
535 4823 628 4874 est
664 4835 676 4872 :
714 4787 1103 4888 naturamque
1133 4814 1542 4886 hujuscemodi
1599 4787 1907 4869 hbminum
1942 4787 1986 4849 D
2089 4814 2263 4885 (CAP.
2302 4817 2413 4866 LX.
2448 4845 2516 4854 —-
2544 4814 2707 4868 Vers.
2756 4815 2780 4867 1
2842 4813 3028 4886 seqq.)
3091 4833 3119 4862 «
3174 4813 3238 4866 In
3291 4807 3566 4865 vicesimo
3625 4812 3683 4864 et

247 4922 378 4964 esse
409 4923 868 4972 commemoras,
903 4909 970 4960 ut
998 4922 1115 4960 non
1137 4908 1360 4960 tantam
1386 4903 1632 4975 gratiam
1658 4903 1912 4959 habeant

245 5012 357 5069 pro
382 4998 478 5053 his
510 5013 641 5069 qua:
667 4994 965 5065 tribueris,
995 4997 1282 5066 quantum
1317 4992 1575 5048 dolorem
1599 5009 1775 5065 super
1799 4992 1912 5064 his,

249 5101 380 5157 quae
416 5085 747 5160 negaveris.
777 5084 1000 5140 Minore
1032 5084 1188 5140 enim
1220 5083 1416 5139 studio
1447 5082 1689 5138 virtutes
1717 5083 1917 5138 lauda-

250 5193 410 5245 mus,
425 5167 610 5248 quam
623 5174 765 5230 vitia
786 5173 1270 5246 reprehendimus
1292 5189 1302 5226 :
1322 5177 1377 5227 et
1392 5171 1659 5243 quamvis
1678 5170 1918 5243 pulchra

249 5266 374 5322 sint
402 5282 675 5340 corpora,
711 5263 888 5320 unius
903 5262 1185 5336 pravitate
1211 5278 1274 5316 ac
1288 5260 1652 5316 deformitate
1668 5259 1918 5315 membri

246 5353 587 5429 insigniora
619 5356 788 5409 fiunt.
821 5353 1127 5425 Obsequar
1150 5351 1332 5422 igitur
1360 5349 1645 5404 voluntati
1695 5353 1830 5417 tuae,
1864 5353 1920 5404 et

251 5443 438 5500 ﬂante
468 5445 690 5516 Spiritu
723 5446 946 5512 sancto,
978 5441 1105 5495 vela
1135 5439 1513 5510 suspendam,
1548 5440 1825 5510 ignorans
1848 5438 1919 5493 ad

245 5551 383 5606 quas
415 5534 538 5589 sim
570 5532 767 5587 littora
789 5535 1193 5603 perventurus,
1245 5531 1302 5583 et
1358 5544 1492 5582 cum
1548 5527 1657 5582 hoc
1714 5527 1919 5582 eodem

239 5623 550 5696 propheta
583 5620 912 5691 clamitans,
938 5625 984 5674 A
999 5622 1251 5691 quatuor
1270 5616 1456 5672 ventis
1470 5615 1621 5684 veni,
1653 5616 1916 5687 spiritus;

237 5711 690 5782 fastidiosoque
719 5708 940 5777 lectori,
972 5709 1157 5765 immo
1188 5706 1384 5764 animo
1406 5705 1690 5779 perduelli
1726 5709 1924 5762 nostra

2025 4903 2275 4974 «quinto
2301 4920 2452 4957 anno
2477 4902 3011 4976 transmigrationis
3034 4903 3247 4957 nostra;
3271 4898 3415 4971 (sive
3439 4896 3679 4972 captivi-

2025 5015 2051 5042 ‹‹
2088 4990 2244 5064 tatis)
2270 4992 2329 5046 in
2356 4992 2591 5047 exordio
2619 4991 2977 5064 anni(sivein
2999 4989 3186 5062 primo
3218 4985 3679 5059 mense)decima

2026 5105 2053 5133 ‹‹
2090 5081 2332 5152 mensis,
2365 5085 2572 5153 quarto
2603 5081 2828 5136 decimo
2850 5095 3001 5134 anno
3044 5081 3356 5151 postquam
3401 5091 3682 5150 percussa

2030 5193 2057 5221 «
2091 5171 2235 5244 (sive
2266 5172 2454 5242 capta)
2479 5174 2568 5226 est
2590 5169 2793 5224 civitas
2823 5185 2834 5223 :
2865 5168 2923 5222 in
2950 5169 3078 5240 ipsa
3100 5167 3205 5222 hac
3227 5166 3321 5222 die
3345 5165 3486 5235 (sive
3506 5165 3566 5220 in
3590 5163 3683 5218 die

2027 5283 2054 5310 «
2089 5260 2212 5329 illa)
2244 5261 2396 5315 facta
2415 5264 2503 5314 est
2532 5276 2704 5332 super
2737 5275 2830 5314 me
2863 5275 3073 5314 manus
3090 5256 3406 5324 Domini,et
3437 5251 3685 5322 adduxit

2029 5373 2056 5400 «
2090 5367 2183 5405 me
2216 5349 2375 5404 illuc.
2413 5351 2474 5403 In
2507 5348 2831 5403 visionibus
2862 5347 3002 5418 (sive
3032 5347 3090 5401 in
3113 5346 3358 5413 visione)
3414 5341 3536 5408 Dei,
3572 5340 3681 5396 ad-

2033 5461 2060 5489 ‹‹
2091 5438 2254 5494 duxit
2287 5439 2440 5494 463
2472 5454 2562 5493 me
2597 5437 2654 5490 in
2687 5441 2904 5492 terram
2948 5435 3145 5504 Israel,
3179 5438 3236 5490 et
3281 5431 3508 5488 dimisit
3537 5429 3680 5502 (sive

2033 5549 2060 5577 ‹‹
2095 5527 2312 5599 posuit)
2343 5543 2436 5582 me
2461 5542 2636 5597 super
2665 5530 2922 5582 montem
2955 5524 3246 5581 excelsum
3273 5520 3473 5588 nimis,
3508 5535 3686 5592 super

2032 5638 2060 5665 «
2095 5633 2268 5686 quem
2303 5620 2426 5671 erat
2451 5615 2620 5687 quasi
2653 5615 2963 5671 aadiﬁcium
2985 5612 3256 5680 civitatis,
3288 5607 3580 5683 vergentis
3610 5609 3683 5665 ad

2037 5707 2364 5761 «Austrum
2398 5705 2540 5775 (sive
2572 5721 2601 5761 θ
2630 5703 2920 5780 regione).
2944 5704 3013 5760 Et
3034 5699 3363 5762 introduxit
3386 5715 3480 5757 me
3500 5697 3678 5757 illuc:
