  <div class='ocr_page' id='page_1' title='image "/cluster/home/n/w/nwhite01/storage/ocr_20150623/25/hvd.32044096580493/192.png"; bbox 0 0 3996 6184; ppageno 0'>
   <div class='ocr_carea' id='block_1_1' title="bbox 223 320 346 392">
    <p class='ocr_par' dir='ltr' id='par_1_1' title="bbox 223 320 346 392">
     <span class='ocr_line' id='line_1_1' title="bbox 223 320 346 392; baseline 0.016 -2"><span class='ocrx_word' id='word_1_1' title='bbox 223 320 346 392; x_wconf 75' lang='lat'>313</span> 
     </span>
    </p>
   </div>
   <div class='ocr_carea' id='block_1_2' title="bbox 859 325 3012 404">
    <p class='ocr_par' dir='ltr' id='par_1_2' title="bbox 859 325 3012 404">
     <span class='ocr_line' id='line_1_2' title="bbox 859 325 3012 404; baseline 0.004 -14"><span class='ocrx_word' id='word_1_2' title='bbox 859 325 1607 396; x_wconf 78' lang='lat' dir='ltr'>COMMENTARIORUM</span> <span class='ocrx_word' id='word_1_3' title='bbox 1655 330 1731 390; x_wconf 90' lang='lat' dir='ltr'>IN</span> <span class='ocrx_word' id='word_1_4' title='bbox 1777 326 2271 392; x_wconf 85' lang='lat' dir='ltr'>EZECHIELEM</span> <span class='ocrx_word' id='word_1_5' title='bbox 2317 328 2464 391; x_wconf 90' lang='lat' dir='ltr'>LIB.</span> <span class='ocrx_word' id='word_1_6' title='bbox 2513 331 2646 404; x_wconf 85' lang='grc' dir='ltr'>ΧΠ,</span> <span class='ocrx_word' id='word_1_7' title='bbox 2680 332 2847 394; x_wconf 73' lang='lat' dir='ltr'>CAP.</span> <span class='ocrx_word' id='word_1_8' title='bbox 2884 330 3012 398; x_wconf 72' lang='grc' dir='ltr'>ΧΠ.</span> 
     </span>
    </p>
   </div>
   <div class='ocr_carea' id='block_1_3' title="bbox 3523 322 3643 393">
    <p class='ocr_par' dir='ltr' id='par_1_3' title="bbox 3523 322 3643 393">
     <span class='ocr_line' id='line_1_3' title="bbox 3523 322 3643 393; baseline 0 -1"><span class='ocrx_word' id='word_1_9' title='bbox 3523 322 3643 393; x_wconf 74' lang='grc'>874</span> 
     </span>
    </p>
   </div>
   <div class='ocr_carea' id='block_1_4' title="bbox 221 440 3640 540">
    <p class='ocr_par' dir='ltr' id='par_1_4' title="bbox 221 440 3640 540">
     <span class='ocr_line' id='line_1_4' title="bbox 221 440 3640 540; baseline 0.001 -22"><span class='ocrx_word' id='word_1_10' title='bbox 221 460 488 519; x_wconf 87' lang='lat' dir='ltr'>habebat</span> <span class='ocrx_word' id='word_1_11' title='bbox 515 440 774 534; x_wconf 85' lang='lat' dir='ltr'>speciem</span> <span class='ocrx_word' id='word_1_12' title='bbox 799 461 970 534; x_wconf 85' lang='lat' dir='ltr'>juxta</span> <span class='ocrx_word' id='word_1_13' title='bbox 988 463 1335 519; x_wconf 88' lang='lat' dir='ltr'>Hebraicum</span> <span class='ocrx_word' id='word_1_14' title='bbox 1369 462 1537 536; x_wconf 89' lang='lat' dir='ltr'>quasi</span> <span class='ocrx_word' id='word_1_15' title='bbox 1557 463 1708 518; x_wconf 85' lang='lat' dir='ltr'>aeris.</span> <span class='ocrx_word' id='word_1_16' title='bbox 1751 467 1880 518; x_wconf 82' lang='lat' dir='ltr'>Haec</span> <span class='ocrx_word' id='word_1_17' title='bbox 1911 471 1962 535; x_wconf 78' lang='grc' dir='ltr'>Α</span> <span class='ocrx_word' id='word_1_18' title='bbox 1993 477 2138 532; x_wconf 91' lang='lat' dir='ltr'>rem,</span> <span class='ocrx_word' id='word_1_19' title='bbox 2173 461 2312 518; x_wconf 85' lang='lat' dir='ltr'>facit</span> <span class='ocrx_word' id='word_1_20' title='bbox 2337 466 2394 519; x_wconf 87' lang='lat' dir='ltr'>et</span> <span class='ocrx_word' id='word_1_21' title='bbox 2424 464 2616 521; x_wconf 84' lang='lat' dir='ltr'>cordis</span> <span class='ocrx_word' id='word_1_22' title='bbox 2638 463 2822 522; x_wconf 88' lang='lat' dir='ltr'>oculis</span> <span class='ocrx_word' id='word_1_23' title='bbox 2845 469 3258 540; x_wconf 82' lang='lat' dir='ltr'>praeparatum,</span> <span class='ocrx_word' id='word_1_24' title='bbox 3282 467 3348 522; x_wconf 90' lang='lat' dir='ltr'>ut</span> <span class='ocrx_word' id='word_1_25' title='bbox 3367 462 3640 523; x_wconf 85' lang='lat' dir='ltr'>memori-</span> 
     </span>
    </p>
   </div>
   <div class='ocr_carea' id='block_1_5' title="bbox 219 552 1884 619">
    <p class='ocr_par' dir='ltr' id='par_1_5' title="bbox 219 552 1884 619">
     <span class='ocr_line' id='line_1_5' title="bbox 219 552 1884 619; baseline -0.002 -11"><span class='ocrx_word' id='word_1_26' title='bbox 219 553 383 608; x_wconf 86' lang='lat' dir='ltr'>enim</span> <span class='ocrx_word' id='word_1_27' title='bbox 419 552 667 608; x_wconf 83' lang='lat' dir='ltr'>materia</span> <span class='ocrx_word' id='word_1_28' title='bbox 697 554 922 607; x_wconf 90' lang='lat' dir='ltr'>cunctis</span> <span class='ocrx_word' id='word_1_29' title='bbox 955 552 1207 608; x_wconf 84' lang='lat' dir='ltr'>metallis</span> <span class='ocrx_word' id='word_1_30' title='bbox 1230 553 1479 608; x_wconf 86' lang='lat' dir='ltr'>vocalior</span> <span class='ocrx_word' id='word_1_31' title='bbox 1524 558 1630 619; x_wconf 89' lang='lat' dir='ltr'>est,</span> <span class='ocrx_word' id='word_1_32' title='bbox 1666 558 1722 608; x_wconf 89' lang='lat' dir='ltr'>et</span> <span class='ocrx_word' id='word_1_33' title='bbox 1775 552 1884 606; x_wconf 89' lang='lat' dir='ltr'>tin-</span> 
     </span>
    </p>
   </div>
   <div class='ocr_carea' id='block_1_6' title="bbox 220 640 1883 714">
    <p class='ocr_par' dir='ltr' id='par_1_6' title="bbox 220 640 1883 714">
     <span class='ocr_line' id='line_1_6' title="bbox 220 640 1883 714; baseline 0 -18"><span class='ocrx_word' id='word_1_34' title='bbox 220 642 347 696; x_wconf 84' lang='lat' dir='ltr'>nitu</span> <span class='ocrx_word' id='word_1_35' title='bbox 384 640 564 713; x_wconf 84' lang='lat' dir='ltr'>longe</span> <span class='ocrx_word' id='word_1_36' title='bbox 596 647 850 697; x_wconf 77' lang='lat' dir='ltr'>resonat.</span> <span class='ocrx_word' id='word_1_37' title='bbox 886 642 1046 697; x_wconf 90' lang='lat' dir='ltr'>Unde</span> <span class='ocrx_word' id='word_1_38' title='bbox 1079 647 1134 697; x_wconf 91' lang='lat' dir='ltr'>et</span> <span class='ocrx_word' id='word_1_39' title='bbox 1165 643 1221 697; x_wconf 92' lang='lat' dir='ltr'>in</span> <span class='ocrx_word' id='word_1_40' title='bbox 1258 642 1475 710; x_wconf 80' lang='lat' dir='ltr'>Daniel,</span> <span class='ocrx_word' id='word_1_41' title='bbox 1511 643 1567 697; x_wconf 90' lang='lat' dir='ltr'>in</span> <span class='ocrx_word' id='word_1_42' title='bbox 1627 643 1883 714; x_wconf 84' lang='lat' dir='ltr'>imagine</span> 
     </span>
    </p>
   </div>
   <div class='ocr_carea' id='block_1_7' title="bbox 220 733 1880 803">
    <p class='ocr_par' dir='ltr' id='par_1_7' title="bbox 220 733 1880 803">
     <span class='ocr_line' id='line_1_7' title="bbox 220 733 1880 803; baseline 0.001 -19"><span class='ocrx_word' id='word_1_43' title='bbox 220 747 348 802; x_wconf 68' lang='lat' dir='ltr'>quae</span> <span class='ocrx_word' id='word_1_44' title='bbox 374 736 507 785; x_wconf 88' lang='lat' dir='ltr'>erat</span> <span class='ocrx_word' id='word_1_45' title='bbox 531 748 599 785; x_wconf 87' lang='lat' dir='ltr'>ex</span> <span class='ocrx_word' id='word_1_46' title='bbox 630 747 794 795; x_wconf 90' lang='lat' dir='ltr'>auro,</span> <span class='ocrx_word' id='word_1_47' title='bbox 819 737 1082 803; x_wconf 89' lang='lat' dir='ltr'>argento,</span> <span class='ocrx_word' id='word_1_48' title='bbox 1109 750 1239 798; x_wconf 66' lang='lat' dir='ltr'>aere,</span> <span class='ocrx_word' id='word_1_49' title='bbox 1259 733 1526 802; x_wconf 84' lang='lat' dir='ltr'>ferroque</span> <span class='ocrx_word' id='word_1_50' title='bbox 1559 737 1880 803; x_wconf 87' lang='lat' dir='ltr'>compacta,</span> 
     </span>
    </p>
   </div>
   <div class='ocr_carea' id='block_1_8' title="bbox 219 819 1880 892">
    <p class='ocr_par' dir='ltr' id='par_1_8' title="bbox 219 819 1880 892">
     <span class='ocr_line' id='line_1_8' title="bbox 219 819 1880 892; baseline 0 -18"><span class='ocrx_word' id='word_1_51' title='bbox 219 836 472 892; x_wconf 89' lang='lat' dir='ltr'>regnum</span> <span class='ocrx_word' id='word_1_52' title='bbox 506 819 820 874; x_wconf 79' lang='lat' dir='ltr'>Alexandri</span> <span class='ocrx_word' id='word_1_53' title='bbox 857 824 1032 891; x_wconf 91' lang='lat' dir='ltr'>atque</span> <span class='ocrx_word' id='word_1_54' title='bbox 1061 825 1390 876; x_wconf 66' lang='lat' dir='ltr'>Griecorum</span> <span class='ocrx_word' id='word_1_55' title='bbox 1426 821 1484 875; x_wconf 90' lang='lat' dir='ltr'>in</span> <span class='ocrx_word' id='word_1_56' title='bbox 1517 821 1648 876; x_wconf 74' lang='lat' dir='ltr'>aeris</span> <span class='ocrx_word' id='word_1_57' title='bbox 1673 820 1880 876; x_wconf 90' lang='lat' dir='ltr'>simili-</span> 
     </span>
    </p>
   </div>
   <div class='ocr_carea' id='block_1_9' title="bbox 218 907 1882 982">
    <p class='ocr_par' dir='ltr' id='par_1_9' title="bbox 218 907 1882 982">
     <span class='ocr_line' id='line_1_9' title="bbox 218 907 1882 982; baseline 0.001 -20"><span class='ocrx_word' id='word_1_58' title='bbox 218 908 428 962; x_wconf 89' lang='lat' dir='ltr'>tudine</span> <span class='ocrx_word' id='word_1_59' title='bbox 453 907 1152 980; x_wconf 84' lang='lat' dir='ltr'>demonstratur(Danz&#39;cl.</span> <span class='ocrx_word' id='word_1_60' title='bbox 1180 910 1242 982; x_wconf 84' lang='lat'>11)</span> <span class='ocrx_word' id='word_1_61' title='bbox 1268 929 1281 977; x_wconf 87' lang='lat'><strong>;</strong></span> <span class='ocrx_word' id='word_1_62' title='bbox 1317 916 1381 964; x_wconf 90' lang='lat' dir='ltr'>ut</span> <span class='ocrx_word' id='word_1_63' title='bbox 1410 911 1618 965; x_wconf 69' lang='lat' dir='ltr'>Graecm</span> <span class='ocrx_word' id='word_1_64' title='bbox 1671 909 1882 980; x_wconf 68' lang='lat' dir='ltr'>lingua:</span> 
     </span>
    </p>
   </div>
   <div class='ocr_carea' id='block_1_10' title="bbox 219 997 1878 1070">
    <p class='ocr_par' dir='ltr' id='par_1_10' title="bbox 219 997 1878 1070">
     <span class='ocr_line' id='line_1_10' title="bbox 219 997 1878 1070; baseline 0.001 -18"><span class='ocrx_word' id='word_1_65' title='bbox 219 997 560 1068; x_wconf 83' lang='lat' dir='ltr'>eloquentia</span> <span class='ocrx_word' id='word_1_66' title='bbox 582 998 919 1069; x_wconf 81' lang='lat' dir='ltr'>signaretur</span> <span class='ocrx_word' id='word_1_67' title='bbox 947 1015 957 1052; x_wconf 93' lang='lat'>:</span> <span class='ocrx_word' id='word_1_68' title='bbox 993 1015 1096 1070; x_wconf 89' lang='lat' dir='ltr'>per</span> <span class='ocrx_word' id='word_1_69' title='bbox 1125 1016 1301 1070; x_wconf 91' lang='lat' dir='ltr'>quam</span> <span class='ocrx_word' id='word_1_70' title='bbox 1336 1000 1713 1054; x_wconf 83' lang='lat' dir='ltr'>manifestum</span> <span class='ocrx_word' id='word_1_71' title='bbox 1773 1004 1878 1063; x_wconf 90' lang='lat' dir='ltr'>est,</span> 
     </span>
    </p>
   </div>
   <div class='ocr_carea' id='block_1_11' title="bbox 218 1085 1884 1159">
    <p class='ocr_par' dir='ltr' id='par_1_11' title="bbox 218 1085 1884 1159">
     <span class='ocr_line' id='line_1_11' title="bbox 218 1085 1884 1159; baseline 0 -18"><span class='ocrx_word' id='word_1_72' title='bbox 218 1086 408 1141; x_wconf 87' lang='lat' dir='ltr'>adhuc</span> <span class='ocrx_word' id='word_1_73' title='bbox 435 1103 539 1140; x_wconf 88' lang='lat' dir='ltr'>eos</span> <span class='ocrx_word' id='word_1_74' title='bbox 563 1085 828 1157; x_wconf 82' lang='lat' dir='ltr'>indigere</span> <span class='ocrx_word' id='word_1_75' title='bbox 853 1087 1135 1155; x_wconf 90' lang='lat' dir='ltr'>doctrina,</span> <span class='ocrx_word' id='word_1_76' title='bbox 1161 1088 1258 1158; x_wconf 89' lang='lat' dir='ltr'>qui</span> <span class='ocrx_word' id='word_1_77' title='bbox 1281 1087 1481 1159; x_wconf 84' lang='lat' dir='ltr'>templi</span> <span class='ocrx_word' id='word_1_78' title='bbox 1504 1086 1884 1159; x_wconf 86' lang='lat' dir='ltr'>spiritualiter</span> 
     </span>
    </p>
   </div>
   <div class='ocr_carea' id='block_1_12' title="bbox 217 1174 1881 1246">
    <p class='ocr_par' dir='ltr' id='par_1_12' title="bbox 217 1174 1881 1246">
     <span class='ocr_line' id='line_1_12' title="bbox 217 1174 1881 1246; baseline 0.001 -18"><span class='ocrx_word' id='word_1_79' title='bbox 217 1174 554 1229; x_wconf 75' lang='lat' dir='ltr'>aedificandi</span> <span class='ocrx_word' id='word_1_80' title='bbox 588 1176 847 1230; x_wconf 87' lang='lat' dir='ltr'>necdum</span> <span class='ocrx_word' id='word_1_81' title='bbox 881 1175 1050 1246; x_wconf 84' lang='lat' dir='ltr'>plene</span> <span class='ocrx_word' id='word_1_82' title='bbox 1081 1193 1290 1231; x_wconf 86' lang='lat' dir='ltr'>novere</span> <span class='ocrx_word' id='word_1_83' title='bbox 1315 1177 1609 1245; x_wconf 87' lang='lat' dir='ltr'>mysteria.</span> <span class='ocrx_word' id='word_1_84' title='bbox 1637 1176 1881 1231; x_wconf 86' lang='lat' dir='ltr'>Funicu-</span> 
     </span>
    </p>
   </div>
   <div class='ocr_carea' id='block_1_13' title="bbox 213 1263 1879 1335">
    <p class='ocr_par' dir='ltr' id='par_1_13' title="bbox 213 1263 1879 1335">
     <span class='ocr_line' id='line_1_13' title="bbox 213 1263 1879 1335; baseline 0.001 -17"><span class='ocrx_word' id='word_1_85' title='bbox 213 1263 306 1318; x_wconf 89' lang='lat' dir='ltr'>lus</span> <span class='ocrx_word' id='word_1_86' title='bbox 354 1280 606 1335; x_wconf 91' lang='lat' dir='ltr'>quoque</span> <span class='ocrx_word' id='word_1_87' title='bbox 639 1269 764 1318; x_wconf 89' lang='lat' dir='ltr'>erat</span> <span class='ocrx_word' id='word_1_88' title='bbox 823 1265 1034 1331; x_wconf 87' lang='lat' dir='ltr'>lineus,</span> <span class='ocrx_word' id='word_1_89' title='bbox 1098 1266 1217 1320; x_wconf 83' lang='lat' dir='ltr'>sive</span> <span class='ocrx_word' id='word_1_90' title='bbox 1273 1266 1768 1320; x_wconf 77' lang='lat' dir='ltr'>czementariorum</span> <span class='ocrx_word' id='word_1_91' title='bbox 1819 1266 1879 1320; x_wconf 90' lang='lat' dir='ltr'>in</span> 
     </span>
    </p>
   </div>
   <div class='ocr_carea' id='block_1_14' title="bbox 213 1353 1876 1425">
    <p class='ocr_par' dir='ltr' id='par_1_14' title="bbox 213 1353 1876 1425">
     <span class='ocr_line' id='line_1_14' title="bbox 213 1353 1876 1425; baseline 0.001 -19"><span class='ocrx_word' id='word_1_92' title='bbox 213 1369 390 1406; x_wconf 89' lang='lat' dir='ltr'>manu</span> <span class='ocrx_word' id='word_1_93' title='bbox 419 1353 658 1422; x_wconf 90' lang='lat' dir='ltr'>ejus,de</span> <span class='ocrx_word' id='word_1_94' title='bbox 682 1369 796 1423; x_wconf 91' lang='lat' dir='ltr'>quo</span> <span class='ocrx_word' id='word_1_95' title='bbox 816 1353 876 1407; x_wconf 90' lang='lat' dir='ltr'>in</span> <span class='ocrx_word' id='word_1_96' title='bbox 899 1353 1177 1408; x_wconf 89' lang='lat' dir='ltr'>Zacharia</span> <span class='ocrx_word' id='word_1_97' title='bbox 1198 1353 1479 1425; x_wconf 86' lang='lat' dir='ltr'>scriptum</span> <span class='ocrx_word' id='word_1_98' title='bbox 1503 1355 1773 1423; x_wconf 81' lang='lat' dir='ltr'>cst(Zach.</span> <span class='ocrx_word' id='word_1_99' title='bbox 1796 1353 1876 1423; x_wconf 79' lang='grc' dir='ltr'>ιι).</span> 
     </span>
    </p>
   </div>
   <div class='ocr_carea' id='block_1_15' title="bbox 210 1441 1882 1514">
    <p class='ocr_par' dir='ltr' id='par_1_15' title="bbox 210 1441 1882 1514">
     <span class='ocr_line' id='line_1_15' title="bbox 210 1441 1882 1514; baseline -0.001 -18"><span class='ocrx_word' id='word_1_100' title='bbox 210 1441 366 1513; x_wconf 90' lang='lat' dir='ltr'>quod</span> <span class='ocrx_word' id='word_1_101' title='bbox 393 1441 734 1496; x_wconf 86' lang='lat' dir='ltr'>funiculum</span> <span class='ocrx_word' id='word_1_102' title='bbox 767 1442 1038 1497; x_wconf 80' lang='lat' dir='ltr'>habuerit</span> <span class='ocrx_word' id='word_1_103' title='bbox 1067 1442 1510 1514; x_wconf 86' lang='lat' dir='ltr'>geometricum,</span> <span class='ocrx_word' id='word_1_104' title='bbox 1543 1441 1882 1496; x_wconf 88' lang='lat' dir='ltr'>utlatitudi-</span> 
     </span>
    </p>
   </div>
   <div class='ocr_carea' id='block_1_16' title="bbox 211 1530 1877 1602">
    <p class='ocr_par' dir='ltr' id='par_1_16' title="bbox 211 1530 1877 1602">
     <span class='ocr_line' id='line_1_16' title="bbox 211 1530 1877 1602; baseline 0.001 -17"><span class='ocrx_word' id='word_1_105' title='bbox 211 1547 345 1585; x_wconf 89' lang='lat' dir='ltr'>nem</span> <span class='ocrx_word' id='word_1_106' title='bbox 371 1536 432 1585; x_wconf 89' lang='lat' dir='ltr'>et</span> <span class='ocrx_word' id='word_1_107' title='bbox 461 1530 902 1602; x_wconf 83' lang='lat' dir='ltr'>longitudinem</span> <span class='ocrx_word' id='word_1_108' title='bbox 929 1531 1091 1586; x_wconf 88' lang='lat' dir='ltr'>urbis</span> <span class='ocrx_word' id='word_1_109' title='bbox 1113 1531 1438 1587; x_wconf 86' lang='lat' dir='ltr'>metiretur.</span> <span class='ocrx_word' id='word_1_110' title='bbox 1468 1531 1877 1586; x_wconf 70' lang='lat' dir='ltr'>Caementario-</span> 
     </span>
    </p>
   </div>
   <div class='ocr_carea' id='block_1_17' title="bbox 212 1618 1875 1692">
    <p class='ocr_par' dir='ltr' id='par_1_17' title="bbox 212 1618 1875 1692">
     <span class='ocr_line' id='line_1_17' title="bbox 212 1618 1875 1692; baseline 0.001 -19"><span class='ocrx_word' id='word_1_111' title='bbox 212 1636 352 1674; x_wconf 85' lang='lat' dir='ltr'>rum</span> <span class='ocrx_word' id='word_1_112' title='bbox 387 1624 614 1686; x_wconf 86' lang='lat' dir='ltr'>autem,</span> <span class='ocrx_word' id='word_1_113' title='bbox 646 1618 733 1675; x_wconf 83' lang='lat' dir='ltr'>vel</span> <span class='ocrx_word' id='word_1_114' title='bbox 770 1619 1114 1692; x_wconf 84' lang='lat' dir='ltr'>angelorum</span> <span class='ocrx_word' id='word_1_115' title='bbox 1148 1623 1242 1691; x_wconf 91' lang='lat' dir='ltr'>qui</span> <span class='ocrx_word' id='word_1_116' title='bbox 1275 1620 1370 1675; x_wconf 89' lang='lat' dir='ltr'>Dei</span> <span class='ocrx_word' id='word_1_117' title='bbox 1411 1619 1655 1691; x_wconf 89' lang='lat' dir='ltr'>imperio</span> <span class='ocrx_word' id='word_1_118' title='bbox 1702 1620 1875 1675; x_wconf 92' lang='lat' dir='ltr'>mini-</span> 
     </span>
    </p>
   </div>
   <div class='ocr_carea' id='block_1_18' title="bbox 212 1707 1878 1781">
    <p class='ocr_par' dir='ltr' id='par_1_18' title="bbox 212 1707 1878 1781">
     <span class='ocr_line' id='line_1_18' title="bbox 212 1707 1878 1781; baseline 0.001 -19"><span class='ocrx_word' id='word_1_119' title='bbox 212 1708 510 1776; x_wconf 86' lang='lat' dir='ltr'>strabant,</span> <span class='ocrx_word' id='word_1_120' title='bbox 536 1707 629 1762; x_wconf 87' lang='lat' dir='ltr'>vel</span> <span class='ocrx_word' id='word_1_121' title='bbox 656 1709 860 1778; x_wconf 81' lang='lat' dir='ltr'>Moysi,</span> <span class='ocrx_word' id='word_1_122' title='bbox 878 1714 934 1764; x_wconf 88' lang='lat' dir='ltr'>et</span> <span class='ocrx_word' id='word_1_123' title='bbox 956 1710 1220 1764; x_wconf 89' lang='lat' dir='ltr'>omnium</span> <span class='ocrx_word' id='word_1_124' title='bbox 1244 1709 1681 1781; x_wconf 86' lang='lat' dir='ltr'>prophetarum,</span> <span class='ocrx_word' id='word_1_125' title='bbox 1706 1713 1878 1780; x_wconf 89' lang='lat' dir='ltr'>atque</span> 
     </span>
    </p>
   </div>
   <div class='ocr_carea' id='block_1_19' title="bbox 1992 553 3645 628">
    <p class='ocr_par' dir='ltr' id='par_1_19' title="bbox 1992 553 3645 628">
     <span class='ocr_line' id='line_1_19' title="bbox 1992 553 3645 628; baseline 0.003 -23"><span class='ocrx_word' id='word_1_126' title='bbox 1992 556 2079 607; x_wconf 89' lang='lat' dir='ltr'>ter</span> <span class='ocrx_word' id='word_1_127' title='bbox 2109 556 2300 607; x_wconf 86' lang='lat' dir='ltr'>teneat</span> <span class='ocrx_word' id='word_1_128' title='bbox 2331 570 2456 624; x_wconf 79' lang='lat' dir='ltr'>quae</span> <span class='ocrx_word' id='word_1_129' title='bbox 2482 553 2593 608; x_wconf 87' lang='lat' dir='ltr'>sibi</span> <span class='ocrx_word' id='word_1_130' title='bbox 2627 556 2989 611; x_wconf 89' lang='lat' dir='ltr'>ostendenda</span> <span class='ocrx_word' id='word_1_131' title='bbox 3020 561 3180 627; x_wconf 89' lang='lat' dir='ltr'>sunt,</span> <span class='ocrx_word' id='word_1_132' title='bbox 3201 555 3339 628; x_wconf 89' lang='lat' dir='ltr'>quia</span> <span class='ocrx_word' id='word_1_133' title='bbox 3360 559 3424 610; x_wconf 91' lang='lat' dir='ltr'>ut</span> <span class='ocrx_word' id='word_1_134' title='bbox 3446 553 3645 611; x_wconf 84' lang='lat' dir='ltr'>omnia</span> 
     </span>
    </p>
   </div>
   <div class='ocr_carea' id='block_1_20' title="bbox 1991 642 3646 711">
    <p class='ocr_par' dir='ltr' id='par_1_20' title="bbox 1991 642 3646 711">
     <span class='ocr_line' id='line_1_20' title="bbox 1991 642 3646 711; baseline 0.002 -16"><span class='ocrx_word' id='word_1_135' title='bbox 1991 642 2374 696; x_wconf 88' lang='lat' dir='ltr'>ostendantur</span> <span class='ocrx_word' id='word_1_136' title='bbox 2391 642 2816 710; x_wconf 89' lang='lat' dir='ltr'>tibi,adductus</span> <span class='ocrx_word' id='word_1_137' title='bbox 2841 660 2902 700; x_wconf 89' lang='lat' dir='ltr'>es</span> <span class='ocrx_word' id='word_1_138' title='bbox 2927 645 3188 711; x_wconf 87' lang='lat' dir='ltr'>huc.Quo</span> <span class='ocrx_word' id='word_1_139' title='bbox 3211 646 3365 700; x_wconf 90' lang='lat' dir='ltr'>dicto</span> <span class='ocrx_word' id='word_1_140' title='bbox 3388 643 3646 700; x_wconf 83' lang='lat' dir='ltr'>ostendit</span> 
     </span>
    </p>
   </div>
   <div class='ocr_carea' id='block_1_21' title="bbox 1992 729 3642 805">
    <p class='ocr_par' dir='ltr' id='par_1_21' title="bbox 1992 729 3642 805">
     <span class='ocr_line' id='line_1_21' title="bbox 1992 729 3642 805; baseline 0.003 -21"><span class='ocrx_word' id='word_1_141' title='bbox 1992 729 2316 801; x_wconf 87' lang='lat' dir='ltr'>specialiter</span> <span class='ocrx_word' id='word_1_142' title='bbox 2329 729 2475 786; x_wconf 90' lang='lat' dir='ltr'>nihil</span> <span class='ocrx_word' id='word_1_143' title='bbox 2497 732 2719 787; x_wconf 89' lang='lat' dir='ltr'>theoria</span> <span class='ocrx_word' id='word_1_144' title='bbox 2731 735 2786 786; x_wconf 91' lang='lat' dir='ltr'>et</span> <span class='ocrx_word' id='word_1_145' title='bbox 2799 733 3041 789; x_wconf 89' lang='lat' dir='ltr'>scientia</span> <span class='ocrx_word' id='word_1_146' title='bbox 3053 733 3489 805; x_wconf 89' lang='lat' dir='ltr'>dulcius,quam</span> <span class='ocrx_word' id='word_1_147' title='bbox 3510 750 3642 805; x_wconf 90' lang='lat' dir='ltr'>pro-</span> 
     </span>
    </p>
   </div>
   <div class='ocr_carea' id='block_1_22' title="bbox 1990 818 3642 894">
    <p class='ocr_par' dir='ltr' id='par_1_22' title="bbox 1990 818 3642 894">
     <span class='ocr_line' id='line_1_22' title="bbox 1990 818 3642 894; baseline 0.002 -22"><span class='ocrx_word' id='word_1_148' title='bbox 1990 818 2166 888; x_wconf 89' lang='lat' dir='ltr'>pheta</span> <span class='ocrx_word' id='word_1_149' title='bbox 2185 819 2705 888; x_wconf 89' lang='lat' dir='ltr'>desiderat,dicens</span> <span class='ocrx_word' id='word_1_150' title='bbox 2730 822 2938 877; x_wconf 87' lang='lat' dir='ltr'>:Unam</span> <span class='ocrx_word' id='word_1_151' title='bbox 2961 822 3138 894; x_wconf 90' lang='lat' dir='ltr'>petivi</span> <span class='ocrx_word' id='word_1_152' title='bbox 3160 840 3193 877; x_wconf 92' lang='lat' dir='ltr'>a</span> <span class='ocrx_word' id='word_1_153' title='bbox 3213 822 3642 888; x_wconf 87' lang='lat' dir='ltr'>Domino,hanc</span> 
     </span>
    </p>
   </div>
   <div class='ocr_carea' id='block_1_23' title="bbox 1990 908 3642 982">
    <p class='ocr_par' dir='ltr' id='par_1_23' title="bbox 1990 908 3642 982">
     <span class='ocr_line' id='line_1_23' title="bbox 1990 908 3642 982; baseline 0.002 -20"><span class='ocrx_word' id='word_1_154' title='bbox 1990 908 2306 979; x_wconf 86' lang='lat' dir='ltr'>requiram,</span> <span class='ocrx_word' id='word_1_155' title='bbox 2333 913 2396 963; x_wconf 90' lang='lat' dir='ltr'>ut</span> <span class='ocrx_word' id='word_1_156' title='bbox 2418 909 2739 965; x_wconf 89' lang='lat' dir='ltr'>inhabitem</span> <span class='ocrx_word' id='word_1_157' title='bbox 2771 911 2829 966; x_wconf 92' lang='lat' dir='ltr'>in</span> <span class='ocrx_word' id='word_1_158' title='bbox 2857 912 3030 967; x_wconf 93' lang='lat' dir='ltr'>domo</span> <span class='ocrx_word' id='word_1_159' title='bbox 3057 911 3290 967; x_wconf 86' lang='lat' dir='ltr'>Domini</span> <span class='ocrx_word' id='word_1_160' title='bbox 3313 927 3416 982; x_wconf 89' lang='lat' dir='ltr'>per</span> <span class='ocrx_word' id='word_1_161' title='bbox 3436 927 3642 966; x_wconf 90' lang='lat' dir='ltr'>omnes</span> 
     </span>
    </p>
   </div>
   <div class='ocr_carea' id='block_1_24' title="bbox 1993 995 3644 1072">
    <p class='ocr_par' dir='ltr' id='par_1_24' title="bbox 1993 995 3644 1072">
     <span class='ocr_line' id='line_1_24' title="bbox 1993 995 3644 1072; baseline 0.003 -23"><span class='ocrx_word' id='word_1_162' title='bbox 1993 995 2117 1051; x_wconf 91' lang='lat' dir='ltr'>dies</span> <span class='ocrx_word' id='word_1_163' title='bbox 2149 997 2274 1051; x_wconf 78' lang='lat' dir='ltr'>vitae</span> <span class='ocrx_word' id='word_1_164' title='bbox 2305 1015 2466 1052; x_wconf 68' lang='lat' dir='ltr'>meae.</span> <span class='ocrx_word' id='word_1_165' title='bbox 2503 998 2574 1052; x_wconf 98' lang='lat' dir='ltr'>Ut</span> <span class='ocrx_word' id='word_1_166' title='bbox 2594 999 2822 1054; x_wconf 92' lang='lat' dir='ltr'>videam</span> <span class='ocrx_word' id='word_1_167' title='bbox 2875 998 3234 1072; x_wconf 89' lang='lat' dir='ltr'>voluptatem</span> <span class='ocrx_word' id='word_1_168' title='bbox 3293 999 3545 1065; x_wconf 91' lang='lat' dir='ltr'>Domini,</span> <span class='ocrx_word' id='word_1_169' title='bbox 3586 1003 3644 1054; x_wconf 91' lang='lat' dir='ltr'>et</span> 
     </span>
    </p>
   </div>
   <div class='ocr_carea' id='block_1_25' title="bbox 1990 1084 3643 1160">
    <p class='ocr_par' dir='ltr' id='par_1_25' title="bbox 1990 1084 3643 1160">
     <span class='ocr_line' id='line_1_25' title="bbox 1990 1084 3643 1160; baseline 0.002 -22"><span class='ocrx_word' id='word_1_170' title='bbox 1990 1084 2216 1140; x_wconf 84' lang='lat' dir='ltr'>visitem</span> <span class='ocrx_word' id='word_1_171' title='bbox 2249 1087 2398 1141; x_wconf 75' lang='lat'>467</span> <span class='ocrx_word' id='word_1_172' title='bbox 2434 1087 2719 1158; x_wconf 88' lang='lat' dir='ltr'>templum</span> <span class='ocrx_word' id='word_1_173' title='bbox 2748 1089 2874 1158; x_wconf 87' lang='lat' dir='ltr'>ejus</span> <span class='ocrx_word' id='word_1_174' title='bbox 2906 1089 3078 1159; x_wconf 79' lang='lat' dir='ltr'>(Psal.</span> <span class='ocrx_word' id='word_1_175' title='bbox 3112 1106 3262 1154; x_wconf 71' lang='lat' dir='ltr'>xxvr,</span> <span class='ocrx_word' id='word_1_176' title='bbox 3291 1089 3343 1156; x_wconf 83' lang='grc'><strong>4,</strong></span> <span class='ocrx_word' id='word_1_177' title='bbox 3376 1087 3455 1160; x_wconf 88' lang='grc'>5).</span> <span class='ocrx_word' id='word_1_178' title='bbox 3479 1087 3643 1143; x_wconf 88' lang='lat' dir='ltr'>Unde</span> 
     </span>
    </p>
   </div>
   <div class='ocr_carea' id='block_1_26' title="bbox 1982 1173 3642 1246">
    <p class='ocr_par' dir='ltr' id='par_1_26' title="bbox 1982 1173 3642 1246">
     <span class='ocr_line' id='line_1_26' title="bbox 1982 1173 3642 1246; baseline 0.004 -19"><span class='ocrx_word' id='word_1_179' title='bbox 1982 1173 2200 1244; x_wconf 82' lang='lat' dir='ltr'>jungit,</span> <span class='ocrx_word' id='word_1_180' title='bbox 2232 1179 2288 1229; x_wconf 90' lang='lat' dir='ltr'>et</span> <span class='ocrx_word' id='word_1_181' title='bbox 2317 1173 2610 1246; x_wconf 82' lang='lat' dir='ltr'>loquitur:</span> <span class='ocrx_word' id='word_1_182' title='bbox 2647 1175 2910 1246; x_wconf 88' lang='lat' dir='ltr'>Domine,</span> <span class='ocrx_word' id='word_1_183' title='bbox 2947 1177 3121 1233; x_wconf 91' lang='lat' dir='ltr'>dilexi</span> <span class='ocrx_word' id='word_1_184' title='bbox 3141 1177 3407 1232; x_wconf 91' lang='lat' dir='ltr'>decorem</span> <span class='ocrx_word' id='word_1_185' title='bbox 3430 1177 3642 1233; x_wconf 87' lang='lat' dir='ltr'>domus</span> 
     </span>
    </p>
   </div>
   <div class='ocr_carea' id='block_1_27' title="bbox 1990 1262 3635 1337">
    <p class='ocr_par' dir='ltr' id='par_1_27' title="bbox 1990 1262 3635 1337">
     <span class='ocr_line' id='line_1_27' title="bbox 1990 1262 3635 1337; baseline 0.004 -22"><span class='ocrx_word' id='word_1_186' title='bbox 1990 1265 2122 1328; x_wconf 76' lang='lat' dir='ltr'>tuae,</span> <span class='ocrx_word' id='word_1_187' title='bbox 2157 1268 2212 1316; x_wconf 91' lang='lat' dir='ltr'>et</span> <span class='ocrx_word' id='word_1_188' title='bbox 2240 1262 2433 1319; x_wconf 93' lang='lat' dir='ltr'>locum</span> <span class='ocrx_word' id='word_1_189' title='bbox 2466 1264 2842 1322; x_wconf 86' lang='lat' dir='ltr'>habitationis</span> <span class='ocrx_word' id='word_1_190' title='bbox 2875 1266 3073 1337; x_wconf 64' lang='lat' dir='ltr'>gloria:</span> <span class='ocrx_word' id='word_1_191' title='bbox 3118 1271 3253 1322; x_wconf 80' lang='lat' dir='ltr'>tuae.</span> <span class='ocrx_word' id='word_1_192' title='bbox 3313 1266 3635 1337; x_wconf 89' lang='lat' dir='ltr'>Annuntia,</span> 
     </span>
    </p>
   </div>
   <div class='ocr_carea' id='block_1_28' title="bbox 1989 1350 3642 1427">
    <p class='ocr_par' dir='ltr' id='par_1_28' title="bbox 1989 1350 3642 1427">
     <span class='ocr_line' id='line_1_28' title="bbox 1989 1350 3642 1427; baseline 0.004 -23"><span class='ocrx_word' id='word_1_193' title='bbox 1989 1350 2201 1422; x_wconf 89' lang='lat' dir='ltr'>inquit,</span> <span class='ocrx_word' id='word_1_194' title='bbox 2235 1353 2434 1408; x_wconf 90' lang='lat' dir='ltr'>omnia</span> <span class='ocrx_word' id='word_1_195' title='bbox 2461 1370 2586 1424; x_wconf 67' lang='lat' dir='ltr'>quas</span> <span class='ocrx_word' id='word_1_196' title='bbox 2622 1359 2684 1408; x_wconf 90' lang='lat' dir='ltr'>tu</span> <span class='ocrx_word' id='word_1_197' title='bbox 2703 1353 2865 1410; x_wconf 90' lang='lat' dir='ltr'>vides</span> <span class='ocrx_word' id='word_1_198' title='bbox 2888 1355 3089 1409; x_wconf 90' lang='lat' dir='ltr'>domui</span> <span class='ocrx_word' id='word_1_199' title='bbox 3115 1354 3313 1423; x_wconf 87' lang='lat' dir='ltr'>Israel,</span> <span class='ocrx_word' id='word_1_200' title='bbox 3337 1354 3515 1427; x_wconf 90' lang='lat' dir='ltr'>utqui</span> <span class='ocrx_word' id='word_1_201' title='bbox 3540 1370 3642 1426; x_wconf 88' lang='lat' dir='ltr'>per</span> 
     </span>
    </p>
   </div>
   <div class='ocr_carea' id='block_1_29' title="bbox 1990 1441 3641 1514">
    <p class='ocr_par' dir='ltr' id='par_1_29' title="bbox 1990 1441 3641 1514">
     <span class='ocr_line' id='line_1_29' title="bbox 1990 1441 3641 1514; baseline 0.003 -20"><span class='ocrx_word' id='word_1_202' title='bbox 1990 1457 2052 1494; x_wconf 81' lang='lat' dir='ltr'>se</span> <span class='ocrx_word' id='word_1_203' title='bbox 2083 1441 2277 1496; x_wconf 89' lang='lat' dir='ltr'>videre</span> <span class='ocrx_word' id='word_1_204' title='bbox 2310 1458 2423 1497; x_wconf 90' lang='lat' dir='ltr'>non</span> <span class='ocrx_word' id='word_1_205' title='bbox 2456 1447 2724 1514; x_wconf 91' lang='lat' dir='ltr'>possunt,</span> <span class='ocrx_word' id='word_1_206' title='bbox 2759 1460 2862 1514; x_wconf 89' lang='lat' dir='ltr'>per</span> <span class='ocrx_word' id='word_1_207' title='bbox 2891 1448 2946 1498; x_wconf 89' lang='lat' dir='ltr'>te</span> <span class='ocrx_word' id='word_1_208' title='bbox 2968 1444 3222 1510; x_wconf 90' lang='lat' dir='ltr'>discant,</span> <span class='ocrx_word' id='word_1_209' title='bbox 3269 1461 3396 1514; x_wconf 74' lang='lat' dir='ltr'>qua:</span> <span class='ocrx_word' id='word_1_210' title='bbox 3466 1442 3574 1500; x_wconf 90' lang='lat' dir='ltr'>tibi</span> <span class='ocrx_word' id='word_1_211' title='bbox 3606 1460 3641 1499; x_wconf 93' lang='lat' dir='ltr'>a</span> 
     </span>
    </p>
   </div>
   <div class='ocr_carea' id='block_1_30' title="bbox 1989 1527 3638 1602">
    <p class='ocr_par' dir='ltr' id='par_1_30' title="bbox 1989 1527 3638 1602">
     <span class='ocr_line' id='line_1_30' title="bbox 1989 1527 3638 1602; baseline 0.002 -20"><span class='ocrx_word' id='word_1_212' title='bbox 1989 1527 2236 1584; x_wconf 92' lang='lat' dir='ltr'>Domino</span> <span class='ocrx_word' id='word_1_213' title='bbox 2253 1531 2982 1587; x_wconf 88' lang='lat' dir='ltr'>demonstrantur.Domui</span> <span class='ocrx_word' id='word_1_214' title='bbox 3005 1536 3202 1587; x_wconf 86' lang='lat' dir='ltr'>autem</span> <span class='ocrx_word' id='word_1_215' title='bbox 3228 1531 3512 1588; x_wconf 88' lang='lat' dir='ltr'>Israelhis</span> <span class='ocrx_word' id='word_1_216' title='bbox 3536 1531 3638 1602; x_wconf 91' lang='lat' dir='ltr'>qui</span> 
     </span>
    </p>
   </div>
   <div class='ocr_carea' id='block_1_31' title="bbox 1990 1620 3639 1693">
    <p class='ocr_par' dir='ltr' id='par_1_31' title="bbox 1990 1620 3639 1693">
     <span class='ocr_line' id='line_1_31' title="bbox 1990 1620 3639 1693; baseline 0.002 -21"><span class='ocrx_word' id='word_1_217' title='bbox 1990 1623 2181 1673; x_wconf 89' lang='lat' dir='ltr'>mente</span> <span class='ocrx_word' id='word_1_218' title='bbox 2243 1620 2616 1692; x_wconf 89' lang='lat' dir='ltr'>conspiciunt</span> <span class='ocrx_word' id='word_1_219' title='bbox 2638 1627 2840 1688; x_wconf 89' lang='lat' dir='ltr'>Deum,</span> <span class='ocrx_word' id='word_1_220' title='bbox 2866 1623 2936 1676; x_wconf 95' lang='lat' dir='ltr'>de</span> <span class='ocrx_word' id='word_1_221' title='bbox 2958 1621 3174 1693; x_wconf 89' lang='lat' dir='ltr'>quibus</span> <span class='ocrx_word' id='word_1_222' title='bbox 3202 1629 3325 1677; x_wconf 88' lang='lat' dir='ltr'>erat</span> <span class='ocrx_word' id='word_1_223' title='bbox 3345 1623 3400 1676; x_wconf 91' lang='lat' dir='ltr'>et</span> <span class='ocrx_word' id='word_1_224' title='bbox 3424 1620 3639 1676; x_wconf 86' lang='lat' dir='ltr'>Natha-</span> 
     </span>
    </p>
   </div>
   <div class='ocr_carea' id='block_1_32' title="bbox 1989 1706 3640 1782">
    <p class='ocr_par' dir='ltr' id='par_1_32' title="bbox 1989 1706 3640 1782">
     <span class='ocr_line' id='line_1_32' title="bbox 1989 1706 3640 1782; baseline 0.003 -22"><span class='ocrx_word' id='word_1_225' title='bbox 1989 1706 2139 1773; x_wconf 90' lang='lat' dir='ltr'>nael,</span> <span class='ocrx_word' id='word_1_226' title='bbox 2176 1709 2275 1780; x_wconf 91' lang='lat' dir='ltr'>qui</span> <span class='ocrx_word' id='word_1_227' title='bbox 2325 1709 2624 1765; x_wconf 89' lang='lat' dir='ltr'>Christum</span> <span class='ocrx_word' id='word_1_228' title='bbox 2675 1711 3110 1766; x_wconf 88' lang='lat' dir='ltr'>studiosissime</span> <span class='ocrx_word' id='word_1_229' title='bbox 3169 1709 3520 1782; x_wconf 89' lang='lat' dir='ltr'>requirebat,</span> <span class='ocrx_word' id='word_1_230' title='bbox 3581 1712 3640 1765; x_wconf 88' lang='lat' dir='ltr'>et</span> 
     </span>
    </p>
   </div>
   <div class='ocr_carea' id='block_1_33' title="bbox 210 1797 3637 1904">
    <p class='ocr_par' dir='ltr' id='par_1_33' title="bbox 210 1797 3637 1904">
     <span class='ocr_line' id='line_1_33' title="bbox 210 1797 3637 1904; baseline 0.001 -53"><span class='ocrx_word' id='word_1_231' title='bbox 210 1797 645 1868; x_wconf 85' lang='lat' dir='ltr'>apostolorum,</span> <span class='ocrx_word' id='word_1_232' title='bbox 676 1797 774 1868; x_wconf 89' lang='lat' dir='ltr'>qui</span> <span class='ocrx_word' id='word_1_233' title='bbox 799 1798 1090 1854; x_wconf 78' lang='lat' dir='ltr'>aediﬁcant</span> <span class='ocrx_word' id='word_1_234' title='bbox 1110 1798 1398 1854; x_wconf 87' lang='lat' dir='ltr'>civitatem</span> <span class='ocrx_word' id='word_1_235' title='bbox 1421 1799 1544 1865; x_wconf 89' lang='lat' dir='ltr'>Dei,</span> <span class='ocrx_word' id='word_1_236' title='bbox 1573 1802 1629 1853; x_wconf 89' lang='lat' dir='ltr'>et</span> <span class='ocrx_word' id='word_1_237' title='bbox 1650 1799 1878 1869; x_wconf 85' lang='lat' dir='ltr'>adjuto—</span> <span class='ocrx_word' id='word_1_238' title='bbox 1908 1839 1956 1904; x_wconf 84' lang='lat' dir='ltr'><strong>B</strong></span> <span class='ocrx_word' id='word_1_239' title='bbox 1988 1797 2211 1867; x_wconf 30' lang='lat' dir='ltr'>meruit,</span> <span class='ocrx_word' id='word_1_240' title='bbox 2231 1798 2434 1854; x_wconf 89' lang='lat' dir='ltr'>audire</span> <span class='ocrx_word' id='word_1_241' title='bbox 2460 1817 2472 1855; x_wconf 93' lang='lat'>:</span> <span class='ocrx_word' id='word_1_242' title='bbox 2505 1799 2649 1855; x_wconf 88' lang='lat' dir='ltr'>Ecce</span> <span class='ocrx_word' id='word_1_243' title='bbox 2680 1816 2850 1855; x_wconf 90' lang='lat' dir='ltr'>verus</span> <span class='ocrx_word' id='word_1_244' title='bbox 2885 1799 3165 1868; x_wconf 89' lang='lat' dir='ltr'>Israelita,</span> <span class='ocrx_word' id='word_1_245' title='bbox 3199 1799 3260 1855; x_wconf 90' lang='lat' dir='ltr'>in</span> <span class='ocrx_word' id='word_1_246' title='bbox 3293 1815 3408 1872; x_wconf 90' lang='lat' dir='ltr'>quo</span> <span class='ocrx_word' id='word_1_247' title='bbox 3464 1797 3637 1855; x_wconf 84' lang='lat' dir='ltr'>dolus</span> 
     </span>
    </p>
   </div>
   <div class='ocr_carea' id='block_1_34' title="bbox 209 1884 2672 1959">
    <p class='ocr_par' dir='ltr' id='par_1_34' title="bbox 209 1884 2672 1959">
     <span class='ocr_line' id='line_1_34' title="bbox 209 1884 2672 1959; baseline 0 -19"><span class='ocrx_word' id='word_1_248' title='bbox 209 1901 298 1940; x_wconf 85' lang='lat' dir='ltr'>res</span> <span class='ocrx_word' id='word_1_249' title='bbox 331 1884 426 1940; x_wconf 86' lang='lat' dir='ltr'>vel</span> <span class='ocrx_word' id='word_1_250' title='bbox 461 1885 727 1941; x_wconf 87' lang='lat' dir='ltr'>ministri</span> <span class='ocrx_word' id='word_1_251' title='bbox 753 1892 893 1942; x_wconf 88' lang='lat' dir='ltr'>sunt</span> <span class='ocrx_word' id='word_1_252' title='bbox 916 1888 1229 1942; x_wconf 71' lang='lat' dir='ltr'>Dominica:</span> <span class='ocrx_word' id='word_1_253' title='bbox 1260 1886 1599 1942; x_wconf 87' lang='lat' dir='ltr'>voluntatis.</span> <span class='ocrx_word' id='word_1_254' title='bbox 1632 1887 1794 1942; x_wconf 89' lang='lat' dir='ltr'>Unde</span> <span class='ocrx_word' id='word_1_255' title='bbox 1824 1893 1880 1943; x_wconf 91' lang='lat' dir='ltr'>et</span> <span class='ocrx_word' id='word_1_256' title='bbox 1908 1884 1956 1904; x_wconf 78' lang='lat'>‘”</span> <span class='ocrx_word' id='word_1_257' title='bbox 1986 1901 2100 1940; x_wconf 86' lang='lat' dir='ltr'>non</span> <span class='ocrx_word' id='word_1_258' title='bbox 2142 1890 2230 1941; x_wconf 85' lang='lat' dir='ltr'>est</span> <span class='ocrx_word' id='word_1_259' title='bbox 2261 1888 2453 1957; x_wconf 84' lang='lat' dir='ltr'>(Joan.</span> <span class='ocrx_word' id='word_1_260' title='bbox 2489 1906 2526 1959; x_wconf 80' lang='grc' dir='ltr'>ι,</span> <span class='ocrx_word' id='word_1_261' title='bbox 2562 1890 2672 1959; x_wconf 77' lang='grc'>47).</span> 
     </span>
    </p>
   </div>
   <div class='ocr_carea' id='block_1_35' title="bbox 214 1973 1876 2048">
    <p class='ocr_par' dir='ltr' id='par_1_35' title="bbox 214 1973 1876 2048">
     <span class='ocr_line' id='line_1_35' title="bbox 214 1973 1876 2048; baseline 0.001 -19"><span class='ocrx_word' id='word_1_262' title='bbox 214 1973 428 2030; x_wconf 87' lang='lat' dir='ltr'>Paulus</span> <span class='ocrx_word' id='word_1_263' title='bbox 463 1975 776 2046; x_wconf 86' lang='lat' dir='ltr'>apostolus</span> <span class='ocrx_word' id='word_1_264' title='bbox 799 1974 1148 2047; x_wconf 87' lang='lat' dir='ltr'>loquebatur</span> <span class='ocrx_word' id='word_1_265' title='bbox 1173 1994 1184 2030; x_wconf 90' lang='lat'>:</span> <span class='ocrx_word' id='word_1_266' title='bbox 1211 1976 1312 2032; x_wconf 91' lang='lat' dir='ltr'>Dei</span> <span class='ocrx_word' id='word_1_267' title='bbox 1346 1976 1723 2048; x_wconf 89' lang='lat' dir='ltr'>agricultura,</span> <span class='ocrx_word' id='word_1_268' title='bbox 1776 1977 1876 2032; x_wconf 93' lang='lat' dir='ltr'>Dei</span> 
     </span>
    </p>
   </div>
   <div class='ocr_carea' id='block_1_36' title="bbox 218 2063 1871 2136">
    <p class='ocr_par' dir='ltr' id='par_1_36' title="bbox 218 2063 1871 2136">
     <span class='ocr_line' id='line_1_36' title="bbox 218 2063 1871 2136; baseline 0.002 -20"><span class='ocrx_word' id='word_1_269' title='bbox 218 2063 528 2117; x_wconf 66' lang='lat' dir='ltr'>aedificatio</span> <span class='ocrx_word' id='word_1_270' title='bbox 564 2079 774 2118; x_wconf 90' lang='lat' dir='ltr'>sumus</span> <span class='ocrx_word' id='word_1_271' title='bbox 801 2065 848 2132; x_wconf 69' lang='lat' dir='ltr'>(I</span> <span class='ocrx_word' id='word_1_272' title='bbox 879 2063 1000 2118; x_wconf 81' lang='lat' dir='ltr'>Cor.</span> <span class='ocrx_word' id='word_1_273' title='bbox 1026 2082 1107 2129; x_wconf 87' lang='lat' dir='ltr'>IlI,</span> <span class='ocrx_word' id='word_1_274' title='bbox 1130 2066 1206 2136; x_wconf 87' lang='lat'>9).</span> <span class='ocrx_word' id='word_1_275' title='bbox 1262 2065 1542 2136; x_wconf 86' lang='lat' dir='ltr'>Quodque</span> <span class='ocrx_word' id='word_1_276' title='bbox 1571 2065 1871 2136; x_wconf 87' lang='lat' dir='ltr'>sequitur:</span> 
     </span>
    </p>
   </div>
   <div class='ocr_carea' id='block_1_37' title="bbox 221 2151 1874 2224">
    <p class='ocr_par' dir='ltr' id='par_1_37' title="bbox 221 2151 1874 2224">
     <span class='ocr_line' id='line_1_37' title="bbox 221 2151 1874 2224; baseline -0.001 -16"><span class='ocrx_word' id='word_1_277' title='bbox 221 2153 360 2208; x_wconf 69' lang='lat'>466</span> <span class='ocrx_word' id='word_1_278' title='bbox 395 2152 467 2206; x_wconf 84' lang='lat' dir='ltr'>Et</span> <span class='ocrx_word' id='word_1_279' title='bbox 519 2151 790 2206; x_wconf 88' lang='lat' dir='ltr'>calamus</span> <span class='ocrx_word' id='word_1_280' title='bbox 847 2169 1135 2208; x_wconf 66' lang='lat' dir='ltr'>mensura:</span> <span class='ocrx_word' id='word_1_281' title='bbox 1194 2155 1251 2207; x_wconf 91' lang='lat' dir='ltr'>in</span> <span class='ocrx_word' id='word_1_282' title='bbox 1304 2171 1480 2208; x_wconf 89' lang='lat' dir='ltr'>manu</span> <span class='ocrx_word' id='word_1_283' title='bbox 1542 2155 1690 2224; x_wconf 84' lang='lat' dir='ltr'>ejus,</span> <span class='ocrx_word' id='word_1_284' title='bbox 1724 2153 1874 2209; x_wconf 86' lang='lat' dir='ltr'>desi-</span> 
     </span>
    </p>
   </div>
   <div class='ocr_carea' id='block_1_38' title="bbox 223 2239 1877 2314">
    <p class='ocr_par' dir='ltr' id='par_1_38' title="bbox 223 2239 1877 2314">
     <span class='ocr_line' id='line_1_38' title="bbox 223 2239 1877 2314; baseline 0.001 -20"><span class='ocrx_word' id='word_1_285' title='bbox 223 2246 346 2310; x_wconf 82' lang='lat' dir='ltr'>gnat</span> <span class='ocrx_word' id='word_1_286' title='bbox 377 2239 640 2313; x_wconf 87' lang='lat' dir='ltr'>gratiam</span> <span class='ocrx_word' id='word_1_287' title='bbox 675 2240 1100 2313; x_wconf 87' lang='lat' dir='ltr'>prophetalem,</span> <span class='ocrx_word' id='word_1_288' title='bbox 1155 2243 1225 2297; x_wconf 91' lang='lat' dir='ltr'>de</span> <span class='ocrx_word' id='word_1_289' title='bbox 1276 2259 1392 2313; x_wconf 89' lang='lat' dir='ltr'>qua</span> <span class='ocrx_word' id='word_1_290' title='bbox 1443 2243 1731 2314; x_wconf 83' lang='lat' dir='ltr'>scriptum</span> <span class='ocrx_word' id='word_1_291' title='bbox 1788 2246 1877 2297; x_wconf 90' lang='lat' dir='ltr'>est</span> 
     </span>
    </p>
   </div>
   <div class='ocr_carea' id='block_1_39' title="bbox 224 2329 1875 2403">
    <p class='ocr_par' dir='ltr' id='par_1_39' title="bbox 224 2329 1875 2403">
     <span class='ocr_line' id='line_1_39' title="bbox 224 2329 1875 2403; baseline 0.001 -19"><span class='ocrx_word' id='word_1_292' title='bbox 224 2329 275 2384; x_wconf 90' lang='lat' dir='ltr'>in</span> <span class='ocrx_word' id='word_1_293' title='bbox 303 2329 769 2401; x_wconf 86' lang='lat' dir='ltr'>quadragesimo</span> <span class='ocrx_word' id='word_1_294' title='bbox 803 2334 1012 2401; x_wconf 89' lang='lat' dir='ltr'>quarto</span> <span class='ocrx_word' id='word_1_295' title='bbox 1037 2331 1262 2402; x_wconf 91' lang='lat' dir='ltr'>psalmo</span> <span class='ocrx_word' id='word_1_296' title='bbox 1290 2347 1302 2386; x_wconf 91' lang='lat'>:</span> <span class='ocrx_word' id='word_1_297' title='bbox 1331 2331 1553 2403; x_wconf 89' lang='lat' dir='ltr'>Lingua</span> <span class='ocrx_word' id='word_1_298' title='bbox 1577 2348 1706 2386; x_wconf 89' lang='lat' dir='ltr'>mea</span> <span class='ocrx_word' id='word_1_299' title='bbox 1729 2329 1875 2386; x_wconf 89' lang='lat' dir='ltr'>cala—</span> 
     </span>
    </p>
   </div>
   <div class='ocr_carea' id='block_1_40' title="bbox 224 2418 1877 2492">
    <p class='ocr_par' dir='ltr' id='par_1_40' title="bbox 224 2418 1877 2492">
     <span class='ocr_line' id='line_1_40' title="bbox 224 2418 1877 2492; baseline 0.001 -19"><span class='ocrx_word' id='word_1_300' title='bbox 224 2435 345 2473; x_wconf 87' lang='lat' dir='ltr'>mus</span> <span class='ocrx_word' id='word_1_301' title='bbox 376 2418 614 2483; x_wconf 72' lang='lat' dir='ltr'>scribze,</span> <span class='ocrx_word' id='word_1_302' title='bbox 646 2419 929 2473; x_wconf 89' lang='lat' dir='ltr'>velocitur</span> <span class='ocrx_word' id='word_1_303' title='bbox 955 2419 1267 2475; x_wconf 90' lang='lat' dir='ltr'>scribentis</span> <span class='ocrx_word' id='word_1_304' title='bbox 1301 2420 1469 2491; x_wconf 80' lang='lat' dir='ltr'>(Psal.</span> <span class='ocrx_word' id='word_1_305' title='bbox 1500 2439 1650 2490; x_wconf 76' lang='lat' dir='ltr'>xuv,</span> <span class='ocrx_word' id='word_1_306' title='bbox 1699 2422 1775 2492; x_wconf 82' lang='lat'>2).</span> <span class='ocrx_word' id='word_1_307' title='bbox 1810 2422 1877 2475; x_wconf 85' lang='lat' dir='ltr'>Et</span> 
     </span>
    </p>
   </div>
   <div class='ocr_carea' id='block_1_41' title="bbox 225 2507 1875 2581">
    <p class='ocr_par' dir='ltr' id='par_1_41' title="bbox 225 2507 1875 2581">
     <span class='ocr_line' id='line_1_41' title="bbox 225 2507 1875 2581; baseline 0.001 -19"><span class='ocrx_word' id='word_1_308' title='bbox 225 2508 284 2562; x_wconf 88' lang='lat' dir='ltr'>de</span> <span class='ocrx_word' id='word_1_309' title='bbox 311 2507 544 2562; x_wconf 81' lang='lat' dir='ltr'>Joanne</span> <span class='ocrx_word' id='word_1_310' title='bbox 573 2507 863 2580; x_wconf 87' lang='lat' dir='ltr'>propheta</span> <span class='ocrx_word' id='word_1_311' title='bbox 885 2513 1058 2580; x_wconf 90' lang='lat' dir='ltr'>atque</span> <span class='ocrx_word' id='word_1_312' title='bbox 1089 2509 1381 2581; x_wconf 88' lang='lat' dir='ltr'>baptista:</span> <span class='ocrx_word' id='word_1_313' title='bbox 1413 2510 1558 2574; x_wconf 90' lang='lat' dir='ltr'>Quid</span> <span class='ocrx_word' id='word_1_314' title='bbox 1585 2509 1783 2564; x_wconf 84' lang='lat' dir='ltr'>existis</span> <span class='ocrx_word' id='word_1_315' title='bbox 1815 2511 1875 2564; x_wconf 91' lang='lat' dir='ltr'>in</span> 
     </span>
    </p>
   </div>
   <div class='ocr_carea' id='block_1_42' title="bbox 223 2595 1872 2669">
    <p class='ocr_par' dir='ltr' id='par_1_42' title="bbox 223 2595 1872 2669">
     <span class='ocr_line' id='line_1_42' title="bbox 223 2595 1872 2669; baseline 0.002 -19"><span class='ocrx_word' id='word_1_316' title='bbox 223 2596 512 2650; x_wconf 85' lang='lat' dir='ltr'>desertum</span> <span class='ocrx_word' id='word_1_317' title='bbox 546 2595 765 2663; x_wconf 78' lang='lat' dir='ltr'>videre,</span> <span class='ocrx_word' id='word_1_318' title='bbox 798 2596 1088 2651; x_wconf 85' lang='lat' dir='ltr'>calamum</span> <span class='ocrx_word' id='word_1_319' title='bbox 1120 2601 1290 2652; x_wconf 90' lang='lat' dir='ltr'>vento</span> <span class='ocrx_word' id='word_1_320' title='bbox 1324 2599 1400 2669; x_wconf 83' lang='grc' dir='ltr'>(α)</span> <span class='ocrx_word' id='word_1_321' title='bbox 1449 2597 1653 2669; x_wconf 88' lang='lat' dir='ltr'>agitari</span> <span class='ocrx_word' id='word_1_322' title='bbox 1704 2599 1872 2669; x_wconf 79' lang='lat' dir='ltr'>(Matt.</span> 
     </span>
    </p>
   </div>
   <div class='ocr_carea' id='block_1_43' title="bbox 224 2685 1875 2758">
    <p class='ocr_par' dir='ltr' id='par_1_43' title="bbox 224 2685 1875 2758">
     <span class='ocr_line' id='line_1_43' title="bbox 224 2685 1875 2758; baseline 0.002 -19"><span class='ocrx_word' id='word_1_323' title='bbox 224 2702 291 2754; x_wconf 80' lang='lat' dir='ltr'>x1,</span> <span class='ocrx_word' id='word_1_324' title='bbox 317 2686 370 2756; x_wconf 78' lang='lat'>7)</span> <span class='ocrx_word' id='word_1_325' title='bbox 394 2685 422 2738; x_wconf 81' lang='lat'><strong>?</strong></span> <span class='ocrx_word' id='word_1_326' title='bbox 445 2687 632 2750; x_wconf 88' lang='lat' dir='ltr'>Quem</span> <span class='ocrx_word' id='word_1_327' title='bbox 657 2685 949 2740; x_wconf 88' lang='lat' dir='ltr'>calamum</span> <span class='ocrx_word' id='word_1_328' title='bbox 967 2685 1183 2741; x_wconf 87' lang='lat' dir='ltr'>imitari</span> <span class='ocrx_word' id='word_1_329' title='bbox 1206 2686 1470 2758; x_wconf 87' lang='lat' dir='ltr'>cupiunt,</span> <span class='ocrx_word' id='word_1_330' title='bbox 1494 2687 1593 2758; x_wconf 92' lang='lat' dir='ltr'>qui</span> <span class='ocrx_word' id='word_1_331' title='bbox 1612 2687 1875 2742; x_wconf 88' lang='lat' dir='ltr'>scriben-</span> 
     </span>
    </p>
   </div>
   <div class='ocr_carea' id='block_1_44' title="bbox 223 2773 1875 2848">
    <p class='ocr_par' dir='ltr' id='par_1_44' title="bbox 223 2773 1875 2848">
     <span class='ocr_line' id='line_1_44' title="bbox 223 2773 1875 2848; baseline 0.002 -22"><span class='ocrx_word' id='word_1_332' title='bbox 223 2778 305 2828; x_wconf 87' lang='lat' dir='ltr'>tes</span> <span class='ocrx_word' id='word_1_333' title='bbox 337 2773 611 2827; x_wconf 85' lang='lat' dir='ltr'>scribunt</span> <span class='ocrx_word' id='word_1_334' title='bbox 645 2773 1038 2844; x_wconf 80' lang='lat' dir='ltr'>iniquitatem,</span> <span class='ocrx_word' id='word_1_335' title='bbox 1069 2780 1124 2829; x_wconf 91' lang='lat' dir='ltr'>et</span> <span class='ocrx_word' id='word_1_336' title='bbox 1143 2775 1730 2847; x_wconf 88' lang='lat' dir='ltr'>quibusimprecatur</span> <span class='ocrx_word' id='word_1_337' title='bbox 1750 2793 1875 2848; x_wconf 87' lang='lat' dir='ltr'>pro-</span> 
     </span>
    </p>
   </div>
   <div class='ocr_carea' id='block_1_45' title="bbox 225 2861 1877 2935">
    <p class='ocr_par' dir='ltr' id='par_1_45' title="bbox 225 2861 1877 2935">
     <span class='ocr_line' id='line_1_45' title="bbox 225 2861 1877 2935; baseline 0.002 -19"><span class='ocrx_word' id='word_1_338' title='bbox 225 2861 432 2933; x_wconf 87' lang='lat' dir='ltr'>pheta:</span> <span class='ocrx_word' id='word_1_339' title='bbox 469 2861 718 2934; x_wconf 90' lang='lat' dir='ltr'>Increpa</span> <span class='ocrx_word' id='word_1_340' title='bbox 742 2863 895 2917; x_wconf 85' lang='lat' dir='ltr'>feras</span> <span class='ocrx_word' id='word_1_341' title='bbox 927 2863 1137 2918; x_wconf 89' lang='lat' dir='ltr'>calami</span> <span class='ocrx_word' id='word_1_342' title='bbox 1173 2864 1286 2934; x_wconf 84' lang='lat' dir='ltr'>(Ps.</span> <span class='ocrx_word' id='word_1_343' title='bbox 1324 2882 1491 2932; x_wconf 80' lang='lat' dir='ltr'>vau,</span> <span class='ocrx_word' id='word_1_344' title='bbox 1526 2865 1635 2935; x_wconf 83' lang='lat'>3|).</span> <span class='ocrx_word' id='word_1_345' title='bbox 1677 2865 1877 2920; x_wconf 84' lang='lat' dir='ltr'>Stabat</span> 
     </span>
    </p>
   </div>
   <div class='ocr_carea' id='block_1_46' title="bbox 223 2951 1870 3026">
    <p class='ocr_par' dir='ltr' id='par_1_46' title="bbox 223 2951 1870 3026">
     <span class='ocr_line' id='line_1_46' title="bbox 223 2951 1870 3026; baseline 0.002 -22"><span class='ocrx_word' id='word_1_346' title='bbox 223 2953 408 3005; x_wconf 88' lang='lat' dir='ltr'>autem</span> <span class='ocrx_word' id='word_1_347' title='bbox 445 2951 500 3005; x_wconf 90' lang='lat' dir='ltr'>in</span> <span class='ocrx_word' id='word_1_348' title='bbox 537 2955 705 3022; x_wconf 84' lang='lat' dir='ltr'>porta</span> <span class='ocrx_word' id='word_1_349' title='bbox 732 2971 744 3018; x_wconf 90' lang='lat'><strong>;</strong></span> <span class='ocrx_word' id='word_1_350' title='bbox 771 2952 910 3023; x_wconf 91' lang='lat' dir='ltr'>quia</span> <span class='ocrx_word' id='word_1_351' title='bbox 933 2970 1034 3024; x_wconf 90' lang='lat' dir='ltr'>per</span> <span class='ocrx_word' id='word_1_352' title='bbox 1055 2953 1249 3024; x_wconf 90' lang='lat' dir='ltr'>ipsum</span> <span class='ocrx_word' id='word_1_353' title='bbox 1274 2954 1341 3007; x_wconf 90' lang='lat' dir='ltr'>ad</span> <span class='ocrx_word' id='word_1_354' title='bbox 1361 2957 1592 3008; x_wconf 88' lang='lat' dir='ltr'>Patrem</span> <span class='ocrx_word' id='word_1_355' title='bbox 1616 2955 1870 3026; x_wconf 80' lang='lat' dir='ltr'>ingredi-</span> 
     </span>
    </p>
   </div>
   <div class='ocr_carea' id='block_1_47' title="bbox 226 3040 1872 3114">
    <p class='ocr_par' dir='ltr' id='par_1_47' title="bbox 226 3040 1872 3114">
     <span class='ocr_line' id='line_1_47' title="bbox 226 3040 1872 3114; baseline 0.004 -22"><span class='ocrx_word' id='word_1_356' title='bbox 226 3054 368 3108; x_wconf 80' lang='lat' dir='ltr'>mur,</span> <span class='ocrx_word' id='word_1_357' title='bbox 404 3045 460 3094; x_wconf 90' lang='lat' dir='ltr'>et</span> <span class='ocrx_word' id='word_1_358' title='bbox 508 3041 636 3094; x_wconf 90' lang='lat' dir='ltr'>sine</span> <span class='ocrx_word' id='word_1_359' title='bbox 660 3040 786 3111; x_wconf 90' lang='lat' dir='ltr'>ipso</span> <span class='ocrx_word' id='word_1_360' title='bbox 809 3040 1100 3096; x_wconf 88' lang='lat' dir='ltr'>civitatem</span> <span class='ocrx_word' id='word_1_361' title='bbox 1119 3042 1219 3096; x_wconf 90' lang='lat' dir='ltr'>Dei</span> <span class='ocrx_word' id='word_1_362' title='bbox 1264 3042 1497 3110; x_wconf 78' lang='lat' dir='ltr'>intrare</span> <span class='ocrx_word' id='word_1_363' title='bbox 1523 3060 1636 3098; x_wconf 89' lang='lat' dir='ltr'>non</span> <span class='ocrx_word' id='word_1_364' title='bbox 1666 3059 1872 3114; x_wconf 86' lang='lat' dir='ltr'>possu-</span> 
     </span>
    </p>
   </div>
   <div class='ocr_carea' id='block_1_48' title="bbox 226 3128 1872 3203">
    <p class='ocr_par' dir='ltr' id='par_1_48' title="bbox 226 3128 1872 3203">
     <span class='ocr_line' id='line_1_48' title="bbox 226 3128 1872 3203; baseline 0.002 -21"><span class='ocrx_word' id='word_1_365' title='bbox 226 3145 378 3194; x_wconf 86' lang='lat' dir='ltr'>mus,</span> <span class='ocrx_word' id='word_1_366' title='bbox 401 3133 466 3182; x_wconf 89' lang='lat' dir='ltr'>ut</span> <span class='ocrx_word' id='word_1_367' title='bbox 485 3128 696 3200; x_wconf 89' lang='lat' dir='ltr'>dignos</span> <span class='ocrx_word' id='word_1_368' title='bbox 721 3130 1025 3201; x_wconf 88' lang='lat' dir='ltr'>suscipiat,</span> <span class='ocrx_word' id='word_1_369' title='bbox 1049 3131 1324 3202; x_wconf 88' lang='lat' dir='ltr'>indignos</span> <span class='ocrx_word' id='word_1_370' title='bbox 1347 3131 1602 3202; x_wconf 81' lang='lat' dir='ltr'>abjiciat.</span> <span class='ocrx_word' id='word_1_371' title='bbox 1629 3136 1692 3186; x_wconf 90' lang='lat' dir='ltr'>In</span> <span class='ocrx_word' id='word_1_372' title='bbox 1708 3135 1872 3203; x_wconf 89' lang='lat' dir='ltr'>porta</span> 
     </span>
    </p>
   </div>
   <div class='ocr_carea' id='block_1_49' title="bbox 2058 1975 3638 2048">
    <p class='ocr_par' dir='ltr' id='par_1_49' title="bbox 2058 1975 3638 2048">
     <span class='ocr_line' id='line_1_49' title="bbox 2058 1975 3638 2048; baseline 0.003 -20"><span class='ocrx_word' id='word_1_373' title='bbox 2058 1975 2240 2046; x_wconf 89' lang='lat' dir='ltr'>(Vers.</span> <span class='ocrx_word' id='word_1_374' title='bbox 2274 1977 2310 2030; x_wconf 86' lang='lat'>5</span> <span class='ocrx_word' id='word_1_375' title='bbox 2341 1977 2530 2048; x_wconf 89' lang='lat' dir='ltr'>seqq.)</span> <span class='ocrx_word' id='word_1_376' title='bbox 2553 1999 2579 2025; x_wconf 89' lang='grc'><strong><em>‹‹</em></strong></span> <span class='ocrx_word' id='word_1_377' title='bbox 2614 1978 2683 2032; x_wconf 84' lang='lat' dir='ltr'>Et</span> <span class='ocrx_word' id='word_1_378' title='bbox 2707 1994 2836 2033; x_wconf 90' lang='lat' dir='ltr'>ecce</span> <span class='ocrx_word' id='word_1_379' title='bbox 2863 1995 3068 2033; x_wconf 91' lang='lat' dir='ltr'>murus</span> <span class='ocrx_word' id='word_1_380' title='bbox 3100 1976 3425 2035; x_wconf 84' lang='lat' dir='ltr'>forinsecus</span> <span class='ocrx_word' id='word_1_381' title='bbox 3455 1975 3638 2033; x_wconf 88' lang='lat' dir='ltr'>incir-</span> 
     </span>
    </p>
   </div>
   <div class='ocr_carea' id='block_1_50' title="bbox 1986 2063 3632 2138">
    <p class='ocr_par' dir='ltr' id='par_1_50' title="bbox 1986 2063 3632 2138">
     <span class='ocr_line' id='line_1_50' title="bbox 1986 2063 3632 2138; baseline 0.002 -21"><span class='ocrx_word' id='word_1_382' title='bbox 1986 2085 2013 2111; x_wconf 89' lang='grc'>‹‹</span> <span class='ocrx_word' id='word_1_383' title='bbox 2049 2063 2209 2118; x_wconf 88' lang='lat' dir='ltr'>cuitu</span> <span class='ocrx_word' id='word_1_384' title='bbox 2243 2065 2453 2120; x_wconf 89' lang='lat' dir='ltr'>domus</span> <span class='ocrx_word' id='word_1_385' title='bbox 2485 2065 2768 2138; x_wconf 89' lang='lat' dir='ltr'>undique,</span> <span class='ocrx_word' id='word_1_386' title='bbox 2803 2072 2860 2122; x_wconf 89' lang='lat' dir='ltr'>et</span> <span class='ocrx_word' id='word_1_387' title='bbox 2890 2066 2949 2123; x_wconf 91' lang='lat' dir='ltr'>in</span> <span class='ocrx_word' id='word_1_388' title='bbox 2979 2084 3159 2122; x_wconf 89' lang='lat' dir='ltr'>manu</span> <span class='ocrx_word' id='word_1_389' title='bbox 3221 2066 3324 2122; x_wconf 92' lang='lat' dir='ltr'>viri</span> <span class='ocrx_word' id='word_1_390' title='bbox 3369 2065 3632 2122; x_wconf 87' lang='lat' dir='ltr'>calamus</span> 
     </span>
    </p>
   </div>
   <div class='ocr_carea' id='block_1_51' title="bbox 1987 2154 3640 2228">
    <p class='ocr_par' dir='ltr' id='par_1_51' title="bbox 1987 2154 3640 2228">
     <span class='ocr_line' id='line_1_51' title="bbox 1987 2154 3640 2228; baseline 0.002 -21"><span class='ocrx_word' id='word_1_391' title='bbox 1987 2173 2016 2202; x_wconf 88' lang='lat'><strong>«</strong></span> <span class='ocrx_word' id='word_1_392' title='bbox 2039 2169 2328 2208; x_wconf 76' lang='lat' dir='ltr'>mensura:</span> <span class='ocrx_word' id='word_1_393' title='bbox 2361 2171 2460 2209; x_wconf 89' lang='lat' dir='ltr'>sex</span> <span class='ocrx_word' id='word_1_394' title='bbox 2493 2154 2824 2211; x_wconf 89' lang='lat' dir='ltr'>cubitorum</span> <span class='ocrx_word' id='word_1_395' title='bbox 2858 2161 2916 2212; x_wconf 92' lang='lat' dir='ltr'>et</span> <span class='ocrx_word' id='word_1_396' title='bbox 2944 2155 3163 2228; x_wconf 90' lang='lat' dir='ltr'>palmo,</span> <span class='ocrx_word' id='word_1_397' title='bbox 3196 2155 3247 2212; x_wconf 91' lang='lat' dir='ltr'>ei</span> <span class='ocrx_word' id='word_1_398' title='bbox 3279 2173 3520 2212; x_wconf 89' lang='lat' dir='ltr'>mensus</span> <span class='ocrx_word' id='word_1_399' title='bbox 3551 2157 3640 2212; x_wconf 86' lang='lat' dir='ltr'>est</span> 
     </span>
    </p>
   </div>
   <div class='ocr_carea' id='block_1_52' title="bbox 1985 2239 3640 2316">
    <p class='ocr_par' dir='ltr' id='par_1_52' title="bbox 1985 2239 3640 2316">
     <span class='ocr_line' id='line_1_52' title="bbox 1985 2239 3640 2316; baseline 0.004 -22"><span class='ocrx_word' id='word_1_400' title='bbox 1985 2262 2013 2290; x_wconf 84' lang='lat'><strong>«</strong></span> <span class='ocrx_word' id='word_1_401' title='bbox 2047 2239 2417 2296; x_wconf 87' lang='lat' dir='ltr'>latitudinem</span> <span class='ocrx_word' id='word_1_402' title='bbox 2443 2244 2673 2299; x_wconf 67' lang='lat' dir='ltr'>mdiﬁcii</span> <span class='ocrx_word' id='word_1_403' title='bbox 2696 2245 2921 2300; x_wconf 91' lang='lat' dir='ltr'>calamo</span> <span class='ocrx_word' id='word_1_404' title='bbox 2946 2262 3082 2315; x_wconf 89' lang='lat' dir='ltr'>uno,</span> <span class='ocrx_word' id='word_1_405' title='bbox 3109 2244 3479 2300; x_wconf 85' lang='lat' dir='ltr'>altitudinem</span> <span class='ocrx_word' id='word_1_406' title='bbox 3498 2260 3640 2316; x_wconf 91' lang='lat' dir='ltr'>quo-</span> 
     </span>
    </p>
   </div>
   <div class='ocr_carea' id='block_1_53' title="bbox 1987 2329 3637 2405">
    <p class='ocr_par' dir='ltr' id='par_1_53' title="bbox 1987 2329 3637 2405">
     <span class='ocr_line' id='line_1_53' title="bbox 1987 2329 3637 2405; baseline 0.003 -21"><span class='ocrx_word' id='word_1_407' title='bbox 1987 2351 2014 2378; x_wconf 83' lang='grc'>‹‹</span> <span class='ocrx_word' id='word_1_408' title='bbox 2049 2346 2159 2401; x_wconf 91' lang='lat' dir='ltr'>que</span> <span class='ocrx_word' id='word_1_409' title='bbox 2182 2329 2404 2386; x_wconf 91' lang='lat' dir='ltr'>calamo</span> <span class='ocrx_word' id='word_1_410' title='bbox 2437 2333 2647 2387; x_wconf 87' lang='lat' dir='ltr'>uno.Et</span> <span class='ocrx_word' id='word_1_411' title='bbox 2676 2333 2833 2388; x_wconf 91' lang='lat' dir='ltr'>venit</span> <span class='ocrx_word' id='word_1_412' title='bbox 2862 2335 2934 2388; x_wconf 89' lang='lat' dir='ltr'>ad</span> <span class='ocrx_word' id='word_1_413' title='bbox 2959 2338 3186 2405; x_wconf 90' lang='lat' dir='ltr'>portam</span> <span class='ocrx_word' id='word_1_414' title='bbox 3211 2351 3338 2405; x_wconf 68' lang='lat' dir='ltr'>quae</span> <span class='ocrx_word' id='word_1_415' title='bbox 3363 2332 3637 2405; x_wconf 88' lang='lat' dir='ltr'>respicie-</span> 
     </span>
    </p>
   </div>
   <div class='ocr_carea' id='block_1_54' title="bbox 1985 2419 3628 2494">
    <p class='ocr_par' dir='ltr' id='par_1_54' title="bbox 1985 2419 3628 2494">
     <span class='ocr_line' id='line_1_54' title="bbox 1985 2419 3628 2494; baseline 0.002 -21"><span class='ocrx_word' id='word_1_416' title='bbox 1985 2441 2012 2467; x_wconf 91' lang='grc'><em>‹‹</em></span> <span class='ocrx_word' id='word_1_417' title='bbox 2045 2419 2146 2474; x_wconf 90' lang='lat' dir='ltr'>bat</span> <span class='ocrx_word' id='word_1_418' title='bbox 2177 2419 2327 2474; x_wconf 91' lang='lat' dir='ltr'>viam</span> <span class='ocrx_word' id='word_1_419' title='bbox 2350 2420 2725 2492; x_wconf 87' lang='lat' dir='ltr'>Orientalem,</span> <span class='ocrx_word' id='word_1_420' title='bbox 2745 2425 2801 2476; x_wconf 91' lang='lat' dir='ltr'>et</span> <span class='ocrx_word' id='word_1_421' title='bbox 2827 2423 3090 2478; x_wconf 89' lang='lat' dir='ltr'>ascendit</span> <span class='ocrx_word' id='word_1_422' title='bbox 3113 2438 3216 2493; x_wconf 89' lang='lat' dir='ltr'>per</span> <span class='ocrx_word' id='word_1_423' title='bbox 3233 2423 3453 2494; x_wconf 84' lang='lat' dir='ltr'>gradus</span> <span class='ocrx_word' id='word_1_424' title='bbox 3475 2423 3628 2492; x_wconf 83' lang='lat' dir='ltr'>eius,</span> 
     </span>
    </p>
   </div>
   <div class='ocr_carea' id='block_1_55' title="bbox 1985 2508 3631 2580">
    <p class='ocr_par' dir='ltr' id='par_1_55' title="bbox 1985 2508 3631 2580">
     <span class='ocr_line' id='line_1_55' title="bbox 1985 2508 3631 2580; baseline 0.004 -22"><span class='ocrx_word' id='word_1_425' title='bbox 1985 2530 2012 2556; x_wconf 83' lang='lat'><strong>«</strong></span> <span class='ocrx_word' id='word_1_426' title='bbox 2046 2511 2102 2561; x_wconf 90' lang='lat' dir='ltr'>et</span> <span class='ocrx_word' id='word_1_427' title='bbox 2133 2523 2375 2563; x_wconf 89' lang='lat' dir='ltr'>mensus</span> <span class='ocrx_word' id='word_1_428' title='bbox 2405 2513 2494 2563; x_wconf 86' lang='lat' dir='ltr'>est</span> <span class='ocrx_word' id='word_1_429' title='bbox 2523 2508 2702 2564; x_wconf 91' lang='lat' dir='ltr'>limen</span> <span class='ocrx_word' id='word_1_430' title='bbox 2732 2515 2909 2580; x_wconf 84' lang='lat' dir='ltr'>portae</span> <span class='ocrx_word' id='word_1_431' title='bbox 2941 2509 3169 2566; x_wconf 88' lang='lat' dir='ltr'>calamo</span> <span class='ocrx_word' id='word_1_432' title='bbox 3200 2527 3318 2565; x_wconf 91' lang='lat' dir='ltr'>uno</span> <span class='ocrx_word' id='word_1_433' title='bbox 3367 2509 3631 2566; x_wconf 86' lang='lat' dir='ltr'>latitudi-</span> 
     </span>
    </p>
   </div>
   <div class='ocr_carea' id='block_1_56' title="bbox 1984 2596 3632 2664">
    <p class='ocr_par' dir='ltr' id='par_1_56' title="bbox 1984 2596 3632 2664">
     <span class='ocr_line' id='line_1_56' title="bbox 1984 2596 3632 2664; baseline 0.005 -19"><span class='ocrx_word' id='word_1_434' title='bbox 1984 2618 2011 2645; x_wconf 88' lang='lat'><strong>«</strong></span> <span class='ocrx_word' id='word_1_435' title='bbox 2035 2612 2189 2664; x_wconf 90' lang='lat' dir='ltr'>nem,</span> <span class='ocrx_word' id='word_1_436' title='bbox 2217 2596 2271 2650; x_wconf 94' lang='lat' dir='ltr'>id</span> <span class='ocrx_word' id='word_1_437' title='bbox 2299 2603 2404 2662; x_wconf 81' lang='lat' dir='ltr'>est,</span> <span class='ocrx_word' id='word_1_438' title='bbox 2429 2597 2610 2652; x_wconf 92' lang='lat' dir='ltr'>limen</span> <span class='ocrx_word' id='word_1_439' title='bbox 2634 2615 2816 2652; x_wconf 89' lang='lat' dir='ltr'>unum</span> <span class='ocrx_word' id='word_1_440' title='bbox 2832 2598 3056 2653; x_wconf 90' lang='lat' dir='ltr'>calamo</span> <span class='ocrx_word' id='word_1_441' title='bbox 3080 2615 3196 2654; x_wconf 92' lang='lat' dir='ltr'>uno</span> <span class='ocrx_word' id='word_1_442' title='bbox 3219 2599 3279 2654; x_wconf 87' lang='lat' dir='ltr'>in</span> <span class='ocrx_word' id='word_1_443' title='bbox 3301 2597 3632 2664; x_wconf 86' lang='lat' dir='ltr'>latitudine,</span> 
     </span>
    </p>
   </div>
   <div class='ocr_carea' id='block_1_57' title="bbox 1984 2684 3634 2760">
    <p class='ocr_par' dir='ltr' id='par_1_57' title="bbox 1984 2684 3634 2760">
     <span class='ocr_line' id='line_1_57' title="bbox 1984 2684 3634 2760; baseline 0.005 -26"><span class='ocrx_word' id='word_1_444' title='bbox 1984 2707 2012 2734; x_wconf 82' lang='lat'><strong>«</strong></span> <span class='ocrx_word' id='word_1_445' title='bbox 2045 2684 2438 2740; x_wconf 89' lang='lat' dir='ltr'>etthalamum</span> <span class='ocrx_word' id='word_1_446' title='bbox 2466 2703 2580 2742; x_wconf 91' lang='lat' dir='ltr'>uno</span> <span class='ocrx_word' id='word_1_447' title='bbox 2600 2686 2824 2742; x_wconf 86' lang='lat' dir='ltr'>calamo</span> <span class='ocrx_word' id='word_1_448' title='bbox 2845 2685 3248 2760; x_wconf 73' lang='lat' dir='ltr'>inlongum,et</span> <span class='ocrx_word' id='word_1_449' title='bbox 3271 2703 3385 2742; x_wconf 90' lang='lat' dir='ltr'>uno</span> <span class='ocrx_word' id='word_1_450' title='bbox 3410 2685 3634 2742; x_wconf 90' lang='lat' dir='ltr'>calamo</span> 
     </span>
    </p>
   </div>
   <div class='ocr_carea' id='block_1_58' title="bbox 1984 2773 3636 2846">
    <p class='ocr_par' dir='ltr' id='par_1_58' title="bbox 1984 2773 3636 2846">
     <span class='ocr_line' id='line_1_58' title="bbox 1984 2773 3636 2846; baseline 0.004 -22"><span class='ocrx_word' id='word_1_451' title='bbox 1984 2795 2012 2823; x_wconf 90' lang='lat'><strong>«</strong></span> <span class='ocrx_word' id='word_1_452' title='bbox 2047 2773 2104 2827; x_wconf 90' lang='lat' dir='ltr'>in</span> <span class='ocrx_word' id='word_1_453' title='bbox 2141 2773 2346 2844; x_wconf 90' lang='lat' dir='ltr'>latum,</span> <span class='ocrx_word' id='word_1_454' title='bbox 2381 2775 2431 2829; x_wconf 91' lang='lat' dir='ltr'>ei</span> <span class='ocrx_word' id='word_1_455' title='bbox 2465 2775 2618 2829; x_wconf 89' lang='lat' dir='ltr'>inter</span> <span class='ocrx_word' id='word_1_456' title='bbox 2647 2774 2940 2831; x_wconf 89' lang='lat' dir='ltr'>thalamos</span> <span class='ocrx_word' id='word_1_457' title='bbox 2971 2776 3234 2846; x_wconf 90' lang='lat' dir='ltr'>quinque</span> <span class='ocrx_word' id='word_1_458' title='bbox 3265 2775 3514 2845; x_wconf 88' lang='lat' dir='ltr'>cubitos,</span> <span class='ocrx_word' id='word_1_459' title='bbox 3575 2779 3636 2832; x_wconf 86' lang='lat' dir='ltr'>et</span> 
     </span>
    </p>
   </div>
   <div class='ocr_carea' id='block_1_59' title="bbox 1986 2861 3634 2934">
    <p class='ocr_par' dir='ltr' id='par_1_59' title="bbox 1986 2861 3634 2934">
     <span class='ocr_line' id='line_1_59' title="bbox 1986 2861 3634 2934; baseline 0.004 -22"><span class='ocrx_word' id='word_1_460' title='bbox 1986 2884 2014 2912; x_wconf 83' lang='lat'><strong>«</strong></span> <span class='ocrx_word' id='word_1_461' title='bbox 2046 2861 2223 2917; x_wconf 91' lang='lat' dir='ltr'>limen</span> <span class='ocrx_word' id='word_1_462' title='bbox 2257 2867 2433 2934; x_wconf 78' lang='lat' dir='ltr'>portae</span> <span class='ocrx_word' id='word_1_463' title='bbox 2456 2865 2629 2934; x_wconf 84' lang='lat' dir='ltr'>juxta</span> <span class='ocrx_word' id='word_1_464' title='bbox 2659 2864 3014 2923; x_wconf 88' lang='lat' dir='ltr'>vestibulum</span> <span class='ocrx_word' id='word_1_465' title='bbox 3045 2868 3219 2934; x_wconf 63' lang='lat' dir='ltr'>porta</span> <span class='ocrx_word' id='word_1_466' title='bbox 3280 2863 3634 2919; x_wconf 89' lang='lat' dir='ltr'>intrinsecus</span> 
     </span>
    </p>
   </div>
   <div class='ocr_carea' id='block_1_60' title="bbox 1981 2950 3626 3024">
    <p class='ocr_par' dir='ltr' id='par_1_60' title="bbox 1981 2950 3626 3024">
     <span class='ocr_line' id='line_1_60' title="bbox 1981 2950 3626 3024; baseline 0.004 -24"><span class='ocrx_word' id='word_1_467' title='bbox 1981 2973 2008 3000; x_wconf 84' lang='grc'>‹‹</span> <span class='ocrx_word' id='word_1_468' title='bbox 2041 2950 2264 3006; x_wconf 89' lang='lat' dir='ltr'>calamo</span> <span class='ocrx_word' id='word_1_469' title='bbox 2285 2969 2420 3008; x_wconf 90' lang='lat' dir='ltr'>uno.</span> <span class='ocrx_word' id='word_1_470' title='bbox 2445 2953 2514 3006; x_wconf 90' lang='lat' dir='ltr'>Et</span> <span class='ocrx_word' id='word_1_471' title='bbox 2539 2968 2779 3008; x_wconf 88' lang='lat' dir='ltr'>mensus</span> <span class='ocrx_word' id='word_1_472' title='bbox 2800 2959 2887 3008; x_wconf 91' lang='lat' dir='ltr'>est</span> <span class='ocrx_word' id='word_1_473' title='bbox 2915 2953 3269 3009; x_wconf 88' lang='lat' dir='ltr'>vestibulum</span> <span class='ocrx_word' id='word_1_474' title='bbox 3293 2956 3470 3024; x_wconf 74' lang='lat' dir='ltr'>portae</span> <span class='ocrx_word' id='word_1_475' title='bbox 3497 2955 3626 3007; x_wconf 86' lang='lat' dir='ltr'>octo</span> 
     </span>
    </p>
   </div>
   <div class='ocr_carea' id='block_1_61' title="bbox 1985 3040 3638 3112">
    <p class='ocr_par' dir='ltr' id='par_1_61' title="bbox 1985 3040 3638 3112">
     <span class='ocr_line' id='line_1_61' title="bbox 1985 3040 3638 3112; baseline 0.001 -18"><span class='ocrx_word' id='word_1_476' title='bbox 1985 3061 2012 3088; x_wconf 86' lang='lat'><strong>«</strong></span> <span class='ocrx_word' id='word_1_477' title='bbox 2044 3041 2464 3108; x_wconf 90' lang='lat' dir='ltr'>cubitorum,et</span> <span class='ocrx_word' id='word_1_478' title='bbox 2517 3041 2771 3097; x_wconf 82' lang='lat' dir='ltr'>frontem</span> <span class='ocrx_word' id='word_1_479' title='bbox 2797 3043 2926 3112; x_wconf 89' lang='lat' dir='ltr'>ejus</span> <span class='ocrx_word' id='word_1_480' title='bbox 2948 3043 3179 3098; x_wconf 90' lang='lat' dir='ltr'>duobus</span> <span class='ocrx_word' id='word_1_481' title='bbox 3200 3041 3441 3098; x_wconf 90' lang='lat' dir='ltr'>cubitis:</span> <span class='ocrx_word' id='word_1_482' title='bbox 3465 3040 3638 3097; x_wconf 88' lang='lat' dir='ltr'>vesti-</span> 
     </span>
    </p>
   </div>
   <div class='ocr_carea' id='block_1_62' title="bbox 1982 3129 3624 3202">
    <p class='ocr_par' dir='ltr' id='par_1_62' title="bbox 1982 3129 3624 3202">
     <span class='ocr_line' id='line_1_62' title="bbox 1982 3129 3624 3202; baseline 0.002 -20"><span class='ocrx_word' id='word_1_483' title='bbox 1982 3151 2008 3176; x_wconf 88' lang='lat'><strong>«</strong></span> <span class='ocrx_word' id='word_1_484' title='bbox 2031 3129 2169 3183; x_wconf 91' lang='lat' dir='ltr'>bulu</span> <span class='ocrx_word' id='word_1_485' title='bbox 2184 3147 2235 3183; x_wconf 92' lang='lat' dir='ltr'>m</span> <span class='ocrx_word' id='word_1_486' title='bbox 2255 3136 2447 3185; x_wconf 89' lang='lat' dir='ltr'>autem</span> <span class='ocrx_word' id='word_1_487' title='bbox 2463 3134 2640 3202; x_wconf 79' lang='lat' dir='ltr'>portae</span> <span class='ocrx_word' id='word_1_488' title='bbox 2656 3135 2779 3186; x_wconf 89' lang='lat' dir='ltr'>erat</span> <span class='ocrx_word' id='word_1_489' title='bbox 2801 3129 3359 3188; x_wconf 63' lang='lat' dir='ltr'>intrinsecusPorro</span> <span class='ocrx_word' id='word_1_490' title='bbox 3380 3130 3624 3187; x_wconf 89' lang='lat' dir='ltr'>thalami</span> 
     </span>
    </p>
   </div>
   <div class='ocr_carea' id='block_1_63' title="bbox 227 3206 3624 3290">
    <p class='ocr_par' dir='ltr' id='par_1_63' title="bbox 227 3206 3624 3290">
     <span class='ocr_line' id='line_1_63' title="bbox 227 3206 3624 3290; baseline 0.001 -20"><span class='ocrx_word' id='word_1_491' title='bbox 227 3232 454 3288; x_wconf 89' lang='lat' dir='ltr'>quoque</span> <span class='ocrx_word' id='word_1_492' title='bbox 477 3217 773 3287; x_wconf 88' lang='lat' dir='ltr'>judicium</span> <span class='ocrx_word' id='word_1_493' title='bbox 803 3224 911 3273; x_wconf 85' lang='lat' dir='ltr'>est.</span> <span class='ocrx_word' id='word_1_494' title='bbox 938 3219 1100 3274; x_wconf 85' lang='lat' dir='ltr'>Unde</span> <span class='ocrx_word' id='word_1_495' title='bbox 1136 3224 1192 3273; x_wconf 88' lang='lat' dir='ltr'>et</span> <span class='ocrx_word' id='word_1_496' title='bbox 1220 3220 1503 3290; x_wconf 88' lang='lat' dir='ltr'>propheta</span> <span class='ocrx_word' id='word_1_497' title='bbox 1525 3220 1690 3275; x_wconf 87' lang='lat' dir='ltr'>dicit:</span> <span class='ocrx_word' id='word_1_498' title='bbox 1720 3220 1864 3275; x_wconf 86' lang='lat' dir='ltr'>Ode-</span> <span class='ocrx_word' id='word_1_499' title='bbox 1899 3206 1940 3272; x_wconf 88' lang='lat' dir='ltr'>C</span> <span class='ocrx_word' id='word_1_500' title='bbox 1987 3238 2014 3270; x_wconf 74' lang='grc' dir='ltr'>α</span> <span class='ocrx_word' id='word_1_501' title='bbox 2043 3221 2219 3289; x_wconf 58' lang='lat' dir='ltr'>porta</span> <span class='ocrx_word' id='word_1_502' title='bbox 2247 3220 2318 3272; x_wconf 88' lang='lat' dir='ltr'>ad</span> <span class='ocrx_word' id='word_1_503' title='bbox 2351 3220 2502 3274; x_wconf 85' lang='lat' dir='ltr'>viam</span> <span class='ocrx_word' id='word_1_504' title='bbox 2528 3219 2901 3288; x_wconf 87' lang='lat' dir='ltr'>Orientalem,</span> <span class='ocrx_word' id='word_1_505' title='bbox 2934 3226 3053 3276; x_wconf 89' lang='lat' dir='ltr'>tres</span> <span class='ocrx_word' id='word_1_506' title='bbox 3083 3221 3222 3276; x_wconf 91' lang='lat' dir='ltr'>hinc</span> <span class='ocrx_word' id='word_1_507' title='bbox 3251 3225 3309 3276; x_wconf 90' lang='lat' dir='ltr'>et</span> <span class='ocrx_word' id='word_1_508' title='bbox 3331 3224 3445 3276; x_wconf 87' lang='lat' dir='ltr'>tres</span> <span class='ocrx_word' id='word_1_509' title='bbox 3467 3219 3624 3286; x_wconf 89' lang='lat' dir='ltr'>inde,</span> 
     </span>
    </p>
   </div>
   <div class='ocr_carea' id='block_1_64' title="bbox 227 3307 1867 3381">
    <p class='ocr_par' dir='ltr' id='par_1_64' title="bbox 227 3307 1867 3381">
     <span class='ocr_line' id='line_1_64' title="bbox 227 3307 1867 3381; baseline 0.002 -21"><span class='ocrx_word' id='word_1_510' title='bbox 227 3311 358 3360; x_wconf 89' lang='lat' dir='ltr'>runt</span> <span class='ocrx_word' id='word_1_511' title='bbox 384 3311 697 3378; x_wconf 87' lang='lat' dir='ltr'>arguentes</span> <span class='ocrx_word' id='word_1_512' title='bbox 730 3307 789 3361; x_wconf 90' lang='lat' dir='ltr'>in</span> <span class='ocrx_word' id='word_1_513' title='bbox 821 3312 987 3379; x_wconf 89' lang='lat' dir='ltr'>porta</span> <span class='ocrx_word' id='word_1_514' title='bbox 1013 3309 1140 3378; x_wconf 80' lang='lat' dir='ltr'>(Isa.</span> <span class='ocrx_word' id='word_1_515' title='bbox 1169 3326 1320 3374; x_wconf 69' lang='lat' dir='ltr'>xxxv,</span> <span class='ocrx_word' id='word_1_516' title='bbox 1353 3309 1464 3381; x_wconf 76' lang='grc'>24).</span> <span class='ocrx_word' id='word_1_517' title='bbox 1513 3310 1579 3363; x_wconf 85' lang='lat' dir='ltr'>Et</span> <span class='ocrx_word' id='word_1_518' title='bbox 1637 3309 1695 3363; x_wconf 90' lang='lat' dir='ltr'>in</span> <span class='ocrx_word' id='word_1_519' title='bbox 1756 3308 1867 3364; x_wconf 89' lang='lat' dir='ltr'>alio</span> 
     </span>
    </p>
   </div>
   <div class='ocr_carea' id='block_1_65' title="bbox 228 3394 1866 3468">
    <p class='ocr_par' dir='ltr' id='par_1_65' title="bbox 228 3394 1866 3468">
     <span class='ocr_line' id='line_1_65' title="bbox 228 3394 1866 3468; baseline 0.002 -20"><span class='ocrx_word' id='word_1_520' title='bbox 228 3394 345 3449; x_wconf 88' lang='lat' dir='ltr'>loco</span> <span class='ocrx_word' id='word_1_521' title='bbox 369 3395 516 3449; x_wconf 80' lang='lat' dir='ltr'>:Non</span> <span class='ocrx_word' id='word_1_522' title='bbox 541 3397 935 3451; x_wconf 85' lang='lat' dir='ltr'>confundetur</span> <span class='ocrx_word' id='word_1_523' title='bbox 956 3397 1639 3468; x_wconf 89' lang='lat' dir='ltr'>cumloqueturinimicis</span> <span class='ocrx_word' id='word_1_524' title='bbox 1663 3399 1786 3453; x_wconf 89' lang='lat' dir='ltr'>suis</span> <span class='ocrx_word' id='word_1_525' title='bbox 1809 3398 1866 3452; x_wconf 90' lang='lat' dir='ltr'>in</span> 
     </span>
    </p>
   </div>
   <div class='ocr_carea' id='block_1_66' title="bbox 229 3485 1869 3558">
    <p class='ocr_par' dir='ltr' id='par_1_66' title="bbox 229 3485 1869 3558">
     <span class='ocr_line' id='line_1_66' title="bbox 229 3485 1869 3558; baseline 0.001 -20"><span class='ocrx_word' id='word_1_526' title='bbox 229 3488 389 3553; x_wconf 88' lang='lat' dir='ltr'>porta</span> <span class='ocrx_word' id='word_1_527' title='bbox 417 3485 529 3553; x_wconf 79' lang='lat' dir='ltr'>(Ps.</span> <span class='ocrx_word' id='word_1_528' title='bbox 566 3502 752 3552; x_wconf 79' lang='lat' dir='ltr'>CXXVI,</span> <span class='ocrx_word' id='word_1_529' title='bbox 784 3489 860 3554; x_wconf 79' lang='grc'>5).</span> <span class='ocrx_word' id='word_1_530' title='bbox 897 3487 998 3540; x_wconf 83' lang='lat' dir='ltr'>Hic</span> <span class='ocrx_word' id='word_1_531' title='bbox 1028 3486 1116 3539; x_wconf 91' lang='lat' dir='ltr'>vir</span> <span class='ocrx_word' id='word_1_532' title='bbox 1137 3487 1365 3541; x_wconf 89' lang='lat' dir='ltr'>locutus</span> <span class='ocrx_word' id='word_1_533' title='bbox 1396 3491 1482 3541; x_wconf 90' lang='lat' dir='ltr'>est</span> <span class='ocrx_word' id='word_1_534' title='bbox 1512 3488 1580 3540; x_wconf 86' lang='lat' dir='ltr'>ad</span> <span class='ocrx_word' id='word_1_535' title='bbox 1625 3486 1869 3558; x_wconf 87' lang='lat' dir='ltr'>prophe-</span> 
     </span>
    </p>
   </div>
   <div class='ocr_carea' id='block_1_67' title="bbox 229 3573 1869 3647">
    <p class='ocr_par' dir='ltr' id='par_1_67' title="bbox 229 3573 1869 3647">
     <span class='ocr_line' id='line_1_67' title="bbox 229 3573 1869 3647; baseline 0.003 -22"><span class='ocrx_word' id='word_1_536' title='bbox 229 3577 367 3637; x_wconf 84' lang='lat' dir='ltr'>tam,</span> <span class='ocrx_word' id='word_1_537' title='bbox 403 3573 459 3626; x_wconf 91' lang='lat' dir='ltr'>in</span> <span class='ocrx_word' id='word_1_538' title='bbox 477 3574 650 3644; x_wconf 88' lang='lat' dir='ltr'>cujus</span> <span class='ocrx_word' id='word_1_539' title='bbox 685 3591 863 3629; x_wconf 84' lang='lat' dir='ltr'>manu</span> <span class='ocrx_word' id='word_1_540' title='bbox 896 3578 1020 3630; x_wconf 88' lang='lat' dir='ltr'>erat</span> <span class='ocrx_word' id='word_1_541' title='bbox 1052 3574 1370 3640; x_wconf 80' lang='lat' dir='ltr'>funiculus,</span> <span class='ocrx_word' id='word_1_542' title='bbox 1415 3579 1469 3630; x_wconf 89' lang='lat' dir='ltr'>et</span> <span class='ocrx_word' id='word_1_543' title='bbox 1528 3577 1697 3647; x_wconf 85' lang='lat' dir='ltr'>cujus</span> <span class='ocrx_word' id='word_1_544' title='bbox 1744 3581 1869 3630; x_wconf 89' lang='lat' dir='ltr'>erat</span> 
     </span>
    </p>
   </div>
   <div class='ocr_carea' id='block_1_68' title="bbox 227 3661 1866 3736">
    <p class='ocr_par' dir='ltr' id='par_1_68' title="bbox 227 3661 1866 3736">
     <span class='ocr_line' id='line_1_68' title="bbox 227 3661 1866 3736; baseline 0.001 -21"><span class='ocrx_word' id='word_1_545' title='bbox 227 3661 444 3732; x_wconf 87' lang='lat' dir='ltr'>species</span> <span class='ocrx_word' id='word_1_546' title='bbox 474 3663 646 3733; x_wconf 87' lang='lat' dir='ltr'>quasi</span> <span class='ocrx_word' id='word_1_547' title='bbox 679 3664 831 3731; x_wconf 65' lang='lat' dir='ltr'>aeris,</span> <span class='ocrx_word' id='word_1_548' title='bbox 865 3668 921 3718; x_wconf 92' lang='lat' dir='ltr'>et</span> <span class='ocrx_word' id='word_1_549' title='bbox 952 3664 1051 3736; x_wconf 91' lang='lat' dir='ltr'>qui</span> <span class='ocrx_word' id='word_1_550' title='bbox 1079 3663 1371 3719; x_wconf 87' lang='lat' dir='ltr'>calamum</span> <span class='ocrx_word' id='word_1_551' title='bbox 1398 3666 1628 3719; x_wconf 89' lang='lat' dir='ltr'>tenebat</span> <span class='ocrx_word' id='word_1_552' title='bbox 1667 3682 1866 3720; x_wconf 89' lang='lat' dir='ltr'>manu.</span> 
     </span>
    </p>
   </div>
   <div class='ocr_carea' id='block_1_69' title="bbox 226 3749 1868 3825">
    <p class='ocr_par' dir='ltr' id='par_1_69' title="bbox 226 3749 1868 3825">
     <span class='ocr_line' id='line_1_69' title="bbox 226 3749 1868 3825; baseline 0.002 -22"><span class='ocrx_word' id='word_1_553' title='bbox 226 3749 474 3804; x_wconf 85' lang='lat' dir='ltr'>Locutus</span> <span class='ocrx_word' id='word_1_554' title='bbox 491 3755 582 3805; x_wconf 89' lang='lat' dir='ltr'>est</span> <span class='ocrx_word' id='word_1_555' title='bbox 611 3752 681 3806; x_wconf 89' lang='lat' dir='ltr'>ad</span> <span class='ocrx_word' id='word_1_556' title='bbox 722 3751 1076 3807; x_wconf 84' lang='lat' dir='ltr'>Ezechielem</span> <span class='ocrx_word' id='word_1_557' title='bbox 1107 3770 1277 3808; x_wconf 90' lang='lat' dir='ltr'>verus</span> <span class='ocrx_word' id='word_1_558' title='bbox 1308 3752 1868 3825; x_wconf 86' lang='lat' dir='ltr'>architectus,quem</span> 
     </span>
    </p>
   </div>
   <div class='ocr_carea' id='block_1_70' title="bbox 226 3838 1867 3912">
    <p class='ocr_par' dir='ltr' id='par_1_70' title="bbox 226 3838 1867 3912">
     <span class='ocr_line' id='line_1_70' title="bbox 226 3838 1867 3912; baseline 0.003 -20"><span class='ocrx_word' id='word_1_559' title='bbox 226 3838 567 3894; x_wconf 86' lang='lat' dir='ltr'>imitabatur</span> <span class='ocrx_word' id='word_1_560' title='bbox 595 3847 650 3894; x_wconf 90' lang='lat' dir='ltr'>et</span> <span class='ocrx_word' id='word_1_561' title='bbox 683 3840 901 3896; x_wconf 90' lang='lat' dir='ltr'>Paulus</span> <span class='ocrx_word' id='word_1_562' title='bbox 933 3841 1254 3912; x_wconf 89' lang='lat' dir='ltr'>apostolus,</span> <span class='ocrx_word' id='word_1_563' title='bbox 1280 3842 1516 3896; x_wconf 90' lang='lat' dir='ltr'>dicens:</span> <span class='ocrx_word' id='word_1_564' title='bbox 1551 3843 1726 3907; x_wconf 91' lang='lat' dir='ltr'>Quasi</span> <span class='ocrx_word' id='word_1_565' title='bbox 1775 3859 1867 3897; x_wconf 90' lang='lat' dir='ltr'>sa—</span> 
     </span>
    </p>
   </div>
   <div class='ocr_carea' id='block_1_71' title="bbox 225 3926 1867 4001">
    <p class='ocr_par' dir='ltr' id='par_1_71' title="bbox 225 3926 1867 4001">
     <span class='ocr_line' id='line_1_71' title="bbox 225 3926 1867 4001; baseline 0.005 -22"><span class='ocrx_word' id='word_1_566' title='bbox 225 3926 382 3997; x_wconf 87' lang='lat' dir='ltr'>piens</span> <span class='ocrx_word' id='word_1_567' title='bbox 409 3927 771 3984; x_wconf 88' lang='lat' dir='ltr'>architectus</span> <span class='ocrx_word' id='word_1_568' title='bbox 794 3929 1245 3984; x_wconf 83' lang='lat' dir='ltr'>fundamentum</span> <span class='ocrx_word' id='word_1_569' title='bbox 1270 3932 1437 4001; x_wconf 89' lang='lat' dir='ltr'>posui</span> <span class='ocrx_word' id='word_1_570' title='bbox 1460 3931 1508 4000; x_wconf 86' lang='lat' dir='ltr'>(I</span> <span class='ocrx_word' id='word_1_571' title='bbox 1534 3933 1867 4000; x_wconf 84' lang='lat' dir='ltr'>Cor.ui,10).</span> 
     </span>
    </p>
   </div>
   <div class='ocr_carea' id='block_1_72' title="bbox 227 4014 1870 4086">
    <p class='ocr_par' dir='ltr' id='par_1_72' title="bbox 227 4014 1870 4086">
     <span class='ocr_line' id='line_1_72' title="bbox 227 4014 1870 4086; baseline 0.002 -17"><span class='ocrx_word' id='word_1_572' title='bbox 227 4014 560 4086; x_wconf 83' lang='lat' dir='ltr'>Sapientem</span> <span class='ocrx_word' id='word_1_573' title='bbox 593 4023 790 4072; x_wconf 90' lang='lat' dir='ltr'>autem</span> <span class='ocrx_word' id='word_1_574' title='bbox 820 4022 983 4072; x_wconf 88' lang='lat' dir='ltr'>vocat</span> <span class='ocrx_word' id='word_1_575' title='bbox 1015 4018 1416 4083; x_wconf 88' lang='lat' dir='ltr'>architectum,</span> <span class='ocrx_word' id='word_1_576' title='bbox 1451 4019 1522 4072; x_wconf 85' lang='lat' dir='ltr'>ad</span> <span class='ocrx_word' id='word_1_577' title='bbox 1542 4019 1870 4073; x_wconf 90' lang='lat' dir='ltr'>distinctio-</span> 
     </span>
    </p>
   </div>
   <div class='ocr_carea' id='block_1_73' title="bbox 224 4103 1869 4178">
    <p class='ocr_par' dir='ltr' id='par_1_73' title="bbox 224 4103 1869 4178">
     <span class='ocr_line' id='line_1_73' title="bbox 224 4103 1869 4178; baseline 0.002 -22"><span class='ocrx_word' id='word_1_578' title='bbox 224 4119 347 4159; x_wconf 87' lang='lat' dir='ltr'>nem</span> <span class='ocrx_word' id='word_1_579' title='bbox 381 4103 550 4160; x_wconf 90' lang='lat' dir='ltr'>illius</span> <span class='ocrx_word' id='word_1_580' title='bbox 574 4107 672 4177; x_wconf 91' lang='lat' dir='ltr'>qui</span> <span class='ocrx_word' id='word_1_581' title='bbox 707 4105 925 4161; x_wconf 89' lang='lat' dir='ltr'>stultus</span> <span class='ocrx_word' id='word_1_582' title='bbox 951 4112 1058 4175; x_wconf 88' lang='lat' dir='ltr'>est,</span> <span class='ocrx_word' id='word_1_583' title='bbox 1080 4111 1136 4161; x_wconf 88' lang='lat' dir='ltr'>et</span> <span class='ocrx_word' id='word_1_584' title='bbox 1166 4107 1222 4160; x_wconf 91' lang='lat' dir='ltr'>in</span> <span class='ocrx_word' id='word_1_585' title='bbox 1243 4107 1520 4162; x_wconf 91' lang='lat' dir='ltr'>Zacharia</span> <span class='ocrx_word' id='word_1_586' title='bbox 1544 4112 1743 4178; x_wconf 87' lang='lat' dir='ltr'>pastor</span> <span class='ocrx_word' id='word_1_587' title='bbox 1783 4107 1869 4160; x_wconf 88' lang='lat' dir='ltr'>in-</span> 
     </span>
    </p>
   </div>
   <div class='ocr_carea' id='block_1_74' title="bbox 224 4194 1871 4267">
    <p class='ocr_par' dir='ltr' id='par_1_74' title="bbox 224 4194 1871 4267">
     <span class='ocr_line' id='line_1_74' title="bbox 224 4194 1871 4267; baseline 0.002 -21"><span class='ocrx_word' id='word_1_588' title='bbox 224 4194 446 4264; x_wconf 84' lang='lat' dir='ltr'>sipiens</span> <span class='ocrx_word' id='word_1_589' title='bbox 478 4195 814 4266; x_wconf 88' lang='lat' dir='ltr'>appellatur</span> <span class='ocrx_word' id='word_1_590' title='bbox 841 4213 852 4258; x_wconf 92' lang='lat'>;</span> <span class='ocrx_word' id='word_1_591' title='bbox 883 4195 1110 4249; x_wconf 89' lang='lat' dir='ltr'>locutus</span> <span class='ocrx_word' id='word_1_592' title='bbox 1142 4199 1230 4249; x_wconf 85' lang='lat' dir='ltr'>est</span> <span class='ocrx_word' id='word_1_593' title='bbox 1260 4199 1452 4250; x_wconf 87' lang='lat' dir='ltr'>autem</span> <span class='ocrx_word' id='word_1_594' title='bbox 1476 4211 1871 4267; x_wconf 64' lang='lat' dir='ltr'>qusesequun-</span> 
     </span>
    </p>
   </div>
   <div class='ocr_carea' id='block_1_75' title="bbox 222 4282 1872 4349">
    <p class='ocr_par' dir='ltr' id='par_1_75' title="bbox 222 4282 1872 4349">
     <span class='ocr_line' id='line_1_75' title="bbox 222 4282 1872 4349; baseline 0.002 -15"><span class='ocrx_word' id='word_1_595' title='bbox 222 4284 350 4337; x_wconf 85' lang='lat' dir='ltr'>tur:</span> <span class='ocrx_word' id='word_1_596' title='bbox 389 4282 500 4337; x_wconf 88' lang='lat' dir='ltr'>Fili</span> <span class='ocrx_word' id='word_1_597' title='bbox 535 4282 818 4347; x_wconf 89' lang='lat' dir='ltr'>hominis,</span> <span class='ocrx_word' id='word_1_598' title='bbox 850 4284 979 4338; x_wconf 91' lang='lat' dir='ltr'>vide</span> <span class='ocrx_word' id='word_1_599' title='bbox 1005 4283 1189 4338; x_wconf 90' lang='lat' dir='ltr'>oculis</span> <span class='ocrx_word' id='word_1_600' title='bbox 1217 4284 1353 4349; x_wconf 88' lang='lat' dir='ltr'>tuis,</span> <span class='ocrx_word' id='word_1_601' title='bbox 1387 4288 1442 4339; x_wconf 88' lang='lat' dir='ltr'>et</span> <span class='ocrx_word' id='word_1_602' title='bbox 1472 4285 1713 4339; x_wconf 89' lang='lat' dir='ltr'>auribus</span> <span class='ocrx_word' id='word_1_603' title='bbox 1755 4285 1872 4338; x_wconf 85' lang='lat' dir='ltr'>tuis</span> 
     </span>
    </p>
   </div>
   <div class='ocr_carea' id='block_1_76' title="bbox 222 4371 1873 4444">
    <p class='ocr_par' dir='ltr' id='par_1_76' title="bbox 222 4371 1873 4444">
     <span class='ocr_line' id='line_1_76' title="bbox 222 4371 1873 4444; baseline 0.001 -20"><span class='ocrx_word' id='word_1_604' title='bbox 222 4371 354 4425; x_wconf 85' lang='lat' dir='ltr'>audi</span> <span class='ocrx_word' id='word_1_605' title='bbox 387 4371 580 4443; x_wconf 87' lang='lat' dir='ltr'>(Zach.</span> <span class='ocrx_word' id='word_1_606' title='bbox 615 4373 694 4443; x_wconf 79' lang='lat' dir='ltr'>x1)</span> <span class='ocrx_word' id='word_1_607' title='bbox 722 4388 735 4427; x_wconf 91' lang='lat'>:</span> <span class='ocrx_word' id='word_1_608' title='bbox 764 4389 877 4427; x_wconf 92' lang='lat' dir='ltr'>non</span> <span class='ocrx_word' id='word_1_609' title='bbox 902 4372 1084 4427; x_wconf 78' lang='lat' dir='ltr'>oculis</span> <span class='ocrx_word' id='word_1_610' title='bbox 1115 4372 1327 4438; x_wconf 89' lang='lat' dir='ltr'>carnis,</span> <span class='ocrx_word' id='word_1_611' title='bbox 1353 4374 1450 4428; x_wconf 89' lang='lat' dir='ltr'>sed</span> <span class='ocrx_word' id='word_1_612' title='bbox 1466 4373 1709 4444; x_wconf 89' lang='lat' dir='ltr'>spiritus</span> <span class='ocrx_word' id='word_1_613' title='bbox 1733 4391 1745 4438; x_wconf 93' lang='lat'>;</span> <span class='ocrx_word' id='word_1_614' title='bbox 1770 4389 1873 4427; x_wconf 88' lang='lat' dir='ltr'>nec</span> 
     </span>
    </p>
   </div>
   <div class='ocr_carea' id='block_1_77' title="bbox 221 4461 1873 4533">
    <p class='ocr_par' dir='ltr' id='par_1_77' title="bbox 221 4461 1873 4533">
     <span class='ocr_line' id='line_1_77' title="bbox 221 4461 1873 4533; baseline 0.001 -20"><span class='ocrx_word' id='word_1_615' title='bbox 221 4461 467 4516; x_wconf 83' lang='lat' dir='ltr'>auribus</span> <span class='ocrx_word' id='word_1_616' title='bbox 491 4463 892 4532; x_wconf 88' lang='lat' dir='ltr'>corporis,sed</span> <span class='ocrx_word' id='word_1_617' title='bbox 927 4463 1156 4517; x_wconf 66' lang='lat' dir='ltr'>animm.</span> <span class='ocrx_word' id='word_1_618' title='bbox 1186 4466 1403 4530; x_wconf 86' lang='lat' dir='ltr'>Levate,</span> <span class='ocrx_word' id='word_1_619' title='bbox 1429 4461 1640 4533; x_wconf 87' lang='lat' dir='ltr'>inquit,</span> <span class='ocrx_word' id='word_1_620' title='bbox 1673 4462 1873 4517; x_wconf 90' lang='lat' dir='ltr'>oculos</span> 
     </span>
    </p>
   </div>
   <div class='ocr_carea' id='block_1_78' title="bbox 1980 3308 3632 3379">
    <p class='ocr_par' dir='ltr' id='par_1_78' title="bbox 1980 3308 3632 3379">
     <span class='ocr_line' id='line_1_78' title="bbox 1980 3308 3632 3379; baseline 0.002 -19"><span class='ocrx_word' id='word_1_621' title='bbox 1980 3328 2006 3355; x_wconf 88' lang='grc'>‹‹</span> <span class='ocrx_word' id='word_1_622' title='bbox 2043 3323 2318 3362; x_wconf 89' lang='lat' dir='ltr'>mensura</span> <span class='ocrx_word' id='word_1_623' title='bbox 2349 3323 2465 3362; x_wconf 87' lang='lat' dir='ltr'>una</span> <span class='ocrx_word' id='word_1_624' title='bbox 2499 3309 2699 3379; x_wconf 87' lang='lat' dir='ltr'>trium,</span> <span class='ocrx_word' id='word_1_625' title='bbox 2735 3312 2790 3364; x_wconf 91' lang='lat' dir='ltr'>et</span> <span class='ocrx_word' id='word_1_626' title='bbox 2817 3325 3096 3366; x_wconf 90' lang='lat' dir='ltr'>mensura</span> <span class='ocrx_word' id='word_1_627' title='bbox 3113 3327 3230 3364; x_wconf 91' lang='lat' dir='ltr'>una</span> <span class='ocrx_word' id='word_1_628' title='bbox 3259 3308 3538 3365; x_wconf 78' lang='lat' dir='ltr'>frontium</span> <span class='ocrx_word' id='word_1_629' title='bbox 3562 3325 3632 3364; x_wconf 83' lang='lat' dir='ltr'>ex</span> 
     </span>
    </p>
   </div>
   <div class='ocr_carea' id='block_1_79' title="bbox 1981 3396 3631 3467">
    <p class='ocr_par' dir='ltr' id='par_1_79' title="bbox 1981 3396 3631 3467">
     <span class='ocr_line' id='line_1_79' title="bbox 1981 3396 3631 3467; baseline 0.005 -23"><span class='ocrx_word' id='word_1_630' title='bbox 1981 3416 2009 3444; x_wconf 82' lang='lat'><strong><em>«</em></strong></span> <span class='ocrx_word' id='word_1_631' title='bbox 2039 3399 2286 3466; x_wconf 89' lang='lat' dir='ltr'>utraque</span> <span class='ocrx_word' id='word_1_632' title='bbox 2321 3401 2500 3467; x_wconf 90' lang='lat' dir='ltr'>parte.</span> <span class='ocrx_word' id='word_1_633' title='bbox 2533 3397 2599 3451; x_wconf 90' lang='lat' dir='ltr'>Et</span> <span class='ocrx_word' id='word_1_634' title='bbox 2629 3413 2871 3452; x_wconf 90' lang='lat' dir='ltr'>mensus</span> <span class='ocrx_word' id='word_1_635' title='bbox 2901 3402 2990 3452; x_wconf 90' lang='lat' dir='ltr'>est</span> <span class='ocrx_word' id='word_1_636' title='bbox 3012 3397 3386 3453; x_wconf 89' lang='lat' dir='ltr'>latitudinem</span> <span class='ocrx_word' id='word_1_637' title='bbox 3409 3396 3631 3453; x_wconf 86' lang='lat' dir='ltr'>liminis</span> 
     </span>
    </p>
   </div>
   <div class='ocr_carea' id='block_1_80' title="bbox 1979 3485 3627 3557">
    <p class='ocr_par' dir='ltr' id='par_1_80' title="bbox 1979 3485 3627 3557">
     <span class='ocr_line' id='line_1_80' title="bbox 1979 3485 3627 3557; baseline 0.005 -25"><span class='ocrx_word' id='word_1_638' title='bbox 1979 3506 2006 3532; x_wconf 87' lang='grc'>‹‹</span> <span class='ocrx_word' id='word_1_639' title='bbox 2042 3489 2218 3555; x_wconf 68' lang='lat' dir='ltr'>portae</span> <span class='ocrx_word' id='word_1_640' title='bbox 2252 3485 2452 3539; x_wconf 90' lang='lat' dir='ltr'>decem</span> <span class='ocrx_word' id='word_1_641' title='bbox 2485 3486 2838 3552; x_wconf 81' lang='lat' dir='ltr'>cubitorum,</span> <span class='ocrx_word' id='word_1_642' title='bbox 2874 3490 2928 3540; x_wconf 88' lang='lat' dir='ltr'>et</span> <span class='ocrx_word' id='word_1_643' title='bbox 2958 3485 3387 3557; x_wconf 90' lang='lat' dir='ltr'>longitudinem</span> <span class='ocrx_word' id='word_1_644' title='bbox 3448 3489 3627 3557; x_wconf 70' lang='lat' dir='ltr'>portaa</span> 
     </span>
    </p>
   </div>
   <div class='ocr_carea' id='block_1_81' title="bbox 1978 3573 3627 3647">
    <p class='ocr_par' dir='ltr' id='par_1_81' title="bbox 1978 3573 3627 3647">
     <span class='ocr_line' id='line_1_81' title="bbox 1978 3573 3627 3647; baseline 0.004 -24"><span class='ocrx_word' id='word_1_645' title='bbox 1978 3595 2007 3622; x_wconf 85' lang='lat'><strong>«</strong></span> <span class='ocrx_word' id='word_1_646' title='bbox 2041 3574 2322 3627; x_wconf 84' lang='lat' dir='ltr'>tredecim</span> <span class='ocrx_word' id='word_1_647' title='bbox 2347 3574 2706 3630; x_wconf 88' lang='lat' dir='ltr'>cubitorum.</span> <span class='ocrx_word' id='word_1_648' title='bbox 2736 3575 2806 3629; x_wconf 92' lang='lat' dir='ltr'>Et</span> <span class='ocrx_word' id='word_1_649' title='bbox 2828 3575 3154 3647; x_wconf 91' lang='lat' dir='ltr'>marginem</span> <span class='ocrx_word' id='word_1_650' title='bbox 3183 3578 3316 3630; x_wconf 91' lang='lat' dir='ltr'>ante</span> <span class='ocrx_word' id='word_1_651' title='bbox 3335 3573 3627 3630; x_wconf 89' lang='lat' dir='ltr'>thalamos</span> 
     </span>
    </p>
   </div>
   <div class='ocr_carea' id='block_1_82' title="bbox 1983 3661 3631 3735">
    <p class='ocr_par' dir='ltr' id='par_1_82' title="bbox 1983 3661 3631 3735">
     <span class='ocr_line' id='line_1_82' title="bbox 1983 3661 3631 3735; baseline 0.004 -24"><span class='ocrx_word' id='word_1_652' title='bbox 1983 3683 2005 3711; x_wconf 72' lang='grc' dir='ltr'>(ι</span> <span class='ocrx_word' id='word_1_653' title='bbox 2041 3661 2221 3716; x_wconf 90' lang='lat' dir='ltr'>cubiti</span> <span class='ocrx_word' id='word_1_654' title='bbox 2254 3661 2453 3730; x_wconf 87' lang='lat' dir='ltr'>unius,</span> <span class='ocrx_word' id='word_1_655' title='bbox 2487 3667 2544 3717; x_wconf 90' lang='lat' dir='ltr'>et</span> <span class='ocrx_word' id='word_1_656' title='bbox 2575 3662 2808 3718; x_wconf 88' lang='lat' dir='ltr'>cubitus</span> <span class='ocrx_word' id='word_1_657' title='bbox 2830 3680 2983 3718; x_wconf 90' lang='lat' dir='ltr'>unus</span> <span class='ocrx_word' id='word_1_658' title='bbox 3004 3663 3139 3718; x_wconf 78' lang='lat' dir='ltr'>finis</span> <span class='ocrx_word' id='word_1_659' title='bbox 3162 3664 3439 3735; x_wconf 90' lang='lat' dir='ltr'>utrinque</span> <span class='ocrx_word' id='word_1_660' title='bbox 3465 3681 3476 3718; x_wconf 94' lang='lat'>:</span> <span class='ocrx_word' id='word_1_661' title='bbox 3504 3661 3631 3717; x_wconf 88' lang='lat' dir='ltr'>tha-</span> 
     </span>
    </p>
   </div>
   <div class='ocr_carea' id='block_1_83' title="bbox 1980 3750 3632 3820">
    <p class='ocr_par' dir='ltr' id='par_1_83' title="bbox 1980 3750 3632 3820">
     <span class='ocr_line' id='line_1_83' title="bbox 1980 3750 3632 3820; baseline 0.004 -21"><span class='ocrx_word' id='word_1_662' title='bbox 1980 3773 2007 3800; x_wconf 84' lang='lat'><strong>«</strong></span> <span class='ocrx_word' id='word_1_663' title='bbox 2042 3750 2183 3805; x_wconf 92' lang='lat' dir='ltr'>lami</span> <span class='ocrx_word' id='word_1_664' title='bbox 2215 3759 2412 3805; x_wconf 87' lang='lat' dir='ltr'>autem</span> <span class='ocrx_word' id='word_1_665' title='bbox 2447 3767 2548 3806; x_wconf 89' lang='lat' dir='ltr'>sex</span> <span class='ocrx_word' id='word_1_666' title='bbox 2573 3753 2904 3806; x_wconf 91' lang='lat' dir='ltr'>cubitorum</span> <span class='ocrx_word' id='word_1_667' title='bbox 2936 3757 3102 3807; x_wconf 89' lang='lat' dir='ltr'>erant</span> <span class='ocrx_word' id='word_1_668' title='bbox 3120 3752 3277 3820; x_wconf 89' lang='lat' dir='ltr'>hinc,</span> <span class='ocrx_word' id='word_1_669' title='bbox 3302 3756 3360 3807; x_wconf 88' lang='lat' dir='ltr'>et</span> <span class='ocrx_word' id='word_1_670' title='bbox 3381 3751 3534 3806; x_wconf 89' lang='lat' dir='ltr'>inde.</span> <span class='ocrx_word' id='word_1_671' title='bbox 3559 3752 3632 3806; x_wconf 85' lang='lat' dir='ltr'>Et</span> 
     </span>
    </p>
   </div>
   <div class='ocr_carea' id='block_1_84' title="bbox 1980 3839 3630 3910">
    <p class='ocr_par' dir='ltr' id='par_1_84' title="bbox 1980 3839 3630 3910">
     <span class='ocr_line' id='line_1_84' title="bbox 1980 3839 3630 3910; baseline 0.002 -20"><span class='ocrx_word' id='word_1_672' title='bbox 1980 3860 2008 3889; x_wconf 70' lang='grc' dir='ltr'><em>α</em></span> <span class='ocrx_word' id='word_1_673' title='bbox 2026 3855 2266 3893; x_wconf 87' lang='lat' dir='ltr'>mensus</span> <span class='ocrx_word' id='word_1_674' title='bbox 2279 3843 2367 3893; x_wconf 84' lang='lat' dir='ltr'>est</span> <span class='ocrx_word' id='word_1_675' title='bbox 2390 3844 2614 3910; x_wconf 85' lang='lat' dir='ltr'>portam</span> <span class='ocrx_word' id='word_1_676' title='bbox 2639 3857 2672 3894; x_wconf 90' lang='lat' dir='ltr'>a</span> <span class='ocrx_word' id='word_1_677' title='bbox 2688 3843 2836 3895; x_wconf 88' lang='lat' dir='ltr'>tecto</span> <span class='ocrx_word' id='word_1_678' title='bbox 2859 3839 3101 3894; x_wconf 90' lang='lat' dir='ltr'>thalami</span> <span class='ocrx_word' id='word_1_679' title='bbox 3117 3855 3303 3910; x_wconf 90' lang='lat' dir='ltr'>usque</span> <span class='ocrx_word' id='word_1_680' title='bbox 3317 3839 3387 3894; x_wconf 88' lang='lat' dir='ltr'>ad</span> <span class='ocrx_word' id='word_1_681' title='bbox 3411 3842 3630 3894; x_wconf 91' lang='lat' dir='ltr'>tectum</span> 
     </span>
    </p>
   </div>
   <div class='ocr_carea' id='block_1_85' title="bbox 1957 3927 3628 4000">
    <p class='ocr_par' dir='ltr' id='par_1_85' title="bbox 1957 3927 3628 4000">
     <span class='ocr_line' id='line_1_85' title="bbox 1957 3927 3628 4000; baseline -0.001 -18"><span class='ocrx_word' id='word_1_682' title='bbox 1957 3950 2008 3977; x_wconf 54' lang='grc' dir='ltr'>ν‹‹</span> <span class='ocrx_word' id='word_1_683' title='bbox 2043 3929 2191 3996; x_wconf 83' lang='lat' dir='ltr'>ejus,</span> <span class='ocrx_word' id='word_1_684' title='bbox 2227 3927 2597 3982; x_wconf 88' lang='lat' dir='ltr'>latitudinem</span> <span class='ocrx_word' id='word_1_685' title='bbox 2632 3929 2836 3999; x_wconf 89' lang='lat' dir='ltr'>viginti</span> <span class='ocrx_word' id='word_1_686' title='bbox 2868 3933 2924 3983; x_wconf 92' lang='lat' dir='ltr'>et</span> <span class='ocrx_word' id='word_1_687' title='bbox 2982 3928 3242 4000; x_wconf 90' lang='lat' dir='ltr'>quinque</span> <span class='ocrx_word' id='word_1_688' title='bbox 3273 3928 3628 3994; x_wconf 88' lang='lat' dir='ltr'>cubitorum,</span> 
     </span>
    </p>
   </div>
   <div class='ocr_carea' id='block_1_86' title="bbox 1980 4016 3630 4072">
    <p class='ocr_par' dir='ltr' id='par_1_86' title="bbox 1980 4016 3630 4072">
     <span class='ocr_line' id='line_1_86' title="bbox 1980 4016 3630 4072; baseline 0.001 -2"><span class='ocrx_word' id='word_1_689' title='bbox 1980 4016 2258 4071; x_wconf 81' lang='lat' dir='ltr'>«ostium</span> <span class='ocrx_word' id='word_1_690' title='bbox 2290 4020 2493 4070; x_wconf 91' lang='lat' dir='ltr'>contra</span> <span class='ocrx_word' id='word_1_691' title='bbox 2551 4018 2793 4071; x_wconf 91' lang='lat' dir='ltr'>ostium.</span> <span class='ocrx_word' id='word_1_692' title='bbox 2858 4016 3043 4071; x_wconf 87' lang='lat' dir='ltr'>LXX:</span> <span class='ocrx_word' id='word_1_693' title='bbox 3103 4018 3173 4071; x_wconf 87' lang='lat' dir='ltr'>Et</span> <span class='ocrx_word' id='word_1_694' title='bbox 3223 4033 3358 4072; x_wconf 89' lang='lat' dir='ltr'>ecce</span> <span class='ocrx_word' id='word_1_695' title='bbox 3416 4033 3630 4072; x_wconf 85' lang='lat' dir='ltr'>murus</span> 
     </span>
    </p>
   </div>
   <div class='ocr_carea' id='block_1_87' title="bbox 1982 4105 3631 4177">
    <p class='ocr_par' dir='ltr' id='par_1_87' title="bbox 1982 4105 3631 4177">
     <span class='ocr_line' id='line_1_87' title="bbox 1982 4105 3631 4177; baseline 0.002 -21"><span class='ocrx_word' id='word_1_696' title='bbox 1982 4128 2010 4157; x_wconf 85' lang='lat'><strong>«</strong></span> <span class='ocrx_word' id='word_1_697' title='bbox 2044 4109 2205 4160; x_wconf 86' lang='lat' dir='ltr'>extra</span> <span class='ocrx_word' id='word_1_698' title='bbox 2261 4105 2503 4159; x_wconf 90' lang='lat' dir='ltr'>domum</span> <span class='ocrx_word' id='word_1_699' title='bbox 2564 4121 2668 4177; x_wconf 89' lang='lat' dir='ltr'>per</span> <span class='ocrx_word' id='word_1_700' title='bbox 2723 4121 2953 4177; x_wconf 83' lang='lat' dir='ltr'>gyrum,</span> <span class='ocrx_word' id='word_1_701' title='bbox 3011 4111 3069 4160; x_wconf 93' lang='lat' dir='ltr'>et</span> <span class='ocrx_word' id='word_1_702' title='bbox 3124 4105 3183 4160; x_wconf 88' lang='lat' dir='ltr'>in</span> <span class='ocrx_word' id='word_1_703' title='bbox 3264 4123 3443 4162; x_wconf 88' lang='lat' dir='ltr'>manu</span> <span class='ocrx_word' id='word_1_704' title='bbox 3521 4105 3631 4160; x_wconf 92' lang='lat' dir='ltr'>viri</span> 
     </span>
    </p>
   </div>
   <div class='ocr_carea' id='block_1_88' title="bbox 1983 4194 3633 4267">
    <p class='ocr_par' dir='ltr' id='par_1_88' title="bbox 1983 4194 3633 4267">
     <span class='ocr_line' id='line_1_88' title="bbox 1983 4194 3633 4267; baseline 0.004 -23"><span class='ocrx_word' id='word_1_705' title='bbox 1983 4217 2012 4245; x_wconf 83' lang='lat'><strong>«</strong></span> <span class='ocrx_word' id='word_1_706' title='bbox 2045 4194 2307 4249; x_wconf 89' lang='lat' dir='ltr'>calamus</span> <span class='ocrx_word' id='word_1_707' title='bbox 2340 4210 2630 4249; x_wconf 71' lang='lat' dir='ltr'>mensura:</span> <span class='ocrx_word' id='word_1_708' title='bbox 2663 4195 2995 4250; x_wconf 90' lang='lat' dir='ltr'>cubitorum</span> <span class='ocrx_word' id='word_1_709' title='bbox 3045 4211 3166 4266; x_wconf 86' lang='lat' dir='ltr'>sex,</span> <span class='ocrx_word' id='word_1_710' title='bbox 3225 4200 3282 4250; x_wconf 88' lang='lat' dir='ltr'>et</span> <span class='ocrx_word' id='word_1_711' title='bbox 3340 4194 3633 4267; x_wconf 59' lang='lat' dir='ltr'>palaestes,</span> 
     </span>
    </p>
   </div>
   <div class='ocr_carea' id='block_1_89' title="bbox 1989 4283 3635 4357">
    <p class='ocr_par' dir='ltr' id='par_1_89' title="bbox 1989 4283 3635 4357">
     <span class='ocr_line' id='line_1_89' title="bbox 1989 4283 3635 4357; baseline 0.004 -25"><span class='ocrx_word' id='word_1_712' title='bbox 1989 4289 2094 4338; x_wconf 67' lang='lat' dir='ltr'>aet</span> <span class='ocrx_word' id='word_1_713' title='bbox 2151 4299 2388 4337; x_wconf 88' lang='lat' dir='ltr'>murum</span> <span class='ocrx_word' id='word_1_714' title='bbox 2438 4299 2682 4339; x_wconf 89' lang='lat' dir='ltr'>mensus</span> <span class='ocrx_word' id='word_1_715' title='bbox 2742 4288 2851 4350; x_wconf 90' lang='lat' dir='ltr'>est,</span> <span class='ocrx_word' id='word_1_716' title='bbox 2913 4283 3288 4341; x_wconf 87' lang='lat' dir='ltr'>latitudinem</span> <span class='ocrx_word' id='word_1_717' title='bbox 3347 4285 3635 4357; x_wconf 67' lang='lat' dir='ltr'>aequalem</span> 
     </span>
    </p>
   </div>
   <div class='ocr_carea' id='block_1_90' title="bbox 1986 4371 3638 4440">
    <p class='ocr_par' dir='ltr' id='par_1_90' title="bbox 1986 4371 3638 4440">
     <span class='ocr_line' id='line_1_90' title="bbox 1986 4371 3638 4440; baseline -0.001 -12"><span class='ocrx_word' id='word_1_718' title='bbox 1986 4371 2292 4436; x_wconf 81' lang='lat' dir='ltr'>«calamo,</span> <span class='ocrx_word' id='word_1_719' title='bbox 2337 4377 2395 4426; x_wconf 89' lang='lat' dir='ltr'>et</span> <span class='ocrx_word' id='word_1_720' title='bbox 2451 4371 2827 4427; x_wconf 86' lang='lat' dir='ltr'>altitudinem</span> <span class='ocrx_word' id='word_1_721' title='bbox 2880 4374 3008 4440; x_wconf 86' lang='lat' dir='ltr'>ejus</span> <span class='ocrx_word' id='word_1_722' title='bbox 3056 4388 3368 4428; x_wconf 79' lang='lat' dir='ltr'>mensurae.</span> <span class='ocrx_word' id='word_1_723' title='bbox 3431 4373 3502 4426; x_wconf 89' lang='lat' dir='ltr'>Et</span> <span class='ocrx_word' id='word_1_724' title='bbox 3549 4373 3638 4427; x_wconf 87' lang='lat' dir='ltr'>in-</span> 
     </span>
    </p>
   </div>
   <div class='ocr_carea' id='block_1_91' title="bbox 1987 4459 3624 4532">
    <p class='ocr_par' dir='ltr' id='par_1_91' title="bbox 1987 4459 3624 4532">
     <span class='ocr_line' id='line_1_91' title="bbox 1987 4459 3624 4532; baseline 0 -18"><span class='ocrx_word' id='word_1_725' title='bbox 1987 4482 2014 4510; x_wconf 89' lang='grc'><em>‹‹</em></span> <span class='ocrx_word' id='word_1_726' title='bbox 2047 4477 2287 4530; x_wconf 86' lang='lat' dir='ltr'>gressus</span> <span class='ocrx_word' id='word_1_727' title='bbox 2318 4466 2406 4514; x_wconf 87' lang='lat' dir='ltr'>est</span> <span class='ocrx_word' id='word_1_728' title='bbox 2435 4465 2684 4531; x_wconf 87' lang='lat' dir='ltr'>portam,</span> <span class='ocrx_word' id='word_1_729' title='bbox 2720 4477 2847 4532; x_wconf 63' lang='lat' dir='ltr'>quis</span> <span class='ocrx_word' id='word_1_730' title='bbox 2906 4460 3258 4532; x_wconf 87' lang='lat' dir='ltr'>respiciebat</span> <span class='ocrx_word' id='word_1_731' title='bbox 3305 4459 3624 4530; x_wconf 88' lang='lat' dir='ltr'>Orientem,</span> 
     </span>
    </p>
   </div>
   <div class='ocr_carea' id='block_1_92' title="bbox 218 4547 3638 4632">
    <p class='ocr_par' dir='ltr' id='par_1_92' title="bbox 218 4547 3638 4632">
     <span class='ocr_line' id='line_1_92' title="bbox 218 4547 3638 4632; baseline 0.001 -32"><span class='ocrx_word' id='word_1_732' title='bbox 218 4555 467 4615; x_wconf 74' lang='lat' dir='ltr'>vestros,</span> <span class='ocrx_word' id='word_1_733' title='bbox 501 4555 562 4604; x_wconf 91' lang='lat' dir='ltr'>et</span> <span class='ocrx_word' id='word_1_734' title='bbox 581 4549 792 4618; x_wconf 90' lang='lat' dir='ltr'>videte,</span> <span class='ocrx_word' id='word_1_735' title='bbox 828 4551 965 4621; x_wconf 92' lang='lat' dir='ltr'>quia</span> <span class='ocrx_word' id='word_1_736' title='bbox 996 4566 1217 4604; x_wconf 90' lang='lat' dir='ltr'>messes</span> <span class='ocrx_word' id='word_1_737' title='bbox 1240 4551 1365 4620; x_wconf 89' lang='lat' dir='ltr'>jam</span> <span class='ocrx_word' id='word_1_738' title='bbox 1420 4550 1560 4604; x_wconf 63' lang='lat' dir='ltr'>alba:</span> <span class='ocrx_word' id='word_1_739' title='bbox 1618 4556 1753 4604; x_wconf 89' lang='lat' dir='ltr'>sunt</span> <span class='ocrx_word' id='word_1_740' title='bbox 1800 4552 1868 4604; x_wconf 90' lang='lat' dir='ltr'>ad</span> <span class='ocrx_word' id='word_1_741' title='bbox 1907 4568 1953 4632; x_wconf 71' lang='grc' dir='ltr'>Β</span> <span class='ocrx_word' id='word_1_742' title='bbox 1987 4575 2014 4601; x_wconf 92' lang='grc'>‹‹</span> <span class='ocrx_word' id='word_1_743' title='bbox 2040 4555 2262 4620; x_wconf 87' lang='lat' dir='ltr'>septem</span> <span class='ocrx_word' id='word_1_744' title='bbox 2288 4550 2663 4621; x_wconf 87' lang='lat' dir='ltr'>gradibus,et</span> <span class='ocrx_word' id='word_1_745' title='bbox 2693 4566 2934 4605; x_wconf 90' lang='lat' dir='ltr'>mensus</span> <span class='ocrx_word' id='word_1_746' title='bbox 2958 4555 3046 4605; x_wconf 90' lang='lat' dir='ltr'>est</span> <span class='ocrx_word' id='word_1_747' title='bbox 3069 4549 3257 4613; x_wconf 65' lang='grc' dir='ltr'>Ηλεεᾲ</span> <span class='ocrx_word' id='word_1_748' title='bbox 3296 4565 3396 4604; x_wconf 86' lang='lat' dir='ltr'>sex</span> <span class='ocrx_word' id='word_1_749' title='bbox 3416 4547 3638 4618; x_wconf 88' lang='lat' dir='ltr'>hinc,et</span> 
     </span>
    </p>
   </div>
   <div class='ocr_carea' id='block_1_93' title="bbox 220 4637 1873 4708">
    <p class='ocr_par' dir='ltr' id='par_1_93' title="bbox 220 4637 1873 4708">
     <span class='ocr_line' id='line_1_93' title="bbox 220 4637 1873 4708; baseline 0.001 -17"><span class='ocrx_word' id='word_1_750' title='bbox 220 4637 567 4694; x_wconf 87' lang='lat' dir='ltr'>metendum</span> <span class='ocrx_word' id='word_1_751' title='bbox 598 4642 788 4704; x_wconf 84' lang='lat' dir='ltr'>(Joan.</span> <span class='ocrx_word' id='word_1_752' title='bbox 814 4655 889 4704; x_wconf 81' lang='lat' dir='ltr'>IV,</span> <span class='ocrx_word' id='word_1_753' title='bbox 922 4639 1036 4708; x_wconf 84' lang='lat'>35).</span> <span class='ocrx_word' id='word_1_754' title='bbox 1073 4638 1175 4692; x_wconf 86' lang='lat' dir='ltr'>Et:</span> <span class='ocrx_word' id='word_1_755' title='bbox 1209 4637 1315 4701; x_wconf 91' lang='lat' dir='ltr'>Qui</span> <span class='ocrx_word' id='word_1_756' title='bbox 1349 4638 1523 4692; x_wconf 89' lang='lat' dir='ltr'>habet</span> <span class='ocrx_word' id='word_1_757' title='bbox 1553 4654 1722 4693; x_wconf 92' lang='lat' dir='ltr'>aures</span> <span class='ocrx_word' id='word_1_758' title='bbox 1771 4656 1873 4693; x_wconf 86' lang='lat' dir='ltr'>au-</span> 
     </span>
    </p>
   </div>
   <div class='ocr_carea' id='block_1_94' title="bbox 223 4725 1873 4798">
    <p class='ocr_par' dir='ltr' id='par_1_94' title="bbox 223 4725 1873 4798">
     <span class='ocr_line' id='line_1_94' title="bbox 223 4725 1873 4798; baseline 0.001 -19"><span class='ocrx_word' id='word_1_759' title='bbox 223 4726 444 4793; x_wconf 88' lang='lat' dir='ltr'>diendi,</span> <span class='ocrx_word' id='word_1_760' title='bbox 469 4726 674 4782; x_wconf 88' lang='lat' dir='ltr'>audiat</span> <span class='ocrx_word' id='word_1_761' title='bbox 699 4728 854 4798; x_wconf 87' lang='lat' dir='ltr'>(Luc.</span> <span class='ocrx_word' id='word_1_762' title='bbox 888 4744 1012 4795; x_wconf 83' lang='lat' dir='ltr'>vm,</span> <span class='ocrx_word' id='word_1_763' title='bbox 1035 4727 1112 4793; x_wconf 91' lang='lat'>8).</span> <span class='ocrx_word' id='word_1_764' title='bbox 1142 4725 1389 4781; x_wconf 90' lang='lat' dir='ltr'>Videtur</span> <span class='ocrx_word' id='word_1_765' title='bbox 1409 4731 1602 4780; x_wconf 90' lang='lat' dir='ltr'>autem</span> <span class='ocrx_word' id='word_1_766' title='bbox 1627 4726 1873 4780; x_wconf 75' lang='lat' dir='ltr'>aedifica-</span> 
     </span>
    </p>
   </div>
   <div class='ocr_carea' id='block_1_95' title="bbox 219 4815 1874 4881">
    <p class='ocr_par' dir='ltr' id='par_1_95' title="bbox 219 4815 1874 4881">
     <span class='ocr_line' id='line_1_95' title="bbox 219 4815 1874 4881; baseline 0.001 -13"><span class='ocrx_word' id='word_1_767' title='bbox 219 4815 300 4868; x_wconf 80' lang='lat' dir='ltr'>tio</span> <span class='ocrx_word' id='word_1_768' title='bbox 330 4815 675 4881; x_wconf 87' lang='lat' dir='ltr'>civitatis,et</span> <span class='ocrx_word' id='word_1_769' title='bbox 695 4816 933 4870; x_wconf 89' lang='lat' dir='ltr'>auditur</span> <span class='ocrx_word' id='word_1_770' title='bbox 953 4817 1091 4870; x_wconf 90' lang='lat' dir='ltr'>ordo</span> <span class='ocrx_word' id='word_1_771' title='bbox 1105 4815 1578 4870; x_wconf 64' lang='lat' dir='ltr'>caeremoniarum</span> <span class='ocrx_word' id='word_1_772' title='bbox 1605 4819 1660 4869; x_wconf 90' lang='lat' dir='ltr'>et</span> <span class='ocrx_word' id='word_1_773' title='bbox 1681 4831 1874 4869; x_wconf 85' lang='lat' dir='ltr'>sacer-</span> 
     </span>
    </p>
   </div>
   <div class='ocr_carea' id='block_1_96' title="bbox 225 4903 1875 4976">
    <p class='ocr_par' dir='ltr' id='par_1_96' title="bbox 225 4903 1875 4976">
     <span class='ocr_line' id='line_1_96' title="bbox 225 4903 1875 4976; baseline 0.001 -21"><span class='ocrx_word' id='word_1_774' title='bbox 225 4903 449 4972; x_wconf 85' lang='lat' dir='ltr'>dotum,</span> <span class='ocrx_word' id='word_1_775' title='bbox 473 4909 761 4975; x_wconf 83' lang='lat' dir='ltr'>terraeque</span> <span class='ocrx_word' id='word_1_776' title='bbox 787 4903 1122 4974; x_wconf 89' lang='lat' dir='ltr'>descriptio.</span> <span class='ocrx_word' id='word_1_777' title='bbox 1149 4903 1263 4958; x_wconf 90' lang='lat' dir='ltr'>Nec</span> <span class='ocrx_word' id='word_1_778' title='bbox 1291 4903 1507 4959; x_wconf 82' lang='lat' dir='ltr'>sufﬁcit</span> <span class='ocrx_word' id='word_1_779' title='bbox 1530 4905 1875 4976; x_wconf 64' lang='lat' dir='ltr'>praecepisse</span> 
     </span>
    </p>
   </div>
   <div class='ocr_carea' id='block_1_97' title="bbox 224 4991 1871 5063">
    <p class='ocr_par' dir='ltr' id='par_1_97' title="bbox 224 4991 1871 5063">
     <span class='ocr_line' id='line_1_97' title="bbox 224 4991 1871 5063; baseline 0.002 -19"><span class='ocrx_word' id='word_1_780' title='bbox 224 4997 292 5045; x_wconf 86' lang='lat' dir='ltr'>ut</span> <span class='ocrx_word' id='word_1_781' title='bbox 326 4997 592 5048; x_wconf 86' lang='lat' dir='ltr'>cerneret</span> <span class='ocrx_word' id='word_1_782' title='bbox 613 4993 823 5062; x_wconf 91' lang='lat' dir='ltr'>oculis,</span> <span class='ocrx_word' id='word_1_783' title='bbox 857 4997 912 5048; x_wconf 89' lang='lat' dir='ltr'>et</span> <span class='ocrx_word' id='word_1_784' title='bbox 957 4993 1185 5047; x_wconf 90' lang='lat' dir='ltr'>audiret</span> <span class='ocrx_word' id='word_1_785' title='bbox 1205 4991 1446 5047; x_wconf 91' lang='lat' dir='ltr'>auribus</span> <span class='ocrx_word' id='word_1_786' title='bbox 1476 5010 1487 5058; x_wconf 93' lang='lat'>;</span> <span class='ocrx_word' id='word_1_787' title='bbox 1515 4995 1614 5048; x_wconf 91' lang='lat' dir='ltr'>sed</span> <span class='ocrx_word' id='word_1_788' title='bbox 1636 4993 1871 5063; x_wconf 84' lang='lat' dir='ltr'>adjecit:</span> 
     </span>
    </p>
   </div>
   <div class='ocr_carea' id='block_1_98' title="bbox 225 5080 1876 5154">
    <p class='ocr_par' dir='ltr' id='par_1_98' title="bbox 225 5080 1876 5154">
     <span class='ocr_line' id='line_1_98' title="bbox 225 5080 1876 5154; baseline 0.002 -20"><span class='ocrx_word' id='word_1_789' title='bbox 225 5080 297 5135; x_wconf 80' lang='lat' dir='ltr'>Et</span> <span class='ocrx_word' id='word_1_790' title='bbox 325 5098 476 5154; x_wconf 87' lang='lat' dir='ltr'>pone</span> <span class='ocrx_word' id='word_1_791' title='bbox 510 5099 613 5136; x_wconf 92' lang='lat' dir='ltr'>cor</span> <span class='ocrx_word' id='word_1_792' title='bbox 645 5088 815 5136; x_wconf 90' lang='lat' dir='ltr'>tuum</span> <span class='ocrx_word' id='word_1_793' title='bbox 847 5082 907 5136; x_wconf 92' lang='lat' dir='ltr'>in</span> <span class='ocrx_word' id='word_1_794' title='bbox 941 5081 1142 5136; x_wconf 89' lang='lat' dir='ltr'>omnia</span> <span class='ocrx_word' id='word_1_795' title='bbox 1170 5100 1182 5149; x_wconf 90' lang='lat'>;</span> <span class='ocrx_word' id='word_1_796' title='bbox 1219 5081 1430 5149; x_wconf 88' lang='lat' dir='ltr'>sive,et</span> <span class='ocrx_word' id='word_1_797' title='bbox 1451 5097 1600 5153; x_wconf 88' lang='lat' dir='ltr'>pone</span> <span class='ocrx_word' id='word_1_798' title='bbox 1621 5081 1680 5136; x_wconf 93' lang='lat' dir='ltr'>in</span> <span class='ocrx_word' id='word_1_799' title='bbox 1704 5084 1876 5137; x_wconf 90' lang='lat' dir='ltr'>corde</span> 
     </span>
    </p>
   </div>
   <div class='ocr_carea' id='block_1_99' title="bbox 227 5169 1879 5242">
    <p class='ocr_par' dir='ltr' id='par_1_99' title="bbox 227 5169 1879 5242">
     <span class='ocr_line' id='line_1_99' title="bbox 227 5169 1879 5242; baseline 0.001 -20"><span class='ocrx_word' id='word_1_800' title='bbox 227 5174 329 5224; x_wconf 83' lang='lat' dir='ltr'>tuo</span> <span class='ocrx_word' id='word_1_801' title='bbox 357 5169 563 5225; x_wconf 86' lang='lat' dir='ltr'>omnia</span> <span class='ocrx_word' id='word_1_802' title='bbox 578 5188 705 5242; x_wconf 64' lang='lat' dir='ltr'>quae</span> <span class='ocrx_word' id='word_1_803' title='bbox 738 5187 842 5241; x_wconf 88' lang='lat' dir='ltr'>ego</span> <span class='ocrx_word' id='word_1_804' title='bbox 875 5170 1182 5225; x_wconf 90' lang='lat' dir='ltr'>ostendam</span> <span class='ocrx_word' id='word_1_805' title='bbox 1216 5170 1341 5224; x_wconf 89' lang='lat' dir='ltr'>tibi.</span> <span class='ocrx_word' id='word_1_806' title='bbox 1375 5169 1879 5242; x_wconf 88' lang='lat' dir='ltr'>Nihilenimprod-</span> 
     </span>
    </p>
   </div>
   <div class='ocr_carea' id='block_1_100' title="bbox 226 5258 1877 5329">
    <p class='ocr_par' dir='ltr' id='par_1_100' title="bbox 226 5258 1877 5329">
     <span class='ocr_line' id='line_1_100' title="bbox 226 5258 1877 5329; baseline 0.001 -18"><span class='ocrx_word' id='word_1_807' title='bbox 226 5264 313 5311; x_wconf 82' lang='lat' dir='ltr'>est</span> <span class='ocrx_word' id='word_1_808' title='bbox 339 5259 566 5314; x_wconf 81' lang='lat' dir='ltr'>vidisse</span> <span class='ocrx_word' id='word_1_809' title='bbox 588 5263 645 5314; x_wconf 87' lang='lat' dir='ltr'>et</span> <span class='ocrx_word' id='word_1_810' title='bbox 661 5259 918 5326; x_wconf 90' lang='lat' dir='ltr'>audisse,</span> <span class='ocrx_word' id='word_1_811' title='bbox 937 5258 1048 5314; x_wconf 89' lang='lat' dir='ltr'>nisi</span> <span class='ocrx_word' id='word_1_812' title='bbox 1069 5275 1135 5313; x_wconf 89' lang='lat' dir='ltr'>ea</span> <span class='ocrx_word' id='word_1_813' title='bbox 1160 5259 1510 5329; x_wconf 70' lang='lat' dir='ltr'>quaevideris</span> <span class='ocrx_word' id='word_1_814' title='bbox 1525 5261 1580 5312; x_wconf 91' lang='lat' dir='ltr'>et</span> <span class='ocrx_word' id='word_1_815' title='bbox 1598 5259 1877 5326; x_wconf 90' lang='lat' dir='ltr'>audieris,</span> 
     </span>
    </p>
   </div>
   <div class='ocr_carea' id='block_1_101' title="bbox 229 5345 1878 5419">
    <p class='ocr_par' dir='ltr' id='par_1_101' title="bbox 229 5345 1878 5419">
     <span class='ocr_line' id='line_1_101' title="bbox 229 5345 1878 5419; baseline 0.001 -21"><span class='ocrx_word' id='word_1_816' title='bbox 229 5345 287 5400; x_wconf 90' lang='lat' dir='ltr'>in</span> <span class='ocrx_word' id='word_1_817' title='bbox 300 5346 603 5403; x_wconf 67' lang='lat' dir='ltr'>memoriae</span> <span class='ocrx_word' id='word_1_818' title='bbox 620 5347 952 5419; x_wconf 90' lang='lat' dir='ltr'>reposueris</span> <span class='ocrx_word' id='word_1_819' title='bbox 969 5346 1544 5412; x_wconf 89' lang='lat' dir='ltr'>thesauros.Quando</span> <span class='ocrx_word' id='word_1_820' title='bbox 1559 5351 1754 5402; x_wconf 86' lang='lat' dir='ltr'>autem</span> <span class='ocrx_word' id='word_1_821' title='bbox 1791 5347 1878 5401; x_wconf 91' lang='lat' dir='ltr'>di-</span> 
     </span>
    </p>
   </div>
   <div class='ocr_carea' id='block_1_102' title="bbox 225 5434 1881 5507">
    <p class='ocr_par' dir='ltr' id='par_1_102' title="bbox 225 5434 1881 5507">
     <span class='ocr_line' id='line_1_102' title="bbox 225 5434 1881 5507; baseline 0.002 -20"><span class='ocrx_word' id='word_1_822' title='bbox 225 5435 538 5506; x_wconf 83' lang='lat' dir='ltr'>cit,omnia</span> <span class='ocrx_word' id='word_1_823' title='bbox 555 5453 681 5507; x_wconf 63' lang='lat' dir='ltr'>quae</span> <span class='ocrx_word' id='word_1_824' title='bbox 693 5451 798 5507; x_wconf 88' lang='lat' dir='ltr'>ego</span> <span class='ocrx_word' id='word_1_825' title='bbox 815 5435 1118 5491; x_wconf 90' lang='lat' dir='ltr'>ostendam</span> <span class='ocrx_word' id='word_1_826' title='bbox 1132 5434 1557 5502; x_wconf 87' lang='lat' dir='ltr'>tibi,intentum</span> <span class='ocrx_word' id='word_1_827' title='bbox 1572 5434 1707 5490; x_wconf 87' lang='lat' dir='ltr'>facit</span> <span class='ocrx_word' id='word_1_828' title='bbox 1720 5436 1881 5490; x_wconf 88' lang='lat' dir='ltr'>audi-</span> 
     </span>
    </p>
   </div>
   <div class='ocr_carea' id='block_1_103' title="bbox 1986 4636 3636 4710">
    <p class='ocr_par' dir='ltr' id='par_1_103' title="bbox 1986 4636 3636 4710">
     <span class='ocr_line' id='line_1_103' title="bbox 1986 4636 3636 4710; baseline 0.001 -20"><span class='ocrx_word' id='word_1_829' title='bbox 1986 4663 2014 4690; x_wconf 90' lang='grc'>‹‹</span> <span class='ocrx_word' id='word_1_830' title='bbox 2043 4655 2146 4696; x_wconf 84' lang='lat' dir='ltr'>sex</span> <span class='ocrx_word' id='word_1_831' title='bbox 2176 4639 2358 4706; x_wconf 73' lang='lat' dir='ltr'>inde:</span> <span class='ocrx_word' id='word_1_832' title='bbox 2411 4638 2577 4692; x_wconf 65' lang='lat' dir='ltr'>mlam</span> <span class='ocrx_word' id='word_1_833' title='bbox 2612 4643 2791 4710; x_wconf 69' lang='lat' dir='ltr'>portae</span> <span class='ocrx_word' id='word_1_834' title='bbox 2824 4637 3106 4710; x_wconf 78' lang='lat' dir='ltr'>aequalem</span> <span class='ocrx_word' id='word_1_835' title='bbox 3140 4637 3363 4693; x_wconf 89' lang='lat' dir='ltr'>calamo</span> <span class='ocrx_word' id='word_1_836' title='bbox 3384 4636 3636 4708; x_wconf 90' lang='lat' dir='ltr'>longitu-</span> 
     </span>
    </p>
   </div>
   <div class='ocr_carea' id='block_1_104' title="bbox 1986 4723 3628 4798">
    <p class='ocr_par' dir='ltr' id='par_1_104' title="bbox 1986 4723 3628 4798">
     <span class='ocr_line' id='line_1_104' title="bbox 1986 4723 3628 4798; baseline -0.001 -20"><span class='ocrx_word' id='word_1_837' title='bbox 1986 4752 2014 4779; x_wconf 82' lang='lat'><strong>«</strong></span> <span class='ocrx_word' id='word_1_838' title='bbox 2047 4729 2202 4792; x_wconf 89' lang='lat' dir='ltr'>dine,</span> <span class='ocrx_word' id='word_1_839' title='bbox 2228 4732 2284 4782; x_wconf 91' lang='lat' dir='ltr'>et</span> <span class='ocrx_word' id='word_1_840' title='bbox 2307 4726 2587 4798; x_wconf 82' lang='lat' dir='ltr'>aequalem</span> <span class='ocrx_word' id='word_1_841' title='bbox 2611 4727 2834 4782; x_wconf 91' lang='lat' dir='ltr'>calamo</span> <span class='ocrx_word' id='word_1_842' title='bbox 2865 4727 2924 4781; x_wconf 89' lang='lat' dir='ltr'>in</span> <span class='ocrx_word' id='word_1_843' title='bbox 2949 4725 3278 4791; x_wconf 88' lang='lat' dir='ltr'>latitudine,</span> <span class='ocrx_word' id='word_1_844' title='bbox 3303 4729 3360 4780; x_wconf 90' lang='lat' dir='ltr'>et</span> <span class='ocrx_word' id='word_1_845' title='bbox 3379 4723 3546 4779; x_wconf 75' lang='lat' dir='ltr'>aelam</span> <span class='ocrx_word' id='word_1_846' title='bbox 3569 4724 3628 4778; x_wconf 89' lang='lat' dir='ltr'>in</span> 
     </span>
    </p>
   </div>
   <div class='ocr_carea' id='block_1_105' title="bbox 1989 4812 3633 4881">
    <p class='ocr_par' dir='ltr' id='par_1_105' title="bbox 1989 4812 3633 4881">
     <span class='ocr_line' id='line_1_105' title="bbox 1989 4812 3633 4881; baseline -0.001 -13"><span class='ocrx_word' id='word_1_847' title='bbox 1989 4841 2015 4868; x_wconf 90' lang='grc'><em>‹‹</em></span> <span class='ocrx_word' id='word_1_848' title='bbox 2045 4817 2237 4872; x_wconf 88' lang='lat' dir='ltr'>medio</span> <span class='ocrx_word' id='word_1_849' title='bbox 2260 4815 2514 4869; x_wconf 85' lang='lat' dir='ltr'>theclath</span> <span class='ocrx_word' id='word_1_850' title='bbox 2540 4815 2870 4870; x_wconf 88' lang='lat' dir='ltr'>cubitorum</span> <span class='ocrx_word' id='word_1_851' title='bbox 2891 4833 3011 4881; x_wconf 88' lang='lat' dir='ltr'>sex,</span> <span class='ocrx_word' id='word_1_852' title='bbox 3044 4819 3101 4870; x_wconf 90' lang='lat' dir='ltr'>et</span> <span class='ocrx_word' id='word_1_853' title='bbox 3129 4814 3248 4869; x_wconf 70' lang='lat' dir='ltr'>thes</span> <span class='ocrx_word' id='word_1_854' title='bbox 3304 4812 3633 4867; x_wconf 88' lang='lat' dir='ltr'>secundum</span> 
     </span>
    </p>
   </div>
   <div class='ocr_carea' id='block_1_106' title="bbox 1987 4900 3634 4976">
    <p class='ocr_par' dir='ltr' id='par_1_106' title="bbox 1987 4900 3634 4976">
     <span class='ocr_line' id='line_1_106' title="bbox 1987 4900 3634 4976; baseline 0 -20"><span class='ocrx_word' id='word_1_855' title='bbox 1987 4929 2014 4957; x_wconf 84' lang='lat'><strong>«</strong></span> <span class='ocrx_word' id='word_1_856' title='bbox 2047 4905 2328 4976; x_wconf 73' lang='lat' dir='ltr'>zequalem</span> <span class='ocrx_word' id='word_1_857' title='bbox 2348 4902 2572 4958; x_wconf 87' lang='lat' dir='ltr'>calamo</span> <span class='ocrx_word' id='word_1_858' title='bbox 2595 4905 2652 4958; x_wconf 90' lang='lat' dir='ltr'>in</span> <span class='ocrx_word' id='word_1_859' title='bbox 2679 4903 3001 4966; x_wconf 86' lang='lat' dir='ltr'>latitudine.</span> <span class='ocrx_word' id='word_1_860' title='bbox 3027 4908 3082 4958; x_wconf 89' lang='lat' dir='ltr'>et</span> <span class='ocrx_word' id='word_1_861' title='bbox 3102 4901 3383 4972; x_wconf 76' lang='lat' dir='ltr'>aequalem</span> <span class='ocrx_word' id='word_1_862' title='bbox 3407 4900 3634 4956; x_wconf 88' lang='lat' dir='ltr'>calamo</span> 
     </span>
    </p>
   </div>
   <div class='ocr_carea' id='block_1_107' title="bbox 1986 4990 3638 5065">
    <p class='ocr_par' dir='ltr' id='par_1_107' title="bbox 1986 4990 3638 5065">
     <span class='ocr_line' id='line_1_107' title="bbox 1986 4990 3638 5065; baseline 0.001 -21"><span class='ocrx_word' id='word_1_863' title='bbox 1986 5018 2014 5045; x_wconf 83' lang='lat'><strong>«</strong></span> <span class='ocrx_word' id='word_1_864' title='bbox 2035 4995 2093 5050; x_wconf 90' lang='lat' dir='ltr'>in</span> <span class='ocrx_word' id='word_1_865' title='bbox 2109 4993 2499 5065; x_wconf 89' lang='lat' dir='ltr'>longitudine,</span> <span class='ocrx_word' id='word_1_866' title='bbox 2519 4997 2574 5047; x_wconf 90' lang='lat' dir='ltr'>et</span> <span class='ocrx_word' id='word_1_867' title='bbox 2588 4993 2750 5047; x_wconf 62' lang='lat' dir='ltr'>telam</span> <span class='ocrx_word' id='word_1_868' title='bbox 2767 4992 3098 5047; x_wconf 89' lang='lat' dir='ltr'>cubitorum</span> <span class='ocrx_word' id='word_1_869' title='bbox 3112 4991 3392 5062; x_wconf 89' lang='lat' dir='ltr'>quinque.</span> <span class='ocrx_word' id='word_1_870' title='bbox 3428 4991 3499 5045; x_wconf 89' lang='lat' dir='ltr'>Et</span> <span class='ocrx_word' id='word_1_871' title='bbox 3517 4990 3638 5046; x_wconf 78' lang='lat' dir='ltr'>thee</span> 
     </span>
    </p>
   </div>
   <div class='ocr_carea' id='block_1_108' title="bbox 1987 5079 3638 5152">
    <p class='ocr_par' dir='ltr' id='par_1_108' title="bbox 1987 5079 3638 5152">
     <span class='ocr_line' id='line_1_108' title="bbox 1987 5079 3638 5152; baseline 0 -18"><span class='ocrx_word' id='word_1_872' title='bbox 1987 5082 2266 5138; x_wconf 83' lang='lat' dir='ltr'>«tertium</span> <span class='ocrx_word' id='word_1_873' title='bbox 2282 5080 2563 5152; x_wconf 83' lang='lat' dir='ltr'>aequalem</span> <span class='ocrx_word' id='word_1_874' title='bbox 2579 5080 2800 5135; x_wconf 88' lang='lat' dir='ltr'>calamo</span> <span class='ocrx_word' id='word_1_875' title='bbox 2814 5081 2873 5134; x_wconf 88' lang='lat' dir='ltr'>in</span> <span class='ocrx_word' id='word_1_876' title='bbox 2888 5079 3638 5150; x_wconf 74' lang='lat' dir='ltr'>latiludinetrium,eta3qu-</span> 
     </span>
    </p>
   </div>
   <div class='ocr_carea' id='block_1_109' title="bbox 1990 5166 3639 5240">
    <p class='ocr_par' dir='ltr' id='par_1_109' title="bbox 1990 5166 3639 5240">
     <span class='ocr_line' id='line_1_109' title="bbox 1990 5166 3639 5240; baseline 0 -18"><span class='ocrx_word' id='word_1_877' title='bbox 1990 5195 2016 5222; x_wconf 84' lang='grc'>‹‹</span> <span class='ocrx_word' id='word_1_878' title='bbox 2031 5171 2178 5226; x_wconf 89' lang='lat' dir='ltr'>alem</span> <span class='ocrx_word' id='word_1_879' title='bbox 2195 5169 2420 5224; x_wconf 88' lang='lat' dir='ltr'>calamo</span> <span class='ocrx_word' id='word_1_880' title='bbox 2434 5169 2491 5222; x_wconf 93' lang='lat' dir='ltr'>in</span> <span class='ocrx_word' id='word_1_881' title='bbox 2508 5167 2871 5240; x_wconf 90' lang='lat' dir='ltr'>longitudine</span> <span class='ocrx_word' id='word_1_882' title='bbox 2887 5168 3065 5222; x_wconf 91' lang='lat' dir='ltr'>trium</span> <span class='ocrx_word' id='word_1_883' title='bbox 3078 5172 3152 5234; x_wconf 90' lang='lat' dir='ltr'>,et</span> <span class='ocrx_word' id='word_1_884' title='bbox 3165 5167 3330 5223; x_wconf 74' lang='lat' dir='ltr'>aelam</span> <span class='ocrx_word' id='word_1_885' title='bbox 3345 5172 3520 5240; x_wconf 74' lang='lat' dir='ltr'>portaa</span> <span class='ocrx_word' id='word_1_886' title='bbox 3535 5166 3639 5238; x_wconf 90' lang='lat' dir='ltr'>qui</span> 
     </span>
    </p>
   </div>
   <div class='ocr_carea' id='block_1_110' title="bbox 1988 5255 3637 5330">
    <p class='ocr_par' dir='ltr' id='par_1_110' title="bbox 1988 5255 3637 5330">
     <span class='ocr_line' id='line_1_110' title="bbox 1988 5255 3637 5330; baseline 0.001 -22"><span class='ocrx_word' id='word_1_887' title='bbox 1988 5261 2203 5330; x_wconf 81' lang='lat' dir='ltr'>«juxta</span> <span class='ocrx_word' id='word_1_888' title='bbox 2225 5257 2388 5311; x_wconf 68' lang='lat' dir='ltr'>telam</span> <span class='ocrx_word' id='word_1_889' title='bbox 2405 5261 2582 5328; x_wconf 80' lang='lat' dir='ltr'>portae</span> <span class='ocrx_word' id='word_1_890' title='bbox 2606 5261 2732 5311; x_wconf 91' lang='lat' dir='ltr'>octo</span> <span class='ocrx_word' id='word_1_891' title='bbox 2754 5256 3178 5323; x_wconf 89' lang='lat' dir='ltr'>cubitorum,et</span> <span class='ocrx_word' id='word_1_892' title='bbox 3199 5255 3366 5311; x_wconf 75' lang='lat' dir='ltr'>o&#39;elam</span> <span class='ocrx_word' id='word_1_893' title='bbox 3384 5256 3637 5310; x_wconf 88' lang='lat' dir='ltr'>duorum</span> 
     </span>
    </p>
   </div>
   <div class='ocr_carea' id='block_1_111' title="bbox 1992 5344 3637 5416">
    <p class='ocr_par' dir='ltr' id='par_1_111' title="bbox 1992 5344 3637 5416">
     <span class='ocr_line' id='line_1_111' title="bbox 1992 5344 3637 5416; baseline 0.002 -21"><span class='ocrx_word' id='word_1_894' title='bbox 1992 5370 2012 5395; x_wconf 73' lang='grc' dir='ltr'>ι</span> <span class='ocrx_word' id='word_1_895' title='bbox 2031 5346 2446 5411; x_wconf 90' lang='lat' dir='ltr'>cubitorum,et</span> <span class='ocrx_word' id='word_1_896' title='bbox 2459 5345 2624 5400; x_wconf 71' lang='lat' dir='ltr'>zelam</span> <span class='ocrx_word' id='word_1_897' title='bbox 2640 5350 2818 5416; x_wconf 79' lang='lat' dir='ltr'>portre</span> <span class='ocrx_word' id='word_1_898' title='bbox 2833 5345 2892 5399; x_wconf 91' lang='lat' dir='ltr'>in</span> <span class='ocrx_word' id='word_1_899' title='bbox 2908 5344 3447 5413; x_wconf 81' lang='lat' dir='ltr'>intresecus,etthee</span> <span class='ocrx_word' id='word_1_900' title='bbox 3459 5346 3637 5415; x_wconf 66' lang='lat' dir='ltr'>portae</span> 
     </span>
    </p>
   </div>
   <div class='ocr_carea' id='block_1_112' title="bbox 1990 5433 3640 5506">
    <p class='ocr_par' dir='ltr' id='par_1_112' title="bbox 1990 5433 3640 5506">
     <span class='ocr_line' id='line_1_112' title="bbox 1990 5433 3640 5506; baseline -0.003 -14"><span class='ocrx_word' id='word_1_901' title='bbox 1990 5458 2016 5485; x_wconf 91' lang='grc'>‹‹</span> <span class='ocrx_word' id='word_1_902' title='bbox 2034 5452 2063 5491; x_wconf 92' lang='lat' dir='ltr'>e</span> <span class='ocrx_word' id='word_1_903' title='bbox 2076 5436 2229 5492; x_wconf 75' lang='lat'>456</span> <span class='ocrx_word' id='word_1_904' title='bbox 2245 5433 2986 5506; x_wconf 88' lang='lat' dir='ltr'>regione,treshinc,ettres</span> <span class='ocrx_word' id='word_1_905' title='bbox 3000 5435 3220 5501; x_wconf 89' lang='lat' dir='ltr'>inde,et</span> <span class='ocrx_word' id='word_1_906' title='bbox 3231 5447 3640 5490; x_wconf 88' lang='lat' dir='ltr'>mensurauna</span> 
     </span>
    </p>
   </div>
   <div class='ocr_carea' id='block_1_113' title="bbox 288 5655 1872 5734">
    <p class='ocr_par' dir='ltr' id='par_1_113' title="bbox 288 5658 1865 5734">
     <span class='ocr_line' id='line_1_113' title="bbox 288 5658 1865 5734; baseline 0.001 -18"><span class='ocrx_word' id='word_1_907' title='bbox 288 5661 370 5731; x_wconf 84' lang='grc' dir='ltr'>(α)</span> <span class='ocrx_word' id='word_1_908' title='bbox 399 5658 694 5718; x_wconf 83' lang='lat' dir='ltr'>Victorius</span> <span class='ocrx_word' id='word_1_909' title='bbox 723 5662 989 5734; x_wconf 78' lang='lat' dir='ltr'>agitatum</span> <span class='ocrx_word' id='word_1_910' title='bbox 1017 5676 1085 5718; x_wconf 85' lang='lat' dir='ltr'>ex</span> <span class='ocrx_word' id='word_1_911' title='bbox 1115 5659 1310 5718; x_wconf 80' lang='lat' dir='ltr'>Graeco</span> <span class='ocrx_word' id='word_1_912' title='bbox 1333 5659 1654 5732; x_wconf 70' lang='lat' dir='ltr'>praesertim</span> <span class='ocrx_word' id='word_1_913' title='bbox 1682 5662 1865 5730; x_wconf 87' lang='lat' dir='ltr'>textu,</span> 
     </span>
    </p>
   </div>
   <div class='ocr_carea' id='block_1_114' title="bbox 1987 5655 2264 5734">
    <p class='ocr_par' dir='ltr' id='par_1_114' title="bbox 1987 5656 2264 5732">
     <span class='ocr_line' id='line_1_114' title="bbox 1987 5656 2264 5732; baseline 0 -18"><span class='ocrx_word' id='word_1_914' title='bbox 1987 5656 2264 5732; x_wconf 79' lang='grc' dir='ltr'>ευόμενον.</span> 
     </span>
    </p>
   </div>
  </div>
