4006 6180
195 281 282 343 385
789 279 1534 342 COMMENTARIORUM
1581 279 1658 340 IN
1706 278 2202 340 EZECHIELEM
2250 279 2396 341 LIB.
2444 282 2573 350 XII,
2609 285 2776 344 CAP.
2819 285 2946 348 XL.

3451 289 3583 356 380

190 409 1062 484 scriptumsimiliterinvenitur.
1081 413 1311 467 Primus
1326 413 1484 467 enim
1501 413 1575 466 ad
1620 413 1805 466 virtu—
1842 422 1897 482 Α
1927 417 2034 478 est,
2069 412 2186 466 sive
2223 413 2484 468 interius.
2520 416 2633 469 Nec
2665 417 2856 472 solum
2891 436 3006 474 una
3036 424 3203 492 porta
3231 427 3321 479 est
3339 423 3576 496 Aquilo-

190 509 276 560 tem
308 501 1084 575 ingressusest,Aquilonem
1117 501 1340 557 calcare
1379 501 1826 574 pedibus,etper

187 591 909 665 quinquagenarium,481
929 596 987 647 et
1001 591 1346 647 vicesimum
1361 595 1418 645 et
1434 590 1708 662 quintum
1722 607 1825 645 nu-

187 697 406 746 merum,
432 680 509 736 ad
536 680 936 736 summitatem
960 681 1282 737 centenarii
1321 679 1815 752 pervenirezdein-

186 772 239 826 de
257 770 550 825 introduci
573 770 644 825 ad
670 768 1002 825 Australem
1025 769 1281 842 plagam,
1306 775 1362 826 et
1383 769 1691 840 Aquilonis
1719 771 1826 824 fri-

187 877 268 934 gus
282 858 596 931 expellere:
621 863 678 914 et
703 865 841 914 tunc
863 861 935 915 ad
959 860 1272 932 perfectam
1294 860 1489 915 venire
1524 861 1822 928 virtutem,

186 949 346 1018 idest,
371 949 442 1003 ad
466 953 698 1020 portam
720 949 1161 1020 Orientalem,in
1183 966 1300 1020 qua
1319 949 1505 1004 oritur
1535 949 1620 1004 sol
1643 950 1822 1019 justi-

182 1040 270 1103 tia,
300 1043 361 1094 et
392 1054 497 1109 per
527 1055 710 1110 quam
743 1038 906 1094 solus
941 1038 1274 1110 ingreditur
1302 1038 1576 1110 pontifex.
1610 1039 1690 1093 Ex
1713 1040 1821 1096 hoc

184 1128 615 1194 observandum,
649 1129 807 1198 quod
859 1144 993 1183 cum
1049 1132 1299 1200 quatuor
1349 1128 1530 1200 plagae
1581 1129 1717 1197 sint,
1751 1130 1821 1186 de

183 1215 518 1272 Occidentali
542 1220 714 1287 porta
739 1221 1004 1272 taceatur
1027 1217 1096 1271 de
1118 1232 1232 1288 qua
1251 1217 1312 1271 in
1350 1216 1633 1288 principio
1657 1234 1819 1274 sexa—

183 1305 364 1378 gesimi
389 1306 628 1377 septimi
652 1301 1165 1378 psalmiscriptum
1185 1311 1303 1361 est:
1330 1307 1446 1360 Iter
1469 1307 1639 1362 facite
1654 1307 1818 1379 eiqui

181 1394 420 1450 ascendit
452 1410 634 1466 super
663 1394 1058 1461 Occidentem,
1109 1395 1395 1451 Dominus
1448 1413 1657 1452 nomen
1691 1399 1818 1467 ejus

184 1483 328 1554 {PsaL
364 1501 469 1549 vn,
500 1485 602 1554 5);
651 1489 717 1539 ut
768 1490 1081 1556 postquam
1132 1485 1302 1540 nobis
1352 1486 1818 1557 praeparantibus

179 1576 266 1629 iter
282 1574 556 1643 Domino,
580 1577 636 1629 et
655 1573 802 1628 illud
825 1573 1207 1645 implentibus
1227 1575 1381 1646 quod
1401 1575 1658 1631 Joannes
1676 1577 1819 1648 Bap-

183 1665 295 1718 tista
316 1661 546 1718 clamat
569 1662 629 1717 in
656 1679 885 1718 eremo:
937 1663 1313 1726 Paratefviam
1337 1665 1603 1732 Domino,
1631 1669 1816 1721 rectas

181 1752 323 1807 facite
356 1751 611 1807 semitas
633 1752 762 1822 ejus
802 1753 1025 1823 (Matth.
1064 1771 1146 1817 IlI,
1178 1754 1254 1822 3),
1287 1754 1584 1824 possimus
1615 1754 1816 1811 audire

183 1841 304 1912 quod
330 1841 395 1896 in
420 1846 688 1897 extrema
705 1846 868 1912 parte
885 1843 1149 1912 ejusdem
1175 1842 1386 1914 psalmi
1406 1843 1650 1898 dicitur:
1676 1843 1818 1899 Can-

181 1935 274 1985 tate
291 1930 440 1996 Deo,
465 1929 706 2002 psallite
724 1931 989 2002 Domino,
1011 1932 1110 2002 qui
1134 1931 1397 1988 ascendit
1413 1947 1589 2003 super
1610 1933 1819 1988 coelum

178 2018 284 2075 cmli
311 2020 388 2074 ad
423 2019 728 2074 Orientem
761 2020 874 2090 (Ps.
907 2037 1078 2090 van,
1126 2022 1237 2093 32).
1289 2021 1450 2084 Quod
1502 2026 1696 2078 autem
1729 2021 1820 2076 di-

180 2113 371 2164 cuntur
400 2107 656 2163 thalami
684 2114 804 2164 tres
837 2108 993 2179 hinc,
1026 2112 1083 2165 et
1129 2114 1249 2166 tres
1291 2111 1448 2175 inde,
1491 2111 1600 2166 hoc
1631 2113 1820 2178 docet,

176 2198 311 2268 quod
343 2205 473 2253 tam
506 2197 704 2253 littera
733 2215 912 2270 quam
943 2199 1208 2271 spiritus,
1255 2203 1311 2254 et
1332 2203 1579 2271 utraque
1609 2200 1820 2256 intelli-

174 2287 382 2357 gentia,
410 2292 470 2342 et
502 2287 758 2343 historiae
790 2293 847 2343 et
886 2287 1242 2360 tropologire,
1275 2289 1346 2343 ad
1398 2289 1698 2354 Trinitatis
1725 2307 1822 2346 sa-

171 2378 477 2430 cramenta
527 2375 879 2446 pertineant.
939 2376 1205 2447 Illudque
1261 2377 1414 2448 quod
1465 2377 1713 2433 dicitur:
1759 2383 1825 2434 Et

168 2465 418 2532 frontem
449 2465 580 2534 eius,
610 2466 656 2519 et
687 2466 1016 2521 vestibulum
1043 2466 1342 2521 secundum
1362 2483 1681 2522 mensuram
1699 2484 1823 2540 por-

165 2557 237 2609 tae
258 2555 505 2624 prioris.
533 2553 881 2610 Orientalem
905 2559 1133 2626 portam
1159 2555 1472 2628 signiﬁcat,
1509 2573 1634 2627 quae
1666 2557 1826 2628 prior

169 2659 278 2697 non
301 2641 534 2709 ordine,
559 2643 660 2698 sed
686 2643 896 2699 merito
919 2648 1312 2715 nuncupatur.
1352 2644 1420 2698 Et
1454 2644 1707 2700 habebat
1735 2644 1824 2699 in-

165 2731 309 2803 quit,
332 2731 783 2804 quinquaginta
804 2732 1034 2788 cubitos
1057 2732 1116 2786 in
1140 2732 1528 2804 longitudine,
1550 2733 1824 2805 etviginti

168 2821 430 2892 quinque
462 2821 523 2876 in
556 2821 869 2877 latitudine
897 2847 911 2888 ;
945 2826 1008 2876 ut
1039 2825 1116 2894 (a)
1142 2821 1201 2876 in
1237 2821 1667 2894 quinquaginta
1696 2825 1830 2894 post

168 2917 394 2982 septem
416 2910 829 2966 hebdomadas
856 2915 1072 2966 aeterna
1093 2913 1326 2983 requies
1355 2912 1788 2967 demonstretur
1812 2927 1825 2965 :

164 3001 414 3056 tendens
437 3017 544 3072 per
570 3001 728 3056 diem
751 3000 1196 3056 resurrectionis
1219 3000 1292 3055 ad
1325 3016 1502 3073 regna
1524 2999 1825 3072 caelorum,

165 3089 217 3144 in
240 3089 470 3162 quibus
493 3106 632 3145 vera
645 3090 997 3161 requiescet.
1015 3091 1078 3144 In
1096 3089 1303 3162 viginti
1322 3091 1584 3162 quinque
1605 3094 1823 3160 autem,

1933 501 2044 569 nis,
2080 519 2204 573 quae
2251 519 2429 574 supra
2479 511 2648 575 porta
2697 506 3024 578 appellatur
3068 509 3350 567 exterior:
3387 514 3488 568 sed
3519 517 3578 570 et

1933 590 2113 646 altera
2161 591 2421 660 interior,
2471 610 2601 664 quae
2657 593 2832 650 habet
2902 597 3348 656 similitudinem
3398 607 3577 674 portae

1933 679 2262 751 Orientalis,
2297 685 2362 735 ut
2410 683 2780 739 manifestius
2826 685 3020 741 dixere
3067 689 3467 762 Septuaginta.
3507 695 3578 747 Et

1931 774 2099 839 porta
2117 770 2248 824 atrii
2267 770 2505 826 interior
2525 772 2843 843 respiciens
2865 781 3090 846 portam
3111 778 3439 850 Aquilonis,
3463 780 3575 836 sic-

1932 863 1998 911 ut
2023 864 2147 914 erat
2175 864 2340 929 porta
2385 877 2508 930 quae
2561 862 2906 932 respiciebat
2951 865 3022 918 ad
3071 865 3385 924 Orientem.
3417 873 3574 925 Men-

1931 963 2152 1017 susque
2173 952 2262 1002 est
2281 966 2313 1002 a
2342 958 2512 1018 porta
2532 949 2797 1004 exteriori
2818 952 3122 1022 Aquilonis
3145 972 3330 1027 usque
3353 959 3424 1012 ad
3447 974 3577 1029 por-

1931 1040 2050 1090 tam
2075 1036 2339 1106 ejusdem
2360 1037 2666 1108 Aquilonis
2695 1039 3028 1096 interiorem
3052 1048 3284 1099 centum
3310 1046 3570 1104 cubitos:

1931 1129 1996 1179 ut
2026 1124 2119 1180 his
2151 1126 2320 1196 quasi
2343 1127 2625 1198 gradibus
2648 1131 2823 1198 atque
2849 1131 3164 1204 mensuris,
3188 1137 3522 1192 recedentes
3543 1154 3579 1193 a

1929 1219 2097 1286 porta
2124 1216 2414 1280 exteriori,
2446 1217 2517 1270 ad
2551 1216 2884 1274 interiorem
2913 1222 3215 1291 pervenire
3258 1223 3575 1297 valeamus,

1929 1304 1999 1358 de
2030 1305 2198 1375 cujus
2230 1305 2458 1358 numeri
2491 1311 2855 1362 sacramento
2887 1325 3066 1380 supra
3105 1312 3326 1368 dictum
3360 1319 3468 1370 est.

2000 1393 2162 1461 (Vers
2192 1394 2261 1446 24
2293 1394 2477 1464 seqq.)
2501 1416 2528 1442 ‹‹
2563 1396 2632 1448 Et
2680 1396 2880 1450 eduxit
2912 1414 3004 1453 me
3048 1400 3120 1453 ad
3153 1400 3306 1457 viam
3331 1408 3576 1461 Austra-

1929 1505 1955 1530 ‹‹
1990 1481 2124 1553 lem,
2160 1487 2217 1537 et
2244 1499 2372 1538 ecce
2403 1489 2570 1554 porta
2599 1500 2725 1554 quae
2776 1485 3122 1557 respiciebat
3162 1491 3235 1546 ad
3267 1497 3575 1552 Austrum.

1927 1595 1953 1621 ‹‹
1991 1572 2057 1626 Et
2086 1588 2327 1626 mensus
2357 1576 2446 1626 est
2478 1573 2724 1627 frontem
2757 1575 2885 1644 ejus
2930 1580 2988 1631 et
3036 1579 3390 1636 vestibulum
3423 1584 3574 1654 ejus,

1927 1684 1954 1711 ‹‹
1989 1662 2147 1732 juxta
2179 1677 2490 1716 mensuras
2536 1663 2888 1734 superiores,
2932 1669 2989 1719 et
3029 1666 3311 1725 fenestras
3341 1672 3490 1744 ejus,
3521 1677 3579 1729 et

1927 1773 1955 1799 ‹‹
1987 1749 2274 1805 vestibula
2296 1750 2353 1803 in
2377 1748 2644 1817 circuitu,
2663 1751 2815 1806 sicut
2831 1753 3117 1810 fenestras
3139 1761 3375 1814 caeteras
3396 1779 3408 1816 :
3427 1762 3476 1832 (b
3494 1761 3578 1833 )in

1929 1863 1957 1889 «
1992 1855 2109 1910 qua
2127 1843 2252 1894 erat
2268 1839 2695 1911 quinquaginta
2716 1841 3045 1898 cubitorum
3069 1843 3392 1918 longitudo,
3418 1855 3476 1905 et
3497 1851 3579 1908 la-

1930 1951 1958 1977 ‹‹
1989 1929 2176 1982 titudo
2220 1926 2424 2000 viginti
2470 1928 2749 1999 quinque,
2807 1934 2866 1986 et
2922 1931 2980 1986 in
3037 1935 3319 2005 gradibus
3351 1944 3578 2011 septem

1931 2041 1956 2066 ‹‹
1992 2017 2500 2072 ascendebaturad
2514 2033 2664 2085 eam,
2681 2019 3102 2076 etvestibulum
3118 2027 3252 2080 ante
3264 2025 3415 2083 fores
3426 2030 3580 2099 ejus,

1931 2129 1958 2157 ‹‹
1994 2111 2052 2162 et
2073 2105 2284 2161 caelatae
2307 2106 2512 2177 palma
2555 2111 2742 2174 erant,
2781 2125 2898 2164 una
2938 2108 3094 2178 hinc,
3136 2117 3192 2167 et
3229 2113 3410 2171 altera
3441 2117 3579 2184 inde

1933 2219 1959 2246 ‹‹
1996 2197 2055 2250 in
2088 2196 2277 2251 fronte
2309 2197 2456 2266 ejus.
2489 2195 2555 2249 Et
2586 2201 2752 2268 porta
2783 2197 3225 2257 atriiinterioris
3255 2203 3314 2260 in
3345 2206 3435 2261 via
3462 2213 3582 2264 Au-

1933 2309 1958 2335 ‹‹
1995 2284 2180 2350 strali,
2214 2289 2272 2340 et
2302 2301 2544 2340 mensus
2571 2289 2659 2339 est
2688 2302 2722 2340 a
2752 2291 2920 2358 porta
2949 2305 3138 2360 usque
3169 2293 3240 2347 ad
3273 2299 3500 2364 portam
3521 2299 3582 2354 in

1933 2397 1960 2423 ‹‹
1994 2374 2087 2428 via
2114 2372 2393 2438 Australi,
2425 2377 2660 2428 centum
2695 2375 2944 2431 cubitos.
2971 2378 3381 2439 Etintroduxit
3404 2403 3497 2441 me
3519 2385 3580 2443 in

1933 2486 1960 2513 ‹‹
1995 2462 2212 2516 atrium
2243 2461 2490 2517 interius
2522 2463 2593 2517 ad
2625 2468 2852 2533 portam
2882 2467 3239 2540 Australem,
3262 2476 3320 2526 et
3340 2490 3585 2532 mensus

1934 2575 1962 2602 ‹‹
1994 2555 2081 2607 est
2104 2555 2329 2622 portam
2347 2552 2521 2621 juxta
2543 2567 2850 2607 mensuras
2873 2555 3226 2628 superiores,
3252 2559 3580 2620 thalamum

1939 2660 1961 2688 ι
1996 2641 2147 2710 ejus,
2168 2644 2225 2695 et
2255 2639 2504 2695 frontem
2537 2641 2686 2710 ejus,
2717 2646 2776 2695 et
2806 2643 3160 2700 vestibulum
3183 2647 3332 2720 ejus,
3357 2650 3582 2708 eisdem

1941 2753 1961 2780 ι
1997 2729 2311 2795 mensuris,
2332 2733 2388 2784 et
2409 2729 2693 2785 fenestras
2713 2730 3220 2801 (e)vestibulorum
3235 2736 3293 2791 in
3312 2739 3582 2807 circuitu,

1943 2842 1961 2866 α
1999 2817 2426 2889 quinquaginta
2457 2817 2686 2873 cubitos
2715 2817 3121 2891 longitudinis,
3169 2829 3228 2879 et
3255 2824 3585 2886 latitudinis

1937 2930 1965 2956 «
1997 2907 2200 2978 viginti
2226 2907 2485 2978 quinque
2506 2906 2754 2962 cubitos.
2778 2909 3214 2966 Etvestibulum
3255 2930 3356 2985 per
3375 2932 3584 2988 gyrum

1938 3020 1964 3046 «
1998 2995 2364 3067 longitudine
2395 2994 2600 3066 viginti
2632 2996 2891 3067 quinque
2916 2997 3271 3068 cubitorum,
3303 3007 3361 3058 et
3390 3002 3588 3062 latitu-

1938 3109 1965 3135 ‹‹
2001 3085 2134 3140 dine
2166 3084 2427 3156 quinque
2457 3083 2810 3140 cubitorum.
2856 3085 2922 3140 Et
2965 3088 3321 3146 vestibulum
3353 3093 3480 3163 ejus
3509 3095 3584 3151 ad

160 3178 224 3234 de
244 3159 366 3250 quo
392 3195 646 3235 numero
667 3180 940 3250 antejam
967 3179 1509 3251 diximus,quinque
1540 3195 1822 3234 sensuum
1855 3159 1896 3225 C
1939 3197 1965 3223 ‹‹
1997 3174 2211 3229 atrium
2231 3173 2506 3240 exterius,
2535 3177 2590 3228 et
2610 3172 2837 3245 palmas
2859 3176 2985 3246 ejus
3023 3177 3078 3230 in
3123 3179 3330 3248 fronte,
3365 3186 3422 3237 et
3453 3187 3580 3240 octo

165 3285 256 3339 per
275 3270 558 3341 quinque
575 3269 814 3324 ordines
835 3268 1225 3342 quadranguli
1249 3285 1526 3325 mensura
1546 3274 1827 3336 servetur,

162 3374 412 3428 quorum
437 3357 704 3413 alterum
727 3356 1098 3429 longitudini,
1132 3357 1382 3413 alterum
1412 3357 1709 3413 latitudini
1740 3375 1830 3414 co-

162 3451 437 3518 aptatur;
493 3449 564 3501 ut
613 3445 673 3500 in
721 3445 1088 3517 longitudine
1136 3447 1386 3517 requies,
1439 3450 1494 3501 et
1523 3446 1830 3503 delectatio

158 3535 508 3592 sacratioris
549 3535 848 3591 scientia}:
883 3535 1273 3591 inlatitudine
1290 3536 1675 3607 prmeentium
1700 3553 1828 3608 quae

161 3625 226 3678 ad
257 3641 488 3682 sensus
525 3624 804 3695 pertinet,
847 3624 994 3679 ratio
1045 3624 1497 3680 demonstretur.
1548 3625 1830 3696 Quodque

155 3711 410 3770 infertur
441 3731 457 3768 :
496 3714 563 3768 Et
589 3716 842 3784 fenestrae
872 3715 1010 3784 ejus,
1041 3716 1096 3767 et
1126 3714 1410 3782 vestibula,
1453 3723 1506 3769 et
1534 3716 1830 3786 sculptura;

159 3801 275 3858 sive
315 3808 389 3858 ut
440 3803 834 3875 Septuaginta
876 3802 1165 3871 addicere,
1212 3805 1413 3874 palmae
1465 3808 1623 3858 erant
1663 3805 1833 3874 juxta

154 3905 491 3947 mensuram
515 3895 696 3963 parte?
733 3908 852 3962 quae
902 3892 1221 3963 respiciebat
1275 3893 1343 3946 ad
1395 3891 1690 3956 Orientem,
1722 3893 1831 3947 hoc

153 3980 476 4035 subtiliter
505 3980 818 4047 indicatur,
870 3981 1023 4052 quod
1085 3982 1439 4052 quicumque
1496 3980 1555 4035 in
1587 3981 1829 4036 introitu

154 4065 467 4121 virtutum
487 4067 729 4138 positus,
755 4073 874 4122 tres
891 4074 946 4122 et
967 4073 1085 4123 tres
1106 4067 1399 4124 thalamos
1422 4068 1597 4124 fuerit
1615 4069 1830 4141 ingres-

160 4172 301 4223 sus,
313 4155 695 4228 frontemque
717 4161 776 4211 et
794 4156 1146 4212 vestibulum
1171 4173 1458 4213 mensurae
1481 4161 1655 4230 portae
1683 4157 1831 4230 prio-

1939 3287 1967 3311 ‹‹
2001 3262 2219 3334 gradus
2241 3262 2369 3331 ejus
2390 3267 2574 3328 erant,
2599 3263 2816 3334 quibus
2836 3266 3260 3324 ascendebatur
3280 3271 3352 3326 ad
3373 3286 3526 3327 eam.
3549 3293 3582 3323 »

1939 3352 2090 3407 483
2123 3351 2573 3423 Septuagintain
2595 3353 2798 3432 eadem
2820 3355 2994 3410 verba
3017 3359 3409 3425 consentiunt,
3435 3379 3585 3432 prie-

1939 3444 2026 3495 ter
2043 3441 2372 3519 thec_(n.\‘n),
2393 3443 2448 3494 et
2471 3440 2544 3510 (ιί)
2566 3441 2691 3495 elau
2714 3426 2883 3514 (151s),
2910 3449 2967 3497 et
2985 3445 3222 3501 elamoth
3243 3426 3586 3519 (nimbata

1938 3530 2082 3584 clam
2093 3514 2310 3600 (ΒΒἾΝ).
2329 3545 2430 3600 pro
2445 3545 2560 3599 quo
2575 3529 2629 3584 in
2646 3529 2881 3586 Hebraeo
2893 3531 3148 3602 positum
3161 3514 3436 3592 astulam.
3456 3514 3585 3595 Thes

1941 3623 2135 3673 autem
2169 3617 2584 3688 interpretatur
2617 3616 2812 3684 limen,
2846 3619 2965 3675 sive
3013 3623 3206 3691 frons;
3253 3626 3403 3694 etau,
3436 3630 3586 3685 circa

1939 3722 2084 3773 eum,
2114 3706 2232 3761 sive
2256 3707 2657 3773 sustentacula;
2692 3708 2949 3775 elamoth,
2982 3713 3236 3782 propyla,
3271 3713 3390 3770 sive
3417 3718 3582 3772 vesti-

1941 3795 2103 3863 bula;
2136 3795 2290 3850 utam
2313 3791 2619 3867 πρὸπυλον,
2651 3796 2709 3850 id
2737 3802 2845 3866 est,
2877 3808 3008 3853 ante
3027 3801 3188 3870 fores.
3216 3801 3363 3858 Illud
3385 3809 3583 3862 autem

1941 3886 2094 3957 quod
2118 3885 2290 3954 juxta
2339 3883 2684 3939 Hebraicum
2734 3886 3079 3956 posuimus:
3130 3893 3197 3945 Et
3236 3894 3581 3964 vestibulum,

1941 3974 2076 4040 sive,
2111 3968 2414 4046 πρὸπυλον,
2448 3975 2508 4027 in
2536 3973 2773 4028 circuitu
2791 3991 2888 4046 per
2904 3993 3106 4049 gyrum
3123 3979 3486 4050 longitudinis
3505 3986 3588 4040 ui-

1939 4065 2084 4133 ginti
2113 4067 2352 4134 quinque
2371 4062 2698 4129 cubitorum,
2716 4067 2765 4119 et
2787 4066 3098 4123 latitudinis
3112 4086 3215 4140 per
3233 4073 3472 4145 quinque
3488 4090 3586 4130 cu.

1941 4154 2097 4217 bitas,
2123 4152 2180 4206 in
2203 4151 2586 4223 Septuaginta
2606 4170 2720 4208 non
2745 4153 3013 4211 habetur.
3039 4158 3150 4214 Sed
3175 4165 3232 4214 et
3248 4160 3358 4217 hoc
3378 4167 3585 4220 notan-

147 4245 232 4300 ris
263 4247 612 4318 agnoverit,
645 4246 719 4300 ad
767 4263 835 4301 ea
881 4246 1200 4317 perveniat,
1245 4245 1462 4318 illaque
1508 4248 1661 4304 482
1694 4264 1830 4303 con-
1939 4242 2103 4311 dum,
2135 4241 2288 4311 quod
2312 4240 2370 4296 in
2394 4241 2655 4296 Australi
2677 4248 2844 4315 porta
2868 4245 3039 4315 juxta
3057 4247 3439 4323 Septuaginta
3467 4270 3583 4310 non

138 4335 392 4406 spiciat,
424 4351 563 4406 qua!
588 4339 647 4390 et
669 4335 730 4390 in
753 4339 919 4406 porta
950 4334 1232 4390 Orientali
1274 4334 1612 4407 plenissime
1634 4353 1832 4393 susce-
1941 4331 2170 4385 dicatur
2187 4330 2301 4396 via,
2326 4332 2425 4386 sed
2441 4331 2806 4403 simpliciter,
2829 4341 2909 4388 :et
2925 4335 3093 4391 duxit
3114 4353 3200 4393 me
3217 4339 3286 4393 ad
3305 4340 3584 4409 Austrum,

139 4428 364 4493 pun-us
396 4429 517 4480 est,
543 4429 724 4480 Porro
746 4425 900 4495 quod
923 4423 1192 4495 sequitur
1217 4443 1230 4480 :
1250 4426 1314 4478 Et
1333 4430 1537 4497 septem
1557 4427 1833 4494 graduum
1941 4422 1990 4473 et
2007 4436 2124 4474 ecce
2138 4423 2299 4491 porta
2327 4435 2452 4490 quae
2477 4421 2805 4491 respiciebat
2825 4424 2898 4478 ad
2927 4425 3207 4482 Austrum.
3240 4431 3348 4482 Per
3376 4429 3585 4501 singu-

128 4523 246 4569 εναι
259 4530 554 4570 mw;
581 4517 726 4581 eius,
760 4517 812 4569 et
840 4513 1170 4569 vestibulum
1199 4516 1326 4569 ante
1356 4530 1497 4585 eam,
1532 4515 1652 4570 sive
1682 4517 1827 4571 inte.
1863 4531 1908 4595 υ
1942 4507 2028 4562 los
2047 4508 2228 4579 igitur
2248 4508 2524 4564 introitus
2548 4509 2824 4577 Ezechiel,
2851 4527 3024 4582 quem
3047 4515 3392 4571 confortavit
3411 4519 3582 4586 Deus,

135 4606 274 4670 riu,
312 4605 500 4660 hunc
531 4603 714 4658 habet,
743 4619 1006 4668 sensum,
1039 4605 1193 4674 quod
1228 4621 1330 4676 per
1357 4608 1580 4675 septem
1611 4605 1830 4675 gradus
1941 4596 2049 4652 hoc
2079 4597 2234 4652 enim
2267 4614 2479 4653 nomen
2510 4598 2637 4668 ejus
2687 4604 2874 4669 sonat,
2915 4601 3168 4667 ducitur,
3219 4608 3276 4659 et
3319 4605 3389 4661 de
3419 4611 3586 4678 porta

128 4689 581 4759 hebdomadis,
615 4697 673 4747 et
703 4691 828 4748 olla}
862 4709 987 4764 quae
1029 4709 1062 4747 a
1094 4693 1241 4748 facie
1281 4692 1588 4764 Aquilonis
1619 4709 1829 4748 accen-
1945 4686 2244 4758 Aquilonis
2275 4687 2489 4742 transit
2517 4687 2587 4742 ad
2617 4692 2843 4758 portam
2864 4689 3217 4759 Australem,
3238 4694 3408 4764 cujus
3431 4695 3586 4751 fron-

130 4781 321 4849 ditnr,
347 4788 418 4837 et
439 4781 829 4838 caeremonias
861 4783 1194 4837 Iudaeorum
1237 4781 1454 4852 quibus
1485 4781 1647 4836 dedit
1674 4781 1831 4837 Deus
1940 4780 2046 4843 tes,
2072 4781 2130 4831 et
2150 4775 2354 4830 limina
2376 4772 2701 4848 τροπὺλαια,
2738 4777 2859 4833 sive
2879 4779 3168 4836 vestibula
3203 4781 3584 4854 fenestrasque

127 4877 455 4946 praecepta
489 4887 614 4926 non
641 4871 812 4934 bona,
835 4870 1360 4940 etjustiticationes
1383 4870 1443 4925 in
1470 4871 1686 4942 quibus
1715 4887 1830 4926 non
1941 4881 2042 4936 per
2064 4864 2372 4919 circuitum
2395 4864 2617 4921 similes
2635 4865 2927 4922 habebant
2944 4885 3272 4936 mensuras,
3293 4871 3584 4944 quinqua-

125 4959 336 5016 vivant
374 4963 446 5016 in
483 4960 596 5029 eis,
628 4960 983 5014 scandamus
1015 4960 1085 5014 ad
1120 4958 1326 5015 altiora
1373 4963 1432 5014 et
1471 4960 1537 5014 ad
1576 4960 1830 5016 vestibu-

119 5047 251 5104 lum
289 5052 475 5122 ejus,
515 5049 572 5103 id
608 5053 714 5115 est,
769 5052 944 5120 portae
995 5064 1097 5120 pro
1145 5064 1260 5118 quo
1306 5047 1690 5120 Septuaginta
1719 5050 1831 5105 ela-

119 5140 281 5194 moth
316 5137 808 5196 transtulerunt.
841 5137 1005 5201 Quod
1037 5135 1394 5192 vestibulum
1441 5141 1574 5192 ante
1605 5141 1832 5209 portam

1941 4952 2102 5023 ginta
2115 4953 2449 5007 cubitorum
2464 4953 2912 5026 longitudinem,
2927 4961 2984 5012 et
2995 4958 3197 5029 viginti
3216 4961 3476 5033 quinque
3493 4978 3588 5018 cu-

1941 5040 2198 5095 bitorum
2236 5040 2628 5110 latitudinem,
2665 5048 2724 5098 et
2753 5061 2854 5116 per
2882 5049 3100 5117 gradus
3131 5053 3353 5120 septem
3385 5067 3587 5109 ascen-

1941 5129 2190 5186 debatur
2211 5129 2282 5184 ad
2307 5147 2456 5195 eam,
2483 5131 2540 5187 id
2567 5137 2674 5199 est,
2698 5133 2769 5188 ad
2793 5139 3018 5204 portam
3037 5136 3388 5210 Australem,
3413 5145 3471 5197 et
3495 5158 3588 5200 ve-

193 5321 278 5389 !fa)
321 5316 662 5384 Rabanus,
694 5317 754 5370 in
783 5316 1255 5387 quinquagesima,
1289 5313 1510 5369 scilicet
1539 5313 1651 5370 die.

200 5407 282 5477 ib)
321 5405 675 5469 Victorius,
707 5408 970 5475 fenestras
998 5409 1224 5461 cnzteras
1254 5404 1657 5475 quinquaginta
1687 5405 1834 5477 cubi-

119 5476 324 5534 torum
363 5477 742 5546 longitudine
769 5486 821 5532 et
850 5477 1142 5531 latitudine
1179 5477 1376 5546 viginti
1413 5479 1652 5548 quinque
1679 5476 1833 5530 cubi-

117 5557 395 5700 ωῗέἵῖᾉ
405 5633 540 5692 em,
563 5620 828 5692 fenestras
842 5621 962 5698 ejus
974 5623 1024 5680 et
1035 5619 1364 5680 vestibulum
1375 5619 1490 5696 ejus
1502 5619 1566 5678 in
1579 5618 1832 5696 circuitu,

1941 5314 2076 5378 ctc.,
2101 5311 2271 5436 juxta
2298 5308 2594 5381 vulgatam
2634 5312 2968 5371 editionem.

1983 5382 2091 5454 7(d)
2134 5383 2225 5436 loc
2239 5398 2446 5454 nomen
2462 5383 2613 5454 apud
2639 5384 2968 5454 Septuaginl

2075 5383 2225 5471 )‘lloc
2239 5398 2446 5471 nomen
2462 5383 2613 5471 apud
2639 5384 3021 5471 Septuaginta
3035 5389 3100 5471 “in
3124 5391 3586 5471 diversisExemo

1943 5452 2205 5525 plaribus
2230 5453 2451 5508 diverse
2475 5452 2890 5536 legitur,'é_).ao§
2921 5459 3160 5530 scilicet,
3190 5469 3246 5518 et
3275 5461 3417 5536 ἑλεῖ),
3451 5482 3587 5524 cum

1943 5542 2007 5638 ir:
2033 5530 2862 5638 sanissimus“tu.
2901 5549 2991 5607 νει
3034 5535 3179 5615 πίθηκε
3202 5552 3264 5610 Id
3293 5530 3414 5631 θειὲ
3435 5555 3584 5638 διατι,

1945 5618 2011 5675 ut
2033 5611 2128 5673 hic
2160 5611 2304 5690 legit
2325 5611 2736 5694 Hieronymus.
2765 5611 2954 5684 MART.
