4006 6180
420 293 535 358 387

1685 287 1747 351 S.
1797 288 2108 353 EUSEBII
2154 289 2595 354 HlERONYMl

3693 292 3812 356 388

420 427 704 484 stibulum
730 426 881 497 ejus,
912 425 1022 480 hoc
1052 427 1162 489 est,
1193 422 1472 491 elamoth,
1526 427 1661 479 ante
1709 423 1860 480 fores
1890 423 2019 494 ejus
2045 439 2056 478 :
2090 424 2145 490 Α
2177 424 2283 493 15).
2310 425 2377 478 Et
2399 424 2456 478 in
2479 424 2722 480 Joannis
2745 423 3002 496 Epistola
3023 423 3238 480 dicitur
3261 441 3274 480 :
3298 423 3460 490 Quod
3483 423 3815 480 audivimus

421 517 548 571 duae
571 531 800 586 quoque
823 513 1028 587 palma:
1056 511 1287 580 caelata,
1311 513 1382 568 de
1405 512 1693 585 quibusin
1717 513 2067 584 Septentrio-

420 604 570 659 nalis
602 603 782 675 plagzn
815 606 982 673 porta
1009 602 1285 658 diximus.
1333 603 1401 657 Et
1448 602 1555 656 hoc
1603 605 1834 657 tantum
1864 603 2063 657 admo-

418 692 620 747 nuisse
649 691 925 758 sufticiat,
976 691 1130 763 quod
1183 708 1570 764 quaecumque
1616 691 1696 745 ibi
1743 695 2062 762 ponuntur,

409 782 582 852 juxta
600 779 1048 852 intelligentiam
1065 781 1348 850 viliorem,
1363 780 1472 836 hoc
1483 785 1571 836 est
1584 781 1767 852 ,juxta
1784 779 2060 848 litteram,

416 870 477 924 in
509 869 833 924 meridiana
861 875 1029 942 porta
1065 869 1446 941 intelligimus
1469 871 1636 941 juxta
1670 869 2060 940 spiritualem,

417 975 680 1015 sensum.
704 960 936 1015 Eisdem
958 960 1113 1015 enim
1135 959 1327 1025 lineis,
1350 963 1406 1016 et
1421 958 1665 1014 historia
1677 959 1857 1014 currit
1874 965 1929 1015 et
1945 965 2060 1014 tro-

416 1049 679 1121 pologia:
718 1050 815 1104 sed
849 1049 948 1104 illa
975 1049 1252 1104 humilior
1281 1053 1389 1115 est,
1421 1049 1535 1103 ista
1574 1048 1920 1105 sublimior:
1963 1049 2063 1104 illa

415 1138 597 1194 hieret
616 1143 803 1207 terrae,
826 1138 940 1193 ista
961 1138 1032 1193 ad
1059 1138 1315 1194 coelestia
1334 1137 1620 1193 subvolat.
1639 1139 1709 1193 Et
1724 1139 1782 1193 in
1814 1139 2059 1194 circuitu

416 1243 520 1299 per
558 1228 842 1284 fenestras
872 1232 1080 1283 cuncta
1109 1227 1280 1299 plena
1314 1231 1478 1283 erant
1525 1225 1788 1282 luminis.
1823 1227 2062 1299 Singula

415 1317 571 1373 enim
594 1310 811 1389 προϐλτς
825 1335 964 1387 ματα
980 1316 1197 1371 habent
1212 1315 1492 1371 terminos
1511 1333 1670 1383 suos,
1691 1320 1746 1371 et
1759 1317 2059 1388 proprium

415 1423 517 1478 per
539 1405 641 1460 illa
658 1406 727 1461 ad
749 1405 1004 1460 animam
1025 1405 1310 1460 credentis
1327 1404 1896 1477 lumeningreditur:
1917 1423 2059 1477 prae-

415 1494 615 1549 sertim
639 1493 687 1548 si
719 1492 1023 1565 longitudo
1059 1493 1185 1547 vitae
1223 1495 1352 1565 ejus
1389 1493 1874 1566 quinquagenarii
1899 1495 2057 1562 anni,

413 1581 520 1636 hoc
546 1580 894 1650 est,jubilaai
919 1582 1195 1653 mysterio
1235 1581 1409 1636 fuerit
1448 1582 1752 1654 protelata,
1787 1587 1842 1636 ct
1863 1585 1935 1638 ad
1967 1583 2059 1638 di-

410 1669 651 1726 vinioris
691 1687 902 1726 sensus
943 1670 1316 1726 latitudinem
1344 1671 1598 1742 potuerit
1638 1671 1960 1742 pervenire.
1996 1672 2056 1726 In

2177 517 2233 568 et
2260 513 2533 581 vidimus,
2567 518 2623 569 et
2653 531 2866 571 manus
2887 520 3094 570 nostra:
3126 512 3508 585 palpaverunt
3536 515 3608 569 de
3628 515 3818 570 Verbo

2173 601 2298 657 vita:
2323 603 2367 673 (Ι
2387 605 2542 659 Joan.
2577 621 2615 669 1,
2646 605 2719 673 1).
2744 604 2816 659 Dt
2846 604 2916 658 ad
2941 609 3265 659 extremum
3290 619 3663 675 nequaquam
3680 603 3820 658 utin

2175 692 2608 762 septentrionali
2643 692 2814 765 plaga
2843 697 3065 765 septem
3114 697 3343 748 tantum
3397 693 3613 764 gradus
3653 692 3822 746 suffi-

2174 780 2375 837 ciunt:
2415 783 2515 837 sed
2547 787 2679 854 post
2709 785 2931 854 septem
2959 782 3292 837 octonarius
3338 781 3578 853 ponitur
3608 796 3824 836 nume-

2174 887 2294 937 rus,
2331 875 2394 925 ut
2442 871 2513 925 de
2561 872 2867 944 Synagoga
2915 872 2985 926 ad
3037 870 3376 938 Ecclesiam,
3427 871 3498 925 de
3521 871 3702 925 veteri
3735 870 3825 924 in-

2173 963 2500 1015 strumento
2533 961 2602 1015 ad
2632 977 2872 1029 novum,
2889 961 2959 1016 de
2982 961 3225 1017 terrenis
3250 961 3322 1016 ad
3351 959 3602 1016 coelestia
3625 963 3828 1014 trans-

2171 1063 2397 1104 eamus.

2244 1138 2427 1209 (Vers.
2461 1141 2530 1194 ‘28
2556 1141 2744 1212 seqq.)
2767 1139 3175 1196 Etintroduxit
3211 1155 3305 1194 me
3336 1137 3392 1192 in
3428 1137 3644 1192 atrium
3675 1139 3824 1192 inte-

2171 1230 2294 1283 rius
2321 1245 2422 1300 per
2475 1229 2630 1284 viam
2687 1228 3078 1284 Orientalem:
3139 1231 3196 1282 et
3252 1243 3493 1282 mensus
3549 1230 3640 1281 est
3689 1243 3828 1298 por-

2170 1322 2291 1372 tam
2336 1318 2659 1373 secundum
2713 1334 3021 1373 mensuras
3071 1315 3439 1388 superiores;
3486 1314 3829 1371 thalamum

2175 1407 2382 1477 «ejus,
2451 1408 2600 1464 485
2663 1412 2718 1462 et
2780 1408 3025 1462 frontem
3096 1406 3244 1475 ejus,
3320 1409 3378 1460 et
3458 1403 3831 1460 vestibulum

2177 1516 2199 1544 α
2234 1497 2361 1567 ejus
2381 1497 2458 1566 (α)
2486 1496 2637 1551 sicut
2657 1513 2854 1567 supra,
2877 1499 2932 1550 et
2966 1495 3248 1550 fenestras
3287 1493 3412 1563 ejus
3452 1497 3509 1547 et
3527 1492 3834 1548 vestibula

2171 1607 2199 1634 ‹‹
2233 1587 2360 1655 ejus
2382 1584 2441 1638 in
2466 1585 2731 1651 circuitu,
2756 1583 3122 1656 longitudine
3143 1581 3570 1654 quinquaginta
3594 1581 3832 1637 cubito-

2173 1694 2201 1722 ‹‹
2241 1691 2394 1735 rum,
2418 1680 2475 1729 et
2499 1673 2802 1728 latitudine
2832 1672 3040 1745 viginti
3073 1673 3334 1743 quinque
3363 1669 3721 1725 cubitorum.
3756 1670 3834 1726 Et

412 1775 530 1831 qua
553 1758 864 1814 latitudine
885 1764 942 1814 et
961 1759 1171 1831 plateis
1211 1761 1332 1832 agit
1367 1759 1652 1832 sapientia
1682 1761 2054 1822 confidenter,
2088 1799 2136 1863 B
2178 1783 2200 1812 α
2232 1763 2584 1819 vestibulum
2639 1764 2788 1834 ejus,
2847 1761 2904 1816 id
2939 1766 3049 1826 est,
3108 1760 3238 1816 atrii
3295 1759 3596 1816 exterioris
3629 1782 3658 1807 ››
3694 1760 3833 1830 (pro

410 1852 466 1904 et
487 1865 620 1903 cum
644 1847 884 1904 sublimi
907 1865 1042 1904 voce
1065 1848 1326 1903 clamitat
1351 1867 1362 1904 :
1407 1853 1747 1921 septemque
1778 1849 2056 1922 gradibus

409 1937 762 2009 ingreditur,
795 1941 860 1992 ut
888 1938 1186 2009 perveniat
1215 1938 1286 1992 ad
1317 1938 1695 2005 vestibulum,
1733 1942 1788 1994 et
1808 1953 1911 2010 per
1933 1938 2056 2010 pal-

409 2042 536 2080 mas
560 2027 842 2098 propositi
864 2027 952 2081 sui
995 2031 1169 2098 atque
1219 2030 1484 2092 conatus,
1532 2027 1832 2082 victoriam
1864 2032 2058 2083 teneat

408 2115 845 2186 sempiternam.
880 2116 950 2170 Et
973 2131 1043 2170 ne
1084 2120 1426 2187 putaremus
1458 2134 1642 2172 unum
1676 2134 1803 2172 esse
1833 2118 1902 2171 ad
1933 2119 2055 2172 Au-

408 2204 647 2260 stralem
670 2209 897 2276 partem
925 2205 1165 2280 atrium,
1185 2205 1256 2260 de
1280 2206 1536 2261 secundo
1563 2205 1778 2261 dicitur
1806 2206 2056 2261 atriozEt

405 2297 562 2365 porta
583 2295 718 2348 atrii
740 2295 1019 2348 interioris
1044 2295 1106 2348 in
1145 2295 1234 2349 via
1275 2295 1423 2350 484
1459 2296 1705 2350 Australi
1730 2313 1741 2350 :
1766 2305 1815 2350 ct
1836 2312 2056 2350 mensus

408 2390 488 2439 est
516 2399 550 2437 a
576 2390 732 2453 porta
762 2399 929 2453 usque
957 2383 1027 2437 ad
1065 2387 1287 2453 portam
1327 2387 1386 2438 in
1427 2387 1517 2439 via
1564 2385 1813 2440 Australi
1840 2394 2054 2440 rentum

406 2472 651 2539 cubitos;
685 2477 750 2527 ut
773 2477 904 2544 post
925 2473 1305 2528 hebdomadis
1340 2478 1397 2529 et
1432 2474 1809 2530 Instrumenti
1843 2475 2056 2530 veteris

407 2566 793 2629 sacramenta,
837 2563 908 2616 ad
959 2567 1173 2617 terram
1231 2563 1442 2619 bonam
1491 2568 1548 2619 et
1595 2566 1890 2638 Evangelii
1921 2585 2052 2640 gra-

404 2651 544 2707 tiam
570 2651 912 2723 perveniret.
947 2652 1060 2708 Nec
1085 2651 1279 2706 solum
1301 2653 1360 2706 in
1384 2658 1550 2724 porta
1570 2655 1828 2710 Australi
1851 2673 2055 2712 secun-

406 2741 548 2794 dum
576 2739 791 2794 atrium
814 2743 938 2794 est:
968 2741 1065 2794 sed
1097 2741 1330 2794 tertium
1360 2759 1372 2796 :
1397 2742 1468 2796 de
1490 2759 1603 2812 quo
1625 2760 1781 2798 nunc
1797 2745 2050 2801 dicitur:

407 2830 473 2881 Et
493 2827 802 2882 introduxit
827 2843 913 2880 me
933 2830 990 2881 in
1013 2831 1220 2882 atrium
1241 2831 1477 2884 interius
1497 2831 1568 2883 ad
1584 2842 1798 2900 portam.
1824 2835 2054 2889 Austra-

411 2916 544 2979 lem,
565 2919 615 2969 et
634 2931 860 2970 mensus
881 2918 954 2969 est
965 2919 1183 2986 portam
1193 2917 1358 2985 juxta
1394 2935 1684 2972 mensuras
1720 2925 2049 2991 superiores,

411 3006 520 3058 etc.
545 3001 788 3076 Singula
807 3002 963 3058 enim
990 3004 1136 3059 atria
1160 3004 1378 3059 habent
1403 3023 1729 3075 mensuras,
1751 3014 1804 3063 et
1822 3011 2054 3068 ordines

411 3108 573 3157 suos,
597 3095 653 3148 et
673 3092 730 3145 in
757 3091 976 3147 eisdem
1003 3093 1294 3148 mensuris
1317 3094 1542 3150 diversa
1564 3097 1751 3168 gratia
1772 3103 1877 3164 est,
1911 3100 2052 3154 dum

407 3181 641 3235 easdem
674 3197 767 3235 res
797 3179 964 3235 aliter
991 3181 1048 3235 in
1096 3182 1401 3253 principio,
1448 3183 1615 3240 aliter
1664 3187 1717 3240 in
1768 3189 2049 3261 profectu,
2082 3173 2126 3237 (ἶ

409 3267 579 3322 aliter
599 3268 657 3322 in
683 3268 798 3323 ﬁne
821 3269 1245 3340 cognoscimus.
1271 3271 1389 3325 Hoc
1409 3289 1542 3328 vero
1566 3276 1718 3345 quod
1738 3275 1795 3330 in
1815 3277 2055 3349 Septua-

408 3360 582 3429 genta
613 3373 726 3413 non
759 3357 1030 3424 habetur,
1055 3362 1106 3413 et
1125 3360 1470 3431 vestibulum,
1495 3362 1611 3418 sive
1631 3361 1935 3436 πρὸπυλον,
1958 3385 2057 3438 per

407 3462 608 3516 gyrum
637 3447 980 3514 longitudine
999 3448 1198 3518 viginti
1215 3451 1453 3521 quinun
1465 3453 1794 3523 cubitorum,
1810 3464 1858 3510 et
1871 3457 2058 3511 latitu-

405 3534 536 3589 dine
553 3537 796 3608 quinque
814 3538 1141 3603 cubitorum,
1164 3537 1393 3593 videtur
1422 3539 1606 3596 facere
1647 3545 2051 3613 quaestionem,

407 3629 644 3695 propter
673 3626 828 3696 quod
851 3625 910 3679 in
941 3627 1115 3680 veteri
1145 3627 1620 3699 interpretatione
1651 3648 1763 3687 non
1799 3636 2054 3704 positum

407 3716 517 3778 est,
551 3714 844 3784 quomodo
877 3719 1008 3786 post
1040 3715 1360 3786 profectum
1392 3718 1549 3772 tertii
1594 3720 1811 3791 gradus
1852 3723 2056 3795 viginti

409 3800 669 3872 quinque
700 3802 903 3868 cubiti,
938 3811 989 3858 et
1013 3804 1273 3876 quinque
1295 3811 1607 3877 ponantur.
1626 3810 1734 3864 Sed
1759 3811 1911 3866 tollit
1932 3831 2055 3868 am-

408 3889 750 3962 biguitatem
773 3891 918 3946 illud
939 3894 1091 3964 quod
1111 3895 1407 3965 sequitur:
1428 3897 1488 3950 Et
1507 3899 1833 3954 vestibulum
1853 3903 1968 3972 ejus
1988 3902 2057 3956 ad

409 3980 616 4034 atrium
646 3982 929 4036 exterius:
961 3985 1012 4036 et
1037 3984 1254 4053 palmas
1283 3985 1401 4054 ejus
1431 3988 1489 4038 in
1509 3989 1733 4055 fronte;
1756 3993 1818 4043 ut
1839 3990 2059 4046 scilicet

409 4066 519 4122 hoc
535 4068 749 4124 atrium
773 4069 926 4140 quod
948 4070 1200 4126 habebat
1217 4073 1274 4126 in
1299 4072 1662 4144 longitudine
1675 4077 1876 4149 viginti
1894 4079 2058 4149 quin-

411 4171 523 4227 que
553 4157 803 4223 cubitos,
836 4163 892 4213 et
921 4158 978 4212 in
1012 4157 1320 4215 latitudine
1343 4161 1621 4233 quinque,
1667 4182 1779 4219 non
1812 4166 2056 4223 interio-

411 4244 514 4312 ris,
543 4246 641 4301 sed
677 4246 976 4302 exterioris
1007 4248 1138 4302 atrii
1179 4249 1275 4315 sit,
1329 4254 1394 4303 ut
1441 4251 1653 4322 prioris
1696 4255 1827 4308 atrii
1860 4255 2055 4312 latitu-

410 4338 633 4407 dinem,
661 4335 770 4391 hoc
800 4340 911 4402 est,
937 4335 1140 4407 viginti
1173 4337 1436 4409 quinque
1477 4339 1725 4412 cubitos,
1759 4347 2056 4402 exterioris

411 4426 544 4482 atrii
577 4424 877 4498 possideat
904 4423 1227 4497 longitudo,
1261 4432 1318 4481 et
1350 4427 1404 4481 in
1456 4426 1764 4486 latitudine
1795 4433 2056 4505 quinque

2169 1869 2284 1924 quo
2316 1852 2695 1925 Septuaginta
2715 1855 2770 1906 et
2792 1849 3202 1922 Symmachus,
3234 1851 3577 1918 interiorem,
3610 1863 3836 1918 posue-

2168 1944 2348 2014 runt);
2367 1965 2393 1992 ‹‹
2414 1941 2687 2013 etpalmza
2701 1940 2908 1996 caelatae
2924 1940 2981 1995 in
3000 1941 3246 1995 frontem
3263 1937 3423 1993 illius
3436 1937 3573 1992 hinc
3587 1937 3831 2006 etinde,

2172 2053 2194 2082 ι
2215 2031 2336 2088 etin
2357 2036 2483 2087 octo
2497 2030 2777 2102 gradibus
2791 2045 3071 2085 ascensus
3083 2029 3232 2099 ejus.
3244 2027 3352 2083 nDe
3369 2025 3834 2099 Septentrionali

2165 2120 2353 2193 plaga,
2378 2121 2435 2174 in
2461 2121 2628 2191 cujus
2652 2120 2865 2174 atrium
2890 2122 3113 2189 septem
3139 2121 3362 2172 tantum
3388 2115 3836 2171 ascendebatur

2165 2210 2466 2283 gradibus,
2500 2208 2712 2264 transit
2741 2209 2814 2264 ad
2844 2206 3174 2263 Australem
3231 2210 3455 2277 portam
3506 2210 3564 2260 et
3594 2204 3828 2259 atrium

2165 2300 2429 2371 ejusdem
2454 2298 2657 2370 plagm,
2684 2298 2755 2352 ad
2779 2298 2930 2369 quod
2957 2313 3071 2351 non
3094 2295 3285 2351 solum
3329 2299 3577 2366 septem,
3621 2297 3689 2348 ut
3720 2310 3829 2348 su-

2165 2407 2288 2463 pra,
2315 2389 2416 2444 sed
2441 2392 2568 2443 octo
2591 2386 2872 2459 gradibus
2910 2385 3282 2441 ascenditur:
3325 2382 3595 2438 videlicet
3617 2386 3683 2436 ut
3713 2399 3826 2454 per

2163 2483 2354 2535 vetera
2382 2483 2753 2532 transeamus
2784 2476 2854 2530 ad
2891 2491 3077 2530 nova:
3113 2477 3169 2528 et
3203 2477 3265 2527 ut
3311 2471 3520 2544 loquar
3564 2471 3823 2526 manife-

2165 2569 2334 2634 stius,
2369 2583 2470 2639 per
2499 2564 2860 2638 patriarchas
2908 2568 2965 2619 et
3012 2562 3345 2634 prephetas,
3397 2560 3710 2616 veniamus
3744 2561 3824 2615 ad

2163 2656 2491 2731 apostolos:
2530 2659 2592 2710 ut
2616 2655 2674 2708 in
2708 2653 2888 2708 altero
2921 2652 3260 2719 hebdomas,
3297 2651 3353 2705 in
3387 2649 3568 2705 altero
3591 2650 3824 2722 ogdoas

2163 2747 2256 2803 sit.
2292 2746 2457 2804 Nunc
2487 2750 2681 2799 autem
2713 2742 2870 2797 venit
2899 2743 2970 2796 ad
3005 2740 3301 2808 ultimum,
3334 2739 3515 2794 immo
3551 2739 3622 2793 ad
3645 2754 3822 2794 sum-

2163 2853 2348 2898 mum,
2373 2839 2430 2890 et
2452 2831 2770 2888 introducit
2799 2831 3140 2903 prophetam
3184 2846 3286 2900 per
3316 2827 3468 2883 viam
3504 2831 3681 2898 porta:
3715 2826 3822 2879 in-

2163 2923 2416 2993 terioris,
2459 2922 2577 2977 sive
2608 2939 2710 2993 per
2757 2921 2991 2986 atrium,
3045 2919 3115 2974 ad
3162 2919 3316 2989 quod
3368 2917 3480 2972 itur
3514 2931 3616 2987 per
3643 2913 3821 2969 viam

2162 3010 2534 3068 Orientalem.
2567 3009 2674 3065 Via
2695 3011 2864 3079 juxta
2891 3005 3268 3080 Septuaginta
3317 3007 3375 3061 in
3425 3007 3531 3059 hoc
3570 3006 3825 3058 tantum

2164 3103 2413 3157 habetur
2443 3100 2566 3156 loco
2595 3125 2609 3167 ;
2642 3099 2697 3152 in
2731 3095 3205 3170 Septentrionali,
3256 3101 3311 3151 et
3350 3091 3605 3150 Australi
3640 3091 3825 3164 plaga

2165 3193 2402 3246 omnino
2420 3188 2596 3244 tacita
2629 3193 2735 3254 est,
2761 3191 2826 3242 ut
2847 3186 3141 3258 possimus
3173 3183 3495 3255 intelligere
3517 3183 3576 3237 in
3609 3180 3825 3236 Orien-

2163 3280 2263 3335 tali
2296 3283 2525 3334 tantum
2568 3280 2733 3349 porta
2780 3275 2939 3330 illam
2990 3273 3428 3346 intelligendam
3471 3271 3653 3338 viam,
3686 3286 3826 3342 quae

2165 3369 2341 3424 dicit:
2376 3372 2487 3436 Ego
2516 3383 2636 3422 sum
2681 3367 2792 3431 via,
2843 3365 3044 3418 veritas
3091 3366 3140 3418 et
3183 3365 3295 3418 vita
3347 3363 3532 3433 (Joan.
3584 3377 3704 3424 xw,
3740 3360 3824 3430 6).

2166 3463 2274 3513 Per
2303 3458 2497 3528 ipsum
2525 3455 2683 3510 enim
2730 3453 2998 3509 venimus
3047 3453 3117 3507 ad
3168 3455 3425 3517 Patrem,
3474 3455 3532 3506 et
3580 3450 3655 3504 de
3687 3447 3828 3519 ipso

2165 3547 2448 3618 scriptum
2479 3549 2606 3600 est:
2640 3545 2796 3598 Beati
2825 3542 3170 3597 immaculati
3197 3544 3255 3595 in
3290 3543 3379 3595 via
3408 3539 3574 3610 (Psal.
3611 3555 3831 3605 cxvm,

2172 3640 2241 3706 1),
2277 3636 2376 3708 qui
2433 3633 2580 3689 nihil
2636 3633 2707 3686 de
2763 3631 2992 3686 Christo
3049 3631 3354 3686 sinistrum
3414 3628 3678 3699 sapiunt,
3716 3627 3835 3682 sed

2167 3726 2310 3781 fides
2341 3740 2541 3780 eorum
2575 3739 2722 3794 pura
2752 3725 2859 3787 est,
2892 3725 2949 3775 et
2992 3735 3359 3791 nequaquam
3401 3715 3838 3771 hereticorum

2167 3815 2338 3872 sorde
2353 3812 2591 3885 polluta.
2617 3812 2895 3881 Idemque
2916 3825 3197 3864 numerus
3219 3807 3633 3872 thalamorum,
3656 3804 3841 3860 fron-

2165 3905 2316 3959 tium
2357 3906 2410 3957 et
2441 3899 2884 3967 vestibulorum,
2919 3901 2975 3953 et
3001 3897 3411 3962 fenestrarum,
3463 3899 3519 3948 et
3563 3893 3839 3950 luminis

2166 3989 2663 4057 earum,eteadem
2682 3985 3378 4057 mensuralongitudinis,
3393 3981 3835 4038 etlatitudinis:

2167 4078 2596 4152 quinquaginta
2613 4076 2898 4142 videlicet,
2915 4074 3186 4146 etviginti
3204 4073 3463 4146 quinque
3479 4069 3837 4126 cubitorum

2167 4172 2536 4224 sacramenta
2567 4181 2942 4230 conservans,
2974 4167 3030 4220 et
3071 4162 3427 4219 vestibulum
3475 4161 3606 4230 ejus
3640 4165 3841 4232 portae

2167 4257 2285 4313 sive
2306 4257 2438 4313 atrii
2458 4255 2772 4318 interioris,
2797 4255 2950 4326 quod
2977 4254 3149 4325 juxta
3183 4251 3529 4308 Hebraicum
3560 4249 3844 4304 exterius

2167 4346 2422 4418 ponitur,
2445 4348 2511 4398 ut
2531 4344 2806 4399 Orientali
2827 4343 3050 4399 lumine
3073 4341 3270 4398 omnia
3290 4342 3602 4396 teneantur
3624 4337 3847 4394 inelu-

2167 4453 2251 4503 sa,
2277 4434 2598 4490 secundum
2621 4432 2769 4488 illud
2793 4433 2945 4504 quod
2985 4432 3267 4502 scriptum
3311 4433 3400 4485 est
3425 4446 3436 4483 :
3461 4429 3567 4483 Nec
3613 4436 3700 4482 est
3737 4429 3850 4499 qui

411 4515 640 4572 cubitos
690 4517 904 4604 teneat.
959 4514 1114 4577 Quas
1172 4531 1497 4588 mensuras,
1573 4517 1626 4572 id
1688 4526 1794 4588 est,
1854 4522 2056 4596 viginti
2088 4539 2134 4604 ι)
2165 4541 2221 4580 se
2246 4523 2536 4579 abscondat
2566 4540 2600 4577 a
2648 4525 2826 4578 calore
2873 4523 2988 4592 ejus
3035 4519 3203 4589 (Psal.
3255 4534 3415 4584 xvm,
3464 4519 3540 4586 7).
3576 4515 3687 4571 Sin
3728 4533 3850 4572 au-

411 4604 673 4679 quinque
702 4607 759 4657 et
789 4603 1070 4675 quinque,
1106 4607 1164 4659 et
1195 4604 1428 4660 eosdem
1480 4623 1688 4663 sensus
1724 4611 2053 4682 referimus,

409 4695 601 4750 visum
632 4691 922 4758 videlicet,
955 4697 1012 4748 et
1043 4693 1331 4762 auditum,
1361 4699 1622 4766 gustum,
1649 4702 1703 4751 et
1725 4700 2053 4769 odoratum,

410 4789 467 4838 et
487 4787 733 4847 tactum,
757 4797 906 4852 quas
929 4781 976 4836 si
1019 4782 1089 4836 ad
1132 4781 1339 4836 altiora
1378 4786 1850 4856 conscendimus,
1885 4792 2056 4862 quin-

412 4871 578 4942 quies
593 4870 986 4943 duplicamus,
1007 4870 1144 4925 etde
1161 4870 1495 4927 carnalibus
1517 4875 1788 4932 sensibus
1811 4879 2057 4937 facimus

413 4957 771 5028 spirituales,
804 4964 868 5015 ut
897 4964 986 5015 est
1014 4958 1158 5014 illud
1185 4976 1198 5014 :
1251 4961 1446 5016 Levate
1495 4962 1695 5019 oculos
1728 4972 1969 5036 vestros,
2003 4975 2059 5024 et

411 5044 622 5113 videte,
653 5050 930 5117 quoniam
955 5049 1083 5119 jam
1117 5065 1338 5105 messes
1369 5049 1511 5105 albae
1563 5057 1702 5106 sunt
1733 5055 1800 5108 ad
1837 5060 2055 5112 meten-

415 5131 556 5185 dum
580 5133 753 5201 (Joan.
789 5154 865 5206 ιν,
896 5139 1008 5208 35).
1044 5139 1146 5193 Et:
1181 5138 1287 5203 Qui
1331 5138 1508 5194 habet
1555 5157 1726 5196 aures
1759 5143 2053 5211 audiendi,

415 5219 616 5276 audiat
643 5220 792 5290 (Luc.
822 5241 944 5292 vm,
967 5228 1043 5295 8).
1077 5228 1144 5281 Et
1169 5247 1180 5282 :
1213 5232 1455 5282 Gustata
1473 5232 1530 5283 et
1549 5227 1757 5296 videte,
1780 5232 2056 5302 quoniam

415 5307 611 5365 suavis
633 5312 722 5364 est
744 5312 1022 5370 Dominus
1049 5318 1229 5383 (Psal.
1253 5334 1448 5385 XXXIII,
1474 5317 1552 5388 8).
1577 5318 1644 5372 Et
1668 5336 1680 5372 :
1713 5318 1927 5375 Christi
1956 5322 2055 5376 bo-

416 5416 530 5455 nus
561 5399 704 5454 odor
728 5413 934 5454 sumus
957 5402 1069 5457 Deo
1094 5405 1154 5459 in
1193 5405 1285 5460 his
1326 5405 1426 5476 qui
1483 5407 1728 5461 eredunt
1757 5408 1824 5478 (II
1857 5412 1980 5466 Cor.
2015 5429 2054 5480 ι,

2164 4619 2282 4669 tem
2305 4617 2362 4667 et
2390 4611 2662 4676 exterius,
2697 4615 2753 4665 et
2784 4611 3028 4665 interius
3069 4607 3392 4678 accipimus
3437 4605 3656 4660 atrium
3691 4622 3707 4659 :
3750 4606 3853 4661 sic

2166 4701 2612 4775 intelligendum
2654 4702 2762 4769 est,
2791 4699 2946 4770 quod
2980 4698 3131 4754 Deus
3163 4702 3219 4752 et
3239 4694 3638 4751 circumfusus
3667 4695 3765 4751 sit
3788 4701 3858 4751 et

2166 4792 2419 4858 infusus,
2456 4789 2655 4844 dicens
2689 4805 2790 4860 per
2838 4787 3218 4858 prophetam:
3273 4785 3379 4852 Qui
3424 4787 3568 4838 tenet
3615 4784 3856 4839 calum

2160 4881 2365 4951 palmo,
2401 4882 2452 4932 et
2484 4881 2684 4934 terram
2706 4877 2914 4948 pugillo
2946 4875 3069 4946 (lsa.
3104 4891 3192 4940 XL,
3247 4875 3373 4944 12):
3422 4877 3486 4926 ut
3509 4871 3728 4927 omnia
3767 4873 3852 4928 ab

2165 4968 2266 5023 illo
2288 4967 2599 5022 videantur
2621 4965 2860 5020 includi.
2887 4967 2952 5018 Et
2971 4980 3206 5018 rursum
3233 4979 3245 5016 :
3273 4962 3477 5017 (Italum
3491 4962 3640 5016 mihi
3671 4962 3855 5018 thro-

2164 5073 2269 5110 nus
2300 5061 2415 5111 est:
2446 5060 2594 5110 terra
2623 5056 2805 5108 autem
2831 5052 3124 5107 scabellum
3169 5051 3367 5122 pedum
3405 5065 3658 5104 meorum
3694 5051 3852 5122 (Isa.

2167 5147 2396 5215 LXV1,1),
2431 5149 2496 5198 ut
2543 5143 2697 5197 intra
2746 5141 2942 5196 omnia
2971 5157 3100 5196 esse
3131 5139 3458 5195 credendus
3498 5137 3619 5192 sit:
3648 5140 3865 5210 juxta

2166 5234 2310 5289 illud
2346 5231 2729 5304 Virgilianum
2763 5231 2996 5302 ((Eneid.
3033 5231 3127 5284 lib.
3160 5230 3274 5300 vn):

2229 5359 2367 5406 480
2390 5356 2654 5419 Principio
2685 5354 2878 5419 coelum
2901 5369 2960 5419 ac
2981 5359 3167 5413 terras,
3193 5365 3522 5419 camposque,
3546 5351 3869 5415 liquentes

2228 5417 2623 5482 Lucentemque
2654 5418 2867 5480 globum
2899 5418 3062 5477 lunae,
3091 5419 3403 5480 Titaniaque
3438 5417 3618 5473 Astra,

488 5543 564 5614 (α)
596 5541 676 5628 Qa
701 5556 862 5628 more
881 5540 1038 5628 .Vict.
1061 5545 1130 5628 ad
1152 5545 1736 5628 Vulgataalectionem
1758 5554 1806 5607 et
1828 5553 2149 5611 vestibulum
2177 5557 2295 5628 ejus
2342 5556 2401 5615 in
2447 5554 2692 5614 circuitu
2732 5553 3134 5625 quinquaginta
3169 5553 3379 5610 cubitos
3419 5549 3872 5624 longitudinis,

415 5615 473 5675 et
500 5612 674 5697 paulo
704 5617 837 5692 post
867 5612 926 5670 in
954 5613 1132 5687 fronte
1160 5612 1359 5691 pro'in
1384 5621 1644 5694 frontem.
