3996 6184
235 318 346 383 389

320 452 552 517 Spiritus
572 450 724 517 intus
753 451 874 517 alit.
905 456 1179 517 totamque
1208 452 1387 502 infusa
1418 466 1512 515 per
1549 453 1713 517 artus,

373 528 476 565 ens
504 515 669 578 agitat
696 515 911 575 molem,
943 519 997 565 et
1024 515 1219 579 magno
1249 529 1305 565 se
1336 528 1557 577 corpore
1584 515 1788 566 miscet.

297 631 565 702 Cumque
589 646 694 702 per
714 646 879 685 arma
892 629 1138 699 justitias
1158 646 1192 685 a
1240 630 1459 686 dextris
1497 633 1554 685 et
1600 629 1881 696 sinistris,

234 736 330 793 per
355 718 607 792 gloriam
636 723 694 774 et
723 719 1132 791 ignominiam,
1166 736 1267 792 per
1323 719 1538 774 bonam
1576 723 1633 774 et
1664 718 1881 774 malam

232 808 474 875 famam,
503 824 607 880 per
639 807 842 864 laudes
863 811 920 864 et
958 807 1431 880 vituperationes,
1479 807 1783 863 victoriam
1813 809 1884 863 de

833 318 1575 383 COMMENTARIORUM
1622 318 1701 379 IN
1748 312 2244 380 EZECHIELEM
2291 313 2439 378 LIB.
2487 316 2622 378 XII.
2668 314 2840 378 CAP.
2886 316 3013 380 XL.

3510 314 3633 384 390

1898 463 1954 519 Α
1985 473 2011 499 ‹‹
2045 465 2222 521 super
2251 466 2487 504 mensas
2519 449 2665 505 487
2711 452 2905 505 autem
2964 466 3167 506 carnes
3210 450 3543 509 oblationis.
3605 476 3635 505 ››

1990 538 2233 594 Multum
2268 539 2325 594 in
2358 538 2467 594 hoc
2497 539 2832 596 testimonio
2874 541 3159 597 Hebraica
3209 543 3437 600 Veritas
3485 561 3519 600 a
3545 548 3640 601 Se-

1991 627 2297 702 ptuaginta
2340 627 2729 700 Interpretum
2752 629 3004 686 editione
3016 631 3329 688 discordat.
3346 632 3462 689 Hoc
3480 633 3638 690 enim

1994 715 2149 787 quod
2171 714 2465 769 diximus:
2492 715 2573 770 Ibi
2593 716 2855 771 lavabunt
2884 717 3277 785 holocaustum,
3310 723 3362 775 et
3390 721 3452 775 in
3478 721 3643 776 vesti-

1996 804 2120 859 bulo
2147 812 2315 874 porta
2335 804 2466 861 dum
2484 819 2687 861 mensa
2703 805 2847 873 hinc,
2872 810 2928 861 et
2946 824 3181 863 rursum
3206 824 3220 862 :
3249 810 3314 866 Ut
3332 811 3643 866 immoletur

232 898 332 955 isto
362 896 580 953 saeculo
640 896 970 969 ceperimus
1027 898 1099 968 (ΙΙ
1158 897 1279 952 Cor.
1310 899 1431 967 VI):
1484 900 1624 952 tunc
1675 897 1884 967 palmae
1993 908 2162 963 super
2190 909 2281 947 eas
2312 893 2684 947 holocaustum
2745 902 2797 949 et
2843 911 2949 966 pro
3001 899 3238 966 peccato,
3288 896 3349 951 in
3391 898 3641 970 Septua-

236 985 395 1043 nobis
420 985 641 1041 dantur
661 1002 731 1041 ex
754 989 1003 1057 utroque
1025 985 1378 1058 latere,quos
1400 1002 1505 1041 nec
1523 986 1739 1058 gaudia
1759 1002 1889 1041 mu-

237 1081 440 1143 tavere,
460 1090 569 1130 nec
593 1091 831 1141 mceror,
848 1090 953 1129 nec
981 1090 1282 1147 prospera,
1304 1090 1410 1129 nec
1436 1074 1680 1129 adversa
1711 1090 1887 1146 supe-

233 1167 429 1219 rarunt
452 1166 543 1219 :et
574 1178 948 1235 nequaquam
970 1178 1074 1235 per
1095 1166 1316 1235 septem
1339 1162 1446 1234 (Al.
1471 1164 1621 1234 octo)
1640 1164 1881 1236 gradus,

233 1254 384 1308 sicut
411 1252 474 1307 in
503 1251 819 1324 Aquilonis
850 1252 1039 1325 plaga,
1070 1268 1176 1308 nec
1225 1268 1326 1324 per
1364 1257 1588 1325 septem
1633 1256 1689 1308 et
1736 1257 1888 1322 octo,

237 1342 384 1397 sicut
414 1344 472 1396 et
502 1341 566 1395 in
593 1340 839 1396 meridie
869 1340 1215 1397 continetur:
1249 1341 1350 1397 sed
1381 1358 1484 1412 per
1510 1345 1638 1397 octo
1660 1342 1765 1414 (Al.
1799 1358 1890 1398 se-

240 1432 417 1504 ptem)
442 1433 681 1485 tantum
720 1430 939 1502 gradus
985 1430 1055 1485 ad
1117 1446 1351 1486 summa
1399 1431 1885 1488 conscendimus:

233 1519 480 1592 ecquod
511 1518 773 1574 sumciat
828 1517 998 1575 nobis
1053 1518 1335 1575 octonarii
1386 1520 1639 1590 numeri,
1667 1519 1725 1574 id
1777 1524 1887 1575 est.

230 1607 644 1681 Evangelicnm
716 1611 1186 1663 sacramentum:
1260 1611 1326 1663 ut
1369 1608 1669 1680 possimus
1721 1609 1893 1680 juxta

229 1696 574 1769 Apostolum
603 1696 836 1752 dicere:
868 1697 934 1750 Et
960 1699 1013 1751 si
1038 1712 1361 1752 noveramus
1418 1697 1714 1753 secundum
1757 1714 1891 1754 car-

226 1803 355 1842 nem
386 1786 686 1852 Christum,
718 1785 810 1840 sed
855 1786 979 1856 jam
1032 1801 1180 1840 nunc
1230 1801 1345 1841 non
1382 1788 1633 1842 novimus
1660 1802 1783 1841 eum
1817 1787 1892 1858 (ΙΙ

234 1875 351 1931 Cor.
382 1892 438 1944 ν,
472 1874 589 1944 16),
622 1873 977 1929 subauditur
997 1875 1170 1946 juxta
1200 1890 1457 1930 carnem.

298 1964 484 2035 (Vers.
519 1964 596 2018 35
629 1964 820 2035 seqq.)
853 1985 880 2013 «
914 1963 983 2017 Et
1034 1963 1357 2019 introduxit
1405 1979 1498 2019 me
1556 1964 1627 2019 ad
1661 1968 1890 2036 portam

236 2076 261 2102 α
288 2070 417 2125 quae
450 2052 804 2124 respiciebat
833 2052 905 2107 ad
935 2051 1305 2123 Aquilonem,
1331 2056 1388 2107 et
1418 2069 1660 2108 mensus
1690 2057 1778 2109 est
1808 2070 1895 2109 se-

239 2142 561 2198 «cundum
602 2157 915 2197 mensuras
972 2141 1304 2213 superiores
1358 2141 1685 2197 thalamum
1741 2144 1889 2214 ejus,

232 2255 258 2281 ιι
289 2233 549 2288 frontem
583 2231 736 2302 ejus,
766 2228 1126 2287 vestibulum
1161 2231 1311 2301 ejus,
1347 2234 1405 2286 et
1452 2231 1738 2287 fenestras
1765 2232 1894 2302 ejus

233 2344 257 2369 α
283 2335 388 2392 per
410 2318 732 2375 circuitum
760 2336 775 2387 ;
801 2318 1170 2393 longitudine
1201 2319 1637 2391 quinquaginta
1666 2320 1891 2375 cubito-

232 2432 261 2458 α
294 2426 452 2474 rum,
479 2413 539 2466 et
564 2406 879 2463 latitudine
897 2408 1107 2480 viginti
1126 2407 1388 2480 quinque
1401 2408 1753 2465 cubitorum.
1784 2409 1893 2465 Ve-

236 2520 267 2548 α
297 2496 596 2554 stibulum
627 2498 757 2569 ejus
786 2496 1136 2569 respiciebat
1163 2496 1224 2550 in
1274 2496 1488 2551 atrium
1529 2497 1803 2564 exterius,
1838 2501 1897 2553 et

233 2609 263 2636 ει
294 2588 577 2642 caelatura
605 2586 937 2659 palmarum
967 2585 1028 2639 in
1063 2585 1251 2641 fronte
1284 2584 1441 2641 illius
1471 2585 1610 2640 hinc
1651 2591 1708 2642 et
1735 2586 1893 2656 inde,

234 2698 265 2725 ‹‹
299 2676 442 2733 etin
484 2680 615 2732 octo
645 2674 928 2747 gradibus
984 2690 1265 2730 ascensus
1318 2675 1465 2745 ejus.
1531 2675 1599 2729 Et
1634 2692 1738 2747 per
1768 2675 1893 2730 sin-

238 2785 269 2813 «
300 2762 443 2835 gula
472 2762 891 2835 gazophylacia
919 2762 1141 2818 ostium
1172 2762 1232 2817 in
1266 2761 1494 2818 foribus
1532 2764 1708 2835 (Vulg.
1742 2764 1895 2820 fron-

235 2875 261 2899 κ
298 2851 483 2923 tibus)
513 2856 858 2923 portarum:
893 2850 973 2905 ibi
1028 2849 1307 2906 lavabunt
1358 2850 1785 2908 holocaustum.
1831 2853 1900 2908 Et

237 2964 267 2989 κ
300 2940 363 2995 in
383 2939 679 2996 vestibulo
702 2940 1038 3012 portae,dua3
1055 2956 1271 2996 mensae
1293 2938 1449 3007 hinc,
1466 2941 1661 2996 etduae
1683 2957 1897 2997 mensas

240 3054 268 3079 ιι
300 3028 463 3095 inde,
520 3028 861 3085 immoletur
921 3045 1099 3101 super
1162 3028 1590 3099 holocaustum,
1669 3035 1726 3085 et
1796 3047 1896 3101 pro

241 3138 272 3171 ι
307 3122 565 3191 peccato,
598 3122 657 3174 et
694 3135 799 3191 pro
854 3117 1083 3174 delicto.
1152 3118 1222 3174 Et
1277 3118 1349 3173 ad
1409 3117 1564 3175 latus
1621 3120 1894 3187 exterius,

1918 1830 1966 1895 B

1996 982 2158 1053 ginta
2190 999 2303 1037 non
2337 981 2626 1037 habetur:
2662 983 2761 1038 sed
2802 983 2860 1038 in
2912 983 3208 1057 plerisque
3252 986 3549 1043 codicibus
3570 988 3643 1044 de

1996 1070 2395 1127 Theodotione
2415 1071 2678 1126 additum
2700 1076 2805 1127 est.
2839 1073 3096 1128 Rursum
3119 1074 3217 1130 ubi
3243 1092 3349 1131 nos
3366 1076 3640 1132 diximus:

1997 1163 2062 1216 Et
2088 1160 2240 1216 labia
2264 1176 2457 1216 earum
2463 1160 2641 1232 palmi
2655 1162 2822 1216 unius
2842 1164 3050 1233 reﬂexa
3071 1165 3405 1221 intrinsecus
3430 1181 3528 1237 per
3540 1168 3647 1221 cir-

1997 1250 2201 1305 cuitum
2213 1294 2226 1315 ,
2239 1247 2622 1321 Septuaginta
2634 1250 3077 1318 transtulerunt,
3094 1252 3169 1324 (a)
3183 1257 3237 1309 et
3252 1257 3437 1325 gisum
3444 1254 3649 1325 psalmi

1999 1338 2257 1393 habentes
2269 1339 2513 1394 dolatum
2530 1339 2859 1395 intrinsecus
2891 1356 2992 1408 per
3018 1342 3501 1409 circuitum.Quod
3522 1359 3648 1400 ver-

2000 1428 2366 1497 bum,utrum
2395 1427 2819 1499 Hebrseum,(b)
2838 1445 2910 1483 an
2934 1429 3198 1485 Grmcum
3222 1431 3318 1498 sit,
3360 1432 3509 1489 scire
3529 1449 3645 1490 non

2000 1532 2338 1588 possumus,
2373 1516 2485 1572 nisi
2514 1516 2622 1572 hoc
2658 1521 2886 1572 tantum
2915 1519 3071 1589 quod
3097 1536 3199 1591 pro
3219 1522 3356 1592 giso,
3380 1521 3649 1593 Symma-

2003 1605 2149 1661 chus
2170 1609 2226 1660 et
2245 1605 2580 1675 Theodotio,
2605 1606 2772 1675 labia,
2832 1606 3052 1677 Aquilae
3100 1609 3293 1680 prima
3326 1610 3504 1666 editio
3537 1609 3648 1663 inr-

2004 1695 2234 1761 στάσεις,
2267 1710 2510 1749 numero
2543 1693 2777 1766 plurali,
2812 1698 3089 1766 secunda,
3136 1698 3290 1754 labia
3332 1698 3651 1756 transtule-

2003 1788 2177 1839 runt:
2210 1800 2314 1855 pro
2354 1801 2469 1855 quo
2498 1784 2556 1839 in
2588 1784 2825 1842 Hebraeo
2856 1786 3105 1842 habetur
3138 1788 3208 1859 (ε)
3254 1806 3651 1845 assummum

2001 1873 2324 1945 (omnem).
2358 1874 2427 1928 Et
2457 1873 2555 1928 ubi
2588 1891 2694 1929 nos
2725 1875 3001 1940 diximus,
3022 1893 3184 1948 super
3209 1894 3427 1934 mensas
3468 1882 3654 1935 autem

2000 1978 2192 2017 carnes
2229 1961 2535 2028 oblationis,
2570 1961 2956 2034 Septuaginta
2984 1980 3231 2035 posuere
3262 1965 3334 2021 de
3359 1983 3487 2032 suo,
3511 1969 3564 2021 et
3589 1968 3655 2021 in.

2001 2052 2202 2105 mensis
2230 2050 2457 2121 desuper
2484 2055 2732 2119 tecta,ut,
2765 2054 3091 2123 aperiantur
3113 2070 3151 2108 a
3176 2054 3378 2125 pluvia
3406 2059 3458 2110 et
3501 2057 3655 2111 sicci-

2001 2142 2125 2193 tate.
2156 2138 2301 2194 lllud
2318 2144 2511 2195 autem
2528 2140 2685 2212 quod
2708 2141 2963 2197 Hebraeis
2985 2142 3323 2200 nominibus
3344 2144 3656 2200 ediderunt

2004 2228 2137 2283 Thee
2164 2231 2219 2283 et
2250 2229 2419 2297 Elau,
2452 2237 2502 2283 et
2528 2229 2854 2297 Elalamoth,
2882 2232 3152 2299 el/Elam,
3171 2231 3309 2303 quid
3342 2232 3652 2305 signiticet,

2002 2320 2058 2371 et
2070 2333 2251 2388 supra
2275 2317 2719 2385 admonuimus,
2741 2323 2798 2373 et
2827 2336 2857 2374 e
2879 2319 3114 2393 regione
3136 2322 3441 2377 ostendere
3462 2326 3656 2395 potest

2005 2409 2204 2460 nostra
2231 2405 2574 2461 translatio:
2614 2422 2721 2461 nec
2757 2423 2994 2463 necesse
3035 2414 3126 2463 est
3174 2425 3352 2481 super
3374 2410 3481 2466 hoc
3504 2427 3658 2484 saepe

2004 2495 2317 2549 admonere
2339 2492 2635 2561 lectorem,
2652 2499 2709 2550 et
2728 2496 3047 2566 prudentiae
3066 2497 3193 2567 ejus
3216 2497 3528 2569 studioque
3548 2499 3655 2553 dif-

2005 2573 2205 2637 fidere.
2238 2582 2633 2638 Introducitur
2659 2599 2794 2655 ergo
2844 2600 3082 2639 rursum
3133 2586 3203 2640 ad
3249 2590 3477 2657 portam
3524 2603 3651 2657 quas

2006 2671 2353 2743 respiciebat
2375 2672 2444 2727 ad
2467 2671 2844 2743 Aquilonem:
2873 2673 2972 2728 sed
2996 2689 3366 2746 nequaquam
3387 2679 3454 2729 ut
3473 2691 3654 2747 supra

2006 2761 2077 2815 ad
2098 2760 2310 2816 atrium
2335 2760 2606 2826 exterius,
2635 2761 2736 2816 scd
2772 2761 3039 2817 interius.
3080 2764 3145 2817 ln
3195 2779 3260 2818 eo
3290 2763 3446 2819 enim
3497 2764 3654 2836 quod

2007 2850 2065 2905 in
2088 2849 2581 2922 consequentibus
2601 2850 2842 2905 dicitur:
2869 2851 3201 2906 Vestibulum
3212 2853 3657 2924 ejusrespiciebat

2006 2941 2066 2994 in
2097 2941 2306 2994 atrium
2336 2941 2597 3003 exterius,
2625 2939 2957 2995 ostenditur
2976 2940 3084 2996 hoc
3114 2942 3328 2997 atrium
3364 2942 3545 2998 fuisse
3565 2943 3655 2998 in-

2005 3028 2319 3083 trinsecus.
2351 3028 2460 3083 Per
2487 3044 2614 3100 quae
2644 3028 2937 3100 profectus
2974 3029 3358 3102 ingredientis
3401 3031 3655 3087 osleadi-

2005 3122 2138 3184 tur;
2165 3117 2305 3171 dum
2329 3117 2387 3171 in
2416 3116 2822 3190 singulislocis
2839 3118 3080 3174 nomina
3095 3134 3502 3193 mensurasque
3518 3124 3658 3175 sunt

238 3229 269 3256 ε
306 3208 464 3279 quod
498 3206 763 3264 ascendit
793 3208 864 3263 ad
918 3207 1136 3262 ostium
1194 3212 1371 3278 portas
1430 3224 1559 3279 quae
1608 3208 1796 3280 pergit
1824 3209 1894 3264 ad
1928 3204 1971 3271 C
2010 3206 2280 3278 propriae,
2314 3210 2372 3261 et
2403 3206 2666 3262 fenestra:
2698 3222 2801 3279 per
2831 3207 3141 3264 circuitum
3190 3207 3433 3265 luminis
3484 3209 3658 3282 plena

246 3296 688 3368 «Aquilonem,
747 3296 875 3351 dua)
924 3312 1164 3362 mensae,
1225 3300 1284 3350 et
1338 3296 1409 3351 ad
1467 3296 1624 3352 latus
1653 3297 1898 3353 alterum

2010 3293 2266 3350 scientiae
2290 3294 2563 3351 universa
2583 3301 3003 3363 monstrantes,
3038 3299 3095 3352 et
3107 3313 3210 3368 per
3228 3298 3659 3370 quinquaginta

241 3408 273 3436 (τ
306 3392 443 3442 ante
493 3384 852 3442 vestibulum
910 3389 1109 3457 portae,
1164 3384 1292 3440 dum
1346 3402 1583 3441 mensae.
1645 3386 1906 3450 Quatuor

242 3497 274 3524 et
310 3491 522 3530 mensa:
552 3474 719 3541 hinc,
750 3478 808 3530 et
837 3479 1090 3546 quatuor
1120 3491 1335 3531 mensae
1366 3474 1537 3530 inde:
1572 3491 1676 3547 per
1720 3475 1907 3531 latera

242 3586 277 3613 ει
316 3568 510 3635 portas,
541 3567 672 3619 octo
705 3579 919 3619 mensae
978 3567 1165 3630 erant,
1217 3578 1397 3635 super
1443 3580 1589 3635 quas
1634 3564 1903 3620 immola-

244 3675 273 3701 κ
312 3651 463 3707 bunt
493 3653 675 3725 (Vulg.
708 3651 1117 3723 immolabant)
1142 3670 1155 3707 :
1190 3657 1446 3724 quatuor
1476 3657 1666 3709 autem
1691 3670 1904 3709 mensae

2010 3387 2066 3439 et
2095 3383 2297 3457 viginti
2329 3383 2590 3456 quinque
2611 3384 2808 3439 cubita
2827 3385 3191 3441 remissionis
3208 3386 3659 3459 divinorumque

2012 3489 2294 3529 sensuum
2329 3478 2695 3529 sacramenta
2725 3478 2865 3528 sunt
2923 3474 3130 3545 posita,
3164 3478 3231 3529 ut
3269 3474 3327 3528 in
3368 3473 3658 3531 vestibulo

2012 3561 2142 3616 atrii
2199 3561 2493 3617 interioris
2551 3562 2749 3634 positi,
2780 3563 3063 3618 exteriora
3120 3563 3273 3618 488
3312 3562 3654 3621 videamus:

2013 3650 2435 3722 praeteritorum
2468 3655 2524 3706 et
2544 3651 2918 3723 praisentium
2950 3652 3219 3707 notitiam
3251 3653 3659 3725 contemplan-

2011 3744 2118 3809 tes,
2154 3757 2255 3812 per
2284 3757 2459 3812 quam
2491 3741 2795 3796 veniamus
2824 3743 2896 3797 ad
2931 3741 3193 3813 duplices
3223 3740 3450 3813 palmas
3484 3746 3660 3813 atque

2011 3829 2303 3896 victorias,
2336 3834 2393 3884 et
2420 3835 2548 3885 octo
2578 3831 2868 3900 graduum
2900 3829 3176 3902 mysteria
3212 3845 3657 3902 cognoscamus,

254 3762 281 3791 α
313 3741 383 3796 ad
416 3740 832 3797 holocaustum
863 3742 935 3797 de
983 3740 1281 3813 lapidibus
1313 3740 1552 3813 quadris
1572 3746 1901 3807 exstructas,

248 3854 277 3879 α
315 3829 689 3904 longitudine
718 3829 898 3886 cubiti
929 3830 1107 3886 unius
1137 3833 1194 3886 et
1221 3829 1473 3899 dimidii,
1505 3834 1561 3886 et
1597 3830 1907 3888 latitudine

248 3941 279 3967 α
314 3918 499 3974 cubiti
531 3919 712 3974 unius
741 3923 799 3974 et
827 3919 1140 3990 dimidii,et
1167 3919 1475 3975 altitudine
1504 3919 1685 3974 cubiti
1706 3920 1903 3991 unius,

251 3998 287 4056 εἶ
316 4024 500 4080 super
529 4024 683 4079 quas
714 4011 969 4079 ponent(
980 4009 1129 4078 Vulg.
1159 4011 1401 4080 ponant)
1428 4025 1569 4064 vasa
1597 4008 1657 4063 in
1688 4009 1904 4081 quibus

252 4115 277 4144 ι
302 4095 657 4151 immolatur
676 4095 1082 4152 holocaustum
1105 4100 1164 4151 et
1176 4096 1444 4153 victimae.
1460 4100 1523 4152 Et
1536 4095 1691 4153 labia
1701 4114 1903 4154 eorum

242 4206 274 4233 ιι
298 4183 709 4257 palmiunius,
753 4184 964 4240 reflexa
1002 4184 1358 4241 intrinsecus
1405 4201 1509 4258 per
1553 4186 1900 4243 circuitum:

312 4309 389 4381 (a)
416 4307 761 4383 Qegnomine
777 4313 981 4383 72730:,
1008 4308 1064 4383 id
1086 4312 1194 4375 est,
1211 4312 1345 4383 giso,
1366 4327 1555 4383 pauca
1574 4311 1830 4368 diximus
1844 4312 1903 4367 in

229 4380 388 4456 libro
413 4380 836 4456 Hebraicorum
857 4381 1195 4456 Nominum,
1216 4380 1329 4456 sed
1358 4380 1440 4437 ibi
1472 4382 1749 4439 scribitur
1770 4402 1903 4456 γησ-

234 4452 355 4526 ᾳὸς,
385 4452 512 4508 sive
539 4451 759 4526 yatabq,
792 4457 850 4509 et
879 4452 1172 4525 signiﬁcat
1193 4454 1601 4526 clypeumtaut
1638 4451 1904 4526 organum

234 4524 523 4590 bellicum,
556 4524 675 4579 non
729 4525 942 4594 labium
998 4524 1352 4594 mensas,ut
1383 4524 1522 4579 LXX
1564 4524 1895 4582 voluerunt.

231 4596 609 4666 Quamquam
641 4592 957 4670 yszolovsit
981 4592 1461 4670 quoque'septumr
1481 4599 1537 4651 et
1561 4594 1755 4665 lorica,
1780 4602 1893 4670 γεῖ-

232 4684 329 4726 σος
356 4683 534 4739 porro
566 4666 1083 4739 agricoladicitur;
1117 4666 1178 4739 et
1203 4666 1522 4739 γεῖσα,ξὶγρ
1552 4671 1725 4739 γεῖσοι
1759 4666 1897 4723 sunt

235 4737 437 4812 partes
468 4737 613 4793 tecti
638 4737 1059 4812 prominentes,
1084 4737 1300 4812 quibus
1332 4737 1629 4794 stilli‘cidia
1659 4755 1693 4794 a
1712 4740 1901 4812 parie-

237 4810 399 4865 tibus
429 4808 739 4881 arcentur.
764 4808 975 4881 Mirum
1010 4809 1163 4881 quod
1195 4809 1346 4881 hanc
1375 4826 1609 4881 operam
1642 4808 1901 4866 nostram

243 4896 357 4955 non
389 4880 773 4955 anteverterit
801 4879 1071 4951 Criticus,
1100 4881 1219 4955 sive
1248 4879 1495 4955 Clerit’us
1543 4881 1903 4955 sycophanta

244 4951 530 5024 adversus
552 4952 977 5024 Hieronymum
1004 4968 1016 5005 :
1051 4953 1152 5007 sed
1211 4951 1430 5024 sufficit
1470 4956 1527 5007 et
1555 4951 1810 5009 exultare
1840 4955 1901 5009 in

244 5020 388 5078 locis
418 5020 866 5097 communibus,
898 5027 954 5078 et
1008 5022 1448 5097 praetermittere
1493 5040 1561 5080 ea
1610 5042 1735 5096 qua:
1768 5042 1901 5097 pos-

245 5100 383 5149 sunt
411 5096 605 5150 tacere
635 5094 1041 5166 quastionem.
1076 5094 1262 5151 mar.

318 5167 391 5233 (b)
413 5166 568 5230 Quin
605 5164 805 5237 potius
836 5164 1317 5237 Gallicumgvetus
1346 5168 1456 5235 est,
1478 5165 1730 5221 sicenim
1752 5165 1900 5222 Galli

238 5236 508 5310 iaculum
541 5235 935 5310 appellabant,
959 5254 994 5292 a
1022 5235 1238 5307 quibus
1268 5236 1498 5310 Gracos
1526 5238 1901 5310 et_Romanos

242 5306 596 5380 Iocabulum
617 5306 1212 5380 accepisse,pronum
1246 5311 1334 5363 est
1381 5306 1637 5380 opinari.
1680 5309 1901 5380 Statius

243 5377 503 5435 Thebaid
514 5396 595 5447 ,ῐν
607 5377 823 5435 Graecis
836 5377 1041 5435 vetusti
1050 5378 1249 5434 ssimis
1273 5393 1377 5451 per
1390 5377 1682 5450 prolepsin
1696 5379 1902 5436 tribuit

337 5467 460 5517 Bac
491 5481 690 5517 manus
718 5467 1001 5517 Adrastum
1031 5480 1254 5516 numero
1289 5469 1370 5516 ter
1388 5465 1533 5515 mille
1561 5467 1728 5515 secuti

332 5529 649 5593 Exsultaut,
666 5543 799 5593 pars
822 5543 951 5593 gesa
977 5542 1158 5590 manu,
1190 5543 1316 5593 pars
1344 5530 1539 5579 robora
1566 5529 1791 5579 ﬂammis

330 5593 595 5643 Indurata
623 5592 732 5651 diu,
765 5592 868 5642 ets.

230 5655 365 5734 Qua
391 5655 543 5715 item
572 5653 809 5715 licentia
839 5652 1019 5715 Silius
1049 5652 1154 5711 lib.
1186 5669 1228 5711 ιι
1257 5653 1451 5711 Poenis
1480 5652 1754 5714 ascribit:

1119 5742 1306 5798 Omnia
1332 5744 1558 5801 Pcenum

2013 3918 2354 3988 introgressi
2404 3917 2913 3991 gazophylacia,in
2944 3919 3160 3991 quibus
3214 3918 3419 3991 templi
3448 3919 3658 3975 divitiis

2015 4007 2409 4072 continentur,
2436 4011 2493 4062 et
2512 4006 2783 4063 lavantur
2813 4006 3104 4063 orationes
3135 4012 3345 4062 nostra:
3397 4009 3468 4063 ab
3499 4009 3660 4064 omni

2015 4096 2185 4151 sorde
2216 4095 2438 4167 peccati
2465 4114 2477 4151 :
2512 4112 2844 4168 mensaeque
2900 4111 2969 4151 ex
3032 4102 3282 4167 utraque
3311 4100 3476 4168 parte
3507 4097 3657 4153 binm

2014 4188 2155 4239 sunt
2182 4184 2403 4255 positae,
2434 4188 2498 4239 ut
2527 4184 2787 4257 primum
2834 4183 3175 4241 immoletur
3218 4184 3653 4255 holocaustum,

2104 4309 2344 4374 Armenti
2373 4308 2581 4374 vigilem
2609 4310 2779 4374 patrio
2808 4309 2873 4374 de
2902 4323 3050 4360 more
3080 4313 3397 4374 sequuntur,

2105 4372 2360 4434 Gesaque,
2394 4371 2722 4435 latratorque
2753 4372 2951 4435 Sydon,
2976 4377 3075 4422 etc.

2010 4450 2299 4533 Nonnius,
2331 4452 2509 4519 Gessa,
2535 4452 2651 4533 tela
2679 4453 3036 4533 Galliarum;
3067 4450 3373 4533 quietiam
3421 4468 3489 4533 ex
3515 4452 3659 4533 Yarf

2010 4539 2148 4597 rone
2169 4522 2366 4597 Gallos
2383 4540 2533 4597 cura
2535 4524 2687 4597 binis
2708 4524 2893 4597 gessis
2914 4522 3209 4597 describit.
3233 4522 3401 4578 Paria
3440 4522 3662 4597 habent

2003 4598 2060 4649 et
2089 4594 2327 4650 Servius
2357 4596 2425 4649 ad
2471 4591 2853 4663 Eneidfvu,
2886 4594 2986 4666 ubi
3043 4595 3235 4666 alpina
3270 4610 3423 4665 gessa
3457 4595 3659 4651 dicun-

2007 4669 2119 4732 tur,
2170 4671 2227 4720 et
2263 4668 2451 4721 Caesar
2497 4667 2568 4722 de
2607 4666 2746 4721 Bell.
2799 4665 2946 4722 Gall.
2988 4665 3175 4736 punet
3216 4666 3555 4736 Propertius
3585 4666 3657 4721 de

2010 4736 2354 4809 Yirdomaro
2403 4737 2707 4809 Gallorum
2782 4737 2932 4809 Rege
2987 4734 3108 4809 lib._
3156 4753 3232 4791 1v.
3285 4734 3545 4807 Denique
3599 4742 3660 4809 et

2010 4806 2368 4880 Claudianus
2401 4807 2502 4863 lib.
2538 4826 2579 4863 II
2610 4808 2669 4862 in
2698 4806 3352 4880 Eutropiurm,iitemque
3398 4807 3657 4880 secundo

2012 4878 2071 4950 in
2104 4878 2503 4934 Stilichonem.
2546 4881 2655 4933 Sed
2697 4881 2824 4950 jam
2876 4878 3012 4934 audi
3064 4879 3122 4933 S.
3164 4878 3655 4950 Augustinumin

2008 4949 2217 5022 Josue:
2257 4972 2277 5000 α
2312 4950 2481 5015 Quid,
2513 4948 2725 5022 inquit,
2759 4952 2914 5006 dicat
2960 4951 3159 5022 Gessa,
3210 4948 3325 5004 non
3368 4948 3537 5006 facile
3564 4949 3655 5005 in-

2010 5019 2448 5093 _telligitur.Hoc
2471 5019 2756 5093 interpres
2776 5020 3163 5093 Symmachus
3190 5024 3423 5093 scutum
3456 5024 3651 5093 appel-

2010 5090 2167 5147 lasse
2208 5092 2564 5165 perhibetur.
2614 5090 2993 5165 Septuaginta
3038 5096 3235 5165 autem
3277 5090 3646 5164 interpretes,

2010 5109 2164 5147 iasse
2195 5109 2564 5217 (permnetur.
2614 5109 2993 5165 Septuaginta
3038 5109 3235 5147 autem
3277 5109 3646 5164 interpretes,

2010 5179 2186 5218 secun
2232 5179 2334 5236 um
2368 5180 2515 5236 quos
2543 5164 2656 5219 ista
2686 5170 3028 5236 tractamus,
3049 5162 3150 5234 qui
3179 5168 3503 5236 posuerunt
3531 5181 3657 5236 ges-

2011 5250 2141 5299 son,
2164 5234 2345 5290 miror
2374 5234 2424 5290 si
2454 5236 2514 5289 in
2538 5236 2737 5291 Graeca
2760 5235 2963 5307 lingua
2990 5234 3245 5303 hastam,
3267 5234 3355 5290 vel
3383 5234 3651 5291 lanceam

2010 5304 2691 5379 (Gallicanamﬁntelligi
2721 5306 3058 5379 voluerunt:
3092 5322 3173 5379 ea
3209 5306 3425 5379 quippe
3451 5306 3651 5361 dicun-

2009 5376 2322 5451 turpgessa.
2359 5376 2490 5433 n’De
2518 5376 2783 5451 vocabuli
2841 5376 3245 5451 ortographia‘
3270 5376 3477 5449 parum
3509 5392 3652 5451 con-

2008 5445 2167 5507 venit
2196 5451 2347 5506 inter
2375 5450 2622 5517 Graecos,
2654 5449 2759 5521 qui
2782 5453 2838 5504 et
2866 5445 3054 5521 γαιᾶὸς
3072 5445 3141 5521 δι
3167 5445 3359 5521 γαῖᾶος
3405 5445 3568 5521 γεσὸσ
3596 5452 3655 5504 et

2007 5525 2194 5593 γαῖᾳον
2228 5521 2512 5588 scribunt,
2546 5518 2719 5592 atque
2749 5518 2902 5575 inter
2958 5518 3193 5576 Latinos
3242 5518 3459 5589 quibus
3487 5535 3652 5592 isque

2007 5592 2290 5665 probatur
2309 5606 2563 5665 _gsesum,
2590 5607 2865 5665 passum,
2878 5606 3084 5665 gesum,
3109 5606 3360 5665 _gessum.

2080 5662 2149 5738 (ε)
2196 5660 2490 5738 Qmittunt
2536 5660 2679 5738 editi
2734 5660 2894 5719 libri'
2925 5660 3355 5738 articulumjt,
3406 5660 3526 5738 sive
3575 5663 3646 5735 A,

2007 5732 2187 5814 quain
2214 5733 2470 5797 litteram
2494 5735 2745 5798 retinent
2773 5750 2978 5799 omnes
3024 5750 3140 5796 me.
3173 5732 3421 5819 codices,
3452 5732 3647 5817 Mser,
