3944 6178
386 276 504 342 391

1635 279 1699 337 S.
1747 276 2058 338 EUSEBII
2108 276 2555 340 HIERONYMI

3677 272 3796 338 392

396 409 555 482 quod
586 410 771 464 totum
803 420 966 464 sacer
995 405 1150 477 ignis
1181 409 1466 475 assumat,
1499 405 1709 462 deinde
1747 423 1851 479 pro
1901 423 2037 479 pec-
2075 408 2130 475 Α
2161 430 2190 459 ‹‹
2223 407 2393 464 lonis.
2429 410 2499 464 Et
2528 408 2673 464 dixit
2702 408 2773 464 ad
2829 424 2953 464 me:
3022 407 3140 464 Hoc
3196 410 3287 463 est
3319 404 3798 480 gazophylacium

387 503 535 567 cato,
571 500 628 552 et
656 496 728 552 ad
759 499 1086 552 extremum
1148 511 1250 567 pro
1308 494 1674 568 ignorantia:
1735 496 1890 567 quod
1947 495 2037 551 vel

387 586 638 644 scientes
711 583 1145 651 commisimus,
1189 583 1278 640 vel
1334 583 1692 657 ignorantes.
1753 585 1841 638 Ad
1885 583 2042 639 latus

385 689 620 746 quoque
651 671 907 730 exterius
931 673 1102 744 juxta
1153 673 1539 745 Septuaginta
1596 676 1722 728 erat
1752 671 1911 728 rivus
1958 673 2042 728 fa-

385 762 704 832 brefactus,
737 761 836 833 qui
869 761 1346 817 holocaustorum
1397 761 1641 826 cineres,
1675 766 1731 816 et
1775 759 2042 816 carnium

387 849 727 906 virulentias
785 850 890 921 (Al.
941 850 1322 921 jurulentias)
1397 850 1671 905 eﬂ‘erebat
1745 849 2036 906 exterius:

382 939 504 996 sive
531 945 698 996 erant
727 940 854 995 duae
885 955 1121 1010 mensae,
1155 944 1212 995 et
1255 939 1327 995 ad
1371 938 1524 994 latus
1571 937 1820 993 alterum
1864 938 2040 993 vesti-

381 1028 506 1084 buli
542 1031 807 1100 ejusdem
840 1033 1015 1102 porte
1040 1031 1166 1085 duae
1192 1044 1432 1093 mensae,
1464 1029 1520 1082 id
1552 1031 1660 1097 est,
1694 1044 1764 1082 ex
1793 1030 2042 1098 utraque

385 1123 548 1191 parte
578 1123 890 1191 quaternae,
924 1123 1174 1190 quatuor
1201 1118 1359 1188 hinc,
1393 1121 1451 1172 et
1507 1120 1756 1187 quatuor
1800 1115 1953 1181 inde,
1987 1119 2044 1169 et

384 1211 516 1280 post
545 1211 800 1280 tergum,
829 1207 952 1264 sive
981 1208 1052 1262 ad
1084 1206 1241 1262 latus
1299 1221 1502 1261 earum
1559 1203 1682 1260 aliae
1727 1208 1854 1259 octo
1885 1219 2040 1258 men-

384 1313 500 1353 sae:
535 1303 600 1352 ut
629 1297 809 1353 simul
837 1297 1057 1352 faciant
1091 1312 1327 1352 mensas
1357 1294 1646 1350 sedecim:
1685 1310 1799 1364 quo
1833 1307 2039 1348 nume-

388 1401 451 1440 ro
484 1385 900 1457 prophetarum
937 1385 1214 1456 mysteria
1242 1385 1721 1439 demonstrantur
1748 1400 1760 1437 :
1785 1385 1851 1436 ut
1871 1380 2040 1453 quid-

389 1473 531 1544 quid
563 1488 668 1544 per
696 1471 1100 1544 Evangelicam
1132 1471 1433 1528 otl‘erimus
1465 1471 2040 1542 dignationem,praa-

362 1561 606 1616 .dictum
633 1577 838 1616 eorum
870 1561 1325 1616 vaticationibus
1379 1561 1794 1632 approbemus.
1847 1559 2041 1625 Quod-

384 1665 497 1720 que
526 1648 859 1704 inferuntur
887 1653 1141 1720 quatuor
1182 1665 1398 1705 mensa:
1447 1648 1519 1704 de
1562 1647 1864 1719 lapidibus
1896 1663 2038 1718 qua-

382 1737 503 1793 dris
532 1742 860 1806 exstructas,
885 1743 941 1794 et
970 1738 1054 1792 hs:
1087 1739 1224 1810 ipsa:
1275 1739 1346 1793 ad
1388 1736 1743 1794 sacrificium
1793 1741 1849 1792 et
1878 1735 2040 1791 holo-

381 1832 653 1882 caustum
679 1827 785 1897 (Al.
820 1826 1341 1897 holocaustorum),
1375 1825 1472 1882 isti
1512 1824 1777 1880 suntvivi
1810 1825 2035 1896 lapides

379 1915 483 1986 qui
512 1915 825 1970 volvuntur
840 1931 1017 1988 super
1039 1919 1338 1980 terram,et
1365 1914 1584 1970 habent
1607 1929 1805 1969 secum
1847 1928 2033 1985 angu-

379 2007 564 2062 larem
586 2004 861 2076 lapidem,
887 2021 1002 2076 quo
1019 2004 1251 2072 veteris,
1271 1993 1327 2060 et
1352 2003 1482 2059 novi
1527 2001 1900 2059 Instrumenti
1932 2018 2032 2074 pa-

380 2095 554 2151 rietes
583 2093 972 2150 continentur.
1007 2095 1267 2158 Quatuor
1295 2097 1488 2149 autcm
1524 2109 1803 2148 numerus
1845 2096 2032 2147 Evan-

379 2183 563 2258 gelica
583 2188 951 2239 sacramenta
977 2181 1738 2253 demonstrat,longitudine
1759 2184 1816 2236 et
1836 2180 2032 2236 latitu-

379 2273 514 2328 dine
533 2272 757 2328 habens
780 2289 962 2326 unum
989 2271 1251 2326 cubitum
1275 2275 1331 2326 et
1352 2269 1685 2338 dimidium,
1707 2269 1764 2324 id
1791 2273 1898 2335 est,
1930 2286 2031 2340 per

380 2362 692 2434 quadrum,
709 2377 835 2433 qua:
859 2359 1036 2416 simul
1064 2361 1273 2430 juncta
1295 2364 1408 2416 tres
1431 2360 1659 2416 subitos
1680 2358 2028 2430 faciunt,qui

378 2453 497 2507 tres
517 2451 698 2506 cubiti
730 2449 947 2506 habent
976 2449 1033 2504 in
1067 2448 1377 2505 altitudine
1418 2449 1682 2504 cubitum
1724 2463 1930 2514 unum,
1965 2450 2030 2501 ut

378 2539 659 2612 mysteria
676 2538 979 2594 Trinitatis
998 2539 1172 2594 unius
1195 2537 1395 2620 cubiti,
1419 2538 1528 2593 hoc
1550 2542 1638 2594 est
1659 2537 1864 2592 divina:
1897 2553 2028 2592 ma-

369 2629 602 2701 jestatis
617 2644 897 2684 mensura
909 2628 1462 2696 conservet,dicente
1477 2627 1722 2682 Domino
1744 2627 1814 2681 ad
1843 2625 2025 2681 disci-

378 2718 549 2789 pulos
573 2735 586 2772 :
610 2717 709 2783 Ite,
725 2717 1014 2788 baptizate
1034 2733 1240 2772 omnes
1260 2721 1462 2788 gentes
1479 2717 1538 2772 in
1560 2716 1794 2772 nomine
1816 2714 2021 2783 Patris,

377 2810 434 2861 et
453 2805 580 2860 Filii
603 2808 660 2859 et
679 2805 933 2876 Spiritus
953 2805 1141 2860 sancti
1181 2804 1386 2875 (Matth.
1431 2823 1625 2875 xxvm,
1667 2805 1773 2875 19).
1800 2805 2022 2859 Nomen

378 2897 576 2949 autem
599 2892 724 2957 Dei,
743 2891 912 2962 quasi
932 2892 1228 2962 unius(Al.
1250 2895 1426 2963 unus)
1449 2893 1772 2948 altitudinis
1790 2892 2022 2948 cubitus

378 2985 485 3051 est,
509 2979 610 3052 qui
633 2979 787 3036 489
811 2985 927 3036 tres
945 2978 1350 3052 complectitur
1372 2981 1774 3052 proprietates,
1791 2986 1843 3036 et
1858 2980 2020 3037 holo-

379 3073 583 3124 causta
603 3067 957 3124 oblationem
1001 3071 1334 3124 nostrorum
1371 3085 1603 3142 semper
1618 3070 1887 3126 assumit.
1912 3075 2020 3125 Su-

387 3172 490 3229 per
510 3157 652 3211 istas
675 3161 869 3212 autem
887 3161 1137 3228 quatuor
1164 3173 1400 3212 mensas
1441 3157 1916 3214 holocaustorum
1937 3161 2023 3213 vi-
2053 3143 2096 3210 C

385 3243 786 3317 vislapidibus
812 3250 1158 3313 exstructas,
1188 3263 1437 3318 quarum
1459 3245 1859 3319 longitudo,et
1897 3247 2026 3304 lati-

386 3335 613 3401 tudo,et
637 3332 880 3390 altitudo
903 3334 1196 3406 descripta
1218 3340 1327 3402 est,
1350 3341 1644 3408 ponentur
1670 3353 1809 3391 vasa
1830 3337 2028 3409 inqui-

387 3422 498 3478 bus
519 3421 856 3478 immolatur
876 3422 1283 3479 holocaustum
1325 3429 1672 3498 martyrum,
1699 3426 1769 3481 de
1810 3426 2025 3497 quibus

382 3510 600 3566 dicitur
621 3527 634 3566 :
655 3511 914 3567 Pretiosa
930 3511 990 3566 in
1013 3517 1326 3585 conspectu
1350 3514 1582 3569 Domini
1614 3531 1772 3571 mors
1795 3519 2023 3571 sancto-

381 3615 514 3656 rum
545 3601 673 3671 ejus
695 3601 804 3671 (Ps.
839 3617 964 3667 cxv,
986 3601 1075 3672 5);
1102 3605 1158 3657 et
1177 3619 1380 3658 eorum
1406 3603 1672 3670 victimae,
1705 3603 1805 3675 qui
1835 3603 2021 3659 conti-

377 3689 576 3746 nentia
597 3693 653 3746 et
675 3689 934 3762 corporis
957 3691 1284 3759 sanctitate,
1308 3692 1536 3748 animas
1555 3710 1694 3748 suas
1718 3692 2026 3748 immolant

375 3778 646 3834 Domino.
698 3779 1154 3852 Mensarumque
1198 3780 1446 3836 istarum
1486 3781 1744 3852 nomine,
1780 3786 1920 3854 puto
1963 3781 2022 3836 in

373 3867 664 3936 Matthaeo,
689 3872 746 3923 et
763 3872 933 3934 Luca,
954 3869 1143 3924 Marco
1169 3870 1458 3926 etJoanne
1481 3870 1757 3942 apostolis
1774 3871 2023 3927 contine-

373 3957 732 4027 ri;quarum
755 3973 968 4012 corona
1001 3957 1252 4029 desuper
1307 3958 1452 4014 ﬂexa
1500 3958 1878 4030 intrinsecus,
1923 3977 2025 4032 per

375 4044 684 4100 circuitum
715 4044 1010 4117 margines
1041 4047 1358 4116 ambiebat,
1393 4052 1458 4103 ut
1488 4047 1830 4104 holocausta
1885 4065 2022 4104 con-

372 4133 586 4189 tineret
613 4133 988 4202 intrinsecus,
1018 4139 1076 4190 et
1106 4152 1220 4190 non
1252 4137 1472 4206 passim
1519 4136 1692 4192 fluere
1727 4137 2022 4207 permitte-

375 4227 485 4289 ret,
507 4225 844 4292 teneretque
861 4239 1064 4277 carnes
1089 4223 1548 4289 oblationis,sive
1571 4229 1635 4279 ut
1657 4225 1796 4280 LXX
1829 4228 2022 4281 trans-

374 4310 638 4368 tulerunt
661 4328 672 4366 :
701 4315 765 4367 Et
793 4312 921 4382 ipsae
949 4327 1146 4367 mensae
1165 4315 1315 4367 tecta
1335 4316 1494 4368 erant
1523 4313 1771 4384 desuper,
1789 4318 2025 4385 propter

373 4399 654 4455 imbrium
674 4399 1035 4466 violentiam,
1067 4405 1124 4456 et
1151 4401 1330 4456 uastivi
1363 4401 1505 4458 solis
1537 4401 1780 4458 nimiam
1802 4402 2024 4459 siccita-

373 4493 528 4545 tem:
559 4493 626 4545 ut
642 4504 846 4545 carnes
864 4489 1116 4561 desuper
1137 4490 1360 4562 positae,
1386 4491 1614 4562 possint
1634 4491 1850 4563 dicere,
1881 4510 2019 4548 cum
2050 4516 2097 4581 Ι)

374 4577 649 4602 ..-λ-ι.-ι..
683 4595 696 4602 -
721 4578 829 4602 τι--
852 4577 997 4602 ΔΞ-..-
1028 4578 1109 4602 ,-1
1145 4595 1254 4602 ..Α-
1304 4585 1429 4602 ---ΑΔ
1475 4597 1579 4602 μ--
1638 4598 1819 4602 ___-___
1882 4581 2012 4602 I,_._A

374 4577 657 4650 propheta
683 4595 696 4633 :
721 4578 830 4633 Per
849 4577 1002 4633 diem
1027 4578 1112 4634 sol
1145 4595 1259 4634 non
1304 4585 1433 4635 uret
1475 4597 1602 4646 nos,
1638 4598 1825 4654 neque
1882 4581 2023 4638 luna

373 4683 477 4740 per
505 4670 734 4723 noctem
773 4667 882 4738 (Ps.
934 4684 1062 4733 cxx,
1111 4668 1187 4739 6).
1213 4670 1469 4734 Quorum
1511 4668 1780 4737 alterum,
1810 4672 2019 4728 nimiis

373 4757 607 4830 pluviis,
656 4762 712 4813 et
760 4756 1210 4828 tempestatibus
1258 4757 1706 4815 tribulationum
1753 4760 2021 4818 dissolvit

375 4845 698 4902 oblationes
723 4863 736 4901 :
762 4845 1010 4902 alterum
1031 4845 1355 4902 vehementi
1379 4852 1520 4903 eastu
1544 4850 2018 4920 persecutionum

377 4932 614 4988 arefacit
643 4933 930 5006 quidquid
963 4933 1222 4990 oblatum
1253 4940 1360 4990 est.
1394 4935 1652 5008 Ignosce,
1678 4937 1874 5007 lector,
1909 4939 2020 4994 dif-

377 5016 620 5074 ﬁcultati
648 5019 907 5078 locorum
934 5039 945 5078 :
983 5027 1083 5077 aut
1113 5023 1161 5078 si
1194 5022 1404 5080 melius
1439 5026 1579 5095 quid
1625 5027 1884 5083 invenire
1914 5045 2018 5100 po-

380 5105 490 5172 tes,
523 5105 696 5163 doce:
730 5108 977 5168 libenter
1003 5111 1288 5173 discimus
1319 5114 1474 5185 quod
1506 5115 1821 5172 nescimus.

451 5227 637 5299 (Vera.
669 5229 735 5282 44
787 5235 973 5306 seqq.)
1027 5256 1055 5284 «
1113 5235 1182 5290 Et
1211 5240 1370 5293 extra
1413 5241 1640 5310 portam
1671 5239 2018 5296 anteriorem

383 5339 411 5369 «
442 5315 851 5391 gazophylacia
901 5327 1205 5378 cantorum
1265 5325 1324 5380 in
1383 5327 1526 5382 atrio
1556 5327 1837 5392 interiori,
1863 5329 2016 5399 quod

381 5431 410 5458 «
441 5411 566 5464 erat
596 5405 654 5461 in
685 5403 861 5462 latere
881 5415 1060 5478 portae
1086 5412 1450 5483 respicientis
1470 5415 1914 5486 Aquilonem,et
1937 5416 2020 5471 fa-

384 5517 414 5548 «
443 5497 562 5554 cies
583 5511 785 5553 eorum
807 5500 1008 5552 contra
1034 5499 1188 5556 viam
1219 5502 1576 5561 Australem:
1599 5521 1718 5560 una
1745 5521 1814 5560 ex
1841 5502 2021 5561 latere

382 5607 414 5642 «
438 5588 624 5646 Portus
645 5583 976 5657 Orientalis,
999 5601 1126 5662 qua
1155 5589 1505 5663 respiciebat
1534 5593 1606 5652 ad
1653 5593 1811 5653 viam
1840 5593 2019 5669 Aqui-

2151 519 2178 546 ‹‹
2220 498 2373 569 quod
2400 497 2637 570 respicit
2656 497 2808 553 viam
2831 496 3218 554 meridianam
3229 495 3628 567 sacerdotumi
3645 497 3802 566 Vulg.

2152 609 2181 637 «
2214 587 2366 642 addit
2408 586 2558 658 erit],
2621 587 2723 659 qui
2795 587 3083 644 excubant
3135 587 3197 642 in
3230 584 3514 643 custodiis
3573 582 3803 656 templi.

2155 697 2178 726 ι
2214 675 2390 731 Porro
2447 674 2928 748 gazophylacium
2995 675 3152 746 quod
3211 673 3448 746 respicit
3504 673 3576 729 ad
3643 673 3801 728 viam

2151 786 2180 813 «
2211 763 2533 834 Aquilonis,
2567 765 2940 820 sacerdotum
2972 764 3084 819 erit
3118 764 3224 836 qui
3266 763 3558 820 excubant
3587 762 3660 818 ad
3692 761 3802 817 mi-

2154 875 2182 904 «
2214 853 2516 909 nisterium
2551 853 2788 909 altaris:
2826 852 2929 908 Isti
2958 857 3094 907 sunt
3145 852 3250 907 ﬁlii
3308 851 3493 908 Sadoc
3522 851 3621 922 qui
3644 866 3808 907 acce-

2151 965 2178 992 «
2205 943 2353 997 dunt
2379 942 2450 996 de
2473 940 2610 997 ﬁliis
2633 941 2766 996 Levi
2799 941 2870 996 ad
2903 940 3238 1005 Dominum,
3262 943 3327 994 ut
3356 937 3694 994 ministrent
3732 936 3807 992 ei.

2152 1054 2180 1081 «
2214 1031 2284 1085 Et
2313 1047 2552 1086 mensus
2585 1034 2674 1086 est
2703 1029 2918 1084 atrium
2941 1027 3307 1102 longitudine
3329 1031 3562 1083 centum
3586 1025 3811 1082 cubito-

2157 1143 2177 1169 α
2213 1136 2365 1186 rum,
2400 1122 2458 1175 et
2486 1118 2792 1174 latitudine
2843 1123 3077 1174 centum
3139 1117 3470 1173 cubitorum
3527 1132 3630 1188 per
3661 1132 3807 1187 qua-

2150 1232 2178 1258 «
2212 1209 2408 1275 drum,
2441 1213 2496 1263 et
2528 1208 2707 1263 altare
2739 1210 2871 1263 ante
2901 1207 3108 1262 faciem
3137 1204 3361 1278 templi.
3382 1205 3450 1260 Et
3477 1204 3811 1260 introduxit

2155 1320 2176 1347 .
2211 1313 2305 1353 me
2335 1297 2395 1352 in
2426 1296 2788 1353 vestibulum
2821 1295 3024 1368 templi
3052 1298 3142 1351 :et
3172 1311 3414 1352 mensus
3438 1298 3527 1350 est
3549 1293 3813 1350 vestibu-

2151 1386 2335 1442 «lum
2366 1387 2628 1458 quinque
2677 1385 2891 1441 cubitis
2945 1385 3109 1453 hinc,
3164 1387 3221 1439 et
3268 1383 3530 1456 quinque
3584 1383 3811 1438 cubitis

2155 1495 2177 1524 ι
2209 1475 2345 1531 inde
2376 1479 2432 1530 et
2460 1474 2833 1530 latitudinem
2867 1477 3049 1546 portae
3070 1473 3252 1528 trium
3284 1473 3618 1528 cubitorum
3641 1471 3809 1538 hinc,

2149 1597 2177 1623 «
2212 1577 2268 1630 et
2296 1571 2477 1628 trium
2509 1571 2840 1628 cubitorum
2901 1571 3058 1626 inde.
3121 1570 3571 1643 Longitudincm
3602 1572 3811 1626 autem

2151 1685 2178 1712 ‹‹
2210 1660 2481 1716 vestibuli
2512 1660 2716 1733 viginti
2749 1660 3104 1730 cubitorum,
3135 1664 3195 1714 et
3221 1658 3594 1715 latitudinem
3625 1659 3815 1716 unde-

2151 1774 2176 1800 «
2213 1750 2328 1805 cim
2358 1749 2776 1816 cubitorum,et
2808 1753 2934 1804 octo
2963 1747 3247 1820 gradibus
3268 1747 3702 1804 ascendebatur
3730 1748 3808 1803 ad

2146 1861 2174 1889 ‹‹
2206 1844 2422 1905 eam,et
2454 1837 2739 1894 columnae
2772 1853 2974 1892 earum
2994 1837 3133 1907 (Sic.
3163 1853 3308 1893 mss.
3333 1836 3505 1909 Vulg.
3527 1838 3810 1908 erant),in

2147 1950 2175 1977 ‹‹
2206 1927 2520 1997 frontibus,
2553 1944 2672 1983 una
2728 1927 2884 1997 hinc,
2917 1930 2973 1982 et
3020 1926 3205 1982 altera
3263 1926 3414 1982 inde.
3450 1945 3475 1976 ο
3505 1926 3663 1981 490
3696 1926 3809 1982 Pro

2139 2018 2570 2090 gazophylaciis,
2595 2015 2977 2089 Septuaginta
3001 2016 3234 2073 exedra:
3254 2014 3708 2072 transtulerunt.
3734 2015 3812 2072 Il-

2141 2106 2359 2178 ludque
2386 2107 2540 2178 quod
2573 2123 2677 2162 nos
2707 2105 2964 2161 diximus
2990 2105 3230 2174 exedrae,
3254 2105 3372 2161 sive
3399 2104 3809 2176 gazophylacia

2142 2200 2467 2262 cantorum,
2498 2195 2570 2250 ab
2617 2194 2703 2251 eis
2741 2195 3202 2267 pratermissum
3259 2198 3366 2250 est.
3420 2195 3808 2267 Rursumque

2140 2289 2273 2356 post
2295 2300 2636 2340 mensuram
2669 2283 2941 2340 vestibuli
2982 2284 3242 2356 quinque
3272 2282 3603 2339 cubitorum
3636 2282 3802 2352 hinc,

2139 2385 2198 2436 et
2229 2381 2492 2454 quinque
2522 2382 2858 2438 cubitorum
2892 2381 3045 2448 inde,
3079 2381 3354 2437 addidere
3383 2381 3454 2436 de
3486 2385 3693 2447 suo,et
3720 2381 3804 2436 ια-

2135 2472 2310 2527 litudo
2329 2480 2506 2542 porta:
2525 2472 2830 2527 cubitorum
2855 2470 3288 2542 quatuordecim,
3311 2486 3445 2525 cum
3467 2470 3529 2524 in
3553 2469 3802 2526 Hebraeo

2139 2563 2372 2616 tantum
2407 2561 2664 2632 positum
2696 2561 2792 2627 sit,
2825 2568 2875 2615 et
2906 2559 3134 2616 latitudo
3163 2569 3331 2630 portae
3363 2561 3534 2615 trium
3581 2560 3805 2615 cubito-

2135 2666 2261 2704 rum
2292 2649 2439 2715 hinc,
2465 2657 2516 2704 et
2545 2657 2720 2705 totum
2746 2650 3056 2704 cubitorum
3077 2648 3223 2704 inde.
3244 2648 3371 2703 Hac
3393 2647 3672 2704 lectorem
3692 2649 3804 2704 ad-

2136 2738 2354 2798 monui,
2389 2743 2444 2792 te
2503 2737 2956 2793 translationum
2988 2737 3324 2793 diversitate
3358 2736 3656 2801 turbetur,
3691 2738 3802 2792 sed

2133 2831 2199 2881 ut
2228 2826 2286 2881 in
2318 2827 2590 2898 praesenti
2619 2826 2829 2896 loco,et
2861 2825 3113 2882 maxime
3144 2826 3204 2880 in
3237 2825 3524 2881 mensuris
3552 2825 3794 2896 templi,

2134 2915 2412 2970 llebraico
2443 2916 2682 2971 veritate
2711 2919 3019 2972 contentus
3050 2915 3337 2986 sithitur
3365 2919 3490 2986 post
3516 2930 3798 2981 murum,

2132 3020 2308 3076 quem
2338 2998 2629 3078 περίϐολον
2664 3005 3045 3076 Septuaginta
3080 3003 3520 3068 transtulerunt,
3551 3003 3660 3074 qui
3705 3008 3802 3060 to-

2135 3099 2260 3148 tum
2292 3092 2576 3165 templum
2607 3111 2709 3165 per
2738 3094 3028 3164 quadrum
3059 3093 3352 3149 ambiebat
3407 3093 3467 3146 in
3508 3092 3797 3158 circuitu,

2138 3191 2540 3246 introductum
2569 3191 2914 3263 prophetam
2946 3191 3196 3263 legimus
3218 3191 3274 3245 in
3299 3190 3515 3246 atrium
3535 3189 3796 3247 interius

2135 3285 2192 3335 et
2221 3280 2429 3335 deinde
2456 3280 2526 3334 ad
2559 3280 2988 3351 Aquilonem,et
3019 3281 3090 3335 ad
3122 3283 3493 3344 Austrum,et
3541 3280 3616 3335 ad
3655 3297 3798 3352 por-

2134 3373 2253 3424 tam
2287 3367 2724 3435 Orientalem,et
2754 3385 2991 3424 rursum
3023 3369 3093 3424 ad
3125 3367 3473 3440 Aquilonem
3500 3386 3514 3424 :
3547 3369 3622 3423 de
3652 3369 3799 3442 qui,-

2137 3458 2268 3526 bus,
2302 3462 2365 3512 ut
2397 3458 2715 3529 potuimus,
2736 3457 3012 3528 diximus,
3029 3462 3087 3513 et
3113 3458 3170 3512 in
3205 3473 3457 3529 quorum
3487 3458 3804 3514 diversita-

2134 3546 2311 3615 tibus,
2341 3546 2427 3601 vel
2461 3548 2790 3617 nominum,
2819 3546 2906 3602 vel
2957 3563 3394 3613 mensurarum,
3425 3546 3564 3618 quid
3618 3547 3804 3603 nobis

2133 3634 2446 3702 videretur,
2481 3636 2806 3706 praeteritus
2863 3651 3055 3691 sermo
3104 3635 3444 3691 monstravit
3475 3653 3488 3689 :
3522 3652 3802 3706 quorum

2134 3739 2370 3779 sensum
2403 3723 2810 3779 testimonium
2865 3724 3182 3780 Salvatoris
3229 3724 3471 3780 breviter
3512 3724 3810 3780 ostendit

2134 3811 2381 3868 dicentis
2411 3830 2423 3868 :
2453 3814 2515 3868 In
2547 3813 2720 3868 domo
2752 3813 2942 3868 Patris
2974 3814 3086 3868 mei
3120 3813 3314 3869 multae
3357 3815 3492 3868 sunt
3519 3813 3813 3869 mansio-

2134 3916 2236 3956 nes
2267 3903 2442 3969 (Joan.
2474 3919 2589 3965 xrv,
2621 3903 2699 3971 2).
2733 3901 2952 3966 Quibus
2991 3901 3249 3973 expletis,
3283 3901 3613 3974 ingreditur
3639 3905 3812 3958 tem-

2133 3990 2316 4060 plum,
2350 3991 2462 4046 hoc
2491 3996 2597 4059 est,
2633 3991 2847 4046 Sancta
2877 3995 3239 4057 sanctorum,
3270 3992 3343 4046 de
3371 3990 3590 4062 quibus
3632 4008 3808 4047 nunc

2131 4079 2366 4147 dicitur,
2400 4084 2458 4135 et
2488 4080 2640 4134 intra
2671 4084 2895 4152 portam
2944 4080 3302 4148 interiorem,
3346 4079 3807 4152 gazophylacia,

2132 4169 2250 4223 sive
2279 4169 2502 4224 exedra:
2533 4173 2860 4225 cantorum.
2921 4170 3006 4224 Ad
3065 4185 3214 4240 quos
3269 4167 3415 4224 illud
3465 4168 3810 4240 imperium

2131 4260 2220 4311 est
2244 4273 2255 4309 :
2281 4256 2520 4312 Cantate
2549 4257 2795 4313 Domino
2845 4258 3139 4313 canticum
3172 4274 3385 4314 novum
3406 4257 3522 4330 (Ps.
3558 4273 3701 4325 xcv,
3727 4260 3809 4329 1).

2131 4355 2240 4418 Qui
2271 4371 2405 4411 cum
2429 4354 2668 4427 Angelis
2689 4355 3025 4410 clamitant:
3051 4354 3247 4411 Gloria
3266 4355 3325 4410 in
3362 4353 3611 4411 excelsis
3648 4355 3810 4423 Deo,

2129 4447 2186 4498 et
2216 4459 2393 4515 super
2412 4447 2629 4499 terram
2663 4461 2770 4516 pax
2802 4444 2861 4498 in
2893 4443 3234 4499 hominibus
3267 4444 3429 4499 bona:
3460 4441 3812 4499 voluntatis
3841 4443 3856 4452 ’

2151 4535 2274 4588 Luc.
2305 4549 2366 4602 ll,
2395 4532 2504 4601 44).
2539 4533 2700 4597 Quod
2722 4533 3203 4589 atriuminterius
3232 4537 3355 4588 erat
3389 4531 3572 4588 situm
3596 4532 3671 4588 in
3718 4532 3816 4590 la-

2130 4624 2249 4676 tere
2272 4625 2469 4693 portze,
2501 4637 2628 4692 quae
2689 4619 3034 4692 respiciebat
3089 4622 3162 4677 ad
3219 4620 3593 4693 Aquilonem,
3628 4627 3701 4676 et
3734 4621 3813 4678 ad

2128 4713 2428 4781 Austrum,
2461 4715 2517 4765 et
2558 4711 2630 4765 ad
2679 4710 2996 4777 Orientem,
3028 4713 3095 4765 ut
3134 4726 3365 4781 semper
3402 4709 3820 4767 meminerint

2129 4803 2393 4855 cantores
2424 4798 2673 4868 Domini,
2708 4807 2765 4854 et
2793 4798 2895 4870 qui
2926 4799 3266 4871 angelorum
3299 4797 3488 4854 ofﬁcio
3515 4798 3819 4857 detinen-

2129 4891 2245 4955 tur,
2281 4903 2383 4960 per
2409 4905 2555 4960 quos
2586 4889 2804 4960 gradus
2867 4889 2938 4943 ad
2988 4904 3226 4944 summa
3283 4887 3718 4960 pervenerint;
3758 4892 3822 4944 et

2129 4977 2407 5048 mysteria
2435 4977 3076 5048 singulorumlocorum
3100 4976 3412 5049 diligenter
3433 4983 3819 5048 agnoscant.

2128 5063 2388 5135 Denique
2415 5065 2503 5119 vir
2527 5065 2626 5120 ille
2655 5067 2824 5136 cujus
2881 5065 3168 5134 calamus,
3199 5070 3257 5121 et
3306 5063 3612 5121 funiculus
3678 5070 3827 5124 erat

2127 5151 2186 5206 in
2219 5169 2416 5221 manu,
2450 5153 2778 5208 introducto
2839 5153 3120 5226 propheta
3172 5154 3231 5208 in
3283 5153 3497 5210 atrium
3531 5153 3824 5214 interius

2131 5242 2285 5313 quod
2317 5241 2823 5314 respiciebatviam
2845 5243 3254 5314 meridianam,
3275 5241 3396 5298 haec
3416 5241 3665 5301 locutus
3693 5252 3826 5317 est,

2131 5335 2248 5387 Hoc
2277 5339 2356 5386 est
2378 5332 2838 5403 gazophylacium
2883 5331 3002 5387 sive
3049 5331 3286 5399 exedra;
3321 5334 3376 5387 et
3414 5337 3477 5385 ut
3509 5331 3832 5390 Theodo-

2128 5419 2208 5474 tio
2242 5420 2454 5491 posuit,
2485 5419 2790 5486 thalamus,
2849 5420 2950 5491 qni
2998 5419 3345 5476 habitationi
3402 5421 3829 5480 sacerdotum

2129 5513 2434 5581 separatus
2483 5512 2591 5582 est,
2643 5508 3080 5565 observantium
3127 5509 3186 5564 in
3235 5506 3495 5564 excubiis
3553 5512 3831 5584 templi.

2127 5596 2302 5658 Porro
2331 5595 2810 5676 gazophylacium
2840 5599 2997 5675 quod
3030 5596 3268 5674 respicit
3299 5595 3373 5657 ad
3416 5595 3582 5658 viam
3609 5600 3834 5677 Aqui-
