3944 6178
291 304 384 372 404

873 307 1623 376 COMMENTARIORUM
1665 307 1746 372 IN
1786 305 2290 374 EZECHIELEM
2335 311 2482 377 LIB.
2529 317 2665 382 XII.
2709 318 2876 383 CAP.
2920 318 3071 386 XLI.

3553 315 3677 388 40!

289 461 316 494 α
338 440 480 536 tudo
497 439 628 536 ejus
657 440 908 536 duorum
939 448 1269 504 cubitorum
1297 466 1310 504 :
1345 447 1413 504 Et
1450 446 1649 520 anguli
1680 449 1829 518 ejus,
1861 450 1918 502 et
1944 445 2001 511 Α
2029 445 2165 536 talis
2195 451 2392 505 autem
2423 465 2559 522 pars
2591 469 2705 510 non
2755 454 3009 513 habebat
3037 457 3346 525 fenestras,
3378 453 3517 532 quia
3544 457 3672 536 ipse

290 533 631 605 «longitudo
661 534 808 605 ejus,
861 539 919 590 et
965 537 1215 607 parietes
1257 538 1383 608 ejus
1413 536 1610 608 lignei.
1641 536 1814 590 LXX:
1850 536 1918 590 Et

284 643 311 670 α
337 637 572 679 mensus
601 628 689 680 est
717 629 770 693 ἐκ
817 630 1017 680 contra
1031 629 1077 694 ’⁸,
1103 626 1345 682 domum
1367 624 1793 697 longitudinem
1820 641 1918 680 cu-

282 734 306 760 ‹‹
334 712 584 768 bitorum
617 719 852 770 centum
885 733 897 771 :
918 720 976 770 et
995 713 1222 786 reliqua
1238 715 1639 786 etseparantia
1658 719 1716 769 et
1736 714 1919 786 parie-

281 824 305 851 «
333 805 413 857 tes
439 803 663 873 ejus,in
695 803 1121 877 longitudinem
1175 805 1506 859 cubitorum
1539 808 1775 858 centum
1802 821 1814 858 :
1848 804 1916 858 Et

279 913 304 939 ‹‹
333 889 698 947 latitudinem
731 897 938 948 contra
964 892 1169 947 faciem
1200 892 1492 964 templi,et
1513 892 1739 963 reliqua
1755 908 1916 948 econ-

282 1002 304 1028 ‹‹
332 983 415 1034 tra
427 979 765 1035 cubitorum
784 982 1373 1036 centum.Etmensus
1387 980 1914 1053 estlongitudinem

279 1090 304 1117 «
333 1069 652 1139 separantis
683 1074 886 1125 contra
917 1071 1120 1125 faciem
1169 1069 1559 1142 reliquorum,
1593 1086 1719 1140 qua:
1751 1073 1916 1125 erant

282 1179 304 1206 «
332 1163 456 1229 post
475 1161 707 1230 tergum
732 1160 945 1214 domus
963 1158 1204 1227 illius,et
1220 1159 1440 1231 reliqua
1455 1159 1587 1213 hinc
1603 1159 1914 1214 etindecu-

281 1269 303 1296 α
329 1247 582 1303 biturum
611 1253 848 1303 centum
871 1247 1397 1321 longitudinem.Et
1417 1248 1703 1319 templum
1725 1253 1780 1304 et
1812 1266 1913 1304 an-

280 1357 302 1385 ιι
329 1335 462 1408 guli,
496 1342 554 1391 et
575 1337 760 1392 /Elam
783 1337 1039 1394 exterius
1061 1341 1243 1393 strata
1263 1337 1442 1409 ligno,
1479 1343 1534 1392 et
1559 1340 1822 1393 fenestra:
1852 1339 1913 1392 in

278 1447 301 1474 «ι
326 1426 564 1481 modum
595 1426 738 1482 retis
759 1426 921 1482 factae
945 1428 1161 1494 tres,ad
1185 1426 1596 1496 lucendum,ut
1621 1426 1913 1498 prospice-

279 1536 302 1565 «ε
327 1521 478 1570 retur
499 1531 604 1587 per
626 1531 746 1570 eas.
779 1516 850 1570 Et
871 1517 1102 1582 domus,
1124 1519 1180 1570 et
1200 1532 1268 1570 ea
1294 1532 1420 1586 quze
1443 1515 1705 1587 proxima
1725 1519 1910 1580 erant,

269 1626 300 1654 ·«
327 1608 501 1660 strata
553 1603 714 1677 ligno
773 1621 873 1676 per
940 1604 1304 1660 circuitum:
1357 1605 1425 1659 Et
1488 1604 1912 1676 pavimentum,

279 1715 300 1744 «
325 1695 464 1751 θοι
502 1698 564 1748 et
591 1694 664 1748 de
694 1694 1028 1765 pavimento
1051 1710 1239 1766 usque
1257 1694 1327 1749 ad
1354 1694 1734 1749 fenestras.Et
1763 1694 1915 1750 fene.

273 1806 297 1833 α
323 1789 447 1840 strze
473 1783 892 1855 aperiebantur
913 1781 1238 1854 tripliciter,
1272 1787 1336 1838 ut
1361 1783 1796 1854 prospiceretur
1814 1800 1915 1855 per
1945 1818 1992 1883 B

270 1896 293 1922 α
321 1889 412 1928 eas
435 1876 723 1943 :etusque
745 1872 817 1926 ad
841 1872 1082 1926 domum
1102 1871 1525 1935 interiorem,et
1544 1871 1906 1942 exteriorem,

269 1985 293 2012 ι(
317 1967 371 2017 et
398 1978 500 2033 per
531 1975 773 2016 omnem
806 1959 1088 2032 parietem
1119 1959 1179 2014 in
1212 1960 1457 2015 circuitu
1483 1959 1836 2016 intrinsecus
1857 1965 1916 2016 et

266 2051 680 2106 «extrinsecus
743 2065 1041 2116 mensura,
1096 2053 1151 2103 et
1195 2048 1396 2103 caelata
1464 2049 1800 2121 Cherubim,
1857 2054 1914 2105 et

268 2161 288 2189 ι
321 2139 523 2212 palma:
556 2139 714 2193 inter
744 2137 974 2193 Cherub
1004 2141 1060 2192 et
1113 2137 1359 2192 Cherub.
1396 2142 1529 2192 Duae
1563 2138 1739 2193 facies
1768 2138 1912 2194 Che-

261 2250 289 2279 ‹‹
318 2229 465 2284 rub:
515 2227 699 2284 facies
748 2226 1008 2282 hominis
1058 2227 1127 2281 ad
1174 2226 1432 2299 palmam
1464 2225 1620 2293 hinc,
1653 2230 1709 2281 et
1738 2227 1912 2282 facies

261 2340 289 2366 ι‹
317 2317 499 2372 leonis
530 2317 600 2372 ad
616 2315 878 2388 palmam
912 2315 1046 2370 inde
1074 2332 1086 2370 :
1123 2315 1360 2370 caelatus
1383 2314 1575 2370 omnis
1599 2314 1789 2386 paries
1811 2333 1913 2387 per

260 2428 291 2455 (ί
326 2404 622 2460 circuitum
646 2423 680 2460 a
701 2404 1035 2477 pavimento
1065 2421 1250 2475 usque
1273 2405 1343 2458 ad
1363 2404 1664 2476 laquearia
1695 2405 1910 2460 Cheru-

257 2517 290 2545 ‹‹
325 2494 469 2561 bim,
501 2499 556 2549 et
583 2493 791 2565 palma:
849 2493 1076 2548 caelata.
1131 2495 1201 2547 Et
1244 2493 1642 2548 sanctuarium
1675 2498 1730 2548 et
1758 2497 1909 2548 tem-

248 2607 278 2636 α
312 2584 481 2657 plum
506 2583 880 2656 aperiebatur
909 2599 1010 2654 per
1040 2587 1292 2654 quatuor
1323 2581 1569 2654 angulos
1601 2587 1803 2637 contra
1831 2583 1912 2637 fa-

247 2696 276 2723 εί
312 2673 462 2728 ciem
477 2676 850 2728 sanctorum:
880 2671 1024 2726 visio
1051 2671 1216 2743 quasi
1245 2671 1469 2742 species
1491 2670 1911 2743 altarislignei:

243 2785 274 2813 ‹‹
306 2763 489 2817 trium
513 2762 849 2817 cubitorum
882 2760 1128 2816 altitudo
1155 2762 1302 2831 ejus,
1329 2765 1386 2815 et
1410 2760 1713 2832 longitudo
1746 2760 1907 2816 cubi-

242 2874 270 2902 ‹‹
305 2856 506 2908 torum
540 2852 792 2906 duorum
822 2868 833 2905 :
862 2855 917 2905 et
936 2849 1183 2905 latitudo
1203 2849 1534 2904 cubitorum
1558 2851 1829 2904 duorum:
1855 2854 1911 2905 et

229 2963 266 2991 Δι
308 2958 533 2996 cornua
561 2940 838 3004 habebat,
899 2939 1072 2994 bases
1121 2954 1354 3010 quoque
1403 2943 1460 2993 et
1501 2938 1750 3010 parietes
1780 2939 1908 3008 ejus

248 3052 270 3079 ι
304 3029 504 3103 lignei.
547 3052 576 3078 »
614 3029 869 3084 Verbum
893 3032 1105 3099 contra,
1139 3027 1294 3098 quod
1327 3027 1461 3082 LXX
1482 3028 1909 3083 transtulerunt

240 3119 306 3174 in
344 3119 636 3192 principio
669 3117 1014 3182 testimonii,
1039 3116 1139 3171 ubi
1170 3115 1456 3187 scriptum
1489 3121 1611 3172 est:
1646 3120 1721 3171 Et
1750 3132 1905 3171 men-

2025 534 2300 594 introitus
2326 538 2549 596 clarum
2578 541 2931 601 immittebat
2976 546 3176 604 lumen
3208 534 3584 616 intrinsecus,
3617 553 3677 607 et

2025 629 2235 680 cuncta
2264 625 2541 685 interiora
2591 632 2814 704 templi,
2871 635 3188 705 januarum
3245 636 3468 694 lumine
3517 639 3673 697 502

2025 715 2488 786 complebantur,
2509 719 2591 774 ita
2607 725 2672 775 ut
2701 738 2804 793 per
2831 723 3096 795 singulas
3125 726 3414 784 fenestras
3444 731 3502 784 et
3529 744 3673 784 can-

2025 803 2304 860 cellorum
2336 806 2622 864 foramina
2678 810 2830 867 intro
2860 812 2992 883 quis
3040 819 3238 886 posset
3268 816 3546 889 aspicere.
3601 817 3675 875 Et

2027 908 2143 946 non
2161 892 2354 949 solum
2369 896 2656 952 exteriora
2676 904 2842 954 erant
2866 901 3347 976 strataligno,sed
3374 908 3539 961 tanta
3550 909 3675 963 erat

2025 979 2319 1052 lignorum
2349 985 2516 1056 copia
2546 1002 2650 1056 per
2678 988 3080 1057 circuitum,ut
3108 995 3166 1047 et
3195 994 3594 1064 pavimentum
3617 998 3677 1051 et

2025 1071 2095 1125 de
2117 1071 2446 1142 pavimento
2466 1092 2651 1147 usque
2684 1079 2754 1132 ad
2778 1077 3084 1151 fenestras,
3113 1079 3290 1153 lignis
3315 1083 3675 1155 omniajun-

2023 1163 2317 1230 gerentur.
2368 1165 2501 1228 Quae
2534 1165 2796 1221 fenestra
2840 1168 3011 1238 juxta
3038 1171 3420 1243 Septuaginta
3448 1173 3674 1245 aperie-

2023 1248 2239 1303 bantur
2268 1250 2606 1322 tripliciter:
2639 1260 2704 1309 ut
2736 1257 2954 1326 apertis
2986 1256 3091 1325 eis,
3126 1259 3335 1332 triplex
3364 1259 3423 1315 in
3452 1261 3674 1336 templo

2022 1336 2121 1391 Dei
2150 1337 2535 1412 intelligentia
2556 1347 3170 1417 monstrareturjuxta
3189 1347 3334 1404 illud
3357 1350 3513 1421 quod
3537 1349 3676 1406 alibi

2025 1425 2275 1482 dicitur:
2333 1430 2418 1484 'l‘u
2473 1434 2666 1487 autem
2718 1431 2980 1489 describe
3035 1451 3103 1490 ea
3148 1435 3458 1508 tripliciter
3486 1439 3674 1510 (Prov.

2021 1532 2125 1580 χιι,
2156 1518 2267 1587 20).
2303 1517 2661 1591 Prospicitur
2711 1526 2908 1578 autem
2961 1540 3065 1595 per
3092 1541 3190 1580 eas
3221 1541 3338 1581 non
3363 1525 3556 1583 solum
3582 1527 3674 1583 in-

2026 1604 2336 1672 terius,sed
2369 1611 2424 1662 et
2455 1609 2706 1664 exterius
2732 1628 2744 1666 :
2779 1615 2845 1665 ut
2874 1627 3000 1682 quae
3030 1611 3306 1669 interiora
3335 1617 3494 1682 sunt,
3525 1612 3679 1671 invi-

2025 1693 2252 1761 sibilia;
2286 1711 2413 1766 quaa
2464 1698 2768 1766 exteriora,
2816 1699 3068 1756 visibilia
3114 1717 3578 1775 cognoscamus:
3611 1707 3680 1760 ut

2027 1781 2187 1837 aliud
2210 1785 2650 1851 mentem,aliud
2673 1788 3093 1855 carnem,aliud
3119 1788 3487 1861 spiritualem
3509 1789 3682 1848 intel-

2023 1870 2348 1943 ligentiam,
2380 1873 2537 1929 aliud
2571 1875 2897 1948 simplicem
2944 1882 3230 1934 monstret
3257 1878 3586 1946 historiam,
3619 1882 3678 1936 et

2023 1976 2126 2031 per
2171 1977 2374 2016 omnes
2423 1963 2676 2034 parietes
2726 1965 2787 2018 in
2837 1964 3111 2032 circuitu,
3140 1970 3263 2022 tam
3293 1966 3673 2039 intrinsecus,

2024 2065 2201 2120 quam
2251 2051 2628 2120 extrinsecus,
2702 2057 2867 2109 erant
2933 2071 3241 2114 mensurae.
3301 2054 3461 2112 Nihil
3519 2055 3678 2113 enim

2021 2139 2246 2210 absque
2269 2139 2490 2196 ratione
2513 2145 2570 2196 et
2593 2158 2870 2199 mensura
2891 2143 2949 2198 in
2973 2145 3192 2216 templo
3213 2144 3402 2213 Dei,et
3422 2146 3679 2202 maxime

2023 2227 2079 2281 in
2114 2233 2316 2284 sancta
2349 2231 2454 2299 [AL
2491 2233 2714 2302 sancta]
2746 2237 3083 2288 sanctorum
3115 2250 3149 2288 a
3178 2233 3295 2288 Deo
3323 2233 3541 2304 factum
3565 2235 3671 2290 est.

2020 2316 2230 2373 Caelata
2261 2335 2494 2390 quoque
2515 2324 2682 2375 erant
2701 2320 3035 2388 Cherubim,
3063 2321 3223 2377 haud
3252 2321 3502 2377 dubium
3532 2321 3676 2394 quin

2020 2403 2079 2458 in
2108 2403 2308 2476 lignis,
2341 2405 2411 2460 de
2441 2407 2770 2477 pavimento
2817 2424 3008 2479 usque
3039 2409 3108 2463 ad
3142 2409 3430 2465 fenestras
3455 2409 3678 2481 pertin-

2019 2493 2313 2566 gentibus,
2348 2499 2403 2549 et
2432 2499 2553 2550 tam
2578 2495 2904 2550 fabrefacta:
2927 2501 3093 2552 erant
3123 2497 3428 2564 caelatura,
3462 2502 3526 2553 ut
3555 2513 3673 2554 non

2020 2581 2282 2654 sculptae,
2316 2583 2416 2638 sed
2447 2583 2726 2654 appositae
2775 2584 3131 2640 viderentur.
3163 2584 3462 2642 Cherubim
3489 2585 3674 2640 inter-

2020 2676 2324 2743 pretantur
2351 2673 2598 2729 scienliar:
2645 2673 2959 2729 multitudo.
3014 2673 3198 2746 Igitur
3225 2673 3580 2730 intrinsecus
3612 2673 3674 2730 in

2017 2759 2395 2816 interioribus
2425 2760 2628 2832 templi
2660 2767 2791 2832 post
2821 2761 3078 2817 scientiae
3101 2762 3543 2819 multitudinem
3570 2779 3677 2819 caa-

2017 2847 2215 2904 lantur
2245 2854 2301 2904 et
2326 2848 2555 2920 palma,
2576 2849 2635 2904 in
2660 2849 2876 2922 quibus
2899 2850 3135 2923 signum
3154 2851 3408 2908 victoria;
3440 2854 3550 2917 est,
3582 2851 3670 2908 di-

2018 2942 2182 2994 cente
2207 2938 2484 3009 Apostolo
2511 2957 2523 2994 :
2558 2938 2879 3012 Persequor
2907 2944 3102 2996 autem
3126 2941 3197 2996 ad
3223 2943 3510 2997 statutum
3531 2940 3675 2997 bra-

2014 3026 2176 3081 vium
2236 3043 2504 3098 supernae
2563 3028 2879 3084 vocationis
2933 3027 3063 3096 Dei,
3115 3028 3177 3083 in
3225 3028 3454 3084 Christo
3520 3027 3664 3084 Jesu

2015 3115 2246 3188 (Philip.
2271 3133 2355 3187 In,
2391 3116 2499 3188 14).
2531 3116 2664 3180 Quae
2714 3117 2920 3189 palma:
2975 3121 3141 3172 erant
3168 3116 3323 3173 inter
3350 3116 3579 3174 Cherub
3611 3120 3671 3174 et

240 3187 443 3265 sus—est
471 3187 666 3264 contra
694 3207 936 3276 domum,
967 3205 1026 3260 in
1076 3205 1358 3261 Hebraico
1397 3222 1512 3260 non
1545 3205 1814 3273 habetur,
1847 3209 1905 3260 et
1933 3187 1976 3254 (ἶ
2015 3187 2338 3272 Cherub,ut
2364 3222 2546 3260 unum
2579 3187 2807 3261 Cherub
2839 3207 3091 3262 duarum
3113 3206 3445 3279 palmarum
3473 3204 3666 3262 lateri-

239 3297 462 3354 idcirco
485 3296 656 3353 obelo
684 3295 1128 3367 praenotandum
1151 3298 1274 3350 est:
1301 3298 1364 3348 ut
1390 3294 1466 3349 sit
1493 3294 1706 3350 rectius
1727 3299 1784 3350 et
1803 3311 1896 3350 ve-

243 3388 446 3454 rius,el
477 3402 702 3442 mensus
721 3394 797 3440 est
827 3384 1051 3438 domum
1081 3383 1423 3450 longitudine
1450 3384 1755 3438 cubitorum
1774 3400 1899 3438 cen-

244 3480 458 3544 tum,et
480 3475 731 3546 reliqua.
764 3473 1184 3528 Describuntur
1210 3476 1404 3526 autem
1438 3473 1650 3527 Sancta
1679 3477 1902 3527 sancto~

244 3581 382 3618 rum
401 3569 458 3620 et
478 3561 772 3634 templum
805 3562 1073 3624 interius,
1107 3560 1262 3631 quod
1294 3563 1426 3630 post
1455 3560 1772 3631 nonaginta
1801 3577 1900 3615 cu-

244 3653 424 3721 bitos,
455 3670 526 3709 ex
576 3652 769 3707 tribus
821 3649 1088 3722 partibus
1127 3653 1402 3704 centenos
1432 3649 1658 3704 cubitos
1689 3649 1901 3704 habere

245 3742 584 3815 dicatur,(a)
604 3740 926 3814 perfectum
940 3738 1205 3794 videlicet
1219 3754 1529 3793 numerum
1548 3739 1901 3794 decadarum

246 3830 486 3888 decem:
531 3835 600 3886 ut
649 3834 708 3884 et
738 3832 955 3892 mente,
997 3831 1054 3882 et
1086 3843 1371 3895 sermone,
1404 3829 1460 3881 et
1488 3826 1761 3898 operibus
1791 3828 1902 3883 Do-

249 3919 418 3975 mino
432 3920 672 3975 serviam
685 3936 775 3988 us,
804 3915 1174 3972 recordantes
1195 3914 1354 3970 illius
1375 3915 1687 3986 Apostolici
1711 3932 1902 3972 exem-

255 4006 350 4078 pli
381 4007 436 4061 in
466 4026 570 4080 quo
593 4008 676 4064 ait
705 4027 723 4061 :
751 4006 824 4062 Ut
862 4005 1009 4060 scire
1041 4005 1336 4076 possimus
1368 4021 1494 4075 qua:
1527 4003 1603 4059 sit
1632 4003 1900 4074 latitudo,

255 4097 320 4149 et
351 4095 656 4169 longitudo,
691 4100 749 4151 et
797 4094 1180 4166 profundum,
1212 4098 1269 4148 et
1297 4093 1542 4148 altitudo
1570 4093 1781 4165 (Ephes.
1816 4111 1900 4162 111,

250 4183 366 4256 18).
396 4186 548 4250 Quod
575 4189 772 4242 autem
806 4182 864 4238 in
896 4181 1172 4237 llebraico
1195 4181 1430 4248 dicitur,
1464 4181 1776 4237 aedificium
1809 4199 1902 4237 se-

241 4280 513 4345 paratum
543 4280 604 4331 et
634 4274 891 4347 parietes
917 4273 1064 4340 ejus,
1101 4271 1236 4325 LXX
1267 4271 1485 4341 reliqua
1516 4270 1902 4342 interpretan-

235 4366 335 4419 tur
366 4371 418 4420 et
447 4365 802 4435 separari-tia,
826 4377 952 4431 quae
977 4376 1092 4414 non
1124 4359 1383 4414 haereant
1405 4359 1727 4430 parietibus
1760 4368 1902 4415 lem-

232 4451 445 4524 pli,sed
481 4453 850 4525 prOpinquos
872 4453 928 4504 et
955 4447 1362 4504 suoshabeant
1394 4447 1664 4519 parietes.
1699 4448 1902 4519 Ipsum

2007 3294 2118 3349 bus
2171 3293 2523 3349 vallaretur:
2585 3295 2741 3366 quod
2788 3295 3016 3352 Cherub
3064 3311 3461 3368 nequaquam,
3509 3294 3663 3351 utin

1966 3404 1969 3406 ·
2009 3382 2295 3454 principio
2324 3383 2502 3453 hujus
2528 3383 2822 3454 prophetae
2843 3367 3387 3456 legimusquatuor
3413 3384 3668 3439 habebat

2010 3471 2206 3536 facies,
2233 3471 2489 3526 hominis
2523 3471 2762 3540 scilicet,
2795 3476 2850 3527 et
2879 3473 3086 3539 leonis,
3110 3476 3166 3528 et
3189 3472 3382 3540 vituli,
3405 3475 3464 3527 et
3497 3471 3664 3542 aqui-

2009 3558 2076 3614 lae
2107 3577 2120 3625 ;
2156 3560 2256 3614 sed
2287 3564 2517 3614 tantum
2567 3559 2734 3624 duas,
2780 3559 2889 3616 hoc
2936 3563 3046 3627 est,
3076 3559 3337 3616 hominis
3367 3563 3426 3616 et
3453 3559 3660 3627 leonis,

2012 3664 2262 3721 quorum
2294 3648 2553 3720 primum
2579 3649 2651 3703 ad
2684 3648 2967 3704 rationem
3000 3648 3268 3719 pertinet,
3304 3663 3554 3720 sequens
3585 3648 3660 3704 ad

2011 3735 2401 3806 furorem,qui
2431 3736 2861 3807 signiﬁcantius
2892 3736 3084 3791 Graece
3111 3733 3283 3807 Θυμὸς
3312 3733 3661 3808 appellatur.

2011 3825 2288 3880 Furorem
2311 3828 2504 3880 autem
2531 3823 2926 3893 dicimus,non
2948 3841 3084 3880 eum
3098 3823 3197 3896 qui
3211 3822 3661 3896 perturbationi,

2012 3917 2069 3968 et
2097 3912 2236 3966 vitio
2268 3912 2570 3984 proximus
2618 3916 2740 3968 est:
2778 3913 2875 3968 scd
2937 3913 3038 3985 qui
3092 3911 3308 3968 mentis
3337 3910 3666 3969 consolidat

2013 3999 2341 4071 mollitiem,
2367 4004 2424 4055 et
2453 4000 2752 4057 fortiorem
2776 4000 2914 4057 facit
2943 4002 3208 4058 animum
3239 4000 3664 4057 dimicantis.In

2012 4089 2298 4162 principio
2346 4089 2502 4146 enim
2553 4091 2930 4163 subjacemus
2987 4089 3490 4164 concupiscentia,
3537 4105 3664 4162 quas

2015 4179 2262 4235 refertur
2290 4180 2361 4234 ad
2387 4179 2660 4247 vitulum,
2695 4185 2929 4252 propter
2955 4184 3190 4237 terrena
3218 4190 3394 4252 opera
3419 4196 3432 4247 ;
3466 4183 3524 4236 et
3552 4178 3668 4236 alia

2013 4274 2151 4324 sunt
2180 4269 2458 4337 carnalia,
2493 4269 2602 4323 alia
2657 4268 3007 4340 spiritualia,
3056 4286 3307 4343 quorum
3340 4273 3665 4324 extremum

2014 4357 2223 4429 aquilae
2257 4358 2590 4429 deputatur.
2619 4359 2762 4414 Cum
2794 4363 2989 4415 autem
3023 4358 3436 4414 intraverimus
3465 4359 3669 4412 sancta

2014 4452 2436 4516 sanctorum,et
2457 4447 2735 4503 interiora
2756 4447 2958 4520 templi
2978 4447 3667 4520 possederimus,nequa-

232 4557 471 4615 quoque
503 4541 801 4613 templum
831 4544 888 4595 et
948 4536 1147 4608 anguli
1196 4537 1348 4606 ejus,
1381 4541 1438 4592 et
1468 4537 1668 4604 Ailam,
1702 4537 1759 4592 id
1791 4543 1900 4604 est,
1936 4555 1980 4618 ι)
2017 4551 2195 4607 quam
2221 4534 2334 4590 alia
2355 4552 2414 4591 re
2445 4535 2799 4607 indigemus,
2823 4536 2934 4591 nisi
2969 4535 3192 4591 ratione
3222 4539 3404 4606 atque
3433 4532 3665 4590 fortitu-

230 4629 671 4703 xpdsrvlnuﬁive
692 4626 1306 4692 vestibulum,exterius
1327 4631 1493 4680 erant
1507 4630 1694 4681 strata
1715 4625 1897 4698 ligno,

232 4721 529 4793 sapientia
561 4717 850 4785 videlicet,
885 4716 1040 4788 quod
1071 4714 1302 4788 lignum
1335 4714 1456 4770 vita:
1491 4715 1670 4769 situm
1704 4714 1761 4768 in
1797 4731 1898 4786 pa-

233 4811 430 4866 radiso
481 4808 786 4880 Scriptura
814 4807 1236 4862 commemorat
1260 4802 1467 4874 (Cenes.
1495 4804 1577 4876 ιι).
1612 4803 1900 4859 Fenestrae

235 4915 474 4972 quoque
493 4901 664 4954 erant
691 4896 852 4951 factae
875 4896 934 4949 in
959 4893 1202 4949 modum
1225 4893 1387 4960 retis,
1408 4892 1594 4947 instar
1613 4892 1902 4948 cancello-

236 5004 404 5044 rum:
433 4992 503 5042 ut
529 5003 645 5041 non
680 4983 974 5057 speculari
1005 4981 1220 5054 lapide,
1254 4998 1360 5036 nec
1388 4980 1559 5047 vitro,
1594 4982 1692 5036 sed
1724 4981 1902 5054 lignis

236 5074 678 5133 interrasilibus
695 5077 752 5130 et
770 5070 1166 5129 vermiculatis
1186 5069 1627 5126 clauderentur:
1654 5087 1756 5143 pro
1780 5070 1906 5142 qui-

235 5165 351 5222 bus
382 5166 444 5221 in
481 5163 766 5220 Hebraico
825 5161 1096 5233 obliquas
1143 5159 1426 5214 fenestras
1457 5157 1655 5225 habet,
1687 5175 1812 5229 qua;
1844 5158 1903 5213 in

235 5255 433 5311 tribus
468 5257 701 5308 tantum
719 5255 886 5307 erant
903 5245 1486 5322 partibustempli,ad
1509 5247 1804 5303 dexteram
1829 5247 1906 5302 vi-

234 5344 454 5400 delicet
480 5346 539 5396 et.
569 5340 892 5404 sinistram,
936 5343 994 5393 et
1017 5341 1152 5410 post
1175 5341 1426 5408 tergum,
1459 5335 1516 5389 id
1539 5340 1650 5403 est,
1683 5337 1753 5390 ad
1787 5337 1906 5392 Me-

234 5433 483 5502 ridiem,
515 5434 573 5486 et
604 5429 677 5484 ad
716 5427 1085 5501 Aquilonem,
1111 5429 1166 5481 et
1186 5425 1257 5482 ad
1280 5422 1670 5479 Occidentem.
1704 5426 1907 5481 Orien-

315 5571 405 5641 (a)
426 5574 506 5625 De
520 5570 633 5626 hac
652 5570 1062 5641 depravatione
1074 5569 1200 5640 jam
1223 5565 1413 5641 dixiin
1430 5565 1910 5641 annotationibus

240 5637 338 5700 ad'
365 5637 553 5715 caput
597 5637 755 5699 istud
807 5637 1124 5698 Ezechielis
1150 5645 1293 5696 tom.
1346 5637 1388 5707 Ι,
1423 5637 1531 5695 col.
1564 5638 1668 5693 713
1697 5643 1755 5694 et
1783 5640 1908 5695 714.

2011 4624 2168 4691 dine,
2203 4625 2357 4680 503
2378 4640 2630 4694 quorum
2660 4625 2909 4680 alterum
2941 4624 3014 4679 ad
3045 4640 3287 4680 sensum
3318 4627 3491 4693 atque
3521 4636 3668 4692 pru-

2010 4713 2293 4778 dentiam,
2318 4713 2566 4768 alterum
2587 4713 2831 4769 refertur
2853 4715 2924 4768 ad
2941 4713 3123 4769 animi
3145 4709 3664 4784 perseverantiam.

2012 4801 2216 4857 Omnis
2230 4801 2409 4872 igitur
2425 4801 2616 4873 paries
2628 4818 2731 4874 per
2749 4799 3274 4873 circuitumtempli
3287 4797 3666 4872 apavimento

2013 4904 2201 4961 usque
2231 4889 2304 4945 ad
2336 4889 2660 4960 laquearia,
2685 4889 2998 4946 Cherubim
3043 4889 3316 4960 habebat,
3349 4892 3407 4944 et
3436 4885 3666 4960 palmas

2016 4976 2166 5033 mira
2195 4982 2316 5032 arte
2347 4976 2615 5033 caalatas:
2651 4983 2784 5049 post
2817 4995 2944 5050 quaa
2976 4977 3347 5050 aperiebatur
3391 4981 3667 5034 sanctua-

2014 5067 2169 5123 rium
2193 5070 2249 5122 et
2269 5065 2556 5137 templum
2577 5083 2680 5138 per
2701 5071 2950 5138 quatuor
2971 5067 3217 5140 angulos
3239 5073 3440 5124 contra
3458 5065 3669 5123 faciem

2017 5155 2553 5212 sanctorum.Prius
2579 5156 2735 5211 enim
2761 5155 3048 5212 habemus
3067 5157 3322 5214 scientiae
3346 5153 3674 5213 multitudi-

2019 5262 2284 5316 nem,per
2311 5260 2489 5315 quam
2511 5245 2812 5300 victoriam
2843 5246 2914 5301 de
2941 5245 3107 5302 hoste
3139 5246 3580 5319 consequimur,
3613 5247 3674 5300 et

2018 5340 2218 5407 postea
2233 5332 2399 5390 nobis
2421 5333 2822 5390 sanctuarium
2845 5334 3104 5406 aperitur
3123 5340 3181 5392 et
3199 5333 3670 5407 templum,qu0d

2020 5424 2194 5480 habet
2225 5427 2478 5494 quatuor
2508 5421 2774 5494 angulos,
2807 5426 2864 5479 et
2893 5423 3209 5480 stationem
3241 5420 3669 5492 ﬁrmissimam,

2020 5562 2269 5690 Consuga
2299 5563 2578 5630 locum,et
2599 5565 2814 5624 videsis
2840 5566 3046 5625 falsam
3077 5564 3325 5624 Mariani
3354 5564 3674 5624 restitutio-

2021 5654 2173 5690 nem.
2263 5653 2390 5690 ΛΚΤ.

2021 5654 2173 5694 nem.
2209 5653 2390 5692 MART.
