3944 6178
218 273 333 342 403

795 280 1541 348 COMMENTARIORUM
1587 283 1664 345 IN
1707 281 2202 346 EZEGHIELEM
2250 282 2398 348 LIB.
2445 285 2603 349 XIII.
2652 285 2823 350 CAP.
2868 280 3056 355 XLII.

3503 282 3622 364 406

215 415 349 468 sunt
367 411 610 485 ostia,ut
629 418 686 471 et
708 415 1047 473 ﬁrmitatem
1071 417 1397 474 habeantet
1413 417 1863 491 pulchritudini-
1894 423 1950 488 Α
1981 418 2038 474 in
2068 418 2378 492 Evangelio
2405 420 2690 492 scriptum
2735 425 2824 478 est
2849 439 2862 478 :
2894 421 3003 489 Qui
3052 425 3110 480 te
3157 419 3512 496 percusserit
3556 419 3623 482 in

213 518 366 570 nem,
396 520 468 558 ne
499 505 635 575 quis
669 506 950 562 insancta
968 512 1308 563 sanctorum
1329 507 1540 564 similis
1571 507 1717 564 Ozias
1740 525 1868 580 pos-

219 592 714 665 sitirrumpere,et
736 596 850 651 sibi
894 598 1287 653 sacerdotium
1304 597 1613 653 vendicare
1636 597 1705 665 (II
1729 599 1861 652 Par.

214 683 381 751 xxvr).
411 687 600 755 Super
631 701 758 756 quae
791 687 942 741 ostia
973 692 1141 742 erant
1172 687 1435 742 fenestrae
1456 685 1866 758 obliquae,sive

222 771 883 844 abscondite,utipsum
911 792 1143 847 quoque
1163 775 1364 831 lumen
1393 777 1548 846 quod
1572 776 1864 846 praebeba-

214 864 304 914 tur
325 858 708 930 intrinsecus,
744 879 860 918 non
893 864 1132 920 haberet
1161 865 1475 936 perfectam
1529 865 1858 932 scientiam,

215 963 312 1003 nec
343 948 568 1004 clarum
598 950 795 1007 lumen
833 958 886 1007 el
917 954 1144 1009 cunctis
1175 959 1415 1024 patens:
1451 954 1551 1008 sed
1570 953 1865 1025 plerisque

215 1037 360 1092 508
387 1043 636 1109 exparte
657 1045 815 1096 esset
845 1042 1460 1097 absconditum.Nunc
1488 1042 1641 1097 enim
1701 1042 1859 1098 vide-

214 1125 419 1180 musin
447 1126 759 1198 amigmale
784 1130 829 1200 (Ι
864 1129 983 1184 Cor.
1015 1147 1142 1197 XIII,
1180 1131 1304 1200 12);
1339 1136 1394 1185 et
1416 1147 1517 1185 nec
1539 1131 1679 1186 dum
1701 1133 1860 1185 novi-

218 1230 340 1269 mus
369 1213 525 1270 sicut
555 1222 788 1286 oportet
815 1235 919 1274 nos
951 1219 1099 1274 scire
1128 1235 1140 1274 :
1197 1235 1330 1274 cum
1389 1225 1585 1274 autem
1643 1219 1864 1275 venerit

221 1303 358 1374 quod
389 1303 717 1374 perfectum
751 1312 859 1374 est,
893 1313 1032 1364 tunc
1061 1307 1214 1377 quod
1247 1323 1314 1362 ex
1335 1312 1495 1378 parte
1530 1309 1862 1374 fuerat,de-

222 1394 484 1448 struetur.
521 1392 588 1447 Et
613 1399 739 1449 erat
773 1395 1098 1451 similitudo
1133 1395 1464 1467 palmarum
1499 1396 1633 1452 hinc
1685 1402 1862 1468 atque

224 1480 360 1536 inde.
392 1479 708 1554 Eleganter
736 1483 794 1538 in
822 1485 1198 1540 interioribus
1223 1485 1471 1556 Templi,
1498 1485 1624 1540 etin
1641 1487 1861 1541 sanctis

225 1573 544 1626 sanctorum
577 1588 692 1627 non
727 1574 922 1645 posuit
952 1575 1246 1630 dexteram
1277 1579 1333 1628 et
1383 1573 1684 1629 sinistram
1713 1593 1725 1630 :
1789 1591 1859 1630 ne

225 1660 346 1734 quid
375 1657 682 1718 sinistrum
705 1663 763 1717 in
798 1663 890 1719 his
914 1680 1041 1734 quae
1065 1679 1278 1735 magna
1303 1667 1441 1718 sunt
1455 1666 1512 1718 et
1534 1679 1746 1718 arcana
1768 1663 1856 1718 di-

223 1769 332 1809 cere
349 1754 656 1809 videretur
681 1752 803 1820 ;sed
827 1751 964 1808 hinc
991 1756 1165 1824 atque
1186 1750 1517 1822 inde,juxta
1533 1751 1675 1807 illud
1700 1752 1856 1824 quod

1977 509 2270 564 dexteram
2305 509 2627 576 maxillam,
2662 511 2851 582 praebe
2871 512 2923 567 ei
2955 515 3016 568 et
3044 511 3286 568 alteram
3317 511 3526 581 (Matth.
3560 529 3618 579 ν,

1971 597 2086 667 29).
2123 597 2421 668 Numquid
2452 597 2642 654 dicere
2671 616 2788 655 non
2819 600 3030 671 potuit,
3052 605 3108 655 et
3138 599 3438 656 sinistram
3457 600 3485 654 ?
3506 600 3620 658 Sed

1975 686 2208 756 quando
2239 687 2568 758 percutitur
2598 688 2818 755 dextra,
2855 689 3148 760 praebetur
3177 689 3361 746 altera
3375 689 3616 746 dextra:

1975 774 2114 844 quia
2146 774 2204 828 in
2236 778 2438 830 sancto
2469 775 2589 831 viro
2612 780 2929 848 utrumque
2975 778 3265 846 dextrum,
3301 781 3618 849 utrumque

1973 864 2293 934 perfectum
2327 869 2434 918 est.
2458 865 2526 919 Et
2555 865 2613 919 in
2646 864 2976 921 humerulis
2995 866 3266 922 vestibuli
3290 867 3616 924 secundum

1973 950 2156 1007 latera
2185 954 2416 1019 domus,
2451 953 2942 1026 latitudinemque
2972 955 3295 1026 parietum:
3338 973 3440 1028 pro
3500 973 3616 1028 quo

1975 1041 2112 1096 LXX
2144 1041 2592 1106 transtulerunt,
2623 1043 2683 1098 in
2714 1043 3090 1115 laquearibus
3121 1044 3328 1115 fElam,
3363 1045 3460 1100 hoc
3515 1052 3615 1115 est,

1974 1129 2199 1202 propyli
2233 1132 2337 1201 [Αἱ.
2367 1128 2700 1205 προπύλου],
2736 1136 2792 1187 et
2845 1132 3029 1188 latera
3085 1134 3316 1198 domus,
3375 1133 3618 1206 aqualis

1972 1219 2268 1289 ponderis,
2304 1220 2423 1275 sive
2449 1237 2720 1276 mensum
2749 1238 2760 1276 :
2796 1237 2900 1293 per
2931 1239 3057 1293 quae
3090 1222 3340 1278 latenter
3367 1221 3622 1290 ostendi-

1972 1313 2090 1376 tur,
2122 1312 2179 1364 et
2209 1313 2406 1379 postes
2435 1309 2924 1381 superliminaris,
2985 1309 3104 1366 sive
3160 1309 3435 1366 vestibuli
3487 1310 3620 1380 (hoc

1971 1396 2126 1452 enim
2142 1397 2440 1453 humeruli
2454 1397 3089 1471 videntursigmﬁcare)
3111 1403 3168 1454 et
3187 1398 3615 1468 lateradomus,

1970 1489 2026 1541 et
2056 1485 2428 1542 latitudinem
2461 1485 2771 1558 parietum,
2796 1490 3001 1542 cuncta
3032 1486 3274 1543 rationis
3297 1487 3470 1558 plena
3487 1503 3619 1544 esse

1969 1578 2144 1645 atque
2177 1591 2488 1645 mensurae,
2523 1579 2579 1630 et
2602 1574 2746 1634 nihil
2781 1576 2839 1630 in
2871 1575 3090 1647 templo
3121 1575 3350 1632 Domini
3376 1575 3618 1648 reperiri

1971 1663 2124 1734 quod
2170 1663 2392 1735 absque
2451 1680 2730 1720 mensura
2785 1667 2843 1719 et
2890 1664 3176 1736 sapientia
3231 1664 3616 1726 constitutum

1971 1751 2067 1806 sit.

1025 2039 1444 2133 LIBER
1514 2038 2122 2134 DECIMUS
2197 2039 2796 2134 TERTIUS.

1815 2224 2011 2243 ᾳ

285 2342 618 2400 ιρις-δυο
648 2341 882 2397 Tertius
940 2341 1204 2398 decimus
1245 2340 1738 2413 Explanationum
1792 2341 1853 2396 in
1882 2345 1930 2410 Β
1959 2340 2389 2412 xm,2)?lgitur
2402 2356 2652 2412 granum
2676 2339 2784 2396 hoc
2807 2339 3232 2412 sinapis,etiam
3249 2339 3615 2400 simodicum

205 2429 565 2486 Ezechielem
593 2430 760 2496 liber,
797 2431 1092 2486 secundus
1116 2435 1206 2485 est
1236 2428 1854 2502 expositionistempli,

204 2535 385 2590 quem
412 2523 467 2574 et
497 2524 771 2592 quartum
807 2519 1121 2586 decimum,
1183 2517 1507 2590 epitulante
1564 2516 1859 2574 Salvatore

205 2612 429 2677 nostro,
463 2609 534 2663 ad
569 2609 746 2663 ﬁnem
777 2625 962 2680 usque
985 2608 1203 2663 dictare
1226 2607 1576 2678 cupio,illud
1593 2606 1858 2678 ejusdem

214 2695 446 2750 numeri
481 2712 615 2751 cum
631 2695 810 2750 David
823 2695 884 2749 in
901 2700 1106 2766 quarto
1123 2695 1346 2750 decimo
1360 2694 1584 2766 psalmo
1609 2697 1855 2749 canens:

213 2783 933 2856 Domine,quishabitabit
964 2783 1418 2839 intabernaculo
1449 2787 1695 2838 tuo:aut
1725 2780 1856 2854 quis

212 2873 545 2944 requiescet
575 2874 635 2927 in
671 2880 867 2928 monte
898 2876 1218 2927 sanctetuo
1242 2872 1415 2942 (Psal.
1449 2889 1560 2939 xxv,
1588 2871 1856 2940 1)?Quod

208 2967 265 3016 et
297 2979 402 3033 pro
432 2961 672 3018 difﬁcile
685 2968 741 3016 et
766 2977 868 3033 pro
895 2959 1245 3031 impossibili
1269 2961 1551 3016 debemus
1577 2960 1855 3031 accipere.

207 3049 373 3106 Unde
401 3057 456 3106 et
487 3051 545 3106 in
582 3050 697 3105 alio
729 3050 853 3106 loco
885 3049 1053 3121 quasi
1078 3049 1598 3106 virdesideriorum
1631 3050 1858 3104 enixius

212 3139 556 3211 deprecatur
583 3157 649 3194 ac
682 3139 857 3194 dicit:
897 3139 1086 3194 Unum
1121 3139 1292 3210 petivi
1313 3156 1346 3193 a
1375 3137 1756 3205 Domino,hoc
1771 3154 1857 3192 re-

208 3229 530 3298 quiram,ut
563 3227 887 3284 inbabitem
917 3228 975 3282 in
1008 3228 1420 3283 domoDomini
1443 3227 1857 3284 omnibusdie-

209 3317 318 3372 bus
351 3318 473 3372 vitze
501 3333 668 3384 meze,
706 3321 770 3371 ut
799 3317 1025 3372 videam
1050 3317 1484 3387 jucunditatem
1519 3315 1769 3382 Domini,
1801 3318 1858 3370 et

210 3406 431 3462 visitem
463 3407 761 3480 templum
794 3411 1062 3462 sanctum
1095 3409 1222 3476 ejus
1253 3408 1425 3475 (Psal.
1479 3423 1631 3473 xxvx,
1691 3407 1746 3472 4,
1777 3407 1852 3475 5).

212 3495 280 3549 Et
333 3514 608 3552 rursum:
671 3497 856 3560 Quam
915 3495 1147 3560 dilecta,
1207 3495 1420 3566 inquit,
1480 3493 1858 3550 tabernacula

214 3587 330 3650 tua,
360 3587 601 3642 Domine
623 3585 905 3639 virtutum
933 3601 945 3639 :
981 3583 1410 3656 concupiscitet
1439 3583 1635 3641 deﬁcit
1660 3582 1858 3638 anima

215 3689 340 3729 mea
370 3676 423 3730 in
454 3675 529 3745 (α)
563 3674 731 3730 atriis
762 3673 992 3728 Domini
1020 3674 1190 3742 (Psal.
1225 3691 1456 3744 Lxxxm,
1495 3674 1566 3742 1).
1603 3671 1852 3770 (Emule-
1887 3713 1929 3780 Ο

215 3777 343 3816 rum
374 3763 683 3820 maledicta
711 3761 1018 3834 praevenio,
1050 3762 1396 3819 507-508
1430 3762 1529 3833 qui
1569 3779 1683 3818 non
1713 3759 1855 3834 quid

214 3849 327 3922 ipsi
359 3852 599 3922 possint,
633 3851 736 3907 sed
772 3850 911 3923 quid
929 3867 1033 3923 ego
1048 3867 1160 3906 non
1187 3850 1854 3923 possim,cor.siderant:

219 3942 279 3993 et
310 3955 440 3994 cum
467 3946 658 3996 nostra
689 3939 1034 4011 dijudicent,
1070 3957 1178 3996 sua
1209 3940 1534 4010 jndicanda
1568 3955 1682 3994 non
1715 3956 1858 4010 prae-

226 4026 398 4081 bent:
431 4044 744 4100 numquam
780 4028 836 4082 in
871 4044 1053 4099 agone
1083 4032 1432 4100 pugnantes,
1467 4028 1568 4083 sed
1625 4028 1696 4082 de
1757 4045 1861 4098 pu-

224 4115 532 4187 gnantibus
563 4117 773 4182 otioso,
810 4117 992 4172 immo
1016 4118 1267 4188 superbo
1282 4117 1478 4173 animo
1501 4117 1858 4189 judicantes.

227 4203 404 4260 Facile
432 4211 515 4262 est
547 4208 687 4262 dare
718 4205 936 4260 dictata
966 4207 1035 4261 de
1055 4207 1291 4278 populo,
1327 4212 1382 4262 et
1413 4206 1680 4278 singulos
1713 4206 1862 4260 ictus

224 4294 582 4362 calumniari,
617 4312 684 4350 ac
715 4297 786 4350 de
819 4294 1009 4351 alieno
1069 4295 1257 4351 ridere
1297 4296 1606 4367 sanguine,
1651 4301 1707 4350 et
1764 4295 1861 4351 ubi

221 4383 422 4440 vulnus
453 4385 616 4457 inﬁgi
652 4383 941 4456 debuerit,
965 4384 1219 4456 imperiti
1251 4383 1477 4440 lanista:
1510 4385 1863 4440 moredisse-

223 4475 479 4547 rere.Ego
519 4475 578 4528 in
621 4472 1032 4546 explanatione
1074 4474 1279 4546 templi
1309 4473 1640 4540 Ezechielis,
1675 4478 1730 4528 et
1761 4489 1863 4527 caa-

219 4566 464 4618 terorum
499 4580 629 4636 quae
664 4563 736 4617 ad
771 4563 947 4618 ﬁnem
976 4563 1163 4634 ipsius
1189 4562 1507 4618 voluminis
1553 4562 1863 4634 pertinent,

219 4650 390 4707 fateor
418 4669 513 4708 me
536 4668 642 4724 pro
675 4651 757 4706 rei
794 4652 1203 4725 magnitudine
1235 4651 1381 4706 nihil
1413 4651 1659 4723 dignum
1723 4651 1866 4705 scri-

221 4740 364 4806 bere,
386 4742 518 4797 etin
553 4740 782 4814 paucis,
809 4741 856 4796 si
891 4757 1008 4812 qua
1031 4744 1223 4796 tamen
1260 4739 1520 4812 accipere
1579 4755 1868 4807 meruero,

221 4831 424 4900 gratias
459 4845 634 4902 agere
657 4827 961 4885 Salvatori.
994 4829 1288 4902 Scriptum
1339 4834 1428 4884 est
1479 4829 1634 4884 enim
1671 4848 1683 4884 :
1745 4829 1868 4884 Nisi

226 4916 606 4982 credideritis,
635 4933 752 4972 non
778 4915 1117 4990 intelligetis
1147 4917 1280 4989 (1δαὶ
1308 4917 1406 4989 γι).
1440 4918 1505 4972 Et
1528 4918 1587 4972 in
1621 4917 1732 4974 alio
1786 4917 1870 4973 lo-

229 5020 320 5061 co:
351 5007 405 5062 Si
435 5005 770 5062 habueritis
803 5006 977 5062 ﬁdem
1008 5013 1074 5062 ut
1093 5023 1340 5080 granum
1365 5006 1612 5078 sinapis,
1635 5012 1691 5062 et
1713 5007 1870 5063 dixe-

1967 2428 2232 2496 fuerit,in
2268 2445 2543 2501 magnam
2577 2429 2892 2485 succrescit
2923 2429 3210 2498 arborem,
3240 2435 3299 2486 et
3352 2430 3613 2488 volatilia

1968 2517 2095 2573 cmli
2127 2518 2394 2573 habitant
2422 2518 2481 2572 in
2505 2517 2684 2572 ramis
2706 2519 2833 2588 ejus
2857 2519 3006 2589 (Luc.
3039 2519 3185 2590 x111).
3220 2520 3613 2584 Quamobrem

1968 2607 2099 2676 tibi,
2132 2607 2250 2662 ﬁlia
2279 2607 2684 2677 Eustochium,
2717 2624 2844 2679 quae
2903 2611 3102 2664 nostro
3161 2607 3615 2681 qualiacumque

1969 2697 2187 2752 fuerint
2223 2696 2470 2752 libenter
2500 2696 2737 2768 accipis,
2770 2699 3162 2752 contestatum
3183 2695 3335 2763 volo,
3367 2701 3423 2753 et
3463 2695 3614 2753 illud

1969 2785 2221 2841 rhetoris
2251 2785 2532 2840 Victorini
2571 2783 2820 2840 breviter
2845 2784 3152 2856 admoneo,
3186 2788 3251 2840 ut
3282 2785 3611 2841 obscurita-

1974 2879 2091 2931 tem
2141 2874 2505 2930 voluminum
2540 2890 2604 2929 ex
2639 2873 2829 2928 tribus
2860 2873 3034 2929 rebus
3062 2872 3188 2928 ﬁeri
3219 2872 3393 2940 scias,
3415 2872 3503 2929 vel
3533 2873 3618 2930 rei

1970 2962 2395 3036 magnitudine,
2426 2962 2515 3018 vel
2543 2963 2797 3018 doctoris
2848 2962 3163 3035 imperitia,
3196 2961 3284 3018 vel
3313 2961 3606 3019 audientis

1967 3053 2183 3109 duritia
2214 3070 2224 3108 :
2262 3069 2509 3124 quorum
2542 3051 2797 3124 primum
2830 3056 2885 3107 et
2910 3052 3237 3107 secundum
3267 3051 3488 3123 liquido
3545 3051 3606 3106 in

1967 3142 2074 3198 hoc
2106 3157 2278 3214 opere
2312 3141 2632 3197 conﬁtebor
2660 3159 2671 3196 :
2705 3140 2966 3207 tertium,
2999 3157 3247 3196 acumen
3277 3140 3495 3214 ingenii
3521 3140 3608 3196 tui

1967 3236 2024 3286 et
2054 3229 2410 3286 desiderium
2431 3229 2862 3301 Scripturarum
2894 3229 3061 3286 facile
3094 3228 3313 3285 renuit:
3347 3246 3475 3301 qua
3495 3228 3614 3301 pri-

1965 3319 2174 3392 vilegio
2208 3318 2500 3390 virginali,
2533 3323 2588 3373 et
2615 3319 2802 3374 victus
2835 3317 3214 3386 continentia,
3248 3335 3363 3373 non
3420 3317 3612 3373 dicam

1968 3409 2346 3480 frequentem,
2381 3408 2480 3462 sed
2509 3409 2713 3479 jugem
2740 3407 3028 3478 hospitem
3077 3405 3346 3477 possides
3401 3410 3608 3460 Deum.

1966 3497 2150 3568 Igitur
2169 3495 2407 3551 tertium
2438 3495 2733 3550 decimum
2765 3495 2824 3549 in
2858 3493 3115 3550 Ezechiel
3147 3493 3504 3566 arripiamus
3533 3492 3604 3550 li-

1966 3586 2162 3656 brum,
2193 3587 2363 3656 cujus
2395 3583 2504 3640 hoc
2535 3583 2887 3656 principium
2918 3588 3042 3638 est:

2041 3763 2199 3834 (Cap.
2232 3761 2400 3817 XLII.
2433 3791 2501 3800 —
2534 3759 2695 3815 Vers.
2732 3759 2757 3813 1
2793 3759 2981 3830 seqq.)
3014 3781 3035 3808 α
3071 3759 3140 3813 Et
3169 3756 3368 3814 eduxit
3404 3774 3498 3814 me
3553 3756 3614 3813 in

1969 3875 1995 3902 ‹‹
2032 3850 2249 3906 atrium
2282 3849 2536 3905 exterius
2565 3863 2670 3919 per
2698 3847 2852 3902 viam
2886 3847 3197 3904 ducentem
3253 3848 3326 3904 ad
3373 3845 3617 3919 Aquilo-

1971 3963 1996 3988 ‹‹
2032 3955 2190 4005 nem,
2221 3942 2278 3993 et
2308 3936 2641 3992 induxitme
2666 3935 2725 3990 in
2757 3934 3241 4009 gazophylacium
3274 3934 3431 4008 quod
3489 3936 3617 3992 erat

1971 4051 1999 4078 ‹‹
2033 4030 2234 4083 contra
2265 4028 2600 4099 separatum
2632 4024 2968 4092 aediﬁcium,
2991 4028 3050 4081 et
3063 4029 3266 4082 contra
3293 4025 3477 4080 aedem
3497 4039 3620 4081 ver-

1971 4140 1997 4168 ‹·
2033 4121 2267 4189 gentem
2300 4116 2369 4170 ad
2400 4113 2767 4186 Aquilonem.
2804 4115 2867 4169 In
2902 4113 3047 4170 facie
3077 4113 3464 4188 longitudinis
3485 4129 3620 4169 cen-

1973 4229 1999 4255 «
2033 4211 2158 4260 tum
2191 4205 2422 4260 cubitos
2454 4202 2585 4259 ostii
2610 4201 2953 4274 Aquilonis:
2989 4208 3046 4259 et
3076 4203 3410 4260 latitudinis
3455 4201 3630 4274 quin-

1974 4318 2001 4343 «
2037 4295 2316 4366 quaginta
2345 4292 2594 4359 cubitos,
2627 4297 2829 4348 contra
2853 4291 3056 4365 viginti
3092 4292 3322 4348 cubitos
3352 4290 3486 4346 atrii
3535 4289 3629 4346 in-

1977 4407 2005 4435 «
2037 4383 2266 4439 terioris
2298 4401 2310 4438 :
2345 4386 2400 4438 et
2431 4387 2631 4438 contra
2664 4381 3095 4454 parvimentum
3126 4384 3375 4436 stratum
3433 4377 3628 4451 lapide

1976 4496 2002 4521 ‹‹
2035 4471 2162 4528 atrii
2199 4469 2522 4536 exterioris,
2557 4471 2652 4525 ubi
2688 4475 2814 4525 erat
2844 4469 3102 4540 porticus
3116 4470 3324 4540 juncta
3373 4466 3627 4540 porticui

1979 4582 2007 4609 ‹‹
2039 4560 2277 4634 triplici.
2312 4561 2379 4616 Et
2403 4565 2536 4615 ante
2567 4557 2980 4631 gazOphylacia
3009 4556 3403 4614 deambulatio
3425 4557 3625 4612 decem

1977 4675 2004 4700 ‹‹
2041 4650 2368 4706 cubitorum
2403 4648 2754 4718 latitudinis,
2779 4648 2849 4703 ad
2883 4645 3161 4703 interiora
3182 4645 3502 4718 respiciens
3520 4643 3625 4700 via:

1977 4762 2006 4790 «
2049 4739 2226 4794 cubiti
2264 4737 2474 4792 unius:
2510 4743 2566 4793 et
2596 4735 2747 4793 ostia
2778 4751 2979 4791 eorum
3011 4736 3082 4792 ad
3113 4734 3489 4806 Aquilonem,
3523 4731 3625 4788 ubi

1987 4848 2008 4876 ι
2041 4830 2207 4883 erant
2218 4824 2632 4897 gazophylacia
2654 4825 2710 4879 in
2728 4825 3129 4897 superioribus
3145 4819 3629 4893 humiliora,quia

1983 4939 2011 4967 (ι
2045 4914 2748 4986 superportabant[Vulg.
2774 4911 3483 4986 supportabant]porticus
3503 4925 3630 4983 quae

1984 5027 2010 5053 ‹‹
2042 5022 2111 5060 ex
2138 5002 2254 5059 illis
2284 5001 2623 5058 eminebant
2652 5003 2721 5058 de
2750 5001 3126 5058 inferioribus
3177 5005 3235 5056 et
3285 5001 3358 5057 de
3414 4999 3628 5057 mediis

230 5095 346 5151 ritis
376 5095 565 5152 monti
600 5096 755 5163 huic,
789 5096 1152 5169 transmigra
1208 5102 1265 5152 et
1322 5095 1754 5167 transplantare
1814 5097 1871 5152 in
1905 5082 1949 5146 D
1984 5117 2011 5146 «
2043 5091 2289 5149 mdiﬁcii.
2321 5091 2587 5164 Tristega
2617 5091 2776 5147 enim
2821 5094 3007 5161 erant,
3066 5094 3124 5147 et
3161 5107 3279 5146 non
3336 5090 3635 5147 habebant

229 5185 388 5256 mari,
423 5185 524 5240 ﬁet
546 5185 761 5255 (Matth.
795 5202 935 5255 xvu,
970 5185 1079 5257 19).
1106 5185 1171 5240 Et
1220 5185 1513 5255 quomodo
1555 5185 1869 5257 Apostolus

223 5290 468 5346 granum
503 5273 732 5346 sinapis
763 5290 878 5329 non
910 5274 1202 5329 modicam
1237 5274 1370 5328 ﬁdei
1397 5274 1744 5346 portionem,
1769 5275 1868 5331 sed

221 5369 400 5419 totam
428 5362 609 5418 ﬁdem
642 5378 770 5418 esse
801 5367 1222 5420 commemorat
1254 5363 1488 5418 dicens:
1524 5367 1588 5418 Et
1607 5364 1654 5420 si
1688 5369 1870 5420 totam

221 5453 398 5508 fidem
430 5451 718 5517 habuero,
760 5451 841 5505 ita
893 5456 958 5507 ut
1006 5457 1235 5508 montes
1289 5452 1640 5508 transferam
1670 5454 1714 5524 (Ι
1747 5453 1864 5511 Cor.

1987 5207 2006 5234 α
2045 5182 2368 5248 columnas,
2400 5181 2555 5236 sicut
2585 5184 2748 5234 erant
2779 5179 3063 5235 columna:
3098 5179 3382 5237 atriorum
3410 5199 3424 5237 :
3489 5194 3633 5252 pro-

1981 5297 2006 5322 ‹‹
2046 5281 2239 5346 pterea
2265 5269 2602 5326 eminebant
2621 5269 2689 5324 de
2712 5268 3091 5325 inferioribus
3113 5273 3169 5326 et
3185 5270 3258 5326 de
3277 5268 3487 5326 mediis
3508 5267 3623 5340 (Αι.

1981 5387 2009 5413 ‹‹
2043 5363 2263 5417 additur
2285 5357 2468 5429 atriis)
2495 5375 2527 5412 a
2546 5361 2701 5414 terra
2719 5358 2934 5415 cubitis
2956 5358 3408 5433 quinquaginta.
3431 5357 3502 5413 Et
3531 5371 3634 5429 pe-

1988 5477 2009 5502 ι
2047 5449 2269 5507 ribolus
2319 5447 2567 5504 exterior
2624 5448 2951 5506 secundum
3010 5447 3448 5522 gazophylacia,
3503 5462 3633 5519 quas

286 5611 370 5681 (α)
413 5608 627 5666 Maluit
652 5608 868 5677 Victor,
903 5608 961 5662 in
991 5607 1162 5673 atria,
1196 5621 1264 5663 ex
1293 5606 1488 5663 Graeco
1517 5606 1625 5660 τῶν
1651 5605 1787 5665 LXX
1817 5611 1874 5664 et
1912 5601 2380 5676 Hieronymianis
2410 5599 2637 5674 aliquot
2658 5616 2801 5660 mss.
