3944 6178
317 350 436 416 10⁸7

1568 353 1630 416 S.
1677 348 1989 417 EUSEBII
2032 348 2471 416 HIERONYMI

3601 344 3723 411 408

317 507 351 541 α
379 493 548 546 erant
575 487 636 544 in
663 484 759 544 via
789 487 922 544 atrii
965 485 1265 544 exterioris
1322 489 1458 545 ante
1508 487 1958 562 ga20phylacia:
1989 484 2044 551 Α
2073 485 2181 542 hoc
2214 486 2336 542 loco
2369 485 2708 558 posuimus:
2735 485 2797 542 Et
2825 485 2902 558 (ὁ)
2923 483 3115 542 eduxit
3138 498 3226 540 me
3278 480 3339 540 in
3386 481 3720 555 gazophyla-

319 600 349 630 α
380 578 688 650 longitudo
719 579 846 648 ejus
867 577 1297 650 quinquaginta
1319 578 1823 642 cubitorum.Quia
1844 577 1966 632 lon-

318 688 348 719 «
381 665 586 740 gitudo
617 669 739 722 erat
753 667 1300 739 gazophylaciorum
1320 667 1451 723 atrii
1475 667 1774 723 exterioris
1804 666 1966 738 quin-

315 776 346 806 κ
379 755 663 827 quaginta
684 754 1021 810 cubitorum
1046 769 1101 810 et
1122 755 1426 828 longitudo
1450 760 1582 812 ante
1600 756 1803 811 faciem
1827 759 1968 810 tem-

320 864 351 893 «
384 842 466 915 pli
496 845 731 899 centum
764 842 1120 898 cubitorum.
1155 843 1224 898 Et
1253 847 1376 899 erat
1400 844 1601 898 subter
1621 840 1964 914 gazophyla-

325 951 355 984 ‹‹
384 931 474 988 cia
493 931 616 987 haec
643 931 920 987 introitus
946 932 1016 988 ab
1049 931 1282 988 Oriente
1311 932 1743 1004 ingredentium
1785 931 1842 985 in
1901 946 1968 985 ea

326 1041 355 1072 κ
387 1021 460 1077 de
482 1021 628 1076 atrio
658 1020 925 1076 exteriori
951 1038 964 1076 :
987 1019 1369 1077 inlatitudine
1383 1020 1624 1094 periboli
1647 1021 1778 1075 atrii
1812 1020 1968 1090 quod

325 1132 357 1162 κ
383 1114 508 1166 erat
537 1113 740 1166 contra
765 1109 918 1165 viam
950 1109 1302 1166 Orientalem
1333 1111 1393 1166 in
1407 1111 1612 1166 faciem
1629 1109 1856 1165 aediﬁcii
1880 1126 1968 1165 se-

325 1219 355 1251 «
387 1198 596 1272 parati.
629 1199 694 1255 Et
722 1201 890 1254 erant
919 1201 1052 1254 ante
1077 1199 1386 1254 aediﬁcium
1437 1197 1869 1271 gazophylacia,
1914 1201 1971 1253 et

324 1307 355 1339 «ι
383 1287 479 1344 via
512 1292 644 1344 ante
671 1287 878 1343 faciem
909 1303 1108 1342 eorum
1128 1289 1298 1359 juxta
1315 1287 1763 1345 similitudinem
1795 1303 1969 1359 gazo-

325 1397 354 1428 ιι
384 1375 816 1449 phylaciorum,
851 1389 977 1444 qua:
1009 1380 1174 1430 erant
1203 1374 1262 1430 in
1296 1375 1389 1430 via
1408 1374 1738 1448 Aquilonis,
1771 1389 1971 1429 secun-

329 1485 358 1516 «
384 1465 525 1519 dum
556 1462 985 1534 longitudiuem
1015 1479 1240 1531 eorum,
1275 1468 1331 1520 et
1361 1464 1444 1520 sic
1475 1463 1722 1519 latitudo
1745 1478 1969 1518 eorum.

329 1573 358 1604 ‹‹
386 1553 458 1608 Et
483 1551 1262 1623 omnisintroituseorum,et
1280 1551 1722 1620 similitudines,
1748 1556 1803 1606 et
1824 1551 1974 1606 ostia

320 1662 349 1693 α
383 1657 610 1708 eorum,
643 1640 968 1695 secundum
1009 1641 1161 1696 ostia
1206 1641 1784 1714 gazophylaciorum,
1844 1657 1972 1711 quae

330 1751 352 1780 ι
379 1729 625 1785 erantin
638 1729 731 1784 via
754 1729 1100 1800 respiciente
1114 1731 1184 1785 ad
1197 1732 1478 1786 Austrum
1496 1731 1675 1801 [ναίω.
1713 1730 1970 1798 Notum],

2074 577 2241 643 cium,
2275 576 2416 648 quod
2445 579 2552 632 erit
2581 585 2771 632 contra
2795 585 3110 648 separatum
3126 575 3442 646 aediﬁcium,
3469 579 3518 630 et
3534 578 3726 628 contra

2074 665 2247 720 eadem
2290 668 2603 735 vergentem
2658 666 2726 720 ad
2776 667 3099 736 Aquilonem
3149 680 3252 736 pro
3315 679 3429 735 quo
3476 661 3728 717 habetur

2076 753 2134 808 in
2168 753 2346 808 LXX:
2379 754 2442 808 Et
2499 754 2690 809 eduxit
2743 770 2865 808 me:
2925 761 2976 808 et
3032 767 3148 807 ecce
3202 751 3421 808 exedra?
3477 753 3724 823 quinque

2074 842 2138 897 de
2193 843 2406 914 reliquo
2456 843 2686 912 aediﬁcio
2759 850 2810 898 et
2851 844 3022 914 juxta
3069 845 3382 912 separatum
3431 839 3500 894 ad
3559 841 3731 910 Aqui-

2077 931 2294 987 lonem:
2355 949 2457 1004 pro
2503 938 2776 1004 separato,
2829 931 2983 1004 quod
3028 929 3254 1001 Aquilae
3324 933 3381 984 et
3449 930 3732 1001 Symma-

2077 1019 2224 1075 chus
2281 1020 2732 1090 transtulerunt,
2786 1019 3048 1076 secunda
3098 1016 3326 1090 Aquilae
3391 1017 3594 1083 editio,
3678 1020 3737 1072 et

2076 1107 2392 1164 Theodotio
2423 1109 2619 1180 ipsum
2649 1108 2894 1165 verbum
2930 1123 3194 1181 posuere,
3243 1122 3460 1161 GAZERA
3513 1105 3731 1177 (2117:),

2079 1197 2137 1252 in
2165 1197 2438 1252 omnibus
2469 1197 2610 1252 locis
2633 1197 2904 1254 similiter
2933 1196 3324 1268 exprimentes
3349 1211 3360 1248 :
3423 1193 3737 1266 multaque

2079 1285 2192 1342 alia
2221 1303 2347 1358 qua:
2377 1287 2436 1340 in
2470 1287 2736 1358 praesenti
2769 1286 2893 1341 loco
2927 1285 3115 1357 posita
3147 1289 3286 1339 sunt
3315 1282 3464 1338 inter
3493 1282 3738 1339 Hebrai-

2080 1392 2214 1431 cum
2239 1381 2295 1431 et
2319 1375 2453 1430 LXX
2483 1392 2597 1430 non
2621 1376 2776 1433 510
2799 1373 2990 1430 solum
3013 1373 3236 1440 ordine,
3256 1373 3357 1428 sed
3380 1375 3436 1428 et
3458 1388 3736 1439 numero,

2083 1469 2140 1521 et
2170 1466 2478 1520 verborum
2511 1464 2988 1537 interpretatione
3018 1463 3378 1533 discordant,
3411 1466 3476 1516 ut
3525 1461 3574 1517 si
3634 1479 3738 1518 vo-

2087 1553 2375 1609 luerimus
2399 1553 2615 1609 haerere
2644 1553 2702 1608 in
2736 1553 3069 1625 singulis,et
3099 1551 3496 1606 diversitatem
3522 1565 3739 1606 eorum

2083 1660 2361 1712 quaerere,
2393 1648 2450 1698 et
2496 1641 2806 1714 explanare
2853 1641 3155 1708 rationem,
3196 1640 3448 1695 multum
3499 1640 3742 1696 aberre-

2087 1749 2220 1788 mus
2253 1749 2286 1788 a
2318 1731 2633 1804 proposito.
2660 1731 3083 1801 Volueramque
3114 1729 3514 1801 desperatione
3529 1733 3585 1783 et
3611 1746 3745 1784 ma—

333 1840 362 1870 «
393 1819 680 1875 ostiumin
698 1817 882 1888 capite
896 1818 1154 1888 viae,quae
1186 1819 1532 1890 (Vulg.addit
1550 1819 1662 1890 via)
1693 1824 1817 1874 erat
1842 1823 1975 1874 ante
2003 1851 2052 1917 Β
2091 1820 2398 1893 gnitudine
2413 1818 3176 1891 reiprzesenstestimonium
3193 1815 3424 1872 silentio
3439 1817 3748 1890 praterire

325 1928 349 1958 ι
374 1906 737 1964 vestibulum
768 1910 1106 1978 separatum
1126 1923 1229 1979 per
1241 1908 1394 1963 viam
1410 1908 1764 1964 Orientalem
1780 1908 1973 1980 ingre-

329 2016 359 2046 «
379 1994 837 2052 dientibus.LXX
859 1995 949 2049 :Et
974 1995 1179 2051 eduxit
1208 2013 1300 2052 me
1322 1996 1382 2051 in
1405 1997 1618 2053 atrium
1649 1997 1901 2052 exterius
1921 2001 1975 2061 -ἐο

327 2106 358 2134 ‹‹
391 2085 461 2139 ad
495 2084 789 2140 Orientem
817 2084 849 2156 ι
891 2089 1094 2139 contra
1125 2088 1352 2156 portam
1367 2077 1981 2157 Aquilonis,etintro-'

331 2194 360 2224 (ι
384 2172 549 2227 duxit
581 2189 694 2240 me,
727 2178 784 2229 et
805 2189 935 2229 ccoe
949 2173 1166 2228 exedra:
1187 2174 1446 2245 quinque
1466 2174 1542 2245 (α)
1547 2175 1718 2244 juxta
1749 2179 1971 2247 partem

333 2283 362 2312 ‹‹
395 2261 643 2328 aedificii,
677 2266 734 2318 et
778 2278 957 2333 prope
1005 2261 1318 2317 aedilicium
1377 2267 1711 2334 separatum
1773 2264 1843 2318 ad
1901 2266 1974 2318 A-

331 2370 360 2401 ‹‹
391 2349 689 2422 quilonem
717 2367 728 2406 :
757 2351 908 2407 509
933 2354 988 2406 et
1010 2353 1212 2407 contra
1234 2351 1446 2406 cubitis
1469 2351 1974 2424 centumlongitu-
2033 2423 2036 2426 ξ

326 2461 356 2490 ‹‹
389 2439 545 2496 dinis
559 2439 630 2494 ad
647 2439 992 2511 Aquilonem
1006 2445 1082 2506 ,et
1098 2439 1425 2497 latitudinis
1440 2441 1869 2514 quinquaginta
1881 2458 1977 2497 cu-

326 2549 356 2578 «
390 2526 534 2583 bitis
566 2528 871 2601 descriptae
931 2529 1083 2584 sicut
1134 2534 1311 2600 portae
1369 2528 1499 2585 atrii
1552 2529 1867 2598 interioris,
1922 2533 1978 2586 et

326 2638 357 2668 «
393 2617 547 2673 sicut
576 2616 859 2674 columna:
887 2617 1356 2684 atriiexterioris,
1374 2636 1476 2690 per
1495 2618 1760 2674 ordinem
1779 2623 1979 2674 contra

331 2726 361 2758 α
379 2705 586 2762 faciem
620 2707 884 2778 porticus
906 2711 1104 2774 ternae,
1133 2711 1190 2761 et
1211 2711 1412 2762 contra
1433 2708 1673 2763 exedras
1695 2708 1978 2763 deambu-

329 2791 534 2848 «latio
566 2794 900 2850 cubitorum
953 2795 1153 2849 decem
1188 2794 1539 2862 latitudinis,
1588 2813 1690 2867 per
1747 2797 1977 2852 cubitos

330 2884 620 2935 «centum
670 2880 1056 2954 longitudinis
1091 2883 1150 2936 in
1205 2882 1538 2938 interiorem
1591 2883 1745 2939 viam
1797 2885 1978 2940 cubiti

336 2990 364 3018 «
394 2967 591 3036 unius,
616 2973 674 3024 et
703 2969 895 3025 hostia
924 2986 1125 3025 earum
1157 2971 1227 3025 ad
1263 2969 1627 3043 Aquilonem.
1663 2972 1730 3026 Et
1787 2974 1982 3029 deam-

339 3079 368 3108 ‹‹
399 3055 734 3112 bulationes
766 3058 1197 3114 ccenaculorum
1232 3058 1523 3127 similiter,
1547 3061 1823 3132 quoniam
1843 3063 1981 3118 emi-

343 3167 372 3196 α
396 3145 612 3200 nebant
640 3145 923 3201 columnae
955 3164 988 3201 a
1016 3147 1306 3202 columnis
1337 3149 1730 3215 inferioribus,
1763 3156 1819 3206 et
1843 3169 1980 3224 spa-

2081 1911 2185 1965 sed
2230 1909 2441 1965 melius
2498 1909 2816 1964 arbitratus
2859 1924 2993 1963 sum
3042 1906 3456 1978 quodcumque
3508 1907 3748 1975 dicere,

2082 2015 2260 2070 quam
2284 1999 2522 2053 omnino
2545 1996 2690 2052 nihil
2723 1996 2932 2053 dicere.
2967 1995 3331 2051 Socraticum
3367 1995 3512 2050 illud
3561 2012 3746 2051 assu-

2083 2086 2406 2142 mens:Scio
2419 2086 2572 2158 quod
2587 2085 2780 2141 nescio
2802 2084 3367 2154 [Al.nesciam].Pars
3380 2083 3535 2138 enim
3551 2083 3749 2138 scien-

2085 2177 2174 2231 tiae
2206 2181 2312 2246 est,
2337 2176 2484 2230 scire
2505 2176 2659 2246 quod
2696 2173 2939 2230 nescias.
2973 2173 3289 2244 Postquam
3312 2171 3493 2243 igitur
3513 2189 3579 2227 ea
3606 2189 3746 2244 qua

2083 2269 2249 2321 erant
2277 2264 2457 2329 intus,
2485 2263 2769 2335 propheta
2799 2261 3135 2333 diligentius
3167 2259 3596 2330 contemplatus
3620 2265 3742 2329 est,

2085 2353 2288 2410 eduxit
2315 2369 2450 2408 eum
2473 2351 2580 2420 vir,
2613 2353 2783 2422 cujus
2817 2349 3115 2406 funiculus
3147 2353 3203 2404 et
3232 2348 3497 2404 calamus
3524 2353 3652 2405 erat
3678 2349 3742 2404 in

2086 2459 2290 2509 manu,
2321 2441 2392 2496 ad
2423 2441 2640 2496 atrium
2672 2439 2946 2502 exterius,
2980 2453 3084 2510 per
3111 2437 3265 2492 viam
3296 2437 3610 2492 ducentem
3661 2439 3743 2493 ad

2083 2529 2452 2603 Aquilonem,
2481 2529 2634 2599 quod
2664 2532 2720 2583 et
2751 2543 2931 2599 supra
2951 2527 3078 2598 jam
3107 2525 3352 2594 viderat,
3414 2528 3746 2598 antequam

2087 2619 2364 2675 interiora
2389 2621 2736 2691 penetraret.
2771 2615 2880 2671 Sed
2911 2614 3080 2670 aliter
3108 2614 3372 2670 videmus
3417 2615 3744 2686 perfectam

2088 2709 2366 2764 habentes
2390 2705 2716 2772 scientiam,
2763 2704 2932 2760 aliter
2959 2705 3020 2758 in
3068 2702 3352 2775 principio
3405 2703 3740 2775 deciplinae.

2088 2799 2154 2852 Et
2177 2811 2410 2852 necesse
2434 2798 2614 2861 est,ut
2635 2795 2734 2866 qui
2788 2793 3068 2849 interiora
3116 2793 3498 2864 conspexerit,
3521 2810 3742 2849 secun-

2088 2887 2228 2941 dum
2261 2885 2528 2940 eamdem
2561 2884 2805 2938 formam
2840 2887 3015 2954 atque
3038 2898 3346 2937 mensuras
3361 2886 3416 2936 et
3435 2881 3742 2938 recondita

2089 2978 2480 3044 sacramenta,
2541 2972 2715 3028 etiam
2773 2988 2900 3043 quae
2949 2971 3237 3026 exteriora
3294 2975 3448 3040 sunt,
3510 2970 3741 3027 videat.

2087 3064 2348 3120 Eductus
2378 3067 2573 3118 autem
2606 3065 2694 3117 est
2723 3062 2781 3116 in
2814 3059 3293 3133 gazophylacium
3319 3077 3331 3128 ;
3357 3059 3473 3116 sive
3492 3065 3560 3115 ut
3573 3063 3749 3132 Sym-

2093 3153 2339 3209 machus
2361 3162 2406 3208 e'
2451 3151 2584 3206 LXX
2613 3149 3062 3216 transtulerunt,
3093 3149 3375 3216 exedram,
3396 3148 3485 3204 vel
3539 3145 3745 3208 Theo-

345 3253 367 3281 α
401 3232 549 3287 tium
577 3233 770 3290 simile
804 3239 946 3290 erat.
977 3235 1046 3290 Et
1075 3236 1332 3306 porticus
1390 3237 1650 3310 triplices
1705 3214 1892 3306 erant,
1922 3245 1981 3296 et
2010 3214 2053 3283 Ο
2093 3242 2271 3312 dotio,
2295 3238 2680 3316 παστοφόριον,
2701 3239 2856 3308 quod
2879 3238 2938 3293 in
2958 3214 3263 3293 thalamum
3282 3214 3558 3294 vertitur:
3580 3239 3747 3310 quod

343 3342 363 3370 ι
393 3319 700 3378 columnas
723 3340 839 3379 non
869 3323 1165 3380 habebant
1194 3325 1345 3380 sicut
1387 3327 1674 3381 columna
1731 3328 1790 3382 in
1833 3335 1982 3384 exte-

2089 3335 2212 3386 erat
2241 3334 2443 3385 contra
2467 3333 2802 3400 separatum
2832 3326 3164 3382 aedificium.
3184 3327 3344 3391 Quod
3378 3329 3576 3382 autem
3601 3327 3751 3383 LXX

341 3431 368 3459 ‹‹
403 3409 698 3467 rioribus:
733 3416 1040 3485 propterea
1059 3413 1397 3470 eminebant
1427 3415 1498 3470 ab
1529 3415 1622 3471 his
1653 3434 1778 3489 quae
1819 3423 1983 3474 erant
2089 3418 2366 3475 addidere
2421 3435 2525 3490 pro
2583 3415 3016 3490 gazophylacio,
3070 3415 3297 3472 exedra:
3372 3418 3620 3487 quinque
3682 3417 3752 3472 in

334 3520 362 3549 «
395 3497 662 3564 inferius,
696 3504 754 3556 et
781 3499 840 3555 in
874 3501 1065 3558 medio
1097 3503 1168 3558 de
1189 3506 1344 3558 terra
1366 3503 1792 3578 quinquaginta
1823 3507 1980 3562 cubi-

343 3609 373 3638 «
405 3590 622 3656 torum,
651 3593 708 3644 et
736 3589 936 3645 lumen
980 3590 1232 3647 exterius
1271 3591 1424 3648 sicut
1465 3594 1807 3650 exedrarum
1849 3595 1980 3652 atrii

335 3697 363 3725 «
399 3677 721 3746 exterioris,
746 3695 881 3750 quoe
900 3680 1287 3753 respiciebant
1307 3686 1506 3737 contra
1527 3685 1766 3740 exedras
1798 3685 1977 3756 Aqui-

325 3763 562 3832 «lonis,
632 3766 997 3840 longitudine
1105 3771 1436 3826 cubitorum
1523 3773 1973 3846 quinquaginta.

332 3852 718 3926 «Longitudo
772 3857 928 3914 enim
999 3863 1343 3916 exedrarum
1413 3861 1854 3934 respicientium
1914 3865 1974 3919 in

328 3964 356 3994 «
393 3942 608 3999 atrium
639 3946 912 4013 exterius,
942 3953 1065 4004 erat
1123 3949 1458 4006 cubitorum
1521 3951 1971 4025 quinquaginta.

332 4051 362 4082 «
390 4031 594 4088 Ethzec
612 4039 752 4091 sunt
771 4040 974 4091 contra
985 4036 1190 4092 faciem
1212 4055 1402 4103 suam,
1419 4056 1622 4096 omnes
1641 4042 1972 4098 cubitorum

322 4141 352 4169 ‹‹
383 4123 622 4177 centum
653 4126 710 4178 et
730 4123 923 4179 hostia
942 4126 1285 4181 exedrarum
1309 4125 1558 4182 istarum
1577 4130 1648 4183 ad
1664 4129 1971 4186 introitum

321 4230 346 4257 «ο
384 4208 759 4276 Orientalem,
793 4215 859 4267 ut
887 4212 1251 4285 ingrediatur
1273 4230 1375 4285 per
1399 4216 1601 4270 eadem
1629 4216 1688 4271 in
1707 4218 1854 4274 atrio
1871 4235 1970 4275 ex-

321 4317 351 4348 ‹‹
372 4297 594 4366 teriori,
631 4301 956 4356 secundum
987 4299 1186 4356 lumen
1219 4302 1373 4374 quod
1407 4307 1531 4358 erat
1562 4303 1620 4358 in
1680 4305 1968 4379 principio

320 4407 350 4435 ‹‹
383 4385 879 4444 deambulationis
911 4388 983 4442 ad
1012 4389 1293 4444 Austrum
1326 4393 1529 4444 contra
1561 4391 1863 4449 meridiem
1913 4397 1969 4450 et

327 4494 356 4524 ‹‹
382 4473 591 4532 faciem
623 4475 831 4549 reliqui
861 4476 1113 4545 mdiﬁcii,
1145 4481 1200 4532 et
1230 4479 1589 4550 separati.Et
1643 4481 1861 4536 exedra;
1910 4487 1967 4538 et

2089 3508 2367 3564 Hebraico
2401 3523 2517 3562 non
2548 3506 2818 3562 habetur.
2869 3505 3032 3569 Quod
3076 3503 3557 3577 gazophylacium
3608 3511 3750 3561 erat

2087 3602 2290 3654 contra
2317 3600 2653 3669 separatum
2680 3594 3016 3662 aedificium,
3050 3594 3120 3649 de
3151 3610 3266 3664 quo
3299 3595 3619 3664 suprajam
3645 3594 3748 3650 di-

2084 3687 2303 3754 ximus,
2332 3703 2564 3741 GAZERA.
2597 3689 2941 3756 Separatum
2973 3687 3167 3738 autem
3195 3687 3340 3752 erat,
3388 3699 3483 3737 eos
3539 3684 3752 3740 susci-

2084 3776 2250 3850 piens
2282 3776 2382 3849 qui
2432 3775 2504 3830 ab
2536 3771 2818 3845 Aquilone
2860 3771 3187 3838 veniebant,
3240 3775 3298 3826 et
3345 3774 3468 3826 erat
3521 3777 3754 3828 contra

2085 3867 2266 3922 eadem
2320 3867 2652 3936 vergentem
2707 3862 2777 3917 ad
2835 3860 3203 3933 Aquilonem,
3269 3861 3326 3915 id
3380 3865 3487 3928 est,
3538 3862 3746 3934 respi-

2083 3956 2331 4012 cientem
2360 3955 2600 4026 quidem
2632 3950 2940 4022 Aquilonis
2971 3955 3184 4022 partes,
3209 3951 3309 4005 sed
3344 3949 3532 4005 nonin
3555 3952 3757 4022 Aqui-

2048 4044 2212 4100 .lone
2239 4044 2523 4116 positum,
2563 4045 2627 4096 ut
2657 4040 2884 4096 facilior
2929 4043 3086 4096 esset
3127 4039 3412 4094 transitus
3462 4038 3579 4108 his,
3628 4041 3753 4112 qui

2078 4131 2387 4204 Aquilonis
2423 4129 2639 4201 frigora
2673 4127 3106 4200 relinquebant,
3140 4145 3172 4181 a
3204 4143 3319 4199 quo
3347 4127 3762 4184 exardescunt

2081 4220 2236 4276 mala
2259 4235 2436 4290 super
2464 4223 2677 4274 terram
2709 4219 2846 4289 (Jer.
2882 4219 2943 4287 ι).
2962 4217 3234 4290 Legimus
3257 4217 3317 4272 in
3334 4217 3756 4273 Numerorum

2078 4309 2247 4378 libro,
2282 4307 2472 4362 tribus
2504 4307 2626 4362 Dan
2669 4312 2726 4362 et
2756 4306 3115 4379 Nephtalim,
3173 4309 3232 4361 et
3267 4307 3410 4361 Aser
3470 4305 3756 4363 ﬁliorum

2075 4397 2226 4453 Balze
2258 4400 2314 4452 et
2355 4395 2578 4468 chphm
2638 4395 2983 4451 ancillarum
3030 4394 3298 4451 Rachelis
3356 4399 3412 4450 et
3473 4394 3612 4460 Lite,
3666 4397 3754 4453 ad

2073 4485 2380 4558 Aquilonis
2409 4485 2614 4557 plagas
2647 4492 2842 4540 castra
2871 4483 3152 4540 tenuisse.
3187 4484 3352 4539 Nunc
3383 4499 3621 4555 quoque
3683 4485 3760 4542 in

317 4581 347 4612 «
378 4562 773 4623 deambulatio
795 4571 996 4622 contra
1026 4566 1231 4622 faciem
1259 4568 1634 4638 suam,juxta
1663 4584 1969 4626 mensuras
1998 4586 2045 4652 D
2078 4574 2221 4631 facie
2250 4573 2635 4647 longitudinis
2661 4573 2793 4628 ostii
2824 4572 3132 4645 Aquilonis
3163 4577 3398 4629 centum
3422 4572 3606 4629 fuisse
3625 4591 3759 4630 cu-

311 4673 340 4702 «
377 4652 725 4710 exedrarum
739 4659 795 4712 et
815 4655 968 4712 viam
992 4656 1063 4711 ad
1085 4654 1960 4729 Aquilonem,etlongitudinem

311 4744 1017 4812 «earum,etlatitudincm
1034 4761 1236 4800 earum
1251 4749 1306 4800 et
1323 4744 1516 4800 omnis
1532 4745 1718 4801 exitus
1733 4763 1960 4816 earum,

313 4833 755 4902 «etintroitus,
805 4838 864 4890 et
911 4834 1244 4902 luminaria,
1304 4837 1361 4890 et
1413 4835 1563 4890 ostia
1613 4837 1960 4895 exedrarum

309 4947 338 4976 «
375 4928 580 4981 contra
611 4923 927 4996 Meridiem,
961 4929 1018 4980 et
1048 4923 1320 4979 introitus
1351 4924 1422 4978 ab
1457 4923 1622 4982 initio
1672 4927 1957 4984 deambu-

307 5034 338 5064 «
377 5010 520 5067 lacri
552 5013 623 5067 ad
647 5012 938 5070 luminare
961 5012 1146 5086 spatio
1168 5012 1416 5068 calami:
1448 5018 1503 5068 et
1534 5018 1598 5068 ut
1628 5017 1701 5070 ad
1759 5016 1958 5073 Orien-

303 5122 333 5151 ‹‹
363 5103 483 5155 tem
508 5097 691 5154 iretur
719 5117 820 5172 per
850 5119 936 5158 ea.
963 5124 990 5152 ››
1022 5103 1138 5158 Hoc
1169 5101 1324 5174 quod
1353 5099 1486 5156 LXX
1527 5104 1957 5162 transtulerunt

303 5189 376 5247 at
407 5188 708 5255 Orientem,
739 5188 798 5243 in
833 5190 1113 5247 Hebraico
1153 5208 1269 5246 non
1313 5190 1581 5258 habetur,
1643 5198 1702 5249 et
1758 5211 1959 5266 super-

302 5279 488 5336 ﬂuum
519 5291 648 5332 esse
678 5278 1054 5335 manifestum
1069 5280 1492 5344 est.Quomodo
1507 5281 1663 5336 enim
1681 5282 1950 5339 educitur

311 5363 385 5426 ad
418 5369 647 5440 portam
678 5366 1016 5423 exteriorem
1045 5370 1116 5424 ad
1140 5369 1460 5441 Orientem,
1493 5387 1629 5426 cum
1654 5377 1954 5442 sequatur,

297 5466 486 5515 contra
512 5459 724 5528 portam
755 5455 1054 5525 Aquilonis.
1081 5457 1226 5513 Illud
1249 5459 1403 5530 quod
1437 5464 1492 5514 et
1521 5477 1720 5532 supra,
1755 5466 1811 5516 et
1871 5462 1927 5516 in

373 5596 458 5669 (α)
477 5597 773 5654 Rescribit
792 5595 1109 5672 Victorius,
1133 5601 1377 5672 quinque
1397 5599 1461 5655 de
1481 5600 1690 5672 reliquo
1718 5603 1955 5672 adi/icio

298 5679 351 5730 et
372 5667 564 5744 prope,
597 5673 732 5735 etc.,
763 5667 836 5725 ad
872 5667 1406 5740 Graecum‘textum,
1432 5687 1548 5727 non
1575 5667 1956 5730 dissentiente

2069 4664 2244 4730 bitos,
2278 4669 2334 4719 et
2363 4661 2691 4718 latitudinis
2722 4661 3154 4734 quinquaginta
3179 4680 3192 4729 ;
3225 4666 3290 4717 ut
3306 4678 3374 4718 ex
3397 4661 3599 4717 decem
3627 4663 3757 4719 de-

2069 4755 2250 4821 cadis,
2281 4750 2721 4825 quadrangulus
2745 4767 3027 4807 numerus
3049 4756 3224 4824 atque
3245 4752 3635 4824 perfectus,et
3671 4769 3760 4810 ex

2068 4848 2291 4916 septem
2305 4840 2792 4911 hebdomadibus,
2817 4840 2916 4913 qui
2932 4839 3298 4897 remissionis
3310 4843 3759 4910 estnumerus,

2069 4934 2125 4988 et
2155 4932 2212 4986 in
2245 4928 2600 5003 principium
2632 4928 2888 4998 unionis,
2923 4929 2980 4984 id
3002 4934 3110 4998 est,
3136 4927 3417 5002 ogdoadis
3435 4931 3765 5003 erumpit,

2069 5019 2452 5076 sacerdotalia
2481 5019 2539 5073 in
2580 5017 2798 5091 templo
2845 5019 2940 5073 Dei
3003 5019 3193 5091 spatia
3239 5021 3758 5077 monstrarentur

2069 5111 2333 5181 Illudque
2357 5107 2511 5181 quod
2539 5108 2683 5164 2“
2716 5107 2886 5178 juxta
2915 5107 3574 5180 Hebraicumjungitur,
3594 5125 3766 5166 con-

2069 5209 2156 5256 tra
2185 5198 2381 5270 viginti
2408 5197 2614 5253 cubitos
2642 5199 2778 5252 atrii
2790 5198 3096 5269 interioris,
3117 5214 3220 5271 pro
3249 5213 3364 5269 quo
3386 5197 3539 5252 LXX
3564 5200 3768 5255 tran-

2068 5288 2381 5355 stulerunt,
2413 5287 2680 5357 descripta
2729 5288 2886 5340 erant
2941 5287 3106 5342 sicuti
3155 5295 3325 5359 parte
3381 5286 3522 5342 atrii
3576 5289 3766 5344 inle-

2066 5377 2248 5443 rioris,
2281 5374 2436 5428 hunc
2467 5372 2640 5427 habet
2670 5388 2909 5428 sensum
2939 5390 2952 5430 :
3005 5374 3157 5446 quod
3210 5372 3510 5430 exterioris
3572 5377 3762 5433 atrii

2066 5463 2438 5520 centenarius
2468 5460 3075 5533 etquinquagenarius
3099 5479 3402 5534 numerus,
3436 5462 3765 5524 eamdem

2066 5606 2126 5661 in
2156 5605 2481 5661 Comment.
2517 5601 2880 5675 Hieronymo.

2137 5677 2212 5749 (b)
2247 5677 2406 5733 Idem
2436 5672 2746 5732 introducit
2775 5675 2846 5732 ad
2875 5675 3052 5734 Grmc.
3088 5673 3364 5750 εὶσήγαγε.
