3944 6178
194 313 292 380 ιο9

724 314 1470 380 COMMENTARIORUM
1516 316 1594 378 lN
1639 311 2139 377 EZECHIELEM
2187 309 2336 372 LIB.
2382 307 2512 372 ΧῙῙ.
2559 308 2732 369 CAP.
2779 307 2961 372 XLII.

3447 299 3567 366 410

194 453 288 511 vim
313 450 541 520 habeat,
602 466 780 523 quam
827 451 1154 508 vicenarius
1212 450 1343 507 atrii
1392 451 1707 507 interioris.
1751 449 1812 506 Si
1840 449 1896 516 Α
1924 465 2069 514 rum,
2103 447 2474 514 subauditur,
2508 445 2853 516 exedrarum,
2886 445 3006 504 sive
3045 447 3567 522 gazophylaciorum

193 543 321 600 enim
337 546 587 613 quatuor
599 540 912 613 quinquies
925 545 1230 613 supputes,
1245 542 1301 594 in
1323 558 1566 597 numero
1586 540 1810 596 vicena-

192 631 278 699 rio,
300 635 612 701 utrumque
636 629 886 701 reperies
907 630 1346 685 Testamentum
1375 636 1471 686 :ut
1504 634 1562 685 et
1585 631 1698 685 Lex
1729 633 1812 685 te-

1924 539 1994 594 de
2015 538 2230 610 quibus
2254 555 2445 593 sermo
2465 555 2644 610 supra
2662 538 2786 594 fuit.
2813 541 2945 605 Quae
2968 539 3380 612 gazophylacia
3400 545 3567 599 erant

1920 628 1981 683 in
2003 628 2427 701 superioribus,
2450 629 2510 683 id
2527 633 2635 693 est,
2658 628 2718 683 in
2736 628 3049 686 coenaeulis
3071 627 3406 686 humiliora.
3432 630 3569 694 Qua:

193 719 454 776 neaturin
476 718 788 791 Evangelio
825 723 882 774 et
917 719 1292 791 Evangelium
1329 720 1399 775 de
1421 719 1590 792 Legis
1623 719 1814 774 radice
1922 717 2222 774 cmnacula
2262 716 2525 774 ascendit
2567 717 2718 774 Elias
2768 723 2826 774 et
2869 718 3112 775 Eliszsus
3159 720 3310 790 (Reg.
3341 737 3426 786 ιιι,
3462 721 3565 787 17;

193 812 462 866 nascatur.
489 807 600 862 Pro
624 823 738 878 quo
761 823 1008 862 numero
1032 808 1196 872 LXX,
1220 808 1660 864 simulitudinem
1680 809 1816 863 atrii

191 897 470 964 interioris,
514 896 876 968 interpretati
925 901 1081 966 sunt,
1136 897 1379 953 forsitan
1433 897 1815 952 formidantes

188 985 521 1043 vicenarium
543 1001 876 1055 numerum,
897 984 954 1039 in
975 1002 1088 1057 quo
1108 987 1432 1041 offeruntur
1449 987 1595 1042 Esau
1620 1002 1820 1041 mune-

186 1093 258 1148 ra,
287 1075 345 1130 in
373 1074 522 1130 atrio
562 1073 824 1129 interiori
874 1091 1109 1146 ponere.
1174 1076 1485 1148 Sequitur:
1535 1078 1602 1130 Et
1630 1080 1818 1132 contra

183 1167 540 1238 pavimentum
569 1165 806 1217 stratum
835 1163 1014 1235 lapide
1062 1166 1197 1220 atrii
1225 1167 1510 1220 exterioris
1535 1181 1548 1221 :
1582 1167 1675 1220 ubi
1703 1172 1821 1219 erat

185 1255 427 1327 porticus,
475 1252 677 1323 juncta
727 1253 990 1323 porticuli
1043 1254 1296 1324 triplici;
1353 1271 1456 1325 pro
1514 1271 1628 1325 quo
1685 1254 1819 1309 LXX

186 1341 600 1398 transtulerunt
625 1356 637 1394 :
672 1341 737 1395 Et
759 1342 902 1395 sicut
940 1341 1217 1399 columnae
1245 1345 1381 1397 atrii
1407 1345 1695 1399 exterioris
1721 1359 1820 1414 per

185 1431 413 1488 ordinem
440 1431 652 1502 positae,
682 1437 870 1485 contra
897 1430 1095 1499 faciem
1127 1433 1442 1502 porticuum
1492 1433 1817 1503 triplicium.

189 1529 471 1602 Signiﬁcat
493 1532 715 1592 autem,
741 1528 898 1598 quod
917 1527 1320 1600 pavimentum
1345 1530 1474 1586 atrii
1498 1530 1818 1601 exterioris,

186 1618 296 1675 vivo
323 1617 505 1673 fuerit
556 1619 808 1672 stratum
833 1615 1029 1688 lapide
1054 1635 1065 1671 :
1095 1622 1285 1673 utnec
1306 1619 1523 1674 aastatis
1563 1619 1818 1690 pulvere,

187 1724 274 1764 nec
301 1706 423 1762 luto
454 1705 709 1778 hyemis,
743 1706 1116 1762 sacerdotum
1167 1707 1418 1781 vestigia
1462 1707 1817 1780 polluantur.

1925 826 2001 877 ιν,
2038 808 2124 878 lli)
2151 824 2163 860 :
2189 811 2246 862 et
2264 807 2550 863 Dominus
2573 824 2704 863 cum
2728 807 3035 880 discipulis
3057 807 3279 864 Pascha
3308 808 3569 866 facturus

1926 897 2111 969 (Marc.
2134 896 2274 966 xw),
2299 900 2353 951 et
2375 895 2625 951 Thabita
2651 913 2775 968 quae
2794 902 2850 952 et
2891 897 3005 951 fide
3027 895 3289 967 Apostoli
3313 901 3367 952 et
3388 896 3569 954 virtu-

1926 991 2055 1041 tum
2078 1003 2320 1041 suarum
2347 987 2552 1041 merito
2581 985 2865 1042 suscitata
2886 989 2975 1040 est
2996 986 3130 1057 (Act.
3165 987 3264 1058 1x).
3298 986 3414 1042 Ista
3435 991 3574 1042 sunt

1929 1073 2247 1143 caenacula,
2281 1075 2350 1130 de
2377 1075 2593 1145 quibus
2619 1076 2678 1130 in
2711 1075 2936 1148 psalmo
2986 1075 3270 1148 scriptum
3304 1080 3427 1131 est:
3467 1077 3573 1141 Qui

1928 1164 2079 1236 rigat
2108 1168 2339 1220 montes
2372 1165 2442 1219 de
2473 1164 2792 1220 cmuaculis
2833 1166 2938 1236 [AL
2990 1165 3419 1236 superioribus]
3451 1165 3574 1222 suis

1931 1254 2108 1326 (Psal.
2143 1255 2383 1321 (1111,13).
2416 1254 2538 1309 Nisi
2571 1254 2725 1309 enim
2760 1255 2893 1326 quis
2915 1271 3084 1309 mons
3105 1253 3283 1310 fuerit
3311 1254 3575 1323 effectus,

1929 1356 1984 1406 et
2009 1352 2080 1406 ad
2113 1350 2320 1407 altiora
2352 1353 2689 1417 surrexerit,
2721 1352 2932 1424 pluviis
2964 1351 3194 1408 Domini
3225 1369 3341 1408 non
3372 1352 3579 1426 irriga-

1926 1440 2106 1505 bitur,
2140 1441 2239 1511 qui
2272 1459 2375 1512 pro
2407 1441 2744 1498 diversitate
2775 1441 3116 1497 meritorum
3148 1443 3220 1498 de
3251 1441 3462 1514 primo,
3495 1457 3582 1499 se-

1930 1530 2142 1599 cundo,
2175 1534 2232 1585 et
2269 1530 2438 1585 tertio
2470 1530 2750 1603 irrigatur
2797 1531 3114 1586 cmuaculo.
3167 1532 3300 1602 Ipsa
3343 1546 3579 1602 quoque

1930 1617 2366 1691 gazophylacia,
2387 1619 2495 1674 hoc
2524 1623 2631 1685 est,
2663 1619 2925 1675 thesauri
2959 1635 3236 1690 gazarum
3268 1618 3496 1675 Domini
3520 1619 3581 1676 in

1931 1707 2336 1778 superioribus
2385 1706 2704 1762 humiliora
2750 1711 2892 1762 sunt
2939 1707 3152 1778 (Ephes.
3203 1707 3310 1778 III).
3353 1706 3582 1771 Quanto

188 1795 328 1852 Unde
354 1799 412 1850 et
431 1793 722 1850 Dominus
745 1810 1100 1850 ascensurus
1123 1796 1190 1850 ad
1228 1800 1481 1868 Patrem,
1515 1797 1823 1869 Apostolo-
1853 1815 1902 1882 Β
1931 1795 2088 1851 enim
2121 1795 2254 1867 quis
2280 1795 2562 1852 excelsior
2587 1796 2783 1863 fuerit,
2818 1800 2982 1852 tanto
3013 1812 3149 1852 cum
3169 1794 3444 1867 Apostolo
3480 1796 3584 1852 bu~

185 1901 298 1940 rum
315 1883 473 1939 lavat
487 1883 664 1955 pedes
681 1883 866 1954 (Joan.
881 1883 1030 1955 x111),
1046 1889 1111 1938 ut
1131 1885 1428 1940 mundatis
1445 1886 1826 1958 purgatisque

183 1972 426 2045 vestigiis
457 1972 749 2027 scandant
771 1988 950 2043 regna
971 1972 1249 2028 coelorum
1281 1992 1293 2029 :
1319 1978 1375 2028 et
1403 1973 1653 2046 imperat
1682 1991 1826 2046 apo-

183 2061 356 2127 stolis,
379 2061 526 2116 utin
552 2076 990 2133 quamcumque
1011 2061 1262 2134 ingressi
1283 2063 1824 2130 fuerintcivitatem,

180 2153 232 2207 et
260 2167 377 2206 non
408 2149 779 2221 susceperint
808 2167 926 2219 eos,
977 2151 1272 2206 excutiant
1320 2152 1533 2224 pedum
1583 2169 1825 2209 suorum

178 2239 738 2312 pulverem(Matth.x
753 2256 766 2307 ;
784 2248 834 2294 et
852 2244 1004 2296 Marc
1019 2241 1119 2310 v1):
1147 2257 1262 2312 quo
1281 2240 1502 2296 scilicet
1524 2240 1671 2295 nihil
1694 2258 1823 2295 mu-

177 2345 390 2384 nerum
403 2333 765 2384 terrenorum
779 2329 850 2383 ab
865 2329 947 2384 eis
961 2331 1184 2401 apudse
1197 2346 1496 2385 remanere
1509 2329 1825 2402 patiantur.

181 2417 318 2474 Non
341 2415 525 2472 solum
547 2423 743 2472 autem
765 2416 1169 2488 pavimentum
1193 2423 1442 2474 stratum
1459 2418 1790 2490 eratlapide
1812 2435 1824 2474 :

175 2513 282 2569 sed
307 2517 364 2568 et
382 2513 633 2584 porticus
655 2521 776 2570 erat
790 2514 1000 2584 juncta
1022 2515 1270 2586 porticui
1294 2517 1528 2588 triplici.
1555 2517 1679 2572 Una
1701 2517 1831 2570 Por-

177 2602 329 2658 licus
352 2602 423 2656 ab
446 2601 631 2657 imbre
654 2607 710 2657 et
731 2607 874 2658 aestu
898 2608 1210 2676 protegens
1246 2605 1595 2675 sacerdotes,
1621 2606 1827 2677 etjun-

175 2693 267 2746 cta
297 2690 552 2762 porticui
581 2691 802 2762 triplici
851 2693 1216 2748 demonstrat
1263 2694 1830 2766 mysteriumTrini-

175 2781 342 2848 tatis,
365 2779 520 2851 quod
545 2796 680 2835 cum
703 2780 894 2836 Patris
918 2785 976 2836 et
996 2781 1146 2850 Filii,
1175 2787 1232 2838 et
1255 2783 1504 2856 Spiritus
1527 2784 1712 2839 sancti
1744 2785 1828 2840 di-

171 2868 406 2924 videtur
419 2868 781 2936 nominibus,
796 2873 995 2924 tamen
1016 2887 1133 2926 una
1146 2870 1256 2926 sibi
1270 2871 1575 2928 divinitate
1589 2875 1826 2943 conjun-

170 2957 355 3030 gitur.
377 2958 511 3014 Erat
535 2974 772 3029 quoque
798 2963 932 3014 ante
952 2960 1385 3033 gazophylacia,
1426 2962 1543 3018 sive
1567 2963 1828 3033 exedras,

169 3045 258 3102 vel
276 3046 594 3117 thalamos,
621 3046 1019 3104 deambulatio
1041 3049 1241 3104 decem
1273 3051 1606 3107 cubitorum
1632 3053 1828 3107 latitu-

170 3135 354 3200 dinis,
379 3136 450 3191 ad
476 3135 756 3191 interiora
771 3137 1088 3209 respiciens
1113 3138 1214 3194 viae
1233 3140 1414 3195 cubiti
1435 3141 1830 3205 unius.Quod-

172 3239 286 3295 que
310 3189 355 3280 Ξ
384 3189 1415 3285 eaasas2.1';“n.1".'.;;t;;
1440 3189 1832 3300 magis}.
1861 3189 1904 3256 α

173 3322 416 3384 centum,
451 3314 820 3386 superfluum
851 3319 974 3370 est:
1011 3316 1151 3388 quia
1188 3317 1246 3372 in
1280 3318 1558 3374 Ilebraico
1588 3337 1703 3374 non
1727 3319 1830 3374 ha-

171 3403 364 3473 betur,
391 3403 552 3476 quod
575 3407 882 3475 ponentes,
905 3404 1172 3461 tulerunt
1203 3407 1259 3462 id
1303 3409 1458 3479 quod
1492 3408 1742 3464 habetur
1771 3409 1830 3462 in

175 3489 437 3560 Hebraeo,
492 3493 567 3546 ad
618 3494 888 3548 interiora
933 3497 1230 3566 respiciens
1274 3499 1375 3551 vim
1422 3499 1598 3552 cubiti
1643 3501 1833 3566 unius,

177 3581 337 3652 quod
367 3597 475 3636 nos
507 3581 581 3636 de
611 3580 896 3637 Hebraica
911 3582 1152 3638 veritate
1181 3585 1613 3642 transtulimus.
1649 3587 1835 3660 Signi-

177 3669 318 3724 ﬁcat
347 3670 735 3742 autem,quod
769 3675 903 3726 ante
935 3672 1087 3728 fores
1125 3673 1670 3747 gaz0phylaciorum
1703 3694 1832 3732 om-

171 3757 364 3827 nium,
389 3758 511 3813 sive
531 3758 902 3824 exedrarum,
926 3765 982 3815 et
1007 3760 1400 3818 thalamorum
1430 3765 1606 3819 fuerit
1635 3766 1832 3821 deam-

171 3845 420 3914 bulatio,
439 3846 816 3902 latitudinem
837 3847 1060 3904 habens
1083 3850 1413 3906 cubitorum
1437 3852 1659 3922 decem,
1683 3854 1832 3912 512

177 3943 293 4014 qui
324 3949 380 3998 et
398 3943 518 4014 ipse
533 3945 830 4017 perfectus
848 3949 938 4001 est
958 3963 1265 4014 numerus,
1290 3949 1378 4004 vel
1403 3955 1642 4023 propter
1667 3957 1837 4008 Deca-

178 4029 415 4103 logum,
437 4031 518 4087 vel
539 4037 781 4106 propter
802 4035 1097 4108 Evangelii
1121 4043 1578 4094 sacramentum.
1603 4040 1659 4095 Si
1680 4042 1834 4097 enim

177 4118 258 4175 ab
301 4136 416 4175 uno
444 4137 547 4192 per
575 4122 726 4177 duos
759 4127 816 4177 et
843 4126 964 4178 tres
995 4125 1065 4178 ad
1099 4131 1374 4197 quartum
1404 4145 1718 4185 numerum
1740 4148 1835 4186 ve-

172 4209 332 4276 nias,
367 4210 714 4266 decenarius
747 4212 853 4283 [Αι.
897 4213 1194 4287 denarius]
1245 4216 1687 4291 Evangeliorum
1723 4239 1834 4276 nu-

179 4314 386 4354 merus
407 4298 663 4356 edicitur
683 4318 695 4356 :
719 4300 780 4356 in
804 4303 974 4374 cujus
991 4303 1302 4360 latitudine
1324 4307 1705 4364 deambulant
1742 4328 1836 4366 sa-

179 4388 613 4458 cerdotes,ante
643 4389 881 4462 singula
910 4392 1327 4466 gazophylacia
1355 4412 1460 4467 gra
1481 4396 1724 4454 lientes:
1758 4399 1840 4454 ita

173 4475 482 4532 dumtaxat
506 4481 573 4532 ut
593 4494 826 4549 semper
848 4480 920 4534 ad
942 4481 1221 4536 interiora
1237 4483 1548 4554 respiciant
1571 4485 1671 4540 vim
1685 4487 1834 4557 ejus,

173 4581 300 4637 quae
329 4566 502 4622 ducit
531 4566 604 4621 ad
647 4567 915 4623 cubitum
949 4585 1154 4638 unum,
1189 4571 1260 4625 ad
1294 4571 1540 4641 cultum,
1573 4573 1841 4632 videlicet
1868 4559 1915 4624 D

173 4655 351 4711 unius
377 4653 731 4723 divinitatis,
755 4655 984 4713 dicente
1010 4657 1154 4714 Filio
1177 4660 1249 4715 ad
1275 4663 1506 4716 Patrem
1533 4678 1545 4716 :
1577 4662 1840 4720 Revelavi

173 4759 384 4801 nomen
411 4749 588 4799 tuum
608 4744 950 4802 hominibus
965 4747 1144 4820 (Joan.
1166 4765 1303 4819 xvn,
1326 4751 1402 4822 6).
1420 4751 1553 4822 Ipsa
1572 4757 1661 4807 est
1682 4753 1839 4809 enim

170 4830 284 4903 via,
313 4832 604 4889 interiora
633 4833 976 4906 respiciens,
1010 4853 1139 4908 qua:
1189 4837 1332 4894 dicit
1382 4839 1442 4895 in
1487 4841 1835 4915 Evangelio:

174 4927 289 5002 Ego
314 4947 455 4986 sum
477 4933 594 4999 via,
613 4936 672 4986 et
689 4932 827 5003 vita,
864 4938 921 4988 et
959 4935 1175 4991 veritas
1218 4937 1400 5008 (Joan.
1436 4956 1550 5006 xw,
1574 4940 1668 5012 6):
1702 4943 1842 5012 quia

175 5032 343 5074 nemo
391 5019 560 5074 venit
618 5020 692 5075 ad
749 5021 1019 5078 notitiam
1068 5023 1282 5091 Patris,
1329 5025 1440 5082 nisi
1472 5045 1576 5099 per
1603 5029 1836 5084 Filium.

170 5105 487 5179 Sequitur:
521 5108 590 5164 Et
623 5112 763 5164 ostia
805 5127 995 5167 earum
1040 5113 1110 5167 ad
1159 5113 1503 5185 Aquilonem,
1557 5117 1655 5172 ubi
1682 5126 1842 5173 erant

167 5197 582 5270 qazophylacia
608 5200 669 5253 in
689 5201 1070 5272 superioribus
1091 5201 1393 5258 humiliora
1415 5221 1432 5258 :
1450 5207 1583 5275 quia
1606 5223 1838 5277 suppor-

169 5286 362 5342 tabant
384 5288 639 5358 porticus
668 5303 795 5359 quae
823 5304 893 5345 ea:
921 5291 1038 5346 illis
1058 5291 1370 5348 eminebant
1388 5293 1453 5348 de
1484 5296 1840 5366 inferioribus

163 5377 214 5428 et
243 5375 456 5430 mediis
484 5374 740 5447 aediﬁcii.
765 5377 1034 5452 Tristega
1055 5379 1214 5436 enim
1237 5386 1422 5448 erant,
1449 5387 1506 5438 et
1531 5400 1645 5438 non
1669 5383 1840 5439 habe-

161 5461 318 5519 bant
374 5462 688 5522 columnas
744 5466 900 5523 sicut
951 5472 1117 5523 erant
1172 5469 1458 5526 columnae
1516 5471 1835 5529 atriorum:

159 5558 488 5624 propterea
516 5555 856 5613 eminebant
881 5557 952 5612 de
984 5556 1362 5615 inferioribus
1393 5563 1450 5615 et
1481 5559 1550 5616 de
1573 5560 1784 5617 mediis
1806 5579 1839 5618 a

157 5646 333 5700 terra
353 5641 579 5701 cubitis
601 5645 1048 5720 quinquaginta.
1073 5647 1238 5714 Quod
1262 5637 1543 5724 jungitur
1565 5665 1578 5706 :
1599 5651 1736 5709 ostia
1755 5666 1841 5708 ea-

1937 1883 2188 1940 militate
2221 1885 2514 1956 dejicitur,
2544 1884 2765 1953 dicens,
2798 1884 2906 1949 Qui
2938 1902 3052 1940 non
3081 1901 3213 1940 sum
3241 1883 3457 1957 dignus
3485 1901 3583 1940 vo-

1936 1973 2055 2031 cari
2097 1974 2436 2046 Apostolus,
2497 1974 2635 2046 quia
2691 1977 3036 2046 persecutus
3083 1991 3214 2029 sum
3266 1972 3584 2030 Ecclesiam

1936 2063 2034 2119 Dei
2066 2064 2109 2135 (I
2145 2065 2265 2120 Cor.
2303 2082 2340 2130 ι,
2371 2064 2485 2134 95).
2516 2065 2694 2119 Erant
2718 2067 2914 2120 autem
2936 2063 3066 2136 ipsa
3085 2061 3502 2136 gazophylacia
3523 2062 3585 2118 in

1937 2151 2249 2208 cmnaculis
2280 2152 2619 2220 humiliora,
2666 2154 2804 2226 quia
2852 2153 3278 2226 supportabant
3325 2152 3588 2224 porticus

1937 2258 2062 2313 quas
2093 2257 2162 2296 ex
2191 2241 2310 2296 illis
2336 2242 2674 2297 eminebant
2694 2243 2765 2298 de
2785 2241 3163 2297 inferioribus
3200 2245 3256 2298 et
3277 2241 3347 2296 de
3371 2241 3583 2298 mediis

1938 2330 2185 2386 aedificii.
2221 2331 2542 2400 Redditque
2573 2348 2781 2386 causas
2811 2347 2916 2385 cur
2945 2328 3359 2402 gazophylacia
3387 2329 3445 2384 in
3480 2346 3590 2386 cm-

1940 2419 2168 2475 naculis
2192 2419 2400 2491 posita,
2433 2419 2752 2475 humiliora
2790 2419 3027 2474 fuerint.
3079 2419 3226 2485 Quia
3273 2422 3587 2491 supporta-

1948 2505 3199 2580 bant,inquit,porticus,qutelibertateaeris
3217 2506 3590 2574 fruebantur,
3641 2555 3648 2565 .

1938 2608 1996 2660 et
2032 2603 2370 2661 eminebant
2427 2606 2498 2660 de
2555 2603 2955 2674 inferioribus,
3011 2607 3068 2658 et
3096 2603 3168 2658 de
3206 2603 3418 2658 mediis
3448 2603 3590 2659 aedi-

1939 2693 2094 2750 ﬁcii:
2159 2699 2221 2750 ut
2277 2695 2603 2750 secundum
2663 2693 3025 2750 caenaculum
3083 2693 3411 2764 pavimento
3443 2692 3589 2750 inte-

1940 2782 2110 2839 rioris
2135 2785 2289 2840 513
2349 2784 2561 2839 domus
2618 2787 2772 2838 esset
2827 2781 3203 2848 eminentius,
3261 2785 3319 2837 et
3346 2781 3587 2839 tertium

1939 2872 2304 2928 cmuaculum
2329 2873 2585 2928 secundo
2607 2875 2762 2927 esset
2790 2869 3096 2936 excelsius,
3118 2873 3174 2925 et
3203 2873 3421 2940 quanto
3451 2869 3586 2941 quis

1940 2961 2012 3016 ad
2064 2961 2366 3034 superiora
2413 2961 2852 3026 conscenderet,
2900 2962 3062 3014 tanto
3103 2957 3294 3014 altiori
3325 2961 3587 3014 uteretur

1940 3051 2260 3118 caenaculo,
2293 3051 2447 3123 quod
2481 3049 2814 3105 humilitate
2860 3048 3174 3115 crescebat,
3215 3047 3442 3103 dicente
3471 3047 3582 3102 Do-

1942 3138 2101 3194 mino
2127 3157 2139 3194 :
2165 3139 2274 3205 Qui
2300 3138 2596 3195 vultinter
2627 3155 2730 3194 vos
2771 3138 2961 3210 major
2998 3152 3146 3207 esse,
3189 3135 3291 3191 ﬁat
3315 3135 3582 3190 omnium

1942 3227 2226 3284 minimus
2258 3228 2442 3300 (Marc.
2478 3246 2555 3293 1x,
2587 3229 2699 3297 34).
2727 3227 2929 3299 Neque
2961 3225 3118 3282 enim
3141 3224 3433 3281 columnis
3456 3223 3588 3280 aliis

1941 3318 2348 3388 portabantur,
2381 3317 2535 3374 sicut
2565 3319 2625 3373 in
2657 3317 2942 3373 atriorum
2975 3314 3268 3370 columnis
3298 3312 3583 3386 legimus;

1942 3415 2043 3470 sed
2075 3416 2414 3470 eminebant
2443 3416 2513 3473 de
2533 3414 2908 3470 inferioribus
2940 3417 2997 3468 et
3029 3413 3100 3467 de
3137 3409 3349 3466 mediis
3378 3413 3586 3466 eterra

1944 3503 2162 3559 cubitis
2185 3503 2642 3576 quinquaginta,
2662 3519 2908 3558 numero
2931 3499 3294 3556 remissionis
3316 3497 3584 3554 omnium

1943 3591 2297 3648 debitorum.
2325 3594 2451 3647 Haec
2472 3597 2611 3647 sunt
2627 3595 2823 3647 autem
2843 3590 3102 3662 tristega,
3121 3589 3192 3644 de
3209 3588 3426 3660 quibus
3446 3604 3589 3659 prm-

1943 3681 2158 3752 cipitur
2181 3698 2193 3736 :
2220 3681 2492 3736 Describe
2514 3697 2579 3736 ea
2601 3681 2672 3734 tri
2682 3679 2927 3751 pliciter,
2969 3677 3212 3733 consilio
3235 3681 3291 3732 et
3320 3676 3588 3744 scientia,

1945 3774 2010 3823 ut
2030 3771 2384 3841 respondeas
2407 3766 2780 3824 sermonibus
2816 3765 3075 3822 veritatis
3102 3765 3197 3820 his
3219 3782 3346 3836 qua
3380 3780 3588 3836 propo-

1945 3862 2166 3912 nuntur
2195 3857 2302 3912 tibi
2333 3856 2519 3928 (Prov.
2551 3872 2693 3920 xxu,
2735 3855 2826 3923 20,
2863 3855 2980 3926 21).
3024 3853 3304 3909 Interiora
3330 3852 3511 3926 igitur
3537 3855 3596 3907 et

1944 3947 2247 4013 exteriora,
2275 3945 2565 4002 columnis
2617 3944 2919 4016 indigent;
2971 3960 3097 4015 quae
3145 3946 3341 3998 autem
3387 3940 3597 3999 altiora

1947 4039 2086 4091 sunt
2115 4038 2170 4091 et
2198 4035 2495 4102 interiora,
2529 4034 2960 4096 columnarum,
2994 4031 3049 4087 id
3082 4034 3189 4099 est,
3224 4029 3398 4086 alieni
3431 4030 3595 4086 auxi-

1944 4123 2007 4179 lii
2040 4141 2151 4180 usu
2185 4141 2298 4179 non
2331 4128 2520 4196 egent.
2541 4123 2676 4178 Post
2697 4123 2816 4178 haec
2839 4121 3055 4177 dicitur
3082 4137 3095 4175 :
3117 4122 3192 4175 Et
3209 4120 3484 4192 peribolus
3508 4137 3600 4176 ex-

1946 4215 2116 4268 terior
2140 4213 2437 4269 secrandum
2464 4213 2876 4285 gazophylacia,
2908 4224 3034 4282 qua:
3060 4213 3219 4265 erant
3247 4210 3308 4264 in
3338 4211 3430 4266 via
3457 4211 3600 4265 atrii

1945 4312 2241 4368 exterioris
2270 4319 2398 4367 ante
2429 4311 2845 4383 gazophylacia,
2876 4308 3158 4378 longitudo
3187 4309 3303 4379 ejus
3322 4310 3596 4378 qui-nqua-

1947 4403 2106 4472 ginta
2134 4402 2477 4456 cubitorum:
2506 4401 2640 4472 quia
2660 4398 2939 4467 longitudo
2951 4395 3598 4468 eratgazophylaciorum

1948 4491 2082 4545 atrii
2111 4491 2398 4546 exterioris
2429 4490 2835 4561 quinquaginta
2862 4487 3189 4550 cubitorum,
3223 4493 3276 4540 et
3321 4484 3596 4555 longitudo

1947 4589 2077 4635 ante
2124 4582 2326 4650 faciem
2375 4579 2588 4649 templi,
2648 4581 2867 4632 centum
2928 4575 3254 4630 cubitorum.
3299 4573 3598 4629 Peribolus

1947 4685 2171 4724 murum
2200 4668 2491 4740 significat
2521 4667 2620 4738 qui
2651 4670 2774 4722 erat
2800 4664 3068 4731 exterior,
3110 4667 3167 4718 et
3193 4662 3462 4733 cingebat
3491 4677 3598 4733 ga-

1948 4756 2288 4829 zopbylacia
2315 4758 2376 4811 in
2406 4755 2498 4811 via
2525 4754 2657 4811 atrii
2707 4752 3028 4820 exterioris,
3070 4751 3294 4806 habens
3316 4748 3374 4803 in
3407 4747 3594 4821 longi-

1949 4846 2154 4902 tudine
2177 4844 2609 4917 quinquaginta
2630 4843 2860 4898 cubitos
2885 4859 2898 4896 :
2934 4843 3004 4897 de
3043 4841 3213 4910 cujus
3253 4837 3482 4894 numeri
3503 4854 3596 4894 sa-

1948 4939 2246 4990 cramento
2275 4933 2475 4989 crebro
2497 4932 2772 4988 diximus.
2812 4935 2988 4986 Porro
3021 4927 3324 5000 longitudo
3347 4929 3480 4982 ante
3511 4927 3594 4982 fa-

1949 5025 2098 5080 ciem
2127 5022 2357 5094 templi,
2384 5039 2757 5093 nequaquam
2806 5017 3237 5091 quinquaginta
3264 5015 3594 5072 cubitorum

1949 5116 2093 5181 erat,
2119 5116 2183 5167 ut
2205 5115 2338 5166 ante
2358 5108 2771 5184 gazophylacia
2797 5127 2809 5174 ;
2836 5108 2935 5163 sed
2969 5111 3201 5162 centum
3225 5106 3591 5162 cubitorum:

1950 5206 2015 5258 ut
2045 5204 2176 5274 post
2205 5199 2611 5256 remissionem
2636 5197 2899 5253 omnium
2927 5204 3320 5268 peccalorum,
3343 5195 3598 5268 perfecta

1949 5290 2189 5363 prtemia
2220 5289 2279 5343 in
2310 5286 2644 5343 centenario
2675 5301 2918 5341 numero
2967 5285 3371 5357 przestolemur
3398 5284 3590 5356 (Leuit.

1948 5380 2072 5448 x11).
2105 5379 2214 5434 Pro
2244 5377 2503 5450 peribolo,
2535 5375 2656 5432 sive
2685 5389 2867 5441 muro,
2899 5374 3055 5447 quod
3075 5372 3353 5429 Hebraice
3383 5372 3598 5427 dicitur

1948 5485 2133 5526 causa
2171 5478 2272 5529 Tu
2314 5465 2456 5522 LXX
2487 5465 2673 5520 lumen
2711 5463 3070 5535 interpretati
3103 5467 3261 5530 sunt,
3304 5460 3460 5533 quod
3499 5477 3594 5517 ve-

1948 5559 2036 5615 nit
2067 5555 2451 5624 extrinsecus,
2486 5561 2543 5611 et
2571 5552 2871 5611 illuminat
2904 5553 3097 5610 cordis
3145 5549 3330 5608 nostri
3355 5549 3591 5608 oculos:

1948 5665 2064 5706 non
2086 5644 2411 5705 sufﬁciente
2428 5649 2641 5703 natura
2661 5643 2845 5703 nostri
2863 5642 3106 5701 luminis
3128 5640 3282 5714 quod
3328 5643 3597 5700 versatur
