3944 6178
369 274 481 341 ιιι

1632 273 1697 338 S.
1749 273 2058 338 EUSEBII
2101 273 2541 344 HIERONYMI

3646 277 3760 347 412

378 409 441 468 in
463 426 662 478 sensu,
689 410 1012 484 perfectum
1034 404 1286 466 scientiae
1321 404 1538 466 habere
1571 407 1879 484 fulgorem,
1903 409 2018 466 nisi
2047 417 2103 483 Α
2131 413 2286 470 vesci
2312 414 2713 472 sacerdotibus
2745 415 2897 485 licet,
2928 413 3017 473 vel
3048 431 3165 475 non
3195 413 3350 484 licet,
3381 418 3440 474 et
3468 415 3538 472 de
3564 413 3658 473 his
3679 415 3766 489 ip-

379 503 738 558 extrinsecus
762 518 863 572 per
889 499 983 555 Dei
1009 498 1258 572 gratiam
1282 498 1552 554 introeat.
1578 499 1738 564 Quod
1763 498 2018 570 primum

374 588 574 645 oculos
607 589 789 644 nostri
824 588 1016 643 cordis
1049 587 1363 654 illuminat,
1397 592 1453 641 et
1481 603 1654 641 omne
1684 587 1898 641 atrium
1923 602 2016 642 ex-

374 678 580 744 terius,
600 678 752 749 quod
771 675 1199 748 quinquaginta
1214 676 1545 732 cubitorum
1570 674 1875 730 latitudine
1896 681 2018 731 ten-

377 765 556 834 ditur,
591 766 728 822 facit
767 766 1102 822 clarescere.
1153 766 1362 821 Postea
1412 781 1544 820 vero
1601 781 1733 820 cum
1794 764 2015 819 veneri-

374 873 508 912 mus
562 862 694 913 ante
753 855 959 910 faciem
1001 855 1226 926 templi,
1260 855 1514 927 perl‘ecta
1572 853 1627 908 in
1685 854 2014 909 centenario

368 962 614 1002 numero
658 945 1006 1017 recipiemus
1065 944 1322 1016 pramia.
1383 947 1517 997 Erat
1572 947 1764 997 autem
1814 943 2016 998 subter

367 1034 779 1109 gazophylacia
802 1035 1076 1088 introitus
1102 1035 1172 1088 ab
1204 1033 1436 1088 Oriente
1468 1031 1920 1103 ingredientium
1955 1033 2012 1086 in

364 1140 434 1180 ea
453 1125 524 1179 de
547 1125 695 1180 atrio
721 1123 1010 1179 exteriori.
1049 1123 1285 1194 Oportet
1335 1121 1488 1176 enim
1541 1119 1640 1176 Dei
1689 1137 1795 1176 nos
1827 1121 2014 1190 possi-

365 1214 501 1268 dere
523 1213 776 1279 divitias,
802 1218 858 1267 et
881 1213 952 1266 de
971 1211 1114 1267 atrio
1135 1209 1399 1265 exteriori
1437 1209 1637 1265 subter
1658 1209 2012 1280 gazophyla-

365 1303 456 1358 cia
487 1302 741 1358 Orientis
774 1300 1076 1355 introitum
1112 1299 1384 1371 reperire,
1418 1303 1473 1354 et
1504 1314 1606 1370 per
1637 1297 2010 1353 latitudinem

364 1391 632 1465 periboli,
665 1390 766 1462 qui
820 1389 1057 1462 respicit
1109 1389 1262 1443 viam
1324 1387 1596 1453 Orientis,
1630 1387 1824 1442 venire
1854 1389 2008 1444 514

360 1482 433 1538 ad
455 1479 766 1536 aediﬁcium
789 1479 942 1550 quod
968 1479 1186 1534 sanctis
1209 1482 1296 1534 est
1318 1482 1674 1549 separatum,
1699 1483 1831 1532 ante
1853 1477 2006 1548 quod

359 1574 498 1626 sunt
526 1568 954 1642 gazophylacia,
987 1573 1043 1624 et
1073 1569 1130 1623 in
1163 1568 1291 1638 ipsa
1336 1568 1430 1622 via
1479 1566 1803 1621 similitudo
1833 1582 2007 1637 gazo—

357 1657 784 1732 phylaciorum,
819 1675 947 1729 qua
1003 1660 1168 1712 erant
1225 1656 1284 1710 in
1332 1655 1425 1710 via
1488 1654 1815 1726 Aquilonis.
1852 1655 2010 1709 Licet

2129 503 2212 558 sis
2245 520 2390 574 quos
2412 503 2566 571 licet,
2591 505 2649 560 in
2678 505 2836 561 cibos
2858 523 3108 575 sumere,
3134 523 3248 562 non
3273 507 3331 562 in
3366 505 3638 562 omnibus
3669 522 3770 561 su-

2128 598 2373 646 muntur
2401 593 2562 665 locis,
2597 612 2702 650 nec
2723 596 2792 650 ab
2821 597 3119 663 omnibus,
3149 613 3254 652 nec
3302 596 3459 652 omni
3485 602 3768 667 tempore.

2127 679 2549 754 Gazopbylacia
2589 683 2896 754 Aquilonis
2945 684 3140 740 Austri
3172 690 3311 757 puto
3343 701 3488 751 esse,
3521 701 3650 756 qua
3683 683 3769 739 vel

2126 768 2379 824 historia
2433 773 2770 828 contineant
2827 773 3285 845 simplicitatem,
3331 773 3416 828 vel
3447 773 3769 844 spiritualis

2126 857 2519 930 intelligentia
2553 867 2940 927 sacramenta,
2977 869 3039 918 ut
3072 880 3172 934 per
3201 861 3545 934 Aquilonem
3577 863 3774 918 venia-

2125 961 2257 1002 mus
2289 949 2358 1003 ad
2393 949 2714 1004 Meridiem.
2749 955 2948 1022 Neque
2980 951 3134 1006 enim
3167 952 3248 1006 sic
3287 951 3529 1024 legenda
3555 956 3644 1006 est
3673 950 3773 1005 lit-

2123 1040 2268 1104 tera,
2292 1042 2346 1092 et
2367 1037 2621 1094 historia
2645 1039 3330 1110 fundamentajacienda,
3356 1045 3419 1094 ut
3439 1056 3552 1094 non
3579 1040 3774 1094 venia-

2124 1141 2255 1179 mus
2281 1127 2351 1180 ad
2377 1127 2634 1182 culmina
2659 1146 2671 1196 ;
2698 1144 2803 1183 nec
2827 1128 2907 1182 ita
2936 1127 3328 1200 pulcherrimo
3349 1128 3594 1183 adificio
3622 1133 3773 1184 tecta

2122 1216 2391 1285 ponenda
2421 1223 2485 1271 ut
2535 1234 2906 1289 nequaquam
2968 1218 3348 1274 fundamenta
3406 1218 3525 1273 sint
3553 1216 3769 1274 solida.

2121 1311 2462 1368 Sacerdotes
2486 1319 2679 1370 autem
2708 1315 2805 1386 qui
2828 1321 3143 1370 vescuntur
3168 1316 3226 1370 in
3248 1314 3517 1383 cellariis,
3544 1315 3608 1371 in
3631 1315 3772 1388 qui-

2121 1401 2230 1456 bus
2256 1402 2450 1456 multa
2473 1404 2688 1458 divitia
2713 1403 3105 1474 continentur,
3131 1403 3242 1475 ipsi
3265 1409 3404 1459 sunt
3428 1403 3528 1476 qui
3551 1421 3770 1477 appro-

2119 1491 2406 1561 pinquant
2424 1492 2494 1545 ad
2509 1492 2851 1546 Dominum:
2872 1492 2943 1547 de
2961 1493 3175 1564 quibus
3191 1493 3496 1564 Scriptura
3511 1497 3772 1550 testatur

2118 1580 2310 1649 (Exod.
2335 1584 2508 1646 XXIV),
2537 1581 2692 1652 quod
2717 1581 2946 1653 Moyses
2969 1581 3519 1653 appr0pinquaverit
3549 1583 3622 1637 ad
3656 1586 3772 1638 Do-

2119 1669 2370 1734 minum,
2403 1674 2458 1724 et
2487 1669 2672 1724 cateri
2707 1671 2976 1726 accedere
3008 1688 3122 1726 non
3178 1671 3489 1742 potuerint.
3528 1671 3591 1726 In
3626 1672 3771 1726 adi-

360 1747 518 1804 θῠίῐη
551 1748 622 1802 ad
680 1745 933 1802 Orientis
991 1745 1398 1817 Perveniarmls
1448 1743 1777 1811 ίῧῖτοίίυων
1808 1749 2004 1798 tamen
2033 1789 2081 1854 B
2118 1758 2382 1813 ticatione
2405 1757 2604 1830 templi
2642 1758 2895 1830 mystici,
2918 1764 2972 1814 et
3006 1760 3063 1814 in
3095 1758 3359 1814 Ecclesia
3391 1764 3770 1816 sacramento

395 1837 409 1850 .
632 1837 678 1854 ς,
1050 1834 1210 1854 ε,
1250 1833 1578 1854 ...ε,-..η.---
1638 1838 1686 1854 ,ι
1720 1850 1826 1854 ___
1866 1849 1969 1854 ___
2430 1851 2435 1854 Α
2650 1849 2663 1854 -
2717 1851 2724 1854 .
2862 1852 2867 1854 _
3048 1847 3195 1854 ,-..
3261 1847 3324 1854 ..
3437 1848 3448 1854 .
3632 1848 3647 1854 -
3760 1853 3763 1854 ν

363 1836 688 1893 similitudo
718 1836 1010 1906 majorum
1042 1838 1130 1889 est
1159 1834 1218 1888 in
1250 1833 1598 1899 minoribus,
1635 1838 1690 1886 et
1720 1850 1833 1888 non
1866 1849 2002 1904 pos-

358 1942 570 1982 sumus
592 1925 662 1980 ad
694 1923 945 1980 Orientis
976 1922 1276 1995 pervenire
1299 1921 1522 1988 lumen,
1569 1920 1681 1975 nisi
1713 1937 1816 1993 per
1845 1921 1998 1976 viam

351 2022 688 2095 Aquilonis,
719 2022 778 2076 id
809 2027 917 2088 est,
951 2037 1053 2092 per
1081 2020 1309 2076 minora
1340 2025 1397 2074 et
1427 2018 1742 2074 humiliora
1779 2020 1848 2074 ad
1885 2036 2002 2074 ma-

341 2111 476 2182 jora
506 2115 564 2166 et
593 2109 799 2166 altiora
826 2110 1158 2164 tendamus.
1221 2111 1282 2164 In
1341 2108 1468 2180 ipso
1526 2113 1719 2163 autem
1757 2109 1998 2163 introitu

349 2199 652 2273 longitudo
683 2203 806 2254 erat
867 2197 1080 2254 similis
1135 2197 1484 2266 latitudinis,
1542 2195 1598 2250 id
1632 2201 1740 2263 est,
1795 2197 1997 2252 eadem

350 2304 629 2344 mensura
650 2303 752 2360 per
772 2287 1062 2359 quadrum
1084 2305 1095 2342 :
1116 2286 1424 2357 omnisque
1446 2284 1748 2357 ingressus
1766 2292 1824 2342 et
1839 2286 1999 2341 simi-

347 2377 648 2443 litudines,
708 2380 765 2431 et
821 2375 970 2430 ostia
1026 2375 1287 2430 eamdem
1335 2373 1630 2430 habebant
1658 2391 1998 2431 mensuram

349 2469 407 2522 et
437 2465 884 2521 similitudinem
913 2479 1088 2534 quam
1119 2461 1534 2536 gazophylacia
1584 2479 1710 2534 qua
1737 2473 1899 2518 erant
1939 2465 1996 2518 in

346 2553 442 2610 via
473 2553 820 2626 respiciente
851 2552 921 2607 ad
953 2555 1255 2607 Austrum.
1293 2556 1403 2607 Per
1454 2551 1748 2606 Orientem
1781 2551 1996 2624 quippe

343 2642 654 2715 Aquilonis
708 2641 925 2712 frigora
982 2641 1433 2713 restinguentes,
1495 2641 1870 2712 pervenimus
1924 2642 1995 2697 ad

343 2733 642 2800 Austrum,
680 2731 738 2785 in
757 2747 871 2801 quo
895 2746 1152 2800 sponsus
1193 2731 1430 2786 recubat
1465 2729 1523 2783 in
1557 2729 1816 2801 meridie,
1849 2735 1905 2785 et
1936 2731 1994 2784 in

343 2819 515 2892 pleno
545 2824 810 2874 versatur
868 2818 1110 2874 lumine.
1147 2819 1207 2872 In
1267 2819 1456 2890 capite
1504 2822 1696 2873 autem
1731 2819 1994 2888 ejusdem

340 2908 598 2976 via,hoc
628 2913 737 2974 est,
788 2905 1096 2962 Orientalis
1145 2923 1270 2977 qua
1324 2910 1483 2977 patet
1528 2905 1995 2976 ingredientibus

342 2997 559 3053 ostium
578 3000 685 3063 est,
731 2996 882 3067 quod
909 2995 1022 3050 nisi
1076 3001 1344 3066 apertum
1399 2995 1570 3049 fuerit
1592 2995 1663 3050 ab
1686 3011 1752 3050 eo
1777 2995 1875 3066 qui
1907 2996 1994 3050 di-

342 3085 421 3141 cit
446 3103 458 3140 :
481 3087 590 3156 Ego
608 3101 729 3139 sum
751 3086 955 3139 ostium
995 3086 1172 3152 (Joan.
1208 3101 1260 3152 x,
1288 3083 1343 3153 9)
1376 3089 1431 3138 et
1454 3084 1553 3154 qui
1575 3083 1751 3138 habet
1773 3083 1992 3140 clavem

342 3173 546 3240 David,
579 3174 649 3228 ad
679 3172 1032 3228 vestibulum
1061 3176 1397 3227 sanctorum
1421 3173 1734 3228 virtutibus
1757 3189 1991 3245 separa-
2022 3157 2064 3224 C

343 3269 491 3332 tum,
515 3267 572 3318 et
586 3261 738 3333 quod
757 3261 828 3315 ab
840 3260 1127 3332 Aquilone
1140 3261 1435 3316 venientes
1447 3261 1713 3332 suscipit,
1729 3279 1843 3316 non
1859 3279 1992 3333 pos-

343 3367 552 3408 sumus
581 3349 880 3423 pervenire
910 3351 1037 3419 (Isa.
1071 3352 1233 3416 xxn).
1284 3349 1660 3421 Superﬂuum
1713 3354 1800 3406 est
1824 3353 1994 3421 juxta

343 3440 488 3496 LXX
517 3439 753 3511 singula
783 3437 892 3494 loci
951 3438 1131 3510 hujus
1179 3439 1353 3493 verba
1399 3438 1723 3494 disserere:
1777 3444 1994 3494 cumet

342 3529 466 3586 hac
486 3545 618 3601 qua
647 3527 803 3584 dicta
827 3532 988 3594 sunt,
1012 3528 1369 3583 obscuritate
1396 3545 1510 3582 non
1537 3531 1790 3598 careant,
1815 3533 1873 3584 et
1891 3527 1994 3584 illa

341 3635 470 3691 qua
513 3613 846 3685 reticemus,
908 3616 1124 3673 similia
1184 3633 1364 3690 prope
1415 3617 1534 3673 sint
1588 3617 1682 3674 his
1739 3634 1864 3689 qua
1904 3618 1990 3671 di-

342 3724 558 3764 leUS.

413 3834 600 3904 (Vers.
636 3833 725 3899 13,
787 3832 898 3904 14.)
952 3835 1025 3886 Et
1077 3831 1225 3886 dixit
1280 3831 1354 3886 ad
1405 3848 1528 3888 me:
1591 3831 1991 3904 Gazophylacia

342 3921 650 3993 Aquilonis,
676 3925 728 3975 et
748 3919 1152 3992 gawphylacia
1176 3922 1362 3976 Austri
1410 3938 1528 3991 qua
1557 3929 1685 3976 sunt
1703 3926 1832 3976 ante
1859 3921 1993 3978 aedi-

342 4011 534 4081 ﬁcium
561 4012 895 4079 separatum,
936 4014 1048 4063 hac
1094 4018 1224 4064 sunt
1265 4011 1664 4081 gawpliylacia
1711 4014 1902 4066 sancta
1933 4012 1991 4065 in

343 4097 539 4168 quibus
558 4099 848 4150 vescuntur
879 4097 1174 4152 sacerdotes
1197 4099 1294 4167 qui
1315 4102 1756 4169 appropinquant
1786 4097 1856 4152 ad
1887 4100 1990 4152 Do-

342 4186 561 4238 minum
588 4185 645 4238 in
667 4187 860 4236 saneta
887 4188 1219 4239 sanctorum.
1245 4185 1327 4239 Ibi
1348 4194 1549 4255 ponent
1569 4192 1760 4240 sancta
1781 4195 1990 4240 sancto-

343 4289 490 4343 rum,
521 4275 573 4327 et
603 4271 930 4327 oblationem
954 4288 1058 4342 pro
1083 4280 1301 4342 peccato
1330 4282 1382 4327 et
1425 4291 1529 4344 pro
1573 4273 1764 4329 delicto
1791 4292 1802 4329 :
1837 4276 1990 4329 locus

346 4363 494 4420 enim
522 4365 738 4416 sanctus
770 4363 866 4415 est.
902 4361 1035 4415 Cum
1057 4363 1238 4414 autem
1259 4361 1492 4432 ingressi
1505 4363 1717 4432 fuerint
1741 4363 1990 4418 sacerdo-

347 4462 446 4520 tes,
478 4468 589 4506 non
621 4449 971 4520 egredientur
997 4449 1064 4504 de
1089 4451 1294 4504 sanctis
1325 4452 1382 4504 in
1413 4451 1617 4505 atrium
1647 4451 1904 4517 exterius,
1939 4461 1990 4506 et

2112 1847 2284 1902 multi
2308 1851 2446 1902 sunt
2467 1849 2798 1903 sacerdotes
2820 1852 2875 1902 et
2896 1847 3196 1918 apostolici
3222 1847 3328 1902 viri
3351 1848 3449 1920 qui
3476 1848 3773 1905 accedunt

2111 1935 2180 1990 ad
2203 1935 2540 2004 Dominum,
2565 1944 2616 1991 et
2641 1952 2754 1991 non
2783 1936 2841 1990 in
2877 1936 3138 2008 quolibet
3167 1936 3314 2004 loco,
3343 1938 3444 1992 sed
3471 1937 3529 1992 in
3557 1942 3770 1994 sancto

2110 2038 2466 2090 sanctorum.
2501 2035 2781 2106 Quodque
2826 2035 2988 2105 iuxta
3037 2034 3176 2090 LXX
3224 2034 3475 2090 dicitur:
3505 2036 3644 2090 Filii
3673 2035 3773 2092 Sac

2107 2123 2223 2190 doc,
2253 2123 2351 2194 qui
2384 2123 2801 2196 interpretatur
2821 2124 3020 2194 justus,
3064 2124 3122 2179 in
3175 2123 3452 2180 Hebraico
3505 2140 3626 2180 non
3657 2123 3768 2181 ha-

2108 2212 2296 2267 betur.
2333 2212 2435 2280 Ibi,
2459 2212 2671 2284 inquit,
2706 2212 3039 2268 sacerdotes
3063 2216 3279 2284 ponent
3303 2216 3505 2268 sancta
3527 2217 3769 2270 sancto-

2107 2286 2259 2371 rum,
2285 2305 2342 2356 et
2371 2301 2748 2368 oblationem,
2779 2301 2886 2356 hoc
2927 2306 3034 2368 est,
3080 2302 3374 2357 victimam
3405 2300 3763 2374 holocausti,

2106 2394 2163 2446 et
2182 2407 2284 2461 pro
2309 2396 2565 2462 peccato,
2593 2396 2650 2446 et
2685 2407 2789 2462 pro
2813 2389 3143 2462 ignorantia
3171 2432 3183 2457 ,
3209 2395 3281 2444 ut
3303 2407 3416 2445 non
3441 2390 3638 2446 solum
3663 2394 3766 2463 ju-

2106 2495 2175 2550 ge
2199 2480 2444 2534 offerant
2479 2479 2856 2550 sacrificium,
2884 2479 2985 2534 sed
3027 2496 3130 2550 pro
3171 2479 3506 2535 diversitate
3532 2485 3764 2552 tempo-

2107 2583 2260 2632 rum,
2294 2573 2352 2622 et
2383 2567 2668 2640 qualitate
2696 2569 2935 2639 peccati,
2968 2571 3141 2638 atque
3172 2567 3536 2639 ignorantia,
3571 2570 3768 2625 sciant

2105 2656 2336 2728 placare
2366 2658 2699 2727 Dominum,
2735 2656 2874 2727 quia
2904 2656 3030 2727 ipse
3075 2655 3237 2712 locus
3287 2663 3526 2712 sanctus
3559 2664 3674 2727 est,
3710 2663 3768 2714 et

2105 2744 2482 2801 sacerdotalis
2508 2745 2568 2800 in
2592 2761 2657 2800 eo
2679 2745 2934 2818 dignitas
2968 2749 3383 2813 commoratur,
3422 2761 3546 2816 quae
3567 2747 3765 2817 possit

2104 2849 2308 2910 rogare
2329 2850 2431 2904 pro
2454 2833 2696 2888 caeteris.
2722 2836 2964 2898 Quando
2988 2839 3184 2889 autem
3211 2834 3633 2906 procedendum
3658 2838 3756 2890 est

2105 2922 2176 2976 ad
2217 2938 2337 2989 eos,
2373 2922 2473 2992 qui
2507 2939 2619 2977 non
2667 2927 2916 2993 possunt
2971 2922 3174 2995 templi
3234 2923 3396 2995 adyta
3424 2927 3760 2994 penetrare,

2104 3035 2208 3074 nec
2238 3019 2442 3073 divina
2471 3018 2726 3074 scientia
2773 3035 2984 3075 arcana
3033 3035 3380 3091 cognoscere
3406 3037 3417 3074 :
3449 3019 3765 3092 egredian-

2103 3111 2218 3178 tur,
2251 3108 2466 3180 inquit,
2500 3109 2654 3162 t‘oras
2687 3109 2758 3164 ad
2785 3123 2885 3163 eos
2917 3110 3247 3165 sacerdotes
3287 3109 3345 3163 in
3369 3107 3584 3164 atrium
3607 3114 3768 3166 exte-

2104 3197 2260 3253 rius:
2291 3213 2663 3268 nequaquam
2685 3213 2817 3252 cum
2840 3197 2928 3253 his
2944 3197 3309 3253 vestimentis
3323 3198 3536 3269 quibus
3554 3196 3768 3255 intrin-

2103 3303 2272 3342 secus
2303 3285 2496 3340 induti
2538 3290 2727 3351 erant,
2769 3285 2993 3341 viscera
3024 3286 3292 3342 videlicet
3321 3285 3764 3358 misericordia,

2103 3379 2160 3430 et
2191 3374 2504 3430 Dominum
2533 3374 2910 3444 Salvatorem,
2946 3375 3017 3430 de
3047 3375 3262 3446 quibus
3303 3375 3588 3447 scriptum
3621 3381 3720 3432 est
3750 3395 3764 3433 :

2103 3464 2419 3518 Induimini
2438 3464 2969 3519 DominumJesum
2984 3464 3278 3520 Christum
3296 3467 3471 3537 (Rom.
3488 3463 3617 3532 xui,
3639 3467 3734 3538 14)
3752 3485 3766 3534 ;

2103 3569 2206 3608 nec
2239 3553 2332 3608 his
2359 3555 2602 3607 utantur
2641 3552 3035 3622 sermonibus,
3099 3553 3169 3608 de
3228 3554 3442 3624 quibus
3499 3553 3772 3624 loquitur

2104 3643 2290 3697 Deus:
2325 3641 2661 3713 Mysterium
2695 3657 2892 3696 meum
2928 3640 3072 3696 mihi
3095 3646 3151 3697 et
3171 3641 3336 3697 meis:
3363 3658 3433 3698 ne
3458 3643 3773 3699 incurrant

2102 3728 2161 3784 in
2183 3728 2327 3784 illud
2347 3729 2502 3800 quod
2529 3728 2792 3784 Salvator
2819 3729 3110 3801 prohibet,
3137 3729 3369 3786 dicens:
3405 3730 3589 3787 Nolite
3619 3732 3776 3789 dare

2101 3823 2370 3874 sanctum
2403 3818 2669 3885 canibus,
2723 3835 2828 3874 nec
2871 3819 3194 3891 projiciatis
3242 3819 3594 3892 margaritas
3627 3826 3773 3878 ante

2099 3926 2304 3980 porcos
2329 3909 2539 3976 (Matth.
2573 3925 2672 3976 xu,
2697 3908 2774 3978 6).
2808 3908 2919 3963 Sed
2963 3913 3177 3980 ponent
3216 3909 3572 3965 vestimenta
3603 3912 3773 3968 518

2100 4022 2210 4062 sua
2240 4006 2620 4071 intrinsecus,
2654 4005 2870 4076 quibus
2914 4004 3262 4076 induuntur,
3304 4007 3541 4077 quando
3577 4009 3774 4064 mini-

2100 4100 2291 4150 strant
2313 4096 2369 4148 in
2401 4095 2604 4167 templi
2628 4093 2856 4166 adytis;
2885 4099 3088 4150 sancta
3112 4095 3266 4150 enim
3302 4099 3460 4162 sunt,
3485 4102 3544 4151 et
3567 4097 3644 4152 ad
3667 4115 3773 4154 eos

2100 4183 2199 4253 qui
2221 4183 2537 4254 perfectam
2572 4200 2686 4237 non
2727 4183 2942 4238 habent
2980 4183 3372 4252 sanctitatem,
3401 4202 3516 4240 non
3541 4185 3776 4244 debent

2098 4270 2377 4342 proferri:
2421 4271 2830 4342 accipiantque
2869 4271 2982 4328 alia
3021 4273 3388 4341 vestimenta,
3422 4279 3479 4329 et
3509 4274 3595 4330 sic
3628 4293 3778 4348 pro-

2098 4359 2304 4414 cedent
2325 4359 2396 4413 ad
2425 4360 2728 4431 populum.
2755 4361 2866 4432 Sic,
2891 4361 3101 4433 inquit,
3135 4361 3448 4433 loquentur
3473 4364 3545 4419 ad
3572 4381 3777 4438 popu-

2098 4447 2242 4514 lum,
2268 4449 2558 4518 quomodo
2581 4454 2772 4520 potest
2794 4451 2998 4506 audire
3022 4451 3296 4523 populus.
3334 4451 3499 4507 Unde
3519 4457 3581 4508 et
3602 4460 3778 4526 Apo-

348 4542 430 4596 ibi
448 4543 708 4612 reponent
726 4540 1046 4594 vestimenta
1064 4555 1166 4593 sua
1191 4540 1248 4592 in
1272 4539 1467 4608 quibus
1490 4540 1830 4608 ministrant,
1855 4542 1990 4609 quia
2018 4524 2066 4587 D
2095 4535 2280 4592 stolus
2312 4536 2628 4592 Corinthiis
2684 4537 3033 4610 loquebatur
3087 4541 3131 4612 (Ι
3163 4540 3286 4596 Cor.
3321 4543 3398 4612 v),
3442 4541 3500 4596 in
3535 4524 3782 4614 quibus

344 4633 534 4686 sancta
554 4633 684 4684 sunt
713 4644 725 4684 :
751 4629 1153 4698 vestienturque
1173 4629 1503 4683 vestimentis
1523 4629 1675 4694 aliis,
1697 4636 1748 4682 et
1768 4631 1845 4682 sic
1860 4645 1988 4700 pro-

346 4720 533 4777 cedent
563 4718 631 4773 ad
672 4717 958 4790 populum.
1013 4715 1116 4771 Vir
1154 4715 1250 4771 ille
1305 4716 1400 4788 qui
1464 4716 1666 4771 ductor
1697 4717 1989 4789 propheta

346 4808 476 4875 fuit,
511 4811 822 4880 postquam
867 4822 1000 4862 eum
1046 4805 1210 4860 duxit
1257 4805 1314 4859 in
1365 4804 1577 4860 atrium
1630 4806 1901 4874 exterius,
1935 4811 1992 4863 et

346 4896 692 4952 monstravit
713 4896 911 4951 omnia
943 4911 1068 4967 qua
1123 4895 1448 4966 prateritus
1479 4910 1670 4950 sermo
1715 4897 1988 4966 narravit,

345 4984 757 5056 gazophylacia
785 5000 1034 5056 quoque,
1061 4983 1179 5040 sive
1202 4983 1462 5052 exedras,
1504 4983 1561 5037 in
1613 4983 1828 5055 quibus
1859 4987 1989 5041 diu-

346 5070 575 5125 tissime
606 5080 1000 5128 commoratus
1031 5076 1138 5140 est,
1183 5071 1328 5126 dixit
1375 5073 1446 5127 ad
1487 5089 1658 5128 eum:
1696 5075 1820 5130 Hac
1852 5081 1991 5131 sunt

345 5157 779 5232 gazophylacia,
810 5162 900 5217 vel
943 5161 1185 5230 exedra,
1234 5159 1595 5232 thalamique
1645 5163 1715 5216 ad
1747 5163 1986 5234 Aquilo-

269 5262 278 5272 ·
344 5263 478 5303 nem
514 5250 569 5301 et
601 5246 670 5300 ad
702 5253 1004 5316 Austrum,
1028 5266 1154 5320 qua
1178 5252 1317 5305 sunt
1337 5253 1469 5304 ante
1490 5249 1798 5305 aedificium
1821 5268 1987 5323 sepa-

344 5340 560 5402 ratum,
593 5340 649 5391 et
681 5337 1052 5407 appellantur
1081 5344 1283 5396 sancta
1313 5338 1748 5412 gazophylacia,
1773 5339 1830 5394 in
1857 5343 1986 5412 qui-

343 5425 456 5480 bus
485 5430 802 5481 vescuntur
844 5427 1195 5497 sacerdotes,
1247 5427 1345 5497 qui
1411 5428 1882 5500 apprOpinquant
1913 5432 1985 5486 ad

345 5513 658 5570 Dominum
692 5513 838 5570 515
877 5513 932 5567 in
985 5519 1188 5570 sancta
1244 5520 1601 5570 sanctorum.
1660 5518 1985 5591 Ex-quibus

345 5599 651 5671 discimus,
675 5602 892 5660 multas
913 5602 1178 5659 ciborum
1201 5620 1328 5662 esse
1359 5603 1748 5679 diversitates,
1772 5608 1987 5683 quibus

2099 4625 2445 4681 audiebatur
2474 4626 2801 4696 fornicatio,
2834 4632 2890 4683 et
2920 4627 3055 4684 talis
3113 4629 3440 4696 fornicatio,
3487 4647 3616 4702 qua
3663 4648 3781 4688 nec

2099 4715 2248 4771 inter
2268 4720 2470 4787 gentes
2498 4715 2732 4786 quidem
2760 4732 2772 4770 :
2801 4717 2912 4772 Lac
2937 4717 3101 4774 vobis
3124 4723 3326 4790 potum
3351 4717 3504 4786 dedi,
3529 4735 3662 4775 non
3689 4738 3788 4777 es-

2100 4801 2250 4871 cam,
2283 4803 2339 4858 id
2372 4807 2479 4873 est,
2515 4803 2770 4860 solidum
2802 4805 3000 4860 cibum
3031 4823 3042 4861 :
3079 4805 3330 4862 necdum
3357 4806 3511 4862 enim
3545 4823 3785 4880 capere

2100 4893 2414 4964 poteratis(
2447 4891 2468 4947 Ι
2498 4892 2617 4948 Cor.
2645 4911 2730 4960 ιιι,
2753 4894 2828 4965 2).
2869 4895 2955 4949 Ad
3000 4911 3149 4965 quos
3179 4911 3416 4951 rursum
3449 4894 3627 4950 dicit:
3677 4898 3786 4954 Fi-

2104 4979 2225 5036 lioli
2249 4979 2383 5049 mei,
2408 4996 2556 5051 quos
2584 4980 2795 5035 iterum
2814 4982 3096 5053 parturio,
3117 4982 3300 5037 donec
3334 4981 3603 5038 Christus
3647 4985 3787 5041 for-

2101 5073 2293 5125 metur
2321 5068 2380 5123 in
2411 5067 2574 5124 vobis
2606 5070 2750 5140 (Gal.
2784 5087 2859 5140 Iv,
2918 5070 3026 5142 19).
3079 5070 3342 5127 Parvulis
3383 5071 3538 5127 enim
3572 5077 3789 5148 atque

2098 5157 2447 5215 lactentibus
2488 5175 2601 5212 non
2635 5158 2825 5214 solum
2859 5176 2974 5215 non
3033 5161 3272 5232 prodest
3301 5159 3525 5216 solidus
3557 5161 3782 5234 cibus,

2097 5248 2199 5304 sed
2228 5245 2502 5301 interficit
2531 5263 2650 5314 eos,
2707 5247 2802 5317 qui
2860 5249 3127 5320 perfecta
3175 5249 3363 5304 atatis
3403 5249 3786 5312 hominibus

2097 5335 2384 5407 congruit.
2421 5334 2565 5390 Illud
2596 5340 2790 5391 autem
2815 5337 2969 5408 quod
3001 5355 3035 5392 a
3065 5339 3445 5410 Septuaginta
3476 5339 3785 5400 additum

2095 5430 2221 5482 est:
2256 5427 2545 5496 Propterea
2574 5442 2684 5480 non
2703 5426 3052 5495 egredientur
3082 5430 3141 5482 in
3170 5429 3378 5482 atrium
3396 5413 3653 5486 citerius
3680 5449 3790 5489 sa-

2093 5513 2352 5583 cerdotes,
2387 5523 2446 5570 ut
2475 5530 2682 5586 semper
2726 5519 2903 5572 sancti
2958 5519 3075 5573 sint
3131 5519 3228 5589 qui
3285 5516 3549 5591 offerunt,
3582 5519 3788 5579 obelo

2095 5607 2508 5681 pranotemus,
2543 5604 2684 5678 quia
2716 5604 2775 5662 in
2807 5605 3086 5666 Hebraico
3118 5623 3233 5665 non
3267 5605 3538 5666 habetur.
