3944 6178
402 313 522 380 ιη

1658 315 1723 378 S.
1768 313 2077 380 EUSEBII
2121 315 2562 380 HIERONYMI

3684 309 3802 376 416

407 470 438 508 α
467 468 646 526 quam
676 450 1198 524 viderem,quando
1219 449 1378 507 venit
1399 453 1464 508 ut
1479 450 1840 524 disperderet
1855 450 2052 507 civita-
2079 455 2134 520 Α
2163 455 2324 524 quasi
2343 468 2446 508 v0.2:
2460 467 2732 524 aquarum
2744 447 3232 524 multamm,quod
3253 448 3310 507 et
3327 445 3580 506 Joannes
3601 444 3663 504 in
3695 460 3803 504 sua

401 565 430 592 ‹‹
462 546 581 597 tem
607 558 620 597 :
655 547 714 598 et
743 543 966 614 species
997 543 1323 597 secundum
1345 545 1651 613 aspectum
1671 557 1846 611 quem
1891 541 2053 596 vide-

406 651 435 680 ‹‹
457 647 585 686 ram
610 632 778 702 juxta
802 629 1036 686 navium
1067 630 1314 697 Ghobar,
1339 635 1393 684 et
1423 628 1601 683 cecidi
1633 645 1809 700 super
1845 628 2050 683 faciem

405 740 427 768 ο
463 720 754 774 meam.Et
783 721 1062 790 majestas
1086 719 1311 774 Domini
1339 718 1607 790 ingressa
1636 722 1724 772 est
1764 716 2048 789 templum

398 829 426 858 κ
458 824 562 879 per
590 808 742 863 viam
776 811 974 879 portas,
994 825 1121 878 quae
1148 807 1496 879 respiciebat
1525 807 1594 861 ad
1619 805 1935 862 Orientem.
1982 808 2051 861 Et

401 916 428 946 κ
462 895 708 951 elevavit
729 913 822 951 me
847 897 1178 968 spiritus,et
1198 895 1521 950 introduxit
1577 911 1669 949 me
1726 895 1784 948 in
1832 895 2046 950 atrium

401 1006 432 1034 «
463 985 710 1040 interius
737 1003 748 1040 :
779 990 834 1040 et
863 1002 992 1040 ecce
1023 984 1244 1056 repleta
1273 988 1397 1039 erat
1418 983 1603 1055 gloria
1663 984 1888 1038 Domini
1954 985 2050 1038 do-

401 1095 430 1124 «
458 1091 611 1129 mus.
646 1074 712 1129 Et
743 1075 931 1128 audivi
967 1073 1303 1145 loquentem
1331 1074 1400 1127 ad
1427 1089 1520 1127 me
1545 1073 1614 1127 de
1636 1073 1827 1126 domo.
1852 1074 1919 1127 Et
1963 1073 2050 1127 vir

400 1183 428 1214 «
453 1163 553 1234 qui
604 1163 799 1218 stabat
826 1163 998 1232 juxta
1027 1178 1138 1232 me,
1172 1161 1320 1217 dixit
1350 1162 1418 1216 ad
1456 1178 1547 1216 me
1580 1178 1592 1215 :
1630 1159 1734 1216 Fili
1767 1160 2048 1228 hominis,

399 1272 428 1302 «
450 1250 618 1308 locus
647 1251 777 1307 solii
808 1253 944 1318 mei,
975 1257 1032 1307 et
1061 1251 1224 1306 locus
1252 1250 1631 1322 vestigiorum
1661 1251 1864 1321 pedem
1899 1266 2048 1304 meo-

400 1363 429 1391 α
458 1357 616 1407 rum,
649 1341 749 1396 ubi
782 1341 978 1396 habito
1013 1341 1072 1395 in
1097 1339 1286 1395 medio
1319 1340 1574 1394 ﬁliorum
1595 1339 1770 1394 Israel
1804 1339 1860 1393 in
1893 1343 2048 1394 aeter-

397 1449 427 1479 «ι
460 1447 622 1485 num.
655 1432 724 1485 Et
756 1447 870 1485 non
903 1430 1123 1500 pollent
1155 1429 1310 1485 ultra
1329 1430 1540 1484 domus
1601 1428 1778 1484 Israel
1833 1445 2043 1484 nomen

395 1539 422 1568 α
457 1524 725 1574 sanetum
761 1519 1098 1590 meum,ipsi
1117 1523 1172 1573 et
1195 1535 1356 1591 reges
1387 1535 1588 1574 eorum
1621 1519 1680 1574 in
1717 1503 2043 1573 fornicatio-

393 1627 423 1657 ‹‹
457 1607 635 1662 nibus
661 1607 873 1677 suis,et
904 1608 962 1662 in
996 1607 1188 1664 aninis
1217 1625 1417 1680 regum
1460 1624 1723 1674 suorum,
1757 1612 1816 1662 et
1850 1607 1907 1661 in
1953 1623 2044 1661 ex-

392 1717 422 1746 «
457 1695 627 1752 celsis
651 1697 775 1769 :qui
798 1697 1063 1752 fabricati
1087 1701 1227 1753 sunt
1247 1697 1425 1752 limen
1448 1713 1623 1752 suum
1656 1697 1826 1767 juxta
1861 1695 2039 1750 limen

391 1806 421 1836 ‹‹
454 1790 738 1856 meum,et
772 1790 966 1857 postes
997 1803 1136 1841 suos
1158 1785 1326 1856 juxta
1359 1790 1551 1857 postes
1602 1801 1788 1839 meos:
1825 1788 1880 1839 et
1911 1801 2038 1839 mu-

398 1892 429 1928 α
459 1891 558 1929 rus
586 1879 710 1930 erat
754 1875 906 1930 inter
937 1891 1027 1929 me
1059 1879 1116 1930 et
1165 1891 1264 1930 eos
1293 1892 1306 1930 :
1343 1880 1400 1929 et
1455 1873 1792 1946 polluerunt
1826 1890 2038 1928 nomen

394 1985 424 2014 «
440 1967 710 2020 sanctum
729 1981 925 2018 meum
943 1963 1001 2018 in
1021 1963 1557 2019 abominationibus
1575 1979 1723 2034 quas
1742 1963 1998 2017 fecerunt
2021 1979 2033 2017 :

391 2073 420 2102 ‹‹
444 2056 681 2123 propter
696 2053 850 2123 quod
883 2052 1220 2124 consumpsi
1243 2051 1410 2107 eosin
1443 2051 1530 2106 ira
1561 2051 1879 2107 mea.Nunc
1901 2066 2038 2122 ergo

389 2160 419 2190 κ
451 2139 733 2210 repellant
753 2140 952 2212 procul
989 2141 1431 2196 fornicationem
1489 2157 1678 2209 suam,
1726 2145 1785 2195 et
1836 2139 2037 2194 ruinas

393 2249 422 2282 ι
451 2245 653 2301 regum
687 2246 975 2284 suoruma
996 2245 1088 2285 me
1119 2247 1132 2285 :
1160 2229 1505 2285 ethabitabo
1535 2230 1590 2284 in
1618 2229 1810 2284 medio
1833 2245 2034 2283 eorum

389 2341 417 2370 (ι
450 2334 698 2390 semper.
735 2319 995 2373 LXX:Et
1041 2319 1284 2374 adduxit
1331 2334 1424 2374 mc
1478 2319 1548 2374 ad
1600 2324 1848 2390 portam,
1909 2335 2035 2389 qua:

388 2429 417 2457 «
440 2407 789 2479 respiciebat
813 2413 1015 2463 contra
1044 2408 1340 2464 Orientem
1359 2413 1414 2474 -ξη
1461 2412 1518 2463 et
1547 2406 1746 2462 eduxit
1789 2423 1881 2461 me
1906 2424 1918 2461 :
1980 2411 2037 2462 et

388 2515 417 2543 α
449 2509 579 2549 ecce
589 2493 834 2566 gloriam
850 2495 950 2550 Dei
963 2495 1417 2552 Israelveniebat
1433 2513 1530 2568 per
1549 2495 1701 2550 viam
1731 2495 1983 2550 Orientis
2017 2511 2029 2548 :

387 2603 418 2634 ‹‹
443 2587 500 2639 et
529 2600 637 2638 vox
666 2589 992 2640 castrorum
1024 2586 1193 2657 quasi
1221 2602 1329 2641 vox
1358 2585 1784 2657 geminantium
1822 2584 2032 2639 multo-

387 2695 416 2723 α
451 2689 583 2728 rum
612 2692 630 2727 :
662 2677 718 2728 et
748 2678 900 2728 terra
920 2674 1331 2745 resplendebat
1362 2675 1528 2746 quasi
1552 2675 1628 2744 (a)
1652 2672 2034 2744 fulguraglo-

387 2784 417 2813 ‹‹
450 2761 656 2833 riaper
707 2762 1037 2817 circuitum.
1071 2763 1138 2816 Et
1193 2763 1339 2817 visio
1397 2779 1574 2835 quam
1633 2761 1751 2816 vidi
1806 2777 1899 2817 sec
1925 2779 2033 2816 un-

386 2869 418 2899 ‹‹
451 2851 591 2904 dum
623 2849 906 2906 visionem
929 2867 1104 2922 quam
1122 2851 1382 2907 videram
1405 2852 1640 2922 quando
1663 2851 2034 2922 ingrediebar

389 2957 420 2987 «
439 2941 506 2993 ut
534 2953 811 3008 ungerem
837 2938 1126 2993 civitatem
1147 2946 1202 3004 ξι
1239 2940 1464 2995 Etvisio
1490 2956 1698 2994 currus
1717 2955 1893 3009 quam
1915 2937 2029 2992 vidi

386 3026 452 3098 tt:
499 3027 822 3082 secundum
835 3027 1118 3083 visionem
1131 3044 1308 3099 quam
1325 3029 1581 3084 videram
1597 3044 1774 3099 super
1789 3027 2031 3082 ﬂuvium

385 3138 413 3166 «
448 3116 712 3173 Cbobar:
747 3116 1046 3188 cecidique
1090 3117 1150 3171 in
1213 3117 1419 3173 faciem
1477 3135 1689 3173 meam.
1724 3119 1791 3173 Et
1846 3117 2032 3189 gloria

386 3226 415 3255 ‹‹
449 3203 684 3260 Domini
713 3203 979 3276 ingressa
1002 3209 1091 3260 est
1111 3205 1353 3260 domum
1380 3223 1482 3278 per
1511 3206 1661 3262 viam
1697 3212 2028 3278 portae,quae
2061 3199 2103 3265 C
2142 3213 2266 3264 erat
2334 3209 2452 3277 Dei,
2515 3208 2683 3280 quasi
2731 3226 2836 3264 vox
2885 3225 3173 3280 aquarum
3231 3209 3575 3276 multarum,

385 3313 414 3342 ‹‹
443 3291 794 3364 respiciebat
810 3293 881 3347 ad
906 3292 1296 3349 Orientem.Et
1312 3295 1634 3366 assumpsit
1651 3311 1743 3350 me
1765 3295 2029 3366 spiritus,

393 3400 418 3431 ι
441 3384 499 3437 et
530 3381 853 3436 introduxit
884 3383 1050 3437 mein
1083 3383 1555 3439 atriuminterius
1580 3401 1591 3440 :
1617 3388 1674 3440 et
1701 3401 1830 3439 ecce
1862 3384 2031 3455 plena

386 3493 415 3521 «
447 3469 634 3543 gloria
666 3470 893 3526 Domini
919 3472 1149 3527 domus.
1185 3474 1251 3527 Et
1283 3473 1500 3541 steti,et
1529 3489 1659 3529 ecce
1679 3489 1786 3528 vox
1827 3473 1894 3528 de
1925 3475 2030 3528 do-

385 3583 414 3610 ‹‹
448 3576 545 3615 mo
568 3559 858 3632 loquentis
890 3561 961 3615 ad
1004 3578 1094 3616 me
1123 3578 1135 3615 :
1169 3565 1226 3616 et
1243 3561 1326 3615 vir
1356 3563 1547 3617 stabat
1562 3563 1918 3632 juxtame,et
1948 3564 2030 3618 di-

389 3670 418 3702 c
447 3648 533 3704 xit
583 3649 655 3704 ad
685 3665 808 3705 me:
843 3649 1058 3716 vidisti,
1094 3649 1174 3704 fili
1207 3650 1482 3717 hominis,
1513 3649 1703 3706 locum
1753 3651 1882 3706 solii
1916 3652 2027 3707 mei

383 3761 414 3789 ‹‹
435 3742 493 3795 et
518 3737 715 3794 locum
747 3738 975 3812 vestigii
994 3739 1205 3812 pedum
1222 3756 1507 3810 meorum,
1539 3739 1598 3794 in
1631 3740 1847 3811 quibus
1867 3741 2030 3796 habi-

389 3850 418 3880 ‹‹
451 3828 606 3884 tabit
635 3844 849 3884 nomen
878 3845 1076 3884 meum
1103 3829 1159 3883 in
1181 3829 1792 3885 mediodomnslsrael
1813 3830 1872 3884 in
1904 3847 2025 3885 sem

383 3940 412 3969 «
446 3917 763 3990 piternum.
798 3919 866 3972 Et
895 3934 1009 3972 non
1062 3919 1547 3974 contaminabunt
1601 3918 1756 3974 ultra
1815 3919 2027 3975 domus

382 4030 410 4057 «
428 4006 616 4066 ,Israel
637 4023 850 4062 nomen
877 4010 1146 4062 sanctum
1172 4007 1507 4078 meum,ipsi
1532 4011 1588 4061 et
1618 4008 1794 4063 duces
1823 4025 2023 4063 eorum

383 4116 412 4147 ς(
437 4094 494 4149 in
521 4095 900 4150 fornicatione
923 4100 1098 4150 suaet
1118 4097 1175 4150 in
1208 4095 1538 4150 homicidiis
1571 4096 1787 4151 ducum
1819 4096 1875 4150 in
1911 4113 2026 4151 me-

382 4206 410 4235 ‹‹
443 4184 541 4240 dio
576 4184 689 4250 sui,
723 4201 855 4238 cum
877 4189 1157 4256 ponerent
1188 4184 1364 4238 limen
1384 4201 1580 4238 meum
1616 4186 1672 4238 in
1725 4185 2025 4240 liminibus

378 4295 407 4324 «
431 4273 578 4339 suis,
603 4277 660 4328 et
691 4278 888 4345 postes
931 4274 1274 4345 meosjuxta
1297 4277 1491 4344 postes
1539 4289 1698 4328 suos.
1723 4274 1790 4327 Et
1847 4275 2026 4330 dede-

2162 542 2469 597 conﬁrmat
2505 541 2869 614 Apocalypsi,
2903 540 3288 614 Septuaginta
3332 541 3687 611 posuerunt:
3741 541 3809 592 Et

2159 647 2267 686 vox
2298 636 2625 686 castrorum
2649 631 2819 702 quasi
2852 647 2957 686 vox
3007 629 3439 703 geminantium
3485 626 3806 682 multorum

2161 720 2344 791 (Apoc.
2376 721 2514 791 x1v).
2551 721 2744 776 Tertio
2775 719 2836 774 in
2871 719 3148 774 Hebraico
3179 719 3466 773 habetur:
3506 717 3626 772 Vidi
3645 717 3809 772 uisio-

2159 825 2282 864 nem
2310 809 2606 864 secundum
2636 812 2871 880 speciem
2885 825 3047 879 quam
3075 808 3341 872 videram,
3375 805 3590 877 quando
3635 807 3806 870 venit,

2157 901 2219 952 ut
2247 898 2576 969 disperderet
2603 897 3082 953 civitatem.Venit
3104 902 3299 951 autem
3323 895 3421 951 ille
3444 895 3543 967 qui
3575 894 3634 949 in
3654 893 3810 966 prin-

2158 987 2308 1058 cipio
2336 987 2513 1058 hujus
2544 987 2837 1059 propheta
2869 987 3117 1042 vestitus
3149 989 3273 1041 erat
3305 983 3498 1048 lineis,
3550 989 3606 1039 et
3655 988 3810 1038 atra-

2158 1076 2514 1131 mentarium
2546 1076 2797 1130 habebat
2827 1076 2897 1130 ad
2919 1075 3173 1140 lumbos,
3209 1090 3341 1129 cum
3395 1073 3524 1128 aliis
3573 1089 3693 1138 sex,
3742 1077 3807 1127 ut

2157 1164 2516 1235 disperderet
2545 1164 2855 1229 civitatem,
2890 1181 3004 1219 non
3039 1168 3102 1218 ut
3143 1167 3402 1233 ungeret,
3436 1162 3591 1233 quod
3663 1162 3806 1234 Sep-

2157 1253 2425 1324 tuaginta
2455 1253 2902 1320 transtulerunt,
2939 1254 3038 1324 qui
3063 1258 3270 1324 quarto
3302 1251 3530 1307 dixere:
3564 1253 3630 1306 Et
3670 1253 3807 1307 visio

2161 1358 2356 1396 currus
2377 1359 2538 1414 quam
2573 1343 2998 1414 videram,quod
3025 1343 3081 1397 in
3103 1342 3384 1397 Hebraico
3403 1357 3515 1396 non
3533 1340 3804 1396 habetur.

2155 1431 2430 1486 Dicamus
2445 1431 2693 1487 strictim
2707 1432 2778 1487 de
2791 1431 3356 1503 singulis,quantum
3375 1446 3441 1485 ex
3453 1429 3808 1501 explanatio-

2155 1519 2246 1574 nis
2277 1520 2497 1591 patitur
2517 1520 2864 1576 difﬁcultas:
2898 1537 2968 1575 ne
2998 1521 3140 1575 dum
3173 1520 3480 1574 studemus
3504 1518 3800 1586 brevitati,

2153 1607 2547 1664 vclamentum
2581 1627 2692 1665 non
2716 1611 2907 1664 solum
2926 1609 3230 1682 Moysi,sed
3265 1613 3322 1664 et
3347 1608 3644 1679 prophetae
3667 1611 3804 1663 Eze-

2155 1697 2358 1752 chielis
2393 1703 2689 1754 remaneat
2719 1699 2778 1752 in
2802 1698 3099 1770 nobis,qui
3129 1697 3401 1770 cupimus
3432 1695 3690 1752 revelata
3713 1698 3811 1752 fa-

2152 1786 2237 1841 cie
2265 1786 2568 1842 veritatem
2600 1787 2829 1842 Domini
2860 1787 3238 1859 contemplari
3280 1787 3470 1857 (Exod.
3504 1803 3711 1854 xxxvr;
3759 1787 3810 1842 lI

2151 1874 2272 1932 Cor.
2292 1877 2398 1946 III).
2435 1875 2630 1932 Gloria
2658 1893 2794 1948 ergo
2828 1877 2922 1932 Dei
2957 1876 3133 1931 Israel
3156 1875 3486 1948 ingreditur
3513 1891 3617 1946 per
3645 1876 3810 1931 viam

2149 1964 2634 2036 Orientalem,per
2655 1983 2833 2037 quam
2854 1970 2911 2021 et
2940 1981 3178 2036 egressa
3207 1966 3413 2031 fuerat,
3447 1965 3684 2036 quando
3715 1964 3809 2020 ei-

2147 2054 2295 2109 vitas
2325 2054 2556 2109 Domini
2589 2055 2781 2110 furore
2813 2070 3089 2126 percussa
3119 2054 3568 2126 est.Ingreditur
3596 2058 3806 2109 autem

2147 2143 2328 2198 immo
2346 2142 2670 2214 regreditur
2690 2143 2760 2197 ad
2791 2159 2918 2198 eam
2944 2144 3083 2214 quia
3104 2142 3388 2214 templum
3406 2141 3638 2198 Domini
3661 2143 3809 2198 aedi-

2148 2231 2383 2286 ﬁcatum
2405 2231 2462 2285 in
2489 2235 2686 2286 monte
2699 2235 3215 2287 monstraverat.Et
3234 2236 3428 2287 tamen
3453 2231 3641 2287 multo
3665 2232 3806 2304 plus

2146 2325 2236 2375 est
2267 2322 2421 2392 quod
2445 2320 2502 2376 in
2520 2321 3018 2392 consequentibus
3049 2321 3532 2377 dicitIIrzLevavit
3563 2337 3658 2376 me
3685 2323 3806 2392 spi-

2146 2410 2315 2478 ritus,
2351 2415 2406 2465 et
2436 2409 2760 2465 introduxit
2793 2426 2885 2466 me
2916 2411 2975 2465 in
3007 2411 3223 2466 atrium
3254 2410 3538 2466 exterius:
3579 2415 3637 2465 et
3667 2427 3804 2466 ecce

2145 2497 2364 2570 repleta
2394 2505 2518 2554 erat
2537 2498 2720 2571 gloria
2742 2499 2973 2556 Domini
2995 2501 3228 2555 domus.
3253 2499 3355 2556 Hic
3382 2500 3539 2554 enim
3605 2499 3804 2572 gloria

2142 2591 2370 2642 tantum
2403 2587 2503 2642 Dei
2534 2590 2711 2644 Israel
2765 2589 3126 2660 ingreditur:
3183 2589 3261 2644 ibi
3313 2592 3507 2644 autem
3554 2588 3802 2656 dicitur,

2143 2675 2296 2745 quod
2332 2675 2630 2746 plenitudo
2654 2675 2848 2748 gloriae
2895 2676 3124 2731 Domini
3176 2676 3350 2732 fuerit
3389 2677 3446 2731 in
3509 2677 3803 2750 Templo:

2142 2763 2214 2819 de
2243 2780 2359 2834 qua
2388 2768 2444 2818 et
2467 2764 2649 2819 Isaias
2674 2765 2880 2820 scribit
2919 2783 2931 2820 :
2965 2765 3096 2820 Vidi
3122 2767 3437 2821 Dominum
3489 2767 3803 2822 sedentem

2142 2868 2320 2923 super
2345 2853 2621 2907 thronum
2655 2853 2947 2909 excelsum
3005 2859 3062 2909 et
3116 2853 3438 2910 elevatum:
3497 2861 3553 2910 et
3605 2855 3802 2924 plena

2139 2945 2263 2995 erat
2316 2942 2528 2997 domus
2583 2941 2766 3014 gloria
2812 2943 2940 3012 ejus
3000 2944 3149 3013 (Isai.
3201 2961 3279 3010 VI,
3355 2944 3404 3013 1)
3451 2967 3467 3009 ;
3541 2945 3805 3014 quando

2143 3030 2389 3086 revelata
2439 3031 2581 3086 facie
2665 3030 2912 3103 gloriam
2987 3033 3214 3087 Domini
3300 3031 3802 3104 contemplantes,

2142 3120 2610 3174 reformamurin
2670 3120 2987 3192 imaginem
3035 3121 3338 3177 Creatoris.
3391 3121 3514 3175 Vox
3552 3137 3801 3194 quoque

3667 3227 3799 3266 om-

2142 3297 2304 3351 nium
2334 3298 2481 3354 52]
2511 3297 2732 3352 scilicet
2752 3298 2810 3352 in
2841 3301 2962 3352 toto
2981 3299 3122 3354 orbe
3151 3297 3801 3370 populorum,utJoan-

2140 3402 2243 3442 nes
2299 3385 2664 3458 Evangelista
2702 3387 3118 3457 interpretatur
3175 3388 3355 3460 (Apoc.
3418 3391 3579 3453 xiv):
3671 3389 3801 3444 sive

2141 3473 2424 3545 quasivox
2447 3478 2859 3541 castrorum,et
2873 3475 3026 3529 sicut
3041 3492 3148 3530 vox
3178 3476 3607 3547 geminantium
3635 3477 3802 3531 mul-

2138 3567 2425 3629 torum,ut
2463 3562 2750 3618 exercitus
2804 3563 2903 3618 Dei
2963 3567 3333 3620 sacramenta
3388 3570 3801 3636 cognosceret.

2137 3653 2297 3718 Quod
2331 3650 2662 3725 intelligens
2681 3652 2880 3719 Jacob,
2915 3651 3138 3707 vocavit
3169 3669 3380 3708 nomen
3429 3651 3582 3707 illius
3653 3652 3803 3722 loci,

2135 3746 2315 3797 castra
2344 3741 2552 3812 (Genes.
2585 3741 2802 3811 XXXIII).
2835 3746 2910 3796 De
2941 3741 3158 3812 quibus
3187 3746 3243 3797 et
3300 3741 3436 3797 alibi
3492 3739 3807 3814 scriptum

2137 3836 2226 3886 est
2259 3833 2513 3887 :Currus
2550 3831 2645 3885 Dei
2689 3832 2887 3886 decem
2923 3830 3170 3885 millium
3222 3830 3546 3903 multiplex,
3595 3831 3808 3886 millia

2134 3919 2454 3975 laetantium
2479 3921 2590 3991 (Ps.
2627 3937 2795 3990 LXVII,
2822 3920 2929 3986 l8).
2982 3920 3106 3975 Una
3163 3923 3353 3976 autem
3412 3936 3520 3975 vox
3565 3919 3807 3976 dicitur

2135 4014 2458 4064 castrorum
2483 4014 2539 4063 et
2574 4008 2993 4073 multitudinis,
3045 4013 3280 4081 propter
3325 4026 3511 4065 unum
3560 4008 3631 4064 in
3697 4011 3804 4066 Dei

2136 4099 2370 4169 patri,et
2400 4098 2540 4167 filio,
2574 4102 2630 4152 ct
2659 4097 2892 4168 spiritui
2924 4102 3122 4153 sancto
3153 4116 3165 4166 ;
3199 4098 3481 4163 Sanctus,
3515 4103 3802 4160 sanctus,

2134 4185 2307 4240 laude
2347 4202 2721 4241 consensum.
2771 4187 3231 4258 Geminaturque
3286 4204 3393 4243 vox
3441 4189 3806 4244 canentium

2134 4277 2374 4330 sanctus
2399 4275 2680 4329 Dominus
2701 4282 2849 4330 Deus
2869 4275 3146 4343 Sabaoth,
3162 4275 3335 4347 plena
3354 4283 3442 4332 est
3462 4280 3626 4332 terra
3659 4277 3807 4350 glo-

379 4384 408 4413 «
441 4367 579 4418 runt
602 4362 880 4435 parietem
912 4379 1111 4418 meum
1136 4361 1288 4419 520
1319 4361 1487 4433 quasi
1519 4377 1844 4417 connexum
1876 4362 2028 4417 inter
2135 4361 2222 4417 ria
2247 4363 2375 4432 ejus
2423 4366 2574 4433 (Isid.
2621 4381 2695 4428 Vl,
2746 4365 2822 4434 3).
2885 4364 3194 4436 Sequitur:
3256 4370 3324 4421 Et
3371 4370 3526 4422 terra
3583 4366 3816 4438 splen-

378 4475 407 4502 «
442 4468 536 4507 me
565 4457 623 4508 et
652 4469 714 4508 se
748 4468 760 4506 :
796 4456 853 4507 et
883 4451 1423 4506 contaminaveruut
1476 4466 1687 4506 nomen
1748 4456 2019 4506 sanctum
2140 4452 2313 4506 debat
2344 4468 2376 4505 a
2407 4453 2710 4523 majestate
2741 4453 2868 4523 ejus
2903 4454 3079 4523 (Psal.
3112 4456 3293 4521 xvm).
3336 4455 3498 4518 Quod
3548 4461 3816 4532 proprie

382 4561 411 4590 «
441 4557 637 4595 meum
667 4541 727 4596 in
769 4541 1178 4612 iniquitatibus
1209 4539 1332 4595 suis
1381 4556 1529 4612 quas
1588 4539 1894 4595 faciebant.
1957 4541 2025 4595 Et
2063 4565 2107 4630 Β
2141 4539 2202 4595 in
2235 4540 2485 4596 adventu
2517 4541 2729 4596 Christi
2762 4543 2980 4597 factum
3003 4547 3091 4598 est
3118 4563 3132 4611 ;
3167 4545 3403 4615 quando
3433 4545 3493 4599 in
3548 4562 3821 4606 omnem

377 4653 407 4681 «
441 4630 684 4686 contrivi
715 4647 813 4686 eos
852 4631 911 4684 in
953 4631 1145 4686 furore
1204 4646 1332 4685 meo
1389 4634 1445 4685 et
1491 4630 1549 4682 in
1609 4629 1918 4684 occisione.
1969 4635 2024 4683 Et
2070 4629 2073 4630 ⁷
2140 4633 2352 4685 terram
2385 4629 2523 4685 exiit
2553 4647 2734 4686 sonus
2767 4631 3188 4702 apostolorum,
3221 4637 3280 4688 et
3313 4633 3370 4688 in
3432 4634 3582 4691 ﬁnes
3635 4639 3822 4695 orbis

383 4738 411 4772 ι
440 4735 597 4774 nune
627 4719 905 4791 abjiciant
926 4720 1365 4774 fornicationem
1398 4734 1590 4786 suam,
1623 4722 1682 4774 et
1709 4717 2027 4773 homicidia
2133 4723 2300 4774 terrae
2330 4720 2506 4774 verba
2527 4734 2729 4775 eorum
2770 4721 2943 4790 (Rom.
3005 4722 3203 4793 XVIII):
3247 4722 3632 4795 quotidieque
3697 4727 3822 4785 im-

378 4831 407 4859 «
441 4809 659 4864 ducum
693 4824 1118 4864 suorumame:
1139 4812 1195 4864 et
1226 4807 1501 4863 habitabo
1529 4807 1588 4862 in
1614 4807 1806 4863 medio
1822 4823 2020 4863 eorum
2136 4809 2332 4882 pletur
2362 4809 2421 4863 in
2454 4809 2910 4875 credentibns,et
2931 4810 3001 4864 ad
3019 4810 3336 4882 perfectum
3369 4811 3821 4884 complebitur,

377 4918 406 4947 «
439 4897 498 4951 in
527 4897 966 4970 sempiternum.
1010 4920 1030 4945 ο
1066 4897 1329 4952 Primum
1361 4897 1431 4951 de
1473 4896 1879 4953 translationis
1925 4914 2022 4953 va-
2138 4898 2374 4970 quando
2397 4899 2794 4970 corruptivum
2828 4898 2937 4954 hoc
2967 4899 3225 4955 induerit
3260 4899 3817 4978 incorruptionem,

375 4984 580 5039 rietate
599 4986 912 5042 dicendum
935 4986 1338 5058 est.Hocquod
1365 4990 1587 5058 ponunt
1611 4987 2019 5059 Septuaginta:
2136 4992 2194 5043 et
2242 4987 2486 5043 mortale
2538 4988 2696 5043 istud
2747 4987 2921 5043 fuerit
2981 4987 3420 5046 immortalitate
3503 4994 3821 5051 vestitum

374 5072 440 5126 Et
461 5073 654 5128 eduxit
681 5092 784 5142 me,
805 5077 864 5130 in
897 5075 1175 5131 Hebraico
1207 5092 1320 5130 non
1349 5075 1614 5130 habetur.
1645 5075 1704 5130 Si
1735 5076 1893 5130 enim
1928 5076 2024 5130 ad-
2139 5076 2181 5148 (Ι
2216 5077 2342 5132 Cor.
2379 5077 2494 5147 xv).
2528 5077 2688 5140 Quod
2723 5080 2919 5133 autem
2948 5076 3224 5134 infertur:
3251 5083 3318 5135 Et
3349 5079 3466 5135 vidi
3514 5082 3824 5142 visionem

377 5161 591 5216 ductus
615 5163 800 5218 fuerat
830 5167 900 5220 ad
928 5169 1317 5237 portum,quee
1337 5163 1686 5234 respiciebat
1706 5163 2024 5230 Orientem,
2135 5165 2433 5221 secundum
2453 5167 2684 5236 speciem
2699 5183 2865 5237 quam
2885 5167 3383 5239 videram,quando
3412 5171 3563 5224 venit
3583 5177 3663 5226 ut
3686 5174 3821 5230 dt:-

382 5272 411 5302 ‹‹
433 5248 572 5322 quid
597 5266 834 5306 necesse
858 5253 964 5308 fuit
998 5258 1058 5308 ut
1079 5254 1576 5315 educeretur,cum
1601 5253 1730 5308 ideo
1752 5253 2027 5308 inductus
2135 5254 2389 5327 perderet
2419 5256 2696 5310 civitatem
2723 5273 2741 5309 :
2763 5271 2865 5326 pro
2910 5272 3024 5327 quo
3080 5256 3463 5329 Septuaginta
3517 5262 3823 5318 transtu-

381 5339 550 5407 sit,ut
581 5339 800 5394 videret
831 5341 968 5411 quid
1003 5342 1060 5396 in
1095 5347 1260 5415 porta
1285 5343 1445 5397 lieret
1473 5341 1748 5397 Orientali
1771 5343 1799 5396 ?
1812 5343 2028 5398 Deinde
2137 5343 2331 5399 lerunt
2365 5361 2377 5399 :
2411 5345 2625 5415 quando
2646 5346 2920 5415 ingressus
2939 5361 3082 5416 sum,
3105 5351 3166 5401 ut
3193 5363 3452 5416 ungerem
3481 5347 3827 5418 civitatem,

389 5429 488 5484 ubi
521 5428 773 5485 dicitur:
815 5429 922 5483 Vox
950 5436 1070 5486 erat
1099 5433 1169 5502 ei,
1211 5431 1365 5486 haud
1399 5430 1644 5485 dubium
1703 5430 1845 5502 quin
1903 5432 2025 5498 Dei,
2139 5450 2274 5489 cum
2299 5435 2467 5505 juxta
2501 5433 2848 5489 Hebraicum
2880 5435 3254 5507 perspicuum
3284 5434 3401 5506 sit;
3426 5437 3606 5507 juxta.
3662 5439 3832 5516 Sep-

449 5641 527 5714 (a)
548 5642 786 5712 Victor.,
817 5643 1002 5716 fulgor
1032 5661 1136 5718 pro
1165 5643 1385 5719 fulgur,
1417 5660 1486 5702 ex
1514 5643 1712 5702 Graeco
1729 5645 1952 5723 φέγγος.
