3944 6178
161 256 260 317 ΜἿ

699 260 1444 324 COMMENTARIORUM
1488 259 1567 321 IN
1613 257 2108 321 EZECHIELEM
2155 257 2302 318 LIB.
2350 255 2508 319 XIII.
2555 258 2725 318 CAP.
2771 257 2978 320 XLIII.

3419 259 3541 324 M8

154 389 402 462 tuaginta
431 391 748 464 plurimam
781 395 1190 450 obscuritatem
1225 395 1399 448 habet
1438 412 1450 448 :
1488 393 1779 464 quomodo
1812 398 1860 458 Α
1895 392 2047 445 enim
2082 407 2245 445 mens
2277 391 2519 446 offendit
2547 390 2731 446 Deum
2773 407 2786 446 :
2833 391 3076 448 humilis
3107 394 3175 448 ad
3211 394 3539 450 misericor-

150 479 392 536 Ezechiel
423 481 726 553 ingressus
755 482 834 539 sit
862 488 926 538 ut
951 489 1196 556 ungeret
1217 483 1542 547 civitatem;
1575 483 1647 536 ad
1681 497 1778 536 cu-

141 565 230 636 jus
255 567 624 640 prophetiam
656 570 1295 641 comminationemque
1340 569 1608 626 ceciderit
1633 587 1644 625 :
1667 569 1780 624 nisi

149 655 275 711 forte
302 655 449 712 illud
480 657 770 726 dicamus,
803 660 958 730 quod
1014 659 1300 730 correptio
1358 659 1672 730 prophetae,
1705 660 1782 713 sit

150 745 324 800 unctio
353 746 628 813 civitatis,
677 753 737 802 et
765 748 960 803 unctio
991 747 1102 803 olei
1153 747 1560 803 exsultationis
1587 764 1782 803 sacer-

147 833 364 905 dotalis,
397 839 456 890 et
483 836 651 906 regii,
699 837 852 907 quod
916 838 1013 908 qui
1076 837 1326 892 libenter
1356 837 1700 908 receperint,
1726 841 1783 891 et

145 921 330 978 audire
359 922 1019 992 voluerint,efliciuntur
1047 925 1207 980 uncti
1242 925 1487 991 domini,
1545 925 1614 979 de
1651 924 1780 996 qui-

147 1011 245 1066 bus
274 1014 562 1083 scriptum
588 1018 678 1068 est
716 1029 729 1069 :
762 1013 951 1069 Nolite
988 1018 1225 1086 tangere
1279 1013 1541 1070 Christos
1570 1030 1731 1068 meos
1763 1031 1777 1068 :

143 1105 192 1154 et
217 1099 275 1154 in
304 1100 606 1171 prophetis
636 1101 785 1158 meis
816 1102 991 1158 nolite
1022 1101 1334 1174 malignari
1364 1103 1473 1172 (Ps.
1508 1118 1617 1168 σιν,
1658 1102 1770 1172 15).

145 1186 232 1243 Ille
261 1194 456 1244 autem
483 1194 678 1261 potest
697 1192 867 1261 juxta
895 1207 1193 1263 anagogen
1224 1207 1442 1262 ungere
1463 1191 1779 1258 civitatem,

145 1287 205 1342 de
232 1302 343 1357 qua
374 1287 664 1359 scriptum
689 1294 779 1344 est
813 1305 824 1343 :
858 1288 1125 1344 Gloriosa
1154 1288 1312 1344 dicta
1341 1293 1480 1344 sunt
1505 1289 1575 1343 de
1608 1293 1683 1358 te,
1709 1289 1783 1343 ci-

148 1375 276 1430 vitas
306 1375 406 1430 Dei
441 1378 559 1445 (Ps.
584 1393 806 1442 LXXXVI,
837 1380 893 1448 2)
924 1395 938 1445 ;
969 1377 1066 1446 qui
1087 1377 1232 1431 vidit
1258 1377 1543 1432 visionem
1574 1393 1782 1432 currus

1888 480 2043 534 diam
2077 483 2366 550 provocat.
2400 479 2505 542 Qui
2537 484 2670 551 post
2697 481 3054 552 superbiam,
3088 483 3269 538 immo
3300 501 3402 554 per
3431 500 3537 538 su-

1889 567 2441 640 perbiam,fabricati
2463 573 2602 623 sunt
2631 567 2808 623 limen
2827 585 3000 624 suum
3018 571 3187 640 juxta
3207 569 3384 625 limen
3412 571 3536 638 Dei,

1886 662 1944 712 et
1975 663 2167 729 postes
2199 658 2521 728 suosjuxta
2542 662 2739 728 postes
2761 657 3206 714 illius.Audiant
3227 659 3347 715 hinc
3369 661 3540 730 juxta

1888 746 2141 800 litteram
2172 745 2528 800 mulierculae
2551 754 2798 801 onerata}
2826 747 3098 817 peccatis,
3125 765 3253 820 quae
3286 748 3537 804 circum-

1890 837 2156 890 feruntur
2182 835 2338 889 omni
2366 840 2534 889 vento
2565 835 2858 903 doctrinae,
2893 853 3122 908 semper
3152 837 3537 905 discentes,et

1891 940 2216 995 numquam
2232 924 2302 977 ad
2327 923 2632 978 scientiam
2647 924 2904 979 veritatis
2927 925 3361 995 pervenientes;
3386 942 3543 982 men-

1891 1019 2007 1067 tem
2029 1013 2296 1082 junctam
2328 1012 2465 1082 Deo,
2499 1029 2613 1066 non
2644 1012 3003 1068 vicinitatem
3036 1012 3450 1082 Ecelesiarum,
3484 1019 3542 1071 et

1891 1101 2310 1156 habitationem
2342 1101 2496 1156 523
2530 1101 2875 1172 proximam,
2924 1101 3026 1157 Dei
3053 1102 3112 1157 in
3140 1117 3202 1157 se
3233 1119 3542 1174 provocare

1891 1189 2261 1245 clementiam
2279 1207 2290 1255 ;
2308 1189 2447 1260 quin
2464 1190 2655 1261 potius
2669 1189 3130 1262 indignationem
3150 1191 3374 1247 Domini
3389 1207 3544 1248 com-

1892 1279 2130 1348 moveri,
2164 1279 2397 1350 quando
2428 1278 2484 1332 in
2517 1277 2870 1333 consecratis
2905 1280 3014 1334 Deo
3054 1278 3216 1346 locis,
3250 1280 3534 1353 indignus

1891 1368 2184 1423 habitator
2213 1372 2319 1422 est.
2354 1367 2635 1422 Fabricati
2684 1371 2845 1432 sunt,
2895 1367 3114 1438 inquit,
3149 1368 3326 1424 limen
3361 1385 3538 1425 suum

151 1470 195 1519 ει
219 1465 631 1535 mysteriorum
691 1466 813 1531 υοί,
871 1483 1047 1538 quam
1108 1465 1358 1520 intuitus
1401 1470 1490 1521 est
1519 1465 1779 1521 Ezechiel
1883 1458 2052 1525 juxta
2083 1455 2262 1510 limen
2294 1460 2586 1524 meum,ut
2615 1454 2758 1510 nihil
2794 1455 3100 1511 interesset
3130 1457 3281 1511 inter
3305 1473 3540 1512 sacrum

148 1569 302 1624 super
327 1552 578 1608 ﬂuvium
612 1553 950 1624 Chobar,qui
976 1555 1442 1626 onuspondusque
1464 1554 1777 1626 signiﬁcat.

150 1642 275 1708 Quid
312 1642 473 1696 enim
507 1641 745 1714 gravius
797 1644 1140 1699 fluminibus
1201 1643 1554 1715 Babyloniis,
1606 1659 1783 1714 super

157 1748 263 1801 qua:
294 1731 473 1786 David
507 1731 660 1786 sedit
689 1735 747 1787 et
786 1732 941 1786 ﬂevit
978 1749 1112 1787 cum
1159 1734 1561 1788 recordaretur
1589 1732 1720 1788 Sion
1753 1731 1781 1786 ‘I

149 1819 212 1874 De
239 1820 454 1890 quibus
485 1821 772 1891 scriptum
806 1825 894 1876 est
925 1839 937 1876 :
976 1821 1229 1877 Praeterit
1257 1823 1412 1876 enim
1445 1821 1634 1893 figura
1672 1820 1782 1874 hu-

140 1909 224 1977 jus
251 1909 456 1963 mundi
481 1909 656 1978 (Psal.
691 1910 942 1979 cxxxvx).
980 1909 1254 1981 Nihilque
1297 1915 1438 1981 puto
1468 1909 1528 1964 in
1587 1908 1782 1964 seaculi

143 1996 304 2066 hujus
315 1997 662 2053 confusione
677 2015 806 2054 esse
827 2003 1173 2071 perpetuum
1193 2015 1205 2052 :
1224 1999 1324 2054 sed
1340 1998 1537 2054 omnia
1550 2003 1786 2070 printer-

143 2086 214 2140 ire
241 2093 298 2141 et
327 2087 505 2142 ﬂuere
535 2087 579 2158 (Ι
642 2087 762 2142 Cor.
820 2104 917 2157 vii,
975 2088 1087 2159 3|).
1146 2088 1279 2151 Quae
1315 2087 1412 2159 qui
1445 2087 1785 2143 considera-

140 2174 293 2241 verit,
329 2175 497 2230 cadet
526 2191 704 2248 super
759 2176 960 2232 faciem
1017 2193 1186 2231 suam
1237 2175 1569 2248 intelligens
1606 2193 1783 2247 quam

138 2263 340 2334 procul
370 2265 448 2318 sit
491 2281 523 2318 a
549 2265 855 2334 majestate
889 2264 1005 2329 Dei,
1037 2270 1094 2320 et
1124 2265 1316 2320 ﬂectet
1352 2280 1546 2337 genua
1574 2265 1646 2320 ad
1682 2265 1785 2320 Pa-

146 2357 306 2406 trem
339 2351 398 2406 in
428 2353 652 2409 nomine
695 2353 838 2409 Jesu
891 2353 1126 2410 Christi.
1160 2355 1313 2411 522
1373 2354 1654 2424 Cumque,
1686 2353 1785 2423 ait,

147 2455 258 2511 ego
290 2442 946 2514 corruissem,majestas
979 2443 1205 2498 Domini
1231 2443 1497 2515 ingressa
1525 2447 1613 2496 est
1643 2446 1788 2496 tem-

146 2527 312 2600 plum
344 2546 448 2602 per
473 2531 619 2586 viam
655 2538 991 2604 portae,quae
1013 2531 1356 2604 respiciebat
1377 2531 1448 2586 ad
1472 2531 1786 2597 Orientem,

143 2627 462 2698 statimque
493 2643 586 2682 me
616 2627 858 2683 elevavit
889 2627 1129 2699 spiritus
1185 2628 1333 2700 (ipse
1387 2628 1542 2683 enim
1585 2628 1790 2698 jacens

143 2731 376 2787 pergere
409 2732 524 2770 non
554 2716 866 2787 volebam),
903 2721 958 2772 et
988 2717 1311 2773 introduxit
1342 2733 1434 2772 me
1482 2717 1538 2770 in
1572 2717 1789 2771 atrium

141 2803 432 2868 interitus,
467 2805 587 2860 fors
618 2805 775 2860 enim
807 2805 1166 2871 cecideram;
1200 2809 1256 2860 et
1304 2821 1454 2873 ecce,
1497 2805 1596 2876 qui
1628 2805 1792 2876 prius

143 2908 552 2964 conspexeram
581 2893 827 2965 gloriam
853 2893 951 2949 Dei
973 2893 1148 2949 Israel
1168 2894 1493 2950 venientem
1518 2911 1620 2967 per
1637 2894 1790 2950 viam

139 2980 513 3053 Orientalem,
546 2983 664 3038 vidi
699 2983 977 3055 repletam
1034 2983 1219 3055 gloria
1265 2984 1496 3038 Domini
1548 2985 1790 3039 domum

139 3070 285 3139 ejus,
318 3076 375 3126 et
406 3087 607 3127 vocem
631 3072 700 3127 ad
739 3088 829 3127 me
861 3073 929 3128 de
959 3073 1132 3128 domo
1161 3071 1422 3127 interiori
1457 3072 1788 3144 loquentem

1892 1549 1947 1600 et
1979 1545 2370 1616 prophanum,
2427 1550 2482 1599 et
2513 1551 2709 1615 postes
2739 1561 2877 1599 suos
2909 1545 3080 1614 juxta
3111 1550 3301 1616 potest
3356 1562 3539 1618 meos,-

1896 1640 1960 1689 ut
2017 1651 2170 1688 unus
2229 1633 2509 1688 laicorum
2541 1639 2597 1688 et
2626 1634 2995 1688 sacerdotum
3055 1639 3210 1689 esset
3239 1634 3541 1690 introitus.

1899 1723 2058 1778 Unde
2089 1728 2147 1778 et
2175 1722 2484 1794 Apostolus
2515 1722 2655 1776 dicit
2687 1740 2699 1777 :
2733 1722 2944 1778 Probet
2972 1727 3166 1778 autem
3198 1739 3259 1778 se
3287 1724 3544 1790 homo,et

1894 1813 1977 1867 sic
2007 1812 2243 1866 accedat
2272 1811 2344 1865 ad
2377 1828 2588 1881 corpus
2618 1815 2674 1865 et
2703 1811 3050 1882 sanguinem
3085 1811 3308 1866 Domini
3343 1813 3388 1883 (Ι
3421 1814 3542 1869 Cor.

1894 1920 1972 1973 x1,
2003 1905 2116 1969 28).
2151 1902 2220 1956 Et
2252 1906 2316 1956 ut
2370 1901 2626 1973 gravius.
2663 1902 2874 1956 faceret
2930 1902 3082 1972 quod
3143 1901 3392 1970 dicebat,
3453 1917 3544 1958 se-

1901 1996 2176 2063 quentem
2198 1991 2397 2062 jungit
2425 1989 2815 2045 versiculum:
2861 1991 2928 2044 Et
2981 2007 3174 2045 murus
3226 1995 3346 2046 erat
3401 1993 3548 2048 inter

1894 2097 1979 2134 me
2008 2084 2063 2134 et
2090 2096 2214 2141 eos;
2246 2083 2311 2133 ut
2339 2077 2720 2133 sacerdotalia
2751 2077 3037 2133 sacrificia
3079 2083 3138 2134 et
3189 2078 3315 2134 loca
3345 2095 3548 2134 sacra-

1898 2172 2227 2223 mentorum
2260 2166 2519 2237 corporis
2548 2171 2604 2220 et
2632 2167 2940 2238 sanguinis
2990 2167 3225 2236 Christi,
3265 2169 3546 2224 brevissi-

1902 2273 2036 2311 mus
2063 2272 2268 2310 murus
2299 2254 2598 2310 divideret.
2633 2255 2701 2308 Et
2731 2254 3302 2327 polluerunt,inquit,
3335 2273 3547 2312 nomen

1899 2348 2168 2400 sanctum
2205 2343 2490 2410 meum,in
2517 2343 3051 2399 abominationibus
3083 2361 3231 2415 quas
3261 2345 3544 2402 fecerunt.

1899 2433 2044 2497 Quid
2081 2433 2318 2503 prodest
2353 2431 2728 2486 habitationis
2757 2431 2984 2501 vicinia,
3017 2437 3074 2486 et
3114 2433 3344 2488 medius
3396 2435 3548 2489 inter

1901 2520 2168 2576 cellulam
2200 2525 2459 2575 nostram
2491 2525 2546 2574 et
2572 2519 2752 2574 altare
2783 2519 3016 2574 Domini
3048 2521 3260 2590 paries,
3295 2538 3426 2576 cum
3486 2522 3547 2576 in

1901 2610 1993 2664 his
2051 2627 2179 2680 quae
2211 2613 2435 2664 secreto
2467 2608 2736 2678 facimus,
2769 2613 2825 2662 et
2854 2625 2980 2677 quas
3031 2613 3202 2680 turpe
3251 2613 3341 2665 est
3370 2609 3548 2665 etiam

1901 2701 2112 2766 dicere,
2147 2698 2578 2754 contaminetur
2607 2702 2665 2753 et
2697 2696 2990 2768 polluatur
3019 2714 3232 2753 nomen
3270 2699 3551 2754 Domini?

1901 2791 2017 2861 Ego
2051 2789 2158 2842 hoc
2187 2787 2618 2857 arbitror,quod
2650 2803 2764 2841 non
2798 2785 3023 2857 polluat
3052 2803 3262 2841 nomen
3295 2787 3550 2855 Domini’,

1901 2877 2010 2932 nisi
2045 2876 2141 2932 ille
2167 2876 2266 2948 qui
2298 2876 2460 2931 visus
2489 2879 2579 2930 est
2633 2875 2852 2930 nomini
2883 2875 3012 2944 ejus
3043 2876 3274 2931 credere
3305 2880 3362 2931 et
3393 2875 3552 2932 illius

1902 2966 2123 3022 censeri
2145 2965 2524 3020 vocabulo.Et
2544 2965 2833 3034 quomodo
2855 2963 3006 3020 tollit
3027 2966 3292 3020 membra
3316 2965 3552 3034 Christi,

1901 3061 1957 3112 et
1979 3055 2114 3110 facit
2135 3054 2398 3110 membra
2430 3052 2772 3121 meretricis,
2805 3054 2906 3124 qui
2952 3053 3116 3125 prius
3169 3053 3398 3110 Christo
3430 3070 3552 3111 cre-

138 3132 354 3214 audivi.
387 3160 523 3223 Qua:
557 3160 697 3232 quid
733 3162 810 3216 sit
838 3160 1050 3225 locuta,
1084 3162 1386 3233 Scriptura
1415 3132 1787 3233 non.narrat,
1820 3132 1863 3198 C
1903 3144 2050 3199 didit
2073 3160 2095 3233 γε
2129 3143 2212 3199 Sic
2243 3142 2340 3197 ille
2372 3141 2580 3233 Ponult
2609 3158 2822 3233 ηοφθη
2852 3141 3108 3233 Ρθίνμψξί
3140 3143 3306 3214 Prius
3325 3143 3554 3233 Ροηῖίηί

143 3249 250 3301 nisi
288 3250 436 3305 forte
459 3249 606 3304 illud
630 3249 892 3322 Apostoli
918 3267 931 3304 ε
963 3251 1034 3305 Et
1055 3250 1250 3306 audivi
1276 3251 1451 3307 verba
1473 3250 1789 3306 ineffabilia

140 3351 262 3406 quae
291 3355 410 3393 non
447 3338 587 3394 licet
616 3339 840 3394 homini
871 3339 1028 3410 loqui
1061 3340 1134 3410 (II
1169 3339 1288 3394 Cor.
1321 3357 1425 3404 ιιι,
1454 3342 1528 3409 li).
1561 3340 1664 3395 Vir
1695 3358 1792 3395 au-

139 3432 276 3496 tem,
310 3427 522 3500 inquit,
561 3428 661 3499 qui
690 3430 883 3484 stabat
923 3429 1092 3499 juxta
1129 3429 1497 3501 prophetam,
1542 3430 1684 3484 dixit
1715 3429 1787 3485 ad

140 3531 266 3570 eum
295 3534 307 3570 :
343 3533 520 3588 quem
555 3517 859 3588 perspicue
889 3517 1204 3572 Dominum
1258 3517 1658 3590 intelligimus.
1684 3517 1788 3574 Cui

137 3604 290 3659 enim
331 3605 430 3660 alii
471 3605 688 3677 poterit
740 3605 1042 3660 convenire
1097 3607 1249 3677 quod
1310 3607 1573 3676 sequitur
1617 3627 1632 3662 :
1675 3608 1790 3663 Fili

135 3691 391 3759 hominis,
444 3695 592 3749 locus
641 3695 772 3749 solii
799 3697 927 3761 mei,
955 3703 1005 3750 et
1036 3695 1180 3750 locus
1208 3697 1563 3765 vestigiorum
1588 3697 1788 3769 pedum

135 3797 401 3849 meorum,
433 3783 531 3837 ubi
560 3783 742 3839 habito
774 3785 834 3838 in
861 3786 1040 3839 medio
1074 3785 1312 3841 ﬁliorum
1342 3788 1508 3840 Israel
1540 3789 1599 3841 in
1626 3796 1786 3842 mter-

133 3886 299 3939 num,
327 3872 437 3926 nisi
467 3871 550 3926 illi
583 3873 683 3943 qui
718 3871 942 3927 habitat
973 3873 1028 3927 in
1063 3873 1314 3929 Ecclesia
1346 3875 1403 3928 in
1428 3875 1619 3929 medio
1643 3874 1787 3929 ﬁlio-

134 3975 282 4011 rum
318 3959 485 4012 lsrael
528 3961 886 4016 cernentium
921 3962 1124 4027 Deum,
1157 3967 1214 4016 et
1243 3962 1466 4017 habitat
1493 3963 1549 4017 in
1582 3979 1786 4035 perpe-

133 4052 338 4114 tuum,
373 4064 480 4102 non
512 4050 836 4104 secundum
860 4049 1148 4120 templum
1179 4050 1510 4105 Salomonis
1533 4051 1603 4106 ad
1639 4056 1784 4107 tem-

135 4151 248 4204 pus
285 4139 312 4189 ?
346 4136 414 4190 Et
443 4135 605 4192 locus
651 4137 780 4206 ejus
820 4141 908 4191 est
936 4136 1035 4193 ille
1065 4138 1134 4192 de
1165 4155 1276 4207 quo
1309 4139 1592 4210 scriptum
1647 4144 1736 4196 est
1767 4157 1781 4195 :

135 4232 202 4285 Et
229 4233 424 4289 factus
453 4239 547 4290 est
579 4235 636 4288 in
670 4250 809 4306 pace
838 4235 1001 4289 locus
1032 4235 1160 4304 ejus
1189 4237 1302 4303 (Ps.
1359 4253 1516 4301 Lxxv,
1547 4238 1625 4308 2),
1661 4254 1785 4308 quae

140 4327 448 4394 exsuperat
479 4339 717 4379 omnem
757 4339 995 4378 sensum
1030 4340 1042 4377 :
1076 4325 1144 4377 Et
1188 4323 1350 4379 locus
1405 4327 1784 4398 vestigiorum

143 4412 351 4481 pedum
393 4413 584 4478 illius,
617 4412 908 4485 Apostolis
967 4413 1294 4468 dicentibus
1329 4433 1340 4469 :
1373 4415 1697 4470 Adoremus
1725 4415 1784 4471 in

1900 3233 2028 3304 ejus
2060 3232 2235 3287 ﬁdem
2267 3230 2609 3302 susceperit.
2634 3229 2906 3300 Alioquin
2929 3231 3286 3297 ethnicus,et
3314 3232 3554 3288 Judaaus

1900 3338 2028 3376 cum
2057 3321 2174 3375 sint
2197 3319 2490 3392 polluti,et
2510 3319 3101 3386 contaminati,immo
3126 3321 3553 3378 contaminatis

1897 3410 2027 3481 ipsa
2055 3414 2230 3480 atque
2259 3407 2524 3479 pollutio,
2560 3423 2772 3462 nomen
2806 3408 2902 3463 Dei
2936 3407 3195 3478 polluere
3250 3413 3308 3463 et
3337 3414 3536 3466 conta-

1900 3498 2122 3552 minare
2157 3513 2272 3552 non
2307 3499 2553 3568 possunt
2584 3513 2596 3550 :
2632 3495 2785 3566 quod
2843 3495 2928 3549 illi
2987 3495 3354 3566 polluunt,ad
3387 3515 3534 3570 quos

1897 3587 2112 3642 dicitur
2143 3603 2154 3640 :
2191 3586 2414 3640 Nomen
2466 3601 2660 3639 meum
2695 3600 2796 3655 per
2845 3601 2946 3639 vos
3004 3584 3447 3656 blasphematur
3476 3587 3536 3643 in

1896 3675 2168 3748 gentibus
2198 3677 2371 3744 (Rom.
2405 3691 2465 3739 ιι,
2496 3674 2604 3743 24).
2669 3672 2905 3743 Propter
2960 3672 3066 3728 has
3125 3673 3306 3745 igitur
3331 3692 3540 3733 causas

1896 3763 2233 3834 consumpsi
2266 3779 2367 3816 eos
2414 3761 2470 3814 in
2505 3761 2591 3815 ira
2651 3776 2797 3828 mea,
2858 3760 2994 3831 quia
3023 3760 3141 3816 haec
3173 3763 3359 3819 fecere
3411 3780 3540 3836 qua:

1896 3853 2172 3906 diximus.
2208 3852 2273 3904 Et
2304 3855 2498 3905 tamen
2531 3849 2785 3905 clemens
2822 3849 3099 3906 Dominus
3138 3868 3372 3908 rursum
3405 3869 3540 3925 pro-

1895 3940 2078 4012 pheta:
2111 3937 2388 4011 pracipit,
2424 3939 2715 4007 utjubeat
2744 3939 2828 3993 eis
2861 3939 3117 4010 procula
3147 3957 3209 3997 se
3241 3957 3538 4000 removere

1897 4029 2306 4086 fornicationes
2338 4028 2700 4099 pristinas,et
2730 4028 2931 4083 ruinas
2953 4025 3155 4101 regum
3195 4047 3438 4086 suorum
3470 4048 3538 4089 ac

1896 4119 2227 4190 principum
2259 4116 2660 4188 derelinquere
2690 4121 2748 4171 et
2779 4118 3055 4189 repellere
3103 4136 3217 4174 non
3243 4123 3360 4176 tam
3394 4139 3428 4177 a
3457 4138 3540 4190 se,

1895 4223 2064 4278 quam
2099 4224 2133 4260 a
2161 4206 2276 4261 Deo
2309 4223 2322 4260 :
2358 4212 2415 4260 et
2445 4205 2580 4260 boni
2627 4207 2819 4277 operis
2851 4208 3048 4263 statim
3099 4210 3338 4280 praemia
3369 4209 3540 4282 polli-

1895 4300 2057 4351 cetur
2086 4295 2285 4351 dicens
2320 4313 2332 4350 :
2359 4296 2420 4349 Et
2451 4295 2702 4350 habitabo
2732 4296 2789 4349 in
2821 4296 3000 4351 medio
3028 4297 3312 4367 eorum,de
3342 4298 3536 4368 quoin

1896 4383 2203 4456 Evangelio
2235 4384 2450 4438 dicitur
2483 4399 2495 4438 ε
2529 4383 2740 4439 Medius
2771 4386 2913 4439 inter
2967 4401 3055 4440 vos
3100 4390 3206 4440 stat
3258 4401 3418 4456 quem
3445 4401 3540 4442 vos

144 4472 255 4556 ioco
288 4503 387 4558 ubi
422 4472 720 4558 stete'mﬁt
742 4503 916 4573 pedes
949 4503 1079 4572 ejus
1114 4503 1228 4573 (Ps.
1260 4520 1418 4572 XXXI,
1448 4504 1526 4573 ιη⁸
1563 4508 1629 4557 Et
1658 4504 1788 4574 ραι,
1820 4501 1867 4564 D
1899 4475 2118 4529 nescitis
2139 4473 2338 4574 ¹(ιξοαζι.
2375 4490 2417 4537 ι,
2445 4473 2534 4544 26)
2569 4489 2581 4527 :
2615 4478 2672 4528 et
2701 4472 2987 4574 habitabit
3036 4489 3150 4574 non
3183 4490 3359 4545 parvo
3389 4478 3542 4574 tem-

145 4591 268 4646 chre
299 4592 473 4662 dixit,
504 4594 772 4647 steterunt
802 4609 819 4645 :
853 4591 911 4644 in
948 4590 1207 4646 Ecclesia
1238 4591 1393 4648 enim
1427 4597 1584 4647 stant
1617 4593 1791 4664 pedes

145 4676 388 4745 Domini,
425 4681 486 4734 in
522 4695 821 4751 synagoga
865 4678 1169 4734 ambulant
1223 4685 1280 4735 et
1318 4685 1684 4752 pretmreunt.
1721 4681 1793 4736 Ut

147 4772 327 4824 autem
359 4769 632 4824 sciamus
660 4767 769 4822 hoc
799 4767 911 4822 dici
946 4768 1016 4823 de
1049 4767 1322 4836 Ecclesia,
1376 4769 1651 4841 jungitur
1683 4787 1694 4824 :
1725 4771 1789 4824 Et

146 4872 244 4910 non
295 4858 556 4928 polluerit
607 4857 760 4910 ultra
817 4856 1006 4910 domus
1065 4856 1230 4911 Israel
1293 4873 1494 4912 nomen
1545 4867 1792 4913 sanctum

150 4960 318 5000 meum
369 4965 388 5000 :
445 4946 604 5018 quod
650 4943 880 5017 proprie
911 4945 982 4998 ad
1013 4961 1110 5000 eos
1143 4945 1412 5016 pertinet,
1447 4947 1545 5017 qui
1577 4952 1790 5002 sancta:

149 5035 603 5089 conversationis
657 5034 714 5088 in
767 5031 1022 5088 Ecclesia
1051 5037 1508 5089 commorantur.
1543 5034 1645 5098 Qui
1675 5037 1793 5090 sint

148 5127 334 5177 autem
366 5123 472 5194 qui
533 5120 848 5193 polluerint
903 5120 1066 5194 prius
1113 5139 1324 5177 nomen
1365 5127 1633 5178 sanctum
1667 5123 1790 5193 Dei,

148 5221 304 5288 ponit
332 5219 712 5275 manifestius
739 5235 752 5272 :
777 5219 896 5289 Ipsi
918 5226 967 5273 et
991 5234 1138 5286 reges
1167 5235 1372 5287 eorum,
1396 5224 1514 5274 tam
1540 5219 1791 5292 populus

143 5325 318 5379 quam
375 5308 734 5374 sacerdotes,
758 5308 817 5361 in
850 5306 1330 5362 fornicationibus
1359 5307 1482 5362 suis
1511 5309 1725 5380 quibus
1760 5327 1793 5365 a

139 5396 253 5452 Deo
285 5396 564 5452 fornicati
621 5400 760 5450 sunt
821 5413 832 5450 :
893 5395 1079 5451 ruinis
1137 5413 1339 5469 regum
1393 5413 1656 5463 suorum,
1691 5398 1791 5470 qui

137 5485 359 5543 frustra
389 5484 505 5541 sibi
539 5499 642 5556 per
670 5483 1026 5556 superbiam,
1074 5485 1300 5558 regium
1350 5502 1563 5542 nomen
1615 5502 1793 5541 assu-

135 5581 332 5636 munt.
369 5573 637 5652 Denique
666 5572 930 5654 sequitur
963 5592 975 5634 :
1012 5581 1075 5638 Et
1130 5576 1190 5633 in
1217 5575 1436 5635 excisis.
1497 5580 1794 5652 Arx-egens

1901 4580 2056 4634 pore,
2092 4568 2158 4618 ut
2187 4563 2244 4617 in
2275 4567 2579 4634 Synogoga
2613 4579 2625 4628 ;
2668 4562 2768 4617 sed
2801 4562 2859 4616 in
2892 4568 3258 4633 perpetuum,
3294 4564 3447 4634 quod
3479 4563 3540 4620 in

1899 4651 2112 4707 Christi
2147 4651 2405 4707 Ecclesia
2434 4650 2868 4721 comprobatur.

1971 4776 2157 4847 (Vers.
2191 4777 2254 4829 10
2285 4775 2471 4846 seqq.)
2506 4775 2578 4828 Tu
2607 4777 2810 4841 autem,
2867 4774 2953 4845 ﬁli
3009 4776 3272 4841 hominis,
3329 4776 3547 4834 ostende

1899 4867 2088 4920 domui
2117 4864 2288 4918 Israel
2311 4863 2573 4934 templum
2601 4881 2619 4916 :
2652 4872 2702 4918 et
2730 4864 3140 4934 confundantur
3177 4865 3243 4918 ab
3273 4866 3541 4936 iniquita-

1900 4955 2041 5009 tibus
2067 4953 2222 5010 524
2249 4953 2383 5019 suis,
2415 4959 2466 5007 et
2495 4954 2793 5007 metiantur
2846 4951 2952 5020 [ΑΙ.
2985 4952 3334 5028 meditenlur]
3359 4956 3540 5026 fabri-

1899 5062 2042 5112 cam,
2072 5047 2122 5099 et
2150 5043 2442 5096 erubscant
2461 5058 2532 5096 ex
2554 5041 2807 5096 omnibus
2838 5056 2960 5113 qua:
2988 5041 3254 5113 fecerunt.
3280 5045 3542 5114 Figuram

1899 5133 2087 5187 domus
2115 5134 2168 5186 et
2194 5132 2419 5202 fabrica:
2451 5133 2583 5202 ejus,
2610 5132 2793 5185 exitus
2825 5140 2874 5185 et
2904 5133 3186 5198 introitus,
3231 5141 3281 5189 et
3328 5151 3542 5191 omnem

1900 5223 2311 5292 descriptionem.
2341 5221 2474 5290 ejus,
2504 5224 2554 5273 et
2585 5221 2838 5274 universa
2877 5229 3151 5292 praecepta
3205 5224 3321 5290 eius
3353 5242 3371 5277 :
3402 5240 3542 5278 cun-

1899 5320 2150 5380 ctumque
2176 5309 2421 5364 ordinem
2452 5307 2642 5380 [Vulg.
2690 5308 2852 5362 addit
2876 5310 3040 5378 ejus,]
3072 5315 3125 5365 et
3172 5327 3356 5367 omnes
3405 5312 3547 5382 leges

1900 5401 2016 5470 ejus
2045 5399 2261 5454 ostende
2284 5400 2383 5465 eis,
2414 5405 2465 5452 et
2492 5397 2689 5453 scribes
2746 5400 2806 5451 in
2835 5399 3007 5452 oculis
3035 5415 3244 5470 eorum,
3276 5404 3338 5454 ut
3365 5405 3541 5458 custo-

1899 5489 2052 5544 diant
2083 5503 2268 5543 omnes
2297 5488 2712 5542 distributiones
2743 5485 2934 5558 [Vulg.
2965 5486 3372 5560 descriptiones]
3402 5493 3540 5564 ejus,

1901 5581 1951 5638 et
1985 5584 2261 5654 praecepta
2287 5577 2518 5647 illius,et
2545 5577 2757 5656 faciant
2785 5591 2871 5635 ea.
2901 5577 3011 5638 Ista
3035 5584 3116 5637 est
3147 5576 3238 5638 lex
3263 5576 3454 5641 domus
3480 5581 3544 5647 in
