3996 6184
323 326 442 388 42Ἷ

1567 326 1632 382 S.
1678 318 1991 383 EUSEBII
2038 318 2485 382 HIERONYMI

3616 306 3737 368 428

323 477 459 517 mus
490 460 637 517 scire
666 456 922 530 apertius
953 455 1054 529 qui
1096 455 1173 513 sit
1200 454 1422 513 vitulus
1465 456 1535 511 de
1564 458 1828 511 armento
1859 455 1977 509 im-
2007 453 2063 521 Α
2091 470 2302 522 gressus
2333 458 2409 509 est
2439 452 2581 522 (sive
2612 448 2969 522 ingredietur)
2999 463 3102 520 per
3130 461 3248 501 eam
3267 460 3287 506 ;
3317 442 3530 514 eritque
3559 437 3750 497 clausa

328 548 675 614 maculatus,
708 551 765 603 et
796 547 945 602 aries
1002 546 1074 601 de
1134 545 1341 601 ovibus
1399 544 1718 617 purissimo
1748 542 1977 611 vellere,

325 634 726 708 intelligamus
758 636 994 709 Moysen
1044 638 1102 690 et
1149 634 1336 691 Eliam
1388 636 1571 705 (Num.
1605 650 1706 699 xu,
1744 632 1819 687 llI
1852 633 1977 700 Reg.

2087 544 2620 614 principi.Princeps
2644 542 2759 611 ipse
2778 539 2984 594 sedebit
3015 540 3071 592 in
3105 542 3256 602 ea,ut
3283 532 3525 589 comedat
3550 546 3753 603 panem

2091 658 2277 697 coram
2323 642 2571 697 Domino.
2607 640 2712 694 Per
2760 640 2907 692 viam
2964 634 3221 691 (vestibuli
3269 631 3350 701 (id
3381 635 3489 697 est,
3520 628 3750 699 (Elam),

325 724 446 796 xxx)
472 749 487 795 ;
519 741 769 796 quorum
784 724 942 797 prior
957 723 1474 781 mansuetissimus
1494 722 1767 778 fuitinter
1779 736 1982 776 omnes

2108 739 2243 785 vortas
2275 730 2583 799 egredietur
2611 732 2661 782 et
2694 743 2793 799 per
2825 728 2971 781 viam
3011 728 3133 792 eius
3165 722 3494 793 egredietur.
3537 719 3646 774 Pro
3680 733 3749 773 eo

330 812 599 870 homines
621 814 722 886 (ἰαί
742 814 1131 870 versabantur
1150 813 1208 867 in
1234 818 1392 870 terra
1415 830 1427 880 ἱ
1451 812 1597 867 alter
1619 811 1825 865 ardore
1850 808 1983 863 ﬁdei
2095 820 2249 890 quod
2281 818 2341 874 in
2374 817 2653 872 Hebraico
2687 816 2971 886 scriptum
3001 816 3089 867 est
3108 831 3127 866 :
3148 814 3253 867 erit
3275 810 3461 864 ciausa
3486 807 3755 879 principi,

330 902 544 958 similis
565 902 769 975 Moysi.
788 903 953 959 Unde
984 907 1040 959 et
1070 903 1323 958 audebat
1345 900 1569 956 dicere:
1602 900 1721 970 Ego
1750 896 1985 952 relictus

332 1007 467 1047 sum
497 989 678 1048 solus.
711 991 873 1055 Quod
905 996 1099 1048 autem
1146 991 1207 1046 in
1231 988 1508 1045 Hebraico
1541 987 1829 1059 scriptum
1856 989 1983 1040 est:

335 1081 546 1153 Oﬂeres
575 1081 832 1149 vitulum,
865 1081 925 1135 in
957 1079 1360 1153 Septuaginta,
1407 1079 1635 1149 offerent
1663 1074 1987 1140 sacerdotes,

334 1167 499 1226 nulla
528 1168 606 1226 sit
636 1170 900 1243 quaastio.
928 1169 1136 1242 Etipse
1156 1168 1315 1224 enim
1341 1165 1599 1222 Ezechiel
1622 1164 1714 1220 cui
1738 1164 1861 1218 haec
1902 1162 1989 1216 di-

335 1262 571 1325 cuntur,
620 1261 691 1314 de
734 1274 977 1315 numero
1020 1257 1393 1314 sacerdotum
1443 1259 1553 1324 est,
1587 1253 1773 1326 plenae
1804 1250 1989 1306 aetatis

337 1351 511 1420 atque
530 1348 828 1420 perfectae;
862 1351 920 1403 et
945 1345 1364 1403 sacerdotalem
1400 1345 1647 1417 gradum
1671 1338 1989 1414 prophetiae

338 1437 501 1492 auxit
527 1436 735 1508 gratia.
768 1436 837 1491 Et
867 1436 1094 1508 Moyses
1125 1438 1183 1489 et
1211 1434 1366 1490 Elias
1403 1433 1673 1489 videntur
1703 1431 1762 1485 in
1796 1431 1993 1484 monte

341 1541 476 1581 cum
508 1525 777 1591 Domino,
810 1525 869 1579 id
890 1528 998 1593 est,
1028 1523 1121 1579 lex
1142 1528 1200 1579 et
1223 1522 1540 1595 prophetae,
1575 1521 1673 1592 qui
1690 1517 1993 1575 einuntia-

340 1614 486 1670 bant
505 1630 633 1686 quae
663 1612 1038 1687 Jerosolymis
1088 1629 1376 1685 passurus
1425 1617 1596 1667 esset.
1623 1608 1865 1680 Expiato
1896 1622 1992 1659 au-

338 1705 458 1775 tem
487 1701 909 1774 altari,septem
923 1701 1131 1757 diebus
1152 1700 1393 1756 offertur
1413 1698 1632 1766 hircus,
1653 1697 1773 1751 sive
1794 1694 1996 1750 haedus

343 1807 447 1864 pro
478 1794 712 1863 peccato
735 1790 1012 1863 quotidie,
1038 1794 1094 1845 et
1112 1788 1332 1844 vitulus
1354 1789 1424 1844 de
1444 1789 1729 1851 armento,
1757 1789 1813 1840 et
1844 1783 1994 1838 aries

346 1880 418 1936 de
448 1879 757 1952 pecoribus
784 1877 1290 1945 immaculatus,ut
1321 1894 1422 1949 per
1449 1876 1570 1930 haec
1593 1873 1880 1931 sacriﬁcia
1911 1887 1997 1926 se-

345 1972 505 2042 ptem
536 1969 764 2024 dierum
798 1968 870 2023 ad
900 1967 1222 2039 perfectum
1270 1964 1532 2036 expietur
1569 1963 1770 2018 altare.
1807 1962 1870 2016 In
1904 1976 1998 2015 se-

347 2060 506 2130 ptem
523 2057 732 2113 diebus
753 2056 1149 2113 sabbatismus
1173 2054 1500 2111 ostenditur
1532 2052 1632 2124 qui
1653 2053 1822 2123 juxta
1845 2056 2001 2121 Apo-

347 2145 565 2203 stolum
591 2145 771 2218 (Hebr.
805 2147 881 2216 IV)
915 2143 1129 2217 populo
1175 2142 1276 2199 Dei
1301 2146 1669 2198 reservatur:
1702 2140 1761 2194 in
1786 2138 2002 2210 quibus

348 2239 628 2291 aeternam
657 2249 973 2306 veramque
1018 2248 1325 2305 speramus
1370 2230 1656 2303 requiem,
1692 2232 1747 2284 et
1778 2244 2001 2299 nequa-

348 2340 527 2396 quam
558 2322 768 2380 servilc
787 2339 934 2395 opus
956 2321 1242 2379 faciamus
1263 2321 1368 2392 [Αι.
1405 2319 1708 2387 faciemus]
1740 2318 2004 2389 peccato-

351 2412 576 2469 rum.In
605 2409 768 2467 hirco
798 2413 1018 2477 autem,
1050 2413 1107 2465 et
1154 2407 1356 2475 vitulo,
1388 2411 1446 2462 et
1476 2406 1657 2462 ariete
1685 2404 1798 2459 tria
1828 2418 2006 2476 gene-

350 2500 499 2557 ralia
518 2499 731 2557 delicta
744 2497 1465 2569 demonstrantur,quibus
1480 2511 1652 2550 omne
1666 2491 2004 2549 mortalium

353 2591 620 2662 subjacet
639 2605 846 2663 genus.
870 2591 987 2643 Aut
1028 2586 1186 2643 enim
1235 2584 1708 2657 cogitationibus,
1754 2586 1856 2637 aut
1887 2596 2010 2635 ser-

356 2697 549 2748 mone,
581 2682 681 2735 aut
711 2693 885 2750 opere
933 2692 1264 2749 peccamus.
1320 2673 1604 2746 Cogitatio
1656 2671 1906 2727 refertur
1938 2669 2008 2724 ad

358 2770 622 2837 arietem,
653 2784 780 2839 quae
812 2766 1003 2839 prima
1032 2768 1121 2820 est
1150 2762 1415 2818 omnium
1442 2763 1835 2831 peccatorum,
1859 2762 1915 2812 et
1945 2772 2013 2811 ex

360 2874 478 2930 qua
505 2856 620 2912 alia
648 2856 765 2911 duo
797 2857 1033 2925 peccata
1059 2849 1620 2907 nascuntur.Ha3dus
1642 2851 1862 2913 autem,
1894 2845 2014 2900 sive

360 2945 583 3012 hircus,
614 2943 686 2999 ad
717 2941 1019 3014 eloquium
1042 2940 1162 2996 sive
1182 2953 1534 3003 sermonem,
1561 2936 1659 3007 qui
1684 2950 1915 3005 semper
1945 2934 2015 2987 de

363 3030 782 3091 excelsioribus
812 3029 1094 3101 disputat.
1145 3027 1333 3099 Opera
1374 3041 1508 3080 vero
1559 3022 1792 3096 proprie
1834 3020 2015 3076 vitulo

363 3123 753 3195 deputantur:
778 3117 1057 3189 quoniam
1077 3116 1298 3172 vomeri
1328 3114 1477 3172 535
1512 3115 1569 3169 et
1596 3110 1781 3167 labori
1812 3115 1869 3164 et
1898 3113 2013 3164 ter-

362 3211 520 3268 renis
549 3208 823 3282 operibus
852 3206 1220 3278 mancipatus
1245 3208 1352 3260 est.
1373 3203 1502 3258 Haec
1523 3200 2014 3275 igiturimmacu-
2046 3205 2088 3271 α

363 3302 483 3358 lata
514 3315 618 3373 per
664 3302 886 3369 septem
936 3295 1061 3351 dies
1103 3292 1223 3349 veri
1272 3291 1500 3348 sabbati
1550 3296 1724 3361 atque
1772 3286 2014 3359 perfecti

365 3396 479 3447 Deo
510 3388 715 3445 offerre
744 3386 1048 3455 debemus,
1098 3388 1157 3438 et
1209 3381 1440 3454 expiare
1493 3379 1694 3447 altare,
1738 3381 1802 3432 ut
1831 3376 2014 3432 oratio

365 3476 799 3537 nostramunda
815 3472 1112 3549 perveniat
1132 3472 1204 3528 ad
1227 3468 1604 3534 Deum.Quod
1627 3471 1824 3523 autem
1846 3466 2018 3520 infer-

365 3574 498 3627 tur:
531 3569 596 3624 Et
626 3565 977 3622 mundabunt
1003 3560 1166 3627 illud,
1197 3562 1246 3615 et
1291 3558 1593 3631 implebunt
1622 3572 1851 3611 manum
1880 3556 2016 3625 ejus,

369 3657 524 3732 quod
553 3659 611 3713 et
640 3653 988 3711 Hebraicum
1019 3655 1077 3708 et
1105 3649 1293 3706 ceteri
1322 3648 1672 3720 interpretes
1702 3642 2020 3699 transtule-

366 3751 526 3817 runt,
560 3744 708 3801 illud
739 3742 1051 3816 signiﬁcat.
1084 3739 1240 3813 quod
1272 3737 1462 3810 ipsius
1508 3751 1745 3807 quoque
1794 3732 2020 3801 altaris,

369 3855 473 3912 pro
495 3836 665 3908 cujus
686 3833 1015 3906 expiatione
1035 3830 1275 3885 offertur
1294 3825 1669 3892 sacrificium,
1693 3824 1847 3880 dona
1868 3838 2023 3876 com-

371 3909 587 3999 plenda
602 3922 901 3990 sint,sicut
919 3919 1160 3976 offertur
1181 3934 1283 3990 pro
1302 3915 1707 3973 sacerdotibus
1729 3916 1785 3969 et
1805 3909 2020 3984 populo

372 4019 549 4086 atque
576 4009 888 4086 pontiﬁce;
919 4026 992 4064 ne
1022 4008 1163 4080 quid
1213 4021 1465 4061 vacuum
1497 4003 1731 4058 stetisse
1760 4001 2023 4057 videatur

373 4102 433 4157 in
464 4102 779 4172 conspectu
830 4094 1081 4152 Domini.
1136 4096 1243 4150 Pro
1297 4109 1411 4165 quo
1462 4106 1707 4164 posuere
1776 4092 2020 4160 Septua-

372 4190 571 4265 ginta:
600 4196 652 4246 et
680 4186 1027 4243 mandabant
1056 4184 1226 4249 illud,
1251 4190 1301 4239 et
1327 4182 1633 4253 implebunt
1653 4193 1849 4233 manus
1870 4192 2019 4265 suas,

373 4264 441 4337 ut
460 4271 1275 4341 subaudiatursacerdotes,qui
1294 4286 1426 4326 cum
1446 4268 1601 4341 pleni
1624 4267 1838 4323 fuerint
1853 4264 2022 4320 bonis

371 4365 786 4443 operibus,hoc
814 4363 970 4420 enim
1002 4362 1185 4443 plenas
1210 4358 1544 4432 significant
1573 4372 1806 4423 manus,
1827 4359 2020 4409 trans-

370 4438 497 4516 acto
529 4457 793 4525 sabbato,
826 4452 1064 4508 veniant
1091 4438 1162 4507 ad
1195 4448 1349 4505 diem
1390 4444 1833 4504 resurrectionis
1865 4448 2021 4499 octa-

334 4607 339 4611 ,
368 4564 524 4617 vam,
559 4551 617 4603 et
650 4545 849 4600 dicant
878 4558 1010 4597 cum
1042 4538 1353 4612 Apostolo:
1407 4534 1856 4592 Resurreximus
1887 4548 2019 4588 cum

368 4637 598 4694 Christo
628 4635 802 4708 (Rom.
826 4650 904 4699 v1,
935 4631 1130 4686 Coloss.
1167 4628 1253 4700 In)
1282 4652 1296 4695 ;
1328 4631 1385 4682 et
1412 4625 1564 4681 ultra
1596 4629 1856 4680 octavam
1891 4626 2023 4677 ten-

370 4728 514 4784 dant
561 4725 633 4781 ad
657 4721 935 4788 cmlestia,
967 4724 1024 4776 et
1054 4718 1299 4774 offerant
1329 4733 1429 4789 pro
1463 4713 1631 4769 nobis
1662 4713 2021 4779 holocausta,

306 4866 309 4869 γ
370 4817 492 4872 sive
525 4830 654 4886 qua:
676 4827 780 4886 pro
798 4826 938 4883 paco
970 4811 1341 4881 peccatorum
1375 4807 1706 4860 nostrorum
1751 4806 1808 4856 et
1836 4800 2023 4857 salute

372 4908 513 4961 sunt
532 4906 760 4969 nostra;
775 4904 839 4955 ut
858 4916 961 4971 per
978 4898 1174 4971 ignem
1187 4894 1441 4968 Spiritus
1457 4892 1664 4961 sancti,
1680 4891 1879 4947 omnia
1894 4907 2021 4963 qua:

372 4987 1045 5065 cogitamus,loquimur,
1069 4990 1126 5042 et
1148 4982 1477 5048 facimus,in
1504 4979 1868 5053 spiritualem
1883 4981 2023 5035 sub-

371 5078 651 5138 stantiam
702 5080 1150 5134 convertantur:
1198 5077 1255 5130 et
1299 5068 1707 5143 hujuscemodi
1737 5069 2022 5123 Dominus

371 5168 693 5228 delectatus
724 5164 1049 5233 sacrificiis,
1083 5162 1252 5220 nobis
1282 5159 1586 5234 placabilis
1614 5158 1734 5213 fiat.

437 5313 598 5389 (Cap.
632 5309 819 5366 XLIV.
849 5341 919 5351 —
949 5313 1114 5363 Vers.
1149 5308 1175 5362 1
1213 5305 1401 5377 seqq.)
1448 5306 1512 5359 Et
1542 5302 1810 5359 convertit
1839 5316 1924 5354 me
1951 5299 2022 5389 ad

365 5407 516 5460 viam
542 5403 720 5475 porta:
747 5398 1060 5454 sanctuarii
1087 5395 1395 5460 eaterioris,
1444 5406 1570 5463 qua:
1598 5390 1918 5461 respiciebat
1948 5388 2023 5444 ad

362 5493 658 5558 Orientem,
688 5492 745 5545 et
774 5490 894 5545 erat
940 5487 1145 5542 clausa.
1193 5483 1254 5539 Et
1302 5483 1445 5537 dixit
1495 5482 1766 5537 Dominus
1796 5478 1865 5534 ad
1897 5494 2018 5533 me:

359 5587 525 5640 Porta
553 5580 667 5636 hac
710 5579 903 5635 clausa
950 5576 1077 5642 erit,
1126 5577 1179 5629 et
1226 5588 1335 5628 non
1383 5570 1677 5642 aperietur,
1710 5573 1759 5624 et
1792 5570 1880 5623 vir
1911 5584 2022 5625 non

351 5670 525 5733 rami
545 5669 622 5730 bit
642 5683 743 5744 per
780 5682 940 5727 eam:
971 5664 1237 5742 quoniam
1266 5661 1531 5723 Dominus
1557 5663 1701 5721 Deus
1729 5659 1899 5719 Israel
1930 5660 2020 5718 in-

2098 908 2235 962 LXX
2266 906 2821 972 transtulerunt,erit
2853 903 3043 959 clausa
3063 918 3082 961 .·
3104 902 3236 972 quia
3260 898 3375 953 dux
3406 900 3521 970 ipse
3550 893 3755 951 sedebit

2098 999 2159 1052 in
2189 1012 2274 1051 ea.
2308 995 2499 1050 Multa:
2525 998 2663 1049 sunt
2686 998 2857 1064 portrc
2884 1009 3030 1062 quas
3054 990 3112 1043 in
3135 987 3523 1059 descriptione
3545 982 3753 1055 templi

2098 1083 2414 1141 Ezechielis
2447 1083 2747 1154 Scriptura
2776 1081 3214 1147 commemorat,
3232 1081 3351 1131 tam
3382 1076 3543 1130 intus
3575 1088 3757 1145 quam

2102 1172 2483 1229 foris.Alturis
2514 1187 2745 1243 quoque
2782 1170 3053 1241 figuram,
3087 1171 3143 1222 et
3172 1163 3669 1220 consecrationem
3702 1163 3760 1215 et

2101 1262 2388 1319 sacriﬁcia
2431 1276 2621 1317 sermo
2677 1257 3006 1330 praeteritus
3067 1254 3376 1328 percurrit.
3409 1254 3531 1317 Quo
3563 1251 3754 1317 finito,

2100 1352 2259 1408 venit
2287 1352 2357 1407 ad
2390 1355 2620 1422 portam
2654 1346 2976 1403 sanctuarii
3007 1344 3372 1408 exteriorem,
3407 1358 3534 1413 qua:
3567 1340 3760 1412 respi-

2102 1440 2291 1495 ciebat
2320 1439 2392 1495 ad
2425 1439 2737 1503 Orientem,
2793 1440 2848 1490 et
2893 1438 3017 1490 erat
3047 1432 3284 1488 clausa:
3319 1429 3638 1501 statimque
3669 1428 3770 1484 vir

2102 1537 2199 1593 ille
2225 1538 2325 1608 qui
2355 1540 2480 1592 erat
2510 1537 2718 1591 ductor
2770 1532 3083 1605 prophetae,
3119 1535 3176 1586 et
3205 1530 3255 1584 ei
3291 1528 3490 1584 omnia
3518 1528 3650 1582 dem
3664 1543 3774 1582 on-

2104 1627 2345 1695 strabat,
2380 1624 2610 1680 locutus
2660 1627 2749 1677 est
2776 1622 2848 1677 ad
2880 1637 3054 1677 eum:
3092 1620 3264 1674 Porta
3304 1617 3426 1672 haec
3457 1632 3634 1688 quam
3684 1631 3779 1670 re-

2105 1714 2285 1786 spicis
2315 1715 2834 1782 clausam,semper
2856 1709 3054 1765 clausa
3075 1708 3267 1777 erit,et
3298 1724 3411 1763 non
3444 1705 3764 1778 aperietur,

2024 1822 2072 1887 Β
2104 1805 2259 1861 536
2290 1802 2607 1873 nullusque
2629 1801 2885 1855 virorum
2919 1796 3194 1853 transibit
3225 1812 3326 1868 per
3356 1810 3507 1850 eam.
3541 1794 3610 1848 Et
3639 1792 3774 1847 red-

2109 1892 2445 1948 ditcausam
2467 1908 2574 1945 cur
2593 1890 2794 1945 clausa
2810 1888 3157 1958 sitsemper:
3185 1884 3463 1957 quoniam
3485 1881 3780 1938 Dominus

2114 1982 2269 2037 Deus
2302 1979 2479 2035 Israel
2512 1980 2815 2051 ingressus
2845 1974 3055 2043 est,vcl
3077 1973 3438 2046 ingredietur
3468 1987 3568 2044 per
3595 1985 3727 2026 eam
3760 1987 3776 2024 :

2109 2070 2332 2141 eritque
2358 2070 2558 2124 clausa
2579 2069 2748 2138 juxta
2772 2065 3144 2130 Hebraicum,
3170 2063 3433 2134 principi,
3461 2076 3637 2132 quem
3668 2060 3781 2114 du-

2110 2173 2226 2212 cem
2258 2157 2392 2213 LXX
2422 2153 2987 2217 transtulerunt.Qui
3022 2152 3291 2224 princeps
3314 2156 3370 2206 et
3399 2150 3537 2220 dux,
3571 2147 3628 2203 id
3661 2151 3776 2215 est,

2110 2264 2233 2303 NASI
2253 2245 2469 2319 (Nirea),
2502 2244 2727 2301 sedebit
2752 2244 2808 2298 in
2836 2258 2922 2313 ea,
2953 2246 3019 2297 ut
3046 2241 3314 2296 comedat
3335 2255 3547 2312 panem
3573 2252 3779 2293 coram

2117 2337 2401 2391 Domino:
2435 2339 2491 2389 et
2520 2351 2628 2405 per
2649 2332 2804 2387 viam
2852 2330 3126 2387 vestibuli
3176 2333 3351 2402 porta
3384 2326 3775 2401 ingredietur,

2117 2438 2175 2489 et
2204 2449 2307 2505 per
2356 2432 2546 2504 ipsam
2599 2429 2946 2503 egredietur.
2999 2430 3276 2493 Quaenam
3324 2426 3437 2481 ista
3465 2428 3635 2497 porta
3666 2426 3785 2492 est,

2122 2539 2248 2594 quae
2282 2536 2515 2592 semper
2544 2518 2745 2575 clausa
2775 2522 2883 2589 est,
2916 2521 2975 2572 et
3004 2516 3166 2572 solus
3196 2515 3481 2570 Dominus
3510 2513 3666 2569 Deus
3700 2514 3789 2568 Is-

2122 2610 2240 2666 rael
2273 2608 2601 2681 ingreditur
2632 2625 2734 2679 per
2759 2623 2883 2662 eam
2910 2606 2938 2660 ?
2967 2606 3187 2677 Nempe
3218 2604 3318 2659 illa
3339 2604 3409 2658 de
3431 2619 3547 2675 qua
3578 2600 3785 2658 Salva-

2122 2704 2211 2755 tor
2241 2698 2502 2770 loquitur
2531 2697 2591 2751 in
2607 2695 2912 2769 Evangelio
2938 2712 2951 2749 :
2984 2695 3079 2749 Vae
3101 2694 3288 2760 vobis,
3320 2691 3531 2747 Scriba:
3549 2695 3607 2746 et
3625 2689 3788 2745 Pha-

2124 2788 2275 2844 risaei
2322 2787 2657 2860 hypocritaa,
2690 2790 2747 2840 et
2774 2802 2856 2840 va
2887 2783 3052 2839 vobis
3101 2782 3436 2837 doctoribus
3475 2779 3638 2851 legis,
3674 2777 3785 2849 qui

2120 2876 2326 2933 tollitis
2373 2875 2592 2931 clavem
2624 2873 2919 2930 scientia};
2972 2872 3084 2945 ipsi
3128 2888 3243 2926 non
3274 2866 3667 2942 ingredimini,
3702 2870 3766 2921 et

2125 2965 2411 3020 intrantes
2442 2962 2762 3034 prohibetis
2804 2961 3026 3033 (Matth.
3071 2977 3232 3025 χχιιι,
3265 2959 3379 3029 23).
3413 2958 3490 3013 De
3516 2955 3625 3011 hac
3656 2955 3781 3010 sub

2125 3053 2363 3110 nomine
2412 3052 2545 3107 libri
2596 3050 2798 3106 scribit
2847 3053 2903 3105 et
2947 3049 3169 3104 Isaias:
3212 3049 3396 3103 Erunt
3439 3044 3615 3101 verba
3641 3042 3787 3099 libri

2126 3143 2323 3208 istius,
2348 3142 2500 3197 sicut
2518 3141 2691 3195 verba
2716 3138 2851 3193 libri
2882 3138 3099 3211 signati
3128 3156 3140 3193 :
3175 3153 3349 3208 quem
3381 3150 3514 3191 cum
3546 3132 3785 3189 dederis

2127 3239 2352 3296 homini
2376 3237 2657 3294 nescienti
2678 3236 2921 3303 litteras,
2946 3240 3003 3291 et
3028 3234 3241 3290 dixeris
3264 3233 3336 3302 ei,
3371 3234 3559 3305 Lege:
3604 3237 3662 3287 et
3690 3246 3789 3286 re-

2125 3324 2782 3401 Spondebittibi,nescio
2796 3324 3118 3380 litteras.Et
3138 3321 3542 3379 dabuntillum
3557 3319 3787 3376 homini

2126 3417 2331 3473 scienti
2351 3414 2860 3481 litteras,dicentes
2885 3431 2896 3469 :
2915 3413 3089 3484 Lege;
3108 3417 3165 3468 et
3193 3412 3348 3467 dicet
3371 3410 3518 3466 :Non
3538 3424 3791 3482 possum

2126 3505 2340 3578 legere,
2374 3505 2514 3576 quia
2535 3504 2801 3576 signatus
2827 3506 2916 3558 est
2933 3503 3084 3571 (Isai.
3117 3518 3269 3570 xxrx,
3306 3500 3412 3570 11).
3448 3500 3558 3554 Iste
3583 3500 3792 3553 autem

2132 3597 2277 3651 liber
2305 3599 2416 3662 est,
2448 3595 2620 3665 cujus
2672 3608 2841 3647 nemo
2884 3596 3074 3663 potest
3105 3591 3325 3646 solvere
3363 3593 3419 3644 et
3447 3587 3675 3661 aperire
3705 3586 3796 3642 si-

2129 3683 2398 3756 gnacula,
2429 3698 2620 3755 neque
2650 3682 2709 3737 in
2741 3679 2903 3747 cmlo,
2937 3695 3124 3752 neque
3154 3679 3214 3734 in
3245 3683 3417 3749 terra,
3449 3692 3636 3747 neque
3667 3675 3797 3731 sub

2130 3772 2428 3839 terra,nisi
2460 3770 2557 3826 ille
2577 3771 2647 3826 de
2670 3787 2785 3841 quo
2810 3769 2868 3823 in
2889 3766 3235 3840 Apocalypsi
3257 3766 3500 3824 Joannis
3522 3764 3745 3820 dicitur
3776 3782 3796 3821 :

2130 3867 2272 3918 Ecce
2290 3859 2536 3916 vicitleo
2555 3860 2625 3915 de
2646 3858 2801 3914 tribu
2822 3859 2853 3914 J
2862 3859 2995 3925 uda,
3031 3857 3198 3913 radix
3247 3862 3304 3913 et
3346 3872 3532 3929 genus
3564 3854 3748 3910 David
3776 3872 3797 3911 :

2134 3955 2198 4006 ut
2217 3950 2439 4021 aperiat
2486 3948 2704 4003 librum
2728 3952 2784 4003 et
2804 3946 2989 4003 solvat
3010 3946 3316 4019 signacula
3343 3946 3471 4016 ejus
3500 3944 3685 4016 (Apoc.
3727 3960 3796 4011 ν,

2128 4050 2207 4121 5).
2241 4049 2411 4104 Prius
2442 4047 2599 4103 enim
2631 4063 2809 4117 quam
2830 4044 3089 4100 Salvator
3109 4044 3438 4100 humanum
3460 4057 3674 4114 corpus
3691 4057 3797 4096 as-

2130 4141 2408 4204 sumeret,
2442 4141 2499 4192 et
2527 4134 2867 4190 humiliaret
2914 4150 2998 4200 se,
3033 4133 3280 4189 formam
3313 4131 3463 4187 servi
3494 4130 3800 4202 accipiens

2131 4227 2299 4297 (Phil.
2334 4228 2418 4293 ιι),
2480 4224 2680 4280 clausa
2724 4227 2846 4279 erat
2894 4224 3011 4278 Lex
3064 4227 3120 4278 et
3150 4220 3472 4294 Prophetas,
3506 4224 3564 4276 et
3591 4218 3801 4276 omnis

2133 4315 2376 4370 scientia
2405 4311 3105 4385 Scripturarum,clausus
3128 4316 3253 4366 erat
3284 4308 3802 4382 paradisus.Post-

2132 4420 2307 4475 quam
2339 4410 2534 4458 autem
2567 4400 2662 4456 ille
2710 4400 2986 4473 pependit
3036 4400 3094 4455 in
3127 4416 3316 4465 cruce,
3349 4404 3407 4454 et
3433 4397 3666 4454 locutus
3697 4400 3807 4455 est

2132 4494 2202 4547 ari
2235 4491 2539 4561 latronem,
2575 4490 2755 4545 Hodie
2813 4505 3048 4544 mecum
3080 4488 3197 4544 eris
3227 4489 3286 4542 in
3320 4487 3591 4559 paradiso
3624 4486 3801 4557 (Luc.

2054 4575 2100 4639 D
2132 4598 2292 4649 xxm,
2323 4579 2640 4653 43),statim
2662 4578 2856 4633 velum
2878 4577 3078 4649 templi
3103 4577 3356 4633 scissum
3383 4579 3555 4642 est,et
3582 4579 3810 4643 aperta

2135 4676 2273 4727 sunt
2289 4669 2514 4737 omnia;
2531 4668 2841 4738 ablatoque
2861 4666 3147 4722 velamine
3162 4666 3416 4721 dicimus
3433 4683 3445 4721 :
3460 4664 3807 4720 Nosautern

2134 4775 2339 4816 omnes
2370 4757 2621 4814 revelata
2650 4756 2793 4811 facie
2840 4754 3085 4827 gloriam
3118 4754 3348 4811 Domini
3379 4751 3814 4824 contemplan-

2132 4852 2239 4918 tes,
2272 4847 2330 4901 in
2362 4846 2629 4901 eamdem
2658 4844 2974 4915 imaginem
3007 4844 3498 4899 transformamur
3534 4859 3567 4897 a
3597 4840 3813 4913 gloria.

2134 4938 2188 4990 in
2213 4935 2553 5007 gloriam(ll
2586 4933 2705 4988 Cor.
2740 4950 2824 4999 ιιι,
2863 4934 2970 5003 18).
2998 4932 3101 4987 Sin
3131 4935 3328 4987 autem
3361 4930 3612 4986 revelata
3640 4934 3809 4987 sunt

2133 5024 2415 5091 omnia,in
2438 5023 2667 5079 Christo
2690 5022 2845 5077 enim
2861 5023 3031 5092 juxta
3054 5036 3386 5077 sermonem
3408 5019 3815 5077 Pauliomnia

2132 5113 2461 5169 revelantur
2488 5112 2674 5183 (Ibid.,
2700 5111 2843 5181 λιιι),
2866 5110 3158 5182 quomodo
3183 5114 3350 5182 porta
3371 5107 3572 5165 clausa
3587 5107 3703 5164 erit
3732 5112 3815 5165 et

2131 5229 2247 5268 non
2272 5211 2647 5283 aperietur,et
2669 5208 2756 5263 vir
2777 5225 2893 5263 non
2916 5207 3191 5263 transibit
3219 5224 3323 5280 per
3350 5207 3522 5263 eam?
3547 5206 3627 5261 Ex
3652 5206 3817 5278 qui-

2131 5301 2241 5355 bus
2263 5296 2844 5368 discimus,quamvis
2866 5296 2936 5350 ad
2963 5310 3258 5351 summam
3282 5294 3589 5351 scientiam
3618 5310 3823 5351 vene-

2130 5386 2775 5460 rimus,comparatione
2805 5384 3012 5439 divina:
3043 5384 3316 5455 scientiae,
3336 5401 3493 5441 nunc
3522 5401 3590 5440 ex
3618 5388 3819 5456 parte

2130 5495 2236 5533 nos
2257 5478 2407 5534 scire
2426 5480 2483 5532 et
2505 5480 2749 5547 exparte
2765 5490 3113 5545 cognoscere
3129 5474 3382 5546 ;quando
3402 5477 3598 5530 autem
3615 5487 3825 5529 vene-

2129 5566 2387 5639 rit,quod
2418 5565 2739 5638 perfectum
2769 5566 2876 5630 est,
2908 5567 3049 5618 tunc
3080 5562 3235 5636 quod
3267 5578 3335 5619 ex
3366 5567 3532 5636 parte
3562 5565 3652 5619 est
3680 5561 3819 5619 de—

2129 5655 2576 5717 struetur.Unde
2589 5657 2646 5715 et
2661 5653 2723 5712 in
2740 5651 2853 5712 alio
2866 5652 2993 5713 loco
3010 5652 3138 5728 ipse
3153 5652 3467 5728 Apostolus
3479 5652 3824 5729 imperfec-
