3996 6184
266 337 394 397 429

834 334 1581 400 COMMENTARIORUM
1631 339 1706 398 IN
1754 338 2250 400 EZECHIELEM
2296 337 2443 399 LIB.
2492 336 2653 409 XIII,
2688 337 2856 397 CAP.
2898 334 3108 397 XLIV.

3550 328 3671 393 430

262 472 400 523 tum
423 483 490 523 se
510 480 636 522 esse
649 465 930 538 loquitur,
948 484 1302 539 rursumque
1316 469 1660 541 perfectum.
1686 469 1844 535 Quod
1861 469 1911 524 si
1941 470 1994 536 Α
2028 467 2211 523 Filius
2231 469 2328 540 qui
2354 473 2442 525 est
2461 468 2522 522 in
2545 468 2677 522 sinu
2698 465 2905 536 Patris,
2929 465 3057 538 ipse
3076 463 3366 521 enarravit
3416 463 3596 535 (Joan.
3625 477 3667 533 ι,

262 555 754 628 interpretatione
776 560 953 623 caret,
974 557 1202 613 videtur
1224 574 1352 613 esse
1374 556 1752 613 contrarium.
1768 557 1919 612 Dicit

261 646 423 701 enim
470 662 485 700 :
510 646 659 702 581
689 644 815 700 Non
845 645 979 715 quia
1000 647 1116 716 jam
1135 647 1351 718 accepi,
1371 652 1472 702 aut
1492 646 1630 718 quia
1647 647 1766 717 jam
1788 662 1915 717 per-

256 734 453 790 fectus
482 750 615 789 sum
638 733 737 805 (a).
764 734 1013 801 Fratres,
1038 750 1143 806 ego
1177 752 1268 791 me
1298 752 1414 791 non
1477 735 1727 791 arbitror
1757 751 1915 790 com-

256 822 655 895 prehendisse
688 840 701 877 :
738 823 926 879 Unum
956 840 1116 889 vero,
1138 824 1457 895 posteriora
1481 823 1832 879 obliviscens
1860 827 1918 878 et

254 912 327 966 ad
362 911 568 983 priora
625 928 720 967 me
777 912 1115 981 extendens,
1151 918 1437 968 statutum
1496 929 1814 985 persequor
1842 912 1917 967 ad

251 1000 536 1055 bravium
567 1016 837 1072 superna
851 1000 1170 1057 vocationis
1188 1001 1283 1056 Dei
1302 1002 1567 1073 (Philipp.
1586 1020 1670 1068 ιιι,
1688 1003 1773 1071 12,
1799 1001 1912 1069 lli).

248 1089 526 1160 Cumque
558 1094 912 1160 putaremus
943 1106 1077 1145 eum
1112 1092 1436 1146 secundum
1488 1090 1911 1162 professionem

250 1194 431 1232 suam
466 1194 584 1232 non
617 1194 746 1233 esse
770 1178 898 1248 jam
930 1178 1272 1250 perfectum,
1307 1184 1364 1233 et
1420 1179 1607 1252 magis
1657 1195 1914 1251 quarere

248 1281 436 1336 quam
466 1265 769 1321 invenisse
801 1267 955 1337 quod
979 1283 1205 1334 verum,
1239 1284 1353 1321 non
1383 1266 1572 1322 solum
1608 1284 1690 1333 se,
1719 1268 1823 1323 sed
1856 1272 1914 1322 et

243 1352 399 1409 alios
420 1353 569 1408 dicit
597 1369 727 1409 esse
758 1354 1043 1424 perfectos
1067 1372 1078 1409 :
1113 1358 1385 1426 Quotquot
1413 1372 1539 1423 ergo
1562 1358 1791 1427 perfecti
1820 1372 1911 1411 su-

242 1459 370 1497 mus
402 1444 508 1498 hoc
535 1444 835 1514 sapiamus.
873 1444 972 1498 Est
992 1448 1188 1498 autem
1212 1460 1422 1500 sensus
1447 1444 1625 1515 hujus
1648 1444 1757 1499 loci
1786 1462 1797 1499 :
1828 1446 1909 1499 Ad

243 1532 759 1603 comparationem
811 1538 1147 1587 caterorum
1182 1532 1512 1599 hominum,
1575 1533 1677 1604 qui
1708 1550 1909 1588 curam

243 1637 363 1675 non
397 1619 629 1675 habent
657 1620 876 1675 notitia
907 1620 1339 1691 Scripturarum
1371 1638 1475 1676 nec
1498 1622 1909 1694 mysteriorum

242 1708 369 1776 Dei,
406 1709 739 1780 perfectum
771 1725 900 1764 esse
931 1725 1024 1764 me
1046 1710 1230 1765 fateor
1256 1728 1268 1778 ;
1294 1716 1580 1781 quantum
1605 1715 1803 1766 autem
1837 1712 1907 1766 ad

2029 556 2136 627 18).
2167 557 2342 619 Quasi
2386 556 2521 612 aliis
2540 555 2731 612 verbis
2752 554 2964 625 dixerit
2986 571 3000 609 :
3024 553 3262 626 Eritque
3283 552 3485 608 clausa
3504 550 3672 623 prin-

2027 645 2162 715 cipi.
2183 645 2460 716 Princeps
2508 644 2674 700 solus
2706 644 2933 699 sedebit
2961 643 3018 698 in
3051 659 3139 711 ea,
3172 646 3238 697 ut
3267 641 3535 698 comedat
3561 655 3671 712 pa-

2025 749 2159 788 nem
2193 734 2457 805 perfecta
2487 737 2544 789 et
2572 740 2989 789 consummata
3012 731 3289 788 scientia.
3311 734 3493 786 Nemo
3512 726 3670 785 enim

2026 822 2183 877 novit
2214 822 2425 877 Filium
2460 822 2575 877 nisi
2608 822 2796 893 Pater,
2829 825 2887 876 et
2914 837 3086 877 nemo
3116 819 3276 875 novit
3302 823 3535 875 Patrem
3555 815 3672 874 nisi

2023 910 2227 976 Filius,
2248 912 2409 966 etcui
2439 910 2689 967 voluerit
2705 909 2888 965 Filius
2919 909 3172 966 revelare
3201 909 3415 980 (Matth.
3448 924 3525 978 ιι,
3554 905 3669 978 27).

2022 999 2271 1054 Pulchre
2302 1000 2545 1071 quidam
2577 1003 2805 1071 portam
2839 998 3123 1066 clausam,
3158 1015 3262 1069 per
3296 1013 3477 1070 quam
3506 994 3670 1052 solus

2022 1086 2306 1144 Dominus
2334 1089 2488 1145 Deus
2521 1088 2696 1144 Israel
2727 1088 3074 1160 ingreditur,
3125 1091 3184 1143 et
3211 1087 3329 1142 dux
3378 1084 3475 1142 cui
3502 1088 3671 1158 porta

2022 1174 2224 1232 clausa
2249 1181 2357 1247 est,
2382 1178 2627 1233 Mariam
2646 1174 3311 1249 Virginemintelligunt,
3326 1190 3454 1246 qua
3466 1176 3671 1230 stante

2022 1272 2279 1336 partum,
2312 1272 2370 1322 et
2396 1270 2529 1338 post
2580 1269 2813 1337 partum
2843 1264 3004 1336 virgo
3061 1262 3406 1336 permansit.
3437 1261 3669 1319 Etenim

2020 1356 2283 1426 tempore
2300 1372 2416 1427 quo
2447 1353 2694 1427 angelus
2726 1353 3109 1424 loquebatur:
3143 1351 3398 1425 Spiritus
3428 1355 3669 1408 sanctus

2020 1443 2215 1498 veniet
2248 1461 2425 1516 super
2456 1448 2530 1510 te,
2568 1450 2625 1499 et
2654 1443 2843 1498 virtus
2873 1440 3164 1496 Altissimi
3186 1439 3561 1496 obumbrabit
3586 1442 3667 1510 te,

2021 1532 2175 1602 quod
2199 1537 2393 1588 autem
2418 1538 2699 1589 nascetur
2717 1535 3155 1601 extesanctum,
3173 1527 3669 1586 vocabiturFilius

2019 1618 2119 1674 Dei
2143 1622 2293 1692 (Luc.
2326 1640 2364 1687 1,
2395 1624 2514 1694 35),
2543 1626 2599 1677 et
2620 1621 2853 1692 quando
2874 1621 3046 1674 natus
3071 1622 3179 1686 est,
3201 1617 3364 1691 virgo
3392 1633 3668 1689 perman-

2020 1708 2097 1763 sit
2143 1714 2395 1781 aterna;
2431 1712 2503 1766 ad
2536 1709 2980 1767 confundendos
3011 1724 3132 1775 eos,
3167 1706 3270 1778 qui
3304 1707 3668 1762 arbitrantur

235 1797 557 1853 scientiam
591 1797 807 1852 divina
840 1797 1188 1868 majestatis.
1221 1815 1378 1853 nunc
1403 1798 1463 1852 in
1494 1798 1801 1869 aenigmate
1831 1799 1910 1854 vi-
1939 1835 1985 1899 Β
2020 1811 2148 1852 eam
2180 1804 2314 1869 post
2334 1799 2694 1855 nativitatem
2719 1796 3034 1853 Salvatoris
3060 1794 3342 1852 habuisse
3361 1796 3433 1852 de
3451 1794 3665 1867 Ioseph

240 1886 352 1941 deo
384 1890 448 1940 et
478 1901 587 1957 per
616 1884 887 1940 nubilum
907 1890 963 1940 et
993 1885 1325 1958 caliginem,
1350 1892 1406 1942 et
1436 1888 1563 1942 dico
1594 1905 1728 1943 cum
1768 1904 1895 1959 pro.

233 1974 459 2046 pheta:
494 1973 786 2029 Mirabilis
819 1975 969 2029 facta
1000 1979 1089 2030 est
1119 1976 1366 2031 scientia
1395 1980 1498 2032 tua
1528 1993 1595 2032 ex
1623 1993 1734 2044 me,
1768 1995 1905 2033 con-

240 2064 457 2117 fortata
490 2066 603 2128 est,
639 2067 696 2118 et
727 2079 843 2118 non
872 2068 1072 2134 potero
1105 2064 1176 2118 ad
1208 2080 1336 2120 eam
1370 2066 1483 2137 (Ps.
1527 2082 1792 2136 cxxxvm,
1823 2066 1903 2136 6).

237 2150 376 2206 Hac
410 2150 599 2223 igitur
628 2155 813 2223 porta,
840 2168 967 2223 qua
993 2152 1270 2208 omnibus
1290 2153 1488 2209 clausa
1507 2159 1595 2209 est
1616 2154 1727 2225 (vir
1746 2154 1904 2210 enim

236 2256 359 2294 non
382 2239 784 2310 transibirper
800 2240 972 2309 eam),
989 2238 1100 2295 erit
1117 2240 1316 2296 clausa
1330 2241 1604 2314 principi,
1618 2242 1734 2298 sive
1748 2243 1821 2297 du
1831 2243 1900 2310 ei,

232 2331 296 2382 et
326 2327 499 2383 illius
530 2328 788 2383 adventu
815 2329 1190 2396 reserabitur,
1225 2329 1325 2401 qui
1357 2331 1582 2386 sedebit
1629 2330 1689 2385 in
1720 2348 1806 2402 ea,
1841 2336 1906 2387 ut

230 2416 522 2471 comedat
553 2432 764 2488 panem
815 2433 1011 2472 coram
1067 2417 1354 2474 Domino:
1390 2414 1459 2473 de
1512 2435 1626 2490 quo
1670 2419 1792 2491 ipse
1842 2420 1902 2475 in

226 2504 565 2577 Evangelia
590 2504 916 2576 proﬁtetur,
943 2506 1145 2561 dicens
1172 2523 1184 2560 :
1213 2506 1377 2562 Meus
1408 2508 1577 2563 cibus
1607 2512 1694 2562 est
1726 2512 1790 2562 ut
1822 2509 1903 2563 fa-

223 2594 398 2648 ciam
429 2592 798 2648 voluntatem
828 2595 955 2664 ejus
989 2595 1089 2665 qui
1124 2595 1281 2651 misit
1317 2612 1429 2662 me,
1485 2601 1542 2650 ct
1578 2596 1901 2668 compleam

224 2698 395 2753 opus
428 2682 563 2753 ejus
594 2683 767 2753 (Joan.
802 2701 875 2754 1v,
922 2684 1035 2751 34).
1067 2684 1199 2756 Ipse
1229 2691 1317 2739 est
1348 2685 1642 2758 princeps.
1675 2692 1731 2741 et
1760 2704 1902 2758 pon-

222 2770 382 2825 tifex
406 2771 739 2825 secundum
773 2772 1036 2827 ordinem
1064 2772 1508 2843 Melchisedech,
1543 2779 1596 2829 et
1626 2774 1817 2830 hostia
1848 2779 1906 2831 et

218 2859 555 2926 sacerdos,
586 2858 684 2931 qui
716 2860 772 2914 in
806 2866 1119 2932 conspectu
1154 2862 1338 2917 Patris
1395 2862 1700 2918 uobiscum
1733 2863 1901 2920 cale-

220 2953 399 3004 stem
439 2947 697 3002 comedit
729 2964 959 3019 panem,
990 2955 1046 3005 et
1075 2948 1274 3004 vinum
1306 2950 1552 3018 bibit,de
1584 2969 1697 3023 quo
1716 2951 1902 3024 loqui-

224 3042 338 3092 tur
374 3035 449 3089 in
480 3036 790 3108 Evangelio
816 3054 828 3092 :
858 3037 982 3092 Non
1001 3037 1198 3093 bibam
1219 3039 1288 3093 de
1317 3039 1611 3110 genimine
1633 3039 1765 3095 vitis
1797 3041 1901 3096 hu-

212 3126 359 3196 jus,
402 3123 525 3179 nisi
555 3140 687 3179 cum
720 3125 919 3181 hibero
949 3124 1097 3180 illud
1129 3144 1341 3182 novum
1401 3127 1460 3181 in
1510 3145 1686 3200 regno
1717 3129 1904 3186 Patris

2017 1884 2168 1941 ﬁlios
2227 1905 2295 1941 ex
2334 1888 2644 1943 occasione
2699 1887 2945 1940 fratrum
2976 1886 3104 1956 ejus
3162 1883 3263 1956 qui
3289 1887 3576 1940 vocantur
3601 1882 3664 1940 in

2016 1975 2323 2047 Evangelio
2338 1978 2524 2047 (illam.
2552 1976 2657 2049 in).
2675 1976 2862 2047 Super
2874 1991 2991 2047 qua
3005 1972 3453 2046 quastiuncula,
3469 1977 3663 2030 Roma

2016 2064 2324 2120 adversum
2356 2066 2689 2121 Helvidium
2717 2063 2874 2119 illius
2905 2063 3187 2135 temporis
3209 2061 3569 2131 hareticum,
3600 2062 3663 2118 in

2014 2152 2407 2210 adolescentia
2421 2172 2535 2210 non
2547 2154 2830 2227 grandem
2845 2152 3063 2207 librum
3078 2150 3388 2224 scripsisse
3399 2167 3493 2208 me
3504 2151 3661 2208 novi.

2087 2243 2103 2311 (
2137 2241 2300 2297 Vers.
2335 2245 2367 2297 4
2397 2260 2562 2315 seqq.
2597 2243 2612 2313 )
2641 2244 2705 2297 Et
2752 2241 2984 2296 adduxit
3037 2257 3126 2296 me
3173 2256 3277 2313 per
3302 2242 3457 2297 viam
3484 2248 3664 2312 porta

2016 2331 2313 2399 Aquilonis
2344 2334 2402 2386 in
2429 2336 2712 2403 conspectu
2734 2331 2947 2396 domus,
2977 2338 3028 2385 et
3046 2330 3180 2395 vidi,
3202 2332 3256 2385 et
3274 2345 3391 2386 ecce
3410 2330 3665 2402 impleve-

2012 2424 2099 2472 rat
2120 2418 2313 2491 (Vulg.
2340 2421 2606 2491 implevit)
2630 2421 2811 2488 gloria
2838 2420 3061 2475 Domini
3087 2418 3309 2474 domum
3337 2419 3581 2488 Domini,
3608 2427 3663 2478 et

2011 2507 2183 2562 cecidi
2198 2508 2267 2579 (ι’)
2291 2512 2415 2563 ante
2441 2511 2641 2579 faciem
2668 2524 2867 2563 meam.
2898 2508 2962 2561 Et
2981 2506 3127 2561 dixit
3146 2505 3218 2561 ad
3239 2521 3327 2561 me
3353 2507 3619 2563 Dominus
3637 2524 3660 2562 :

2012 2596 2122 2649 Fili
2151 2596 2408 2665 hominis,
2440 2613 2585 2668 pone
2600 2613 2692 2652 cor
2722 2600 2900 2661 tuum,
2924 2603 2975 2651 et
3003 2594 3124 2649 vide
3142 2593 3316 2650 oculis
3332 2595 3464 2662 tuis,
3493 2598 3545 2650 et
3564 2610 3662 2651 au-

2013 2684 2167 2739 ribus
2195 2687 2309 2740 tm’s
2339 2686 2476 2741 audi
2490 2688 2676 2742 omnia
2697 2702 2819 2757 quae
2838 2700 2932 2755 ego
2954 2685 3148 2754 loquar
3170 2683 3250 2739 ad
3269 2685 3319 2739 te
3334 2683 3407 2739 de
3434 2684 3659 2739 univer-

2011 2775 2084 2827 sis
2104 2776 2432 2829 ceremoniis
2443 2775 2634 2830 domus
2648 2775 2899 2839 Domini,
2913 2772 3039 2829 etde
3060 2773 3266 2827 cunctis
3282 2772 3494 2840 legibus
3514 2775 3658 2844 eius,

2011 2866 2063 2915 et
2085 2878 2255 2932 pones
2278 2879 2377 2919 eor
2402 2872 2556 2917 tuum
2591 2865 2650 2918 in
2688 2865 2792 2918 viis
2809 2862 2999 2933 temin
3012 2876 3113 2932 per
3132 2876 3314 2916 omnes
3334 2861 3514 2916 exitus
3532 2877 3662 2916 san-

2010 2952 2231 3005 ctuarii.
2268 2952 2370 3005 Vir
2390 2951 2489 3022 qui
2515 2952 2722 3007 ductor
2754 2949 3047 3022 propheta
3079 2953 3188 3015 est,
3217 2951 3275 3003 et
3301 2964 3417 3020 quo
3448 2951 3661 3006 cuncta

2012 3037 2071 3093 in
2084 3039 2304 3111 templo
2318 3045 2685 3095 monstrante
2699 3038 3018 3111 cognoscit,
3052 3042 3365 3109 postquam
3394 3036 3658 3094 clausam

2011 3128 2064 3182 ei
2095 3129 2429 3185 ostenderat
2458 3133 2686 3201 portam
2708 3144 3036 3200 numquam
3061 3126 3456 3194 reserandam,
3487 3130 3545 3183 et
3562 3130 3657 3183 ta-

221 3214 355 3269 mei
398 3212 612 3282 (Matth.
664 3231 811 3283 xxvr,
845 3215 964 3286 29):
1019 3215 1076 3269 in
1138 3214 1239 3270 illo
1270 3215 1535 3271 videlicet
1582 3199 1790 3289 regno,
1833 3218 1903 3273 de
1935 3199 1977 3266 (ἶ
2015 3232 2147 3271 men
2183 3221 2444 3288 apertam
2460 3199 2525 3272 ei
2548 3216 2648 3289 qui
2672 3199 2889 3272 clausis
2910 3215 3209 3286 ingressus
3229 3220 3320 3271 est
3340 3215 3530 3284 ostiis,
3552 3216 3658 3272 du-

224 3319 360 3375 quo
392 3306 463 3357 et
486 3301 613 3373 ipse
658 3306 714 3357 et
743 3301 881 3358 alibi
932 3304 1014 3358 ait
1037 3321 1049 3358 :
1076 3304 1340 3375 Regnum
1375 3304 1471 3359 Dei
1503 3304 1656 3359 intra
1684 3322 1786 3360 vos
1816 3310 1905 3361 est

224 3393 403 3461 (Luc.
448 3407 586 3455 xvu,
614 3391 725 3462 21).
769 3391 1095 3463 Clausaque
1152 3391 1262 3447 erit
1292 3398 1472 3464 porta.
1535 3393 1715 3450 Nemo
1745 3394 1900 3449 enim

222 3483 458 3553 potest
486 3478 777 3550 passionis
808 3480 1058 3546 Domini,
1119 3481 1495 3553 corporisque
1525 3484 1651 3553 ejus
1682 3488 1739 3538 et
1768 3500 1901 3539 san-

216 3568 463 3642 guinis
505 3584 609 3638 pro
641 3569 945 3639 majestate
999 3570 1080 3624 rei
1139 3575 1506 3626 sacramenta
1535 3587 1900 3643 cognoscere.

219 3662 578 3727 Tantaque
607 3657 886 3713 bonitatis
920 3663 1028 3726 est,
1062 3663 1117 3713 et
1148 3660 1467 3714 clementia
1500 3661 1771 3732 princeps
1803 3678 1903 3716 no-

220 3753 385 3814 ster,
410 3748 633 3800 utcum
654 3744 816 3801 solus
842 3748 1039 3802 sedeat
1059 3747 1117 3802 in
1143 3752 1328 3820 porta,
1356 3766 1483 3820 qua
1506 3748 1705 3804 clausa
1734 3753 1906 3815 est,et

219 3851 468 3909 panem
490 3851 682 3889 coram
704 3834 953 3891 Domino
974 3836 1401 3907 comedat,velit
1432 3854 1647 3893 mensa
1669 3855 1787 3893 sua
1820 3842 1905 3893 at-

220 3941 349 3996 que
382 3922 642 3978 convivii
674 3923 871 3995 plures
895 3924 1104 3980 habere
1127 3930 1446 3995 consortes,
1471 3931 1527 3981 et
1548 3926 1735 3980 dicat:
1766 3926 1907 3981 Ecce

219 4029 341 4085 ego
381 4015 487 4067 sto
519 4010 591 4065 ad
622 4012 838 4067 ostium
872 4018 929 4067 et
960 4013 1165 4085 pulso;
1200 4014 1249 4069 si
1273 4015 1404 4086 quis
1428 4014 1719 4086 aperuerit
1737 4014 1903 4086 mihi,

220 4098 557 4174 ingrediar
578 4100 646 4154 ad
669 4117 803 4155 eum
828 4105 885 4156 et
897 4103 1136 4158 ccenabo
1158 4120 1291 4157 cum
1316 4103 1436 4169 illo,
1453 4108 1508 4158 et
1524 4104 1649 4174 ipse
1675 4119 1907 4160 mecum

224 4194 447 4261 (Apoc.
484 4205 567 4257 iu,
606 4188 718 4257 20).
743 4187 915 4245 Solus
946 4195 1142 4246 autem
1191 4208 1400 4262 panem
1433 4192 1685 4247 comedit
1714 4208 1907 4249 coram

223 4275 534 4346 Domino,
586 4277 721 4347 quia
772 4277 1109 4334 substantia
1139 4280 1264 4349 ejus
1313 4279 1624 4351 divinaque
1656 4285 1911 4336 naturaa

220 4363 493 4422 cunctis
517 4368 917 4421 creaturarum
952 4367 1301 4422 substantiis
1335 4374 1602 4439 separata
1638 4372 1745 4424 est.
1784 4371 1910 4440 Ipse

220 4472 339 4528 per
375 4454 659 4509 eamdem
687 4454 961 4510 vestibuli
998 4459 1227 4527 portam
1282 4456 1609 4528 ingreditur
1664 4458 1814 4513 538
1855 4464 1912 4513 et

2012 3304 2091 3360 cit
2114 3306 2459 3378 prophetam
2488 3307 2558 3361 ad
2590 3307 2745 3361 viam
2777 3309 2953 3377 porta
2984 3305 3139 3361 539
3167 3303 3495 3376 Aquilonis,
3527 3321 3656 3377 qua

2011 3383 2206 3449 tanien
2220 3398 2277 3449 et
2289 3394 2417 3466 ipsa
2428 3402 2578 3450 esset
2594 3394 2653 3449 in
2670 3398 2985 3465 conspectu
3000 3392 3395 3458 domus,haud
3408 3394 3656 3451 dubium

2013 3481 2155 3553 quin
2186 3482 2473 3554 templum
2504 3483 2815 3555 signiﬁcet.
2850 3482 3113 3553 C‘umque
3169 3481 3457 3553 propheta
3501 3499 3533 3537 e
3562 3496 3656 3538 re-

2011 3571 2183 3643 gione
2210 3572 2453 3628 vidisset
2510 3571 2742 3644 plenam
2774 3572 3016 3627 domum
3074 3570 3307 3626 Domini
3331 3569 3518 3642 gloria
3546 3576 3657 3629 Do-

2014 3659 2458 3725 mini,eamdem
2476 3661 2743 3716 videlicet
2761 3676 2939 3732 quam
2955 3659 3014 3714 in
3027 3658 3332 3730 Aquilonis
3349 3658 3523 3732 plaga
3552 3676 3657 3732 po-

2015 3748 2165 3803 situs
2187 3753 2387 3803 contra
2408 3749 2703 3817 cernebat,
2726 3748 2924 3803 statim
2946 3747 3224 3803 ceciditin
3239 3746 3445 3802 faciem
3461 3764 3657 3820 suam,

2016 3838 2382 3907 majestatem
2403 3836 2600 3909 gloria
2622 3836 2855 3893 Domini
2869 3836 3016 3891 ferre
3029 3852 3145 3892 non
3159 3836 3659 3893 sustinens.Unde

2016 3926 2155 3996 quia
2177 3927 2365 3980 fuerat
2394 3925 2728 3980 humilitate
2756 3925 3041 3996 dejectus,
3068 3924 3209 3979 dicit
3262 3925 3335 3980 ad
3367 3941 3525 3993 eum,
3555 3942 3660 3983 ne-

2017 4030 2314 4086 quaquam
2346 4015 2455 4081 vir,
2491 4016 2591 4070 sed
2624 4015 2939 4071 Dominus:
2974 4015 3085 4069 Fili
3113 4016 3372 4081 hominis,
3396 4030 3541 4086 pone
3566 4032 3665 4073 cor

2017 4112 2191 4169 tuum,
2226 4107 2282 4157 et
2313 4102 2559 4174 reliqua.
2591 4108 2656 4158 In
2687 4102 3200 4159 consummatione
3219 4103 3582 4162 tabernaculi
3609 4109 3669 4163 et

2018 4190 2246 4245 adiﬁcii
2277 4191 2477 4263 templi
2512 4192 2667 4263 quod
2697 4210 2730 4247 a
2760 4191 3071 4248 Salomone
3101 4196 3505 4249 constructum
3552 4198 3661 4266 est,

2018 4281 2290 4351 apparuit
2309 4279 2493 4351 gloria
2523 4280 2773 4349 Domini,
2809 4298 2936 4352 qua
2955 4285 3158 4352 postea
3175 4281 3517 4353 evangelica
3537 4282 3662 4354 glo-

2020 4370 2114 4424 ria
2148 4369 2581 4441 comparatione
2610 4371 2909 4425 destructa
2933 4375 3022 4426 est
3078 4370 3309 4425 dicente
3345 4368 3660 4442 Apostolo:

2019 4457 2244 4513 Etenim
2271 4474 2387 4513 non
2414 4462 2501 4513 est
2522 4457 2938 4531 gloriﬁcatum,
2959 4458 3115 4529 quod
3139 4456 3529 4528 gloriﬁcatum
3551 4461 3661 4530 est,

223 4542 594 4618 egreditur:
626 4543 764 4615 quia
793 4544 869 4614 (ὁ)
900 4547 957 4599 et
987 4545 1179 4600 instus
1194 4552 1251 4600 et
1271 4545 1432 4613 foris,
1453 4545 1561 4601 hoc
1576 4547 1912 4602 estinfusus
1940 4564 1987 4627 D
2022 4546 2078 4601 in
2110 4546 2217 4601 hac
2249 4551 2431 4617 parte,
2458 4551 2694 4618 propter
2721 4545 3100 4602 excellentem
3129 4544 3397 4617 gloriam.
3422 4544 3482 4601 Si
3502 4546 3661 4602 enim

222 4640 283 4688 et
306 4632 731 4688 circumfusus
753 4632 1028 4689 omnibus
1044 4654 1059 4702 ;
1076 4633 1527 4705 ingrediensque
1540 4651 1642 4705 per
1654 4638 1904 4706 portam,

224 4726 297 4776 ut
316 4735 546 4776 secum
571 4720 904 4776 introducat
920 4737 1041 4789 eos,
1058 4722 1157 4793 qui
1175 4722 1397 4793 absque
1413 4722 1678 4777 doctrina
1696 4727 1753 4777 et
1777 4722 1907 4793 ejus

225 4807 483 4865 auxilio
512 4808 729 4864 intrare
762 4826 877 4865 non
906 4814 1189 4882 possunt;
1224 4816 1280 4865 et
1310 4811 1635 4883 egrediens,
1683 4816 1746 4866 ut
1773 4829 1906 4867 rur-

224 4915 383 4954 sum
423 4895 571 4951 alios
593 4898 928 4954 introducat
948 4916 961 4965 ;
982 4903 1038 4954 et
1057 4900 1328 4970 loquatur
1357 4901 1441 4954 eis
1458 4916 1558 4971 qul
1576 4900 1910 4955 difficiliora

221 5004 364 5043 non
397 4986 663 5057 capiunt.
684 4988 849 5051 Quod
875 4992 1068 5043 autem
1093 4993 1259 5059 porta
1280 4988 1588 5043 Orientalis
1610 4994 1770 5044 extra
1790 4993 1905 5043 ter-

219 5078 461 5132 minos
489 5076 694 5131 mundi
718 5092 950 5148 semper
980 5076 1181 5132 clausa
1210 5076 1306 5145 sit,
1330 5076 1666 5132 ethumano
1688 5093 1908 5148 nequa-

220 5178 453 5239 quam
482 5168 680 5234 pateat
709 5165 994 5237 aspectui,
1025 5166 1273 5221 Joannis
1304 5164 1679 5237 Evangelium
1702 5165 1911 5237 probat

214 5252 545 5311 dicentis:
577 5257 762 5310 Deum
807 5270 978 5310 nemo
1008 5254 1153 5311 vidit
1183 5270 1463 5326 umquam
1489 5272 1501 5309 :
1564 5253 1909 5326 Unigenitus

306 5433 405 5503 (α)
442 5430 914 5505 SuppletVictor.
944 5433 1233 5505 reliquum
1250 5448 1708 5505 versum,sequor
1728 5440 1911 5505 autem

306 5450 405 5503 (α)
442 5450 559 5503 sup
603 5450 681 5488 iet
702 5450 914 5490 Victor.
944 5450 1233 5505 reliquum
1250 5450 1708 5503 versum,sequor
1728 5450 1910 5488 autem

212 5508 283 5563 si
314 5450 809 5573 campi-climatum,
845 5507 904 5559 in
924 5521 1027 5576 quo
1046 5509 1096 5560 et
1115 5504 1532 5573 comprehensus
1573 5520 1736 5559 suma
1758 5504 1910 5561 Chri-

216 5580 325 5652 ξφ
363 5579 552 5652 ,ιεοςηη
592 5577 756 5652 quod
800 5576 1167 5652 commodius
1225 5576 1292 5632 ad
1350 5576 1720 5651 probandum
1751 5576 1904 5652 quod

220 5648 502 5708 Hieron.
536 5645 803 5720 intendit,
838 5648 1121 5709 videatur.

2018 4635 2172 4706 quod
2230 4634 2573 4702 destruitur,
2633 4652 2735 4706 per
2790 4634 3039 4706 gloriam
3093 4638 3217 4688 est:
3253 4633 3437 4689 multo
3468 4633 3659 4706 magis

2017 4725 2169 4795 quod
2204 4727 2400 4778 manet
2427 4724 2486 4777 in
2516 4722 2698 4794 gloria
2722 4724 2904 4794 est(II
2924 4722 3044 4791 Cor,
3077 4721 3658 4793 111,10).Cavendum-

2016 4828 2128 4883 que
2161 4829 2231 4867 ne
2287 4812 2742 4867 destructionem
2793 4811 3001 4883 prioris
3054 4810 3250 4883 gloria
3281 4809 3659 4868 abolitionem

2017 4905 2290 4973 putemus
2315 4919 2329 4966 ς
2355 4900 2455 4954 sed
2481 4899 2562 4954 sic
2582 4899 2975 4967 sentiendum,
3001 4900 3156 4971 quod
3174 4903 3664 4970 postquamvene—

2018 4988 2091 5043 rit
2125 4988 2280 5060 quod
2311 4989 2631 5059 perfectum
2655 4992 2762 5058 est,
2789 4988 2846 5043 id
2871 4989 3026 5059 quod
3048 5004 3121 5042 ex
3144 4990 3306 5059 parte
3329 4986 3536 5058 fuerat,
3569 4989 3665 5045 de-

2018 5081 2278 5133 struetur
2302 5093 2314 5131 :
2352 5076 2512 5131 velut
2533 5077 2581 5132 si
2604 5076 2745 5132 solis
2768 5076 2949 5132 radiis
2970 5074 3301 5148 lampadem
3333 5093 3657 5150 compares,

2019 5165 2423 5237 autlampadis
2446 5164 2644 5220 lumen
2664 5164 2911 5220 lucerna
2933 5165 3055 5235 [Αι.
3078 5164 3437 5241 lucernula].
3452 5167 3663 5231 Quam-

2020 5255 2219 5310 obrem
2249 5256 2305 5309 et
2359 5252 2430 5307 de
2485 5251 2709 5308 Joanne
2760 5250 3024 5324 Baptista
3080 5252 3333 5312 dicitur:
3394 5254 3495 5311 Ille
3536 5258 3662 5313 erat

2114 5433 2166 5501 li)
2200 5431 2408 5488 Victor.
2441 5432 2519 5486 est
2548 5428 2812 5502 reposuit
2834 5447 2940 5502 pro
2970 5434 3041 5486 et.

2110 5506 2157 5575 ο)
2193 5504 2349 5558 Idem
2383 5518 2486 5578 pro
2516 5506 2667 5578 ante.
2698 5502 2768 5557 ad
2796 5502 3129 5578 liebraum,
3180 5505 3463 5578 Graecum,
3496 5506 3658 5565 Lati~

2020 5573 2283 5651 numque
2313 5573 2572 5633 codicem
2604 5575 2664 5632 in
2693 5574 2971 5637 restituit.
