3944 6178
1598 296 1660 358 S.
1709 297 2018 361 EUSEBII
2061 301 2507 365 HIERONYMI

3583 310 3680 376 43!

349 423 595 517 moenia
617 425 823 517 lucens
849 426 913 485 in
942 429 1111 517 domo
1129 428 1316 501 (Joan.
1340 447 1397 497 ν,
1418 431 1530 502 35).
1551 432 1869 503 Postquam
1892 450 1991 488 au-
2020 437 2075 502 Α
2104 436 2306 491 audire
2337 438 2473 509 (Jer.
2506 456 2583 509 γι,
2618 440 2726 511 40).
2762 441 2827 495 Et
2854 422 2914 495 in
2939 438 3376 499 Exodolocutus
3399 445 3482 499 est
3495 443 3681 517 Moyses

350 512 473 570 tam
497 515 658 572 venit
686 515 772 573 sol
794 516 1062 589 justitiae,
1083 516 1334 576 lucernas
1356 518 1555 577 iumen
1578 520 1990 577 absconditum

350 606 460 670 est,
490 603 720 662 dicente
749 605 878 679 ipso
907 608 1220 681 iprOpheta
1253 613 1428 682 atque
1482 611 1777 683 Baptista:
1820 611 1991 667 Illum

351 687 581 764 oportet
606 710 885 765 crescere,
919 714 1014 754 me
1066 705 1260 756 autem
1318 700 1506 755 minui
1548 701 1733 772 (Joan.
1762 718 1845 769 ιιι,
1878 701 1989 769 30).

353 776 571 841 cecidit
600 790 795 843 autem
856 788 917 844 in
949 789 1154 846 faciem
1214 809 1383 849 suam
1410 792 1715 865 propheta,
1749 806 1819 845 ne
1850 790 1992 845 dum

354 868 489 945 Ρῖειε
504 884 738 932 Demere
758 893 825 933 cu
836 879 921 951 pit
933 898 1109 953 quam
1124 888 1314 956 potest
1329 884 1588 940 humana
1600 876 1996 953 fragilitasiin-

352 958 526 1031 tueri,
549 962 727 1021 etiam
747 965 941 1038 ipsum
956 973 1257 1030 oculorum
1273 973 1471 1029 lumen
1496 971 1806 1027 amitteret.
1832 967 1994 1023 Unde

353 1044 711 1124 familiarius
737 1070 871 1115 eum
901 1065 1068 1118 vocat
1119 1062 1421 1129 Dominus,
1475 1061 1661 1116 ﬁlium
1700 1055 1991 1121 hominis;

355 1141 732 1215 pracipi‘tqne
751 1149 817 1202 ut
841 1154 1019 1220 ponat
1040 1153 1357 1222 corjsuum,
1381 1155 1438 1207 et
1480 1150 1674 1205 videat
1694 1145 1900 1212 oculis,
1935 1149 1992 1199 et

354 1230 598 1289 mribus
611 1235 827 1292 audiat.
843 1237 1103 1295 Primum
1118 1241 1274 1297 enim
1288 1242 1358 1297 ad
1375 1238 1817 1311 intelligendum
1834 1234 1989 1307 quod

353 1320 571 1379 dicitur
589 1326 948 1397 aperiendus.
967 1335 1056 1387 est
1085 1332 1353 1388 animus:
1387 1329 1664 1395 secundo,
1688 1324 1989 1382 cordisin-

351 1404 733 1484 telligendum
755 1417 962 1487 oculis,
992 1420 1062 1476 de
1084 1419 1300 1491 quibus
1322 1418 1537 1475 dicitur
1558 1418 1629 1473 ad
1658 1413 1950 1470 Abraham
1974 1428 1987 1467 :

351 1498 499 1555 Leve
518 1501 719 1559 oculos
734 1507 887 1574 tuos,
927 1511 986 1563 et
1014 1509 1143 1565 vide
1188 1508 1389 1565 stellas
1436 1505 1733 1578 coeli(Gen.
1765 1520 1857 1569 xv,
1889 1502 1947 1572 5)
1973 1518 1986 1569 ;

345 1587 520 1645 tertio
531 1589 624 1647 his
637 1593 880 1651 auribus
896 1597 1253 1654 audiendum
1265 1599 1357 1666 ,de
1369 1597 1585 1668 quibus
1602 1593 1865 1650 Salvator
1875 1590 1986 1646 ait:

347 1676 456 1742 Qui
479 1677 655 1737 habet
701 1699 871 1741 aures
921 1687 1218 1754 audiendi,
1249 1687 1623 1757 audiatf(Luc.
1656 1700 1780 1750 VIII,
1806 1681 1862 1752 8)
1883 1697 1903 1742 ;
1924 1683 1990 1733 ut

346 1767 529 1837 possit
544 1779 783 1827 cunctas
798 1774 1005 1846 templi
1025 1776 1383 1832 ceremonias
1404 1779 1459 1830 et
1479 1772 1743 1846 legitima
1758 1771 1886 1869 eius
2016 1801 2067 1869 Β

344 1854 630 1930 belligero,
663 1862 720 1915 et
740 1861 812 1917 ad
834 1868 1159 1920 extremum
1213 1866 1545 1937 ponere'cor
1570 1877 1741 1918 suum
1791 1858 1849 1912 in
1873 1857 1981 1913 viis

345 1942 549 2018 templi
578 1949 751 2020 ;quia
798 1951 1008 2009 diversi
1043 1954 1113 2009 ad
1145 1954 1221 2026 (a)
1280 1954 1470 2008 Ddum
1518 1950 1794 2007 introitus
1823 1951 1981 2003 sunt.

346 2033 476 2091 Sive
496 2048 600 2109 per
619 2038 742 2094 vias
762 2040 1744 2113 templi,ceremoniarum'ordinem
1767 2036 1985 2111 signiﬁ-

347 2126 526 2190 da't,et
539 2125 730 2183 exitus
742 2129 1442 2187 sanctuarii.Prommium
1459 2130 1819 2203 igiturest,et
1833 2126 1986 2182 540

346 2215 687 2285 praeparatio
717 2218 1035 2290 prophetae,
1089 2220 1161 2275 ad
1210 2220 1591 2293 intelligenda
1610 2220 1762 2290 “(quae
1785 2220 1987 2289 postea

343 2304 523 2375 Super
534 2304 956 2377 templiordine
969 2308 1312 2382 cogniturus
1325 2314 1431 2365 est.
1452 2313 1518 2364 Et
1538 2308 1646 2364 hoc
1661 2307 1983 2362 notandum

343 2386 499 2463 quod
530 2392 591 2448 in
621 2395 827 2451 mundi
859 2395 1040 2469 hujus
1070 2396 1243 2471 plaga
1264 2398 1362 2470 qui
1386 2398 1445 2453 in
1476 2396 1984 2469 malignofpositus

339 2481 450 2549 est,
509 2480 653 2538 etin
709 2483 1016 2557 Aquilonis
1043 2485 1255 2559 frigore
1309 2487 1691 2555 constitutus,
1724 2488 1983 2557 {cmlestis

338 2566 509 2626 nobis
541 2573 1009 2630 ceremoniarum
1045 2575 1185 2631 ordo
1216 2581 1604 2633 monstratur.

348 2672 353 2677 '
406 2658 495 2732 (V.
510 2659 546 2715 6
565 2663 759 2735 seqq.)
781 2668 847 2721 Et
866 2663 1012 2721 dices
1032 2665 1109 2720 ad
1121 2672 1540 2738 exasperantem
1559 2684 1649 2722 me
1665 2669 1888 2723 domum
1906 2670 1982 2724 Is-

333 2749 456 2804 rael
479 2746 1066 2809 :HeecdicitDominus
1088 2756 1231 2811 Deus
1255 2774 1273 2809 :
1303 2758 1588 2827 sufﬁciant
1616 2757 1765 2812 vobis
1792 2760 1983 2812 omnia

334 2839 540 2894 scelera
560 2841 950 2911 vestra,domus
964 2845 1152 2912 Israel,
1172 2861 1232 2900 eo
1247 2847 1390 2916 quod
1405 2846 1666 2903 inducitis
1682 2847 1823 2916 ﬁlios
1841 2848 1980 2902 alie-

338 2928 440 2984 nos
461 2925 605 3001 (sive
615 2929 978 3005 alienigenas)
993 2935 1405 2990 incircumcisos
1432 2936 1591 2991 corde
1609 2945 1659 2991 et
1680 2938 1980 2992 incircum-

335 3010 476 3074 cisos
503 3032 688 3087 carne,
720 3027 780 3074 ut
805 3020 917 3075 sint
944 3022 1006 3076 in
1032 3026 1344 3078 sanctuario
1365 3039 1502 3091 meo,
1533 3027 1583 3080 et
1611 3026 1859 3090 polluant
1885 3027 1982 3081 do-

338 3106 493 3161 nium
510 3122 710 3180 meam,
742 3116 794 3165 et
813 3109 1017 3181 oﬂ‘ertis
1036 3127 1206 3182 panes
1232 3128 1395 3181 meos,
1428 3112 1645 3184 adipem
1673 3122 1725 3169 et
1752 3117 1978 3185 sangui-

340 3190 487 3264 nam,
513 3203 565 3252 et
589 3195 916 3254 dissolvistis
975 3198 1114 3271 (sive
1156 3202 1500 3272 praeteristis)
1554 3190 1776 3272 pactum
1802 3219 1982 3259 meum

338 3280 401 3337 in
421 3284 674 3340 omitibus
699 3286 996 3343 sceleribus
1015 3290 1208 3344 vestris
1224 3293 1295 3349 ;et
1320 3305 1431 3344 non
1449 3291 1702 3345 servastis
1718 3300 1986 3364 praecepta

338 3374 652 3428 sanctuarii
703 3375 819 3430 mei
864 3379 919 3431 et
942 3379 1203 3448 posuistis
1257 3378 1496 3435 custodes
1546 3379 1985 3436 Observationum

338 3467 588 3517 mearum
600 3463 661 3518 in
677 3466 999 3521 sanctuario
1014 3482 1128 3521 meo
1149 3467 1807 3534 vobismetipsis.Quando
1821 3469 1982 3538 dicit,

339 3540 813 3609 sufﬁeiantvobis
825 3555 1024 3609 omnia
1035 3553 1403 3621 scelera,sive
1425 3556 1767 3629 iniquitates
1780 3563 1982 3615 vestras

341 3639 413 3695 ad
445 3638 706 3713 priorum
736 3646 1108 3714 peccatorum
1140 3644 1409 3701 hortatur
1455 3647 1878 3718 paenitentiam,
1912 3666 1984 3705 ne

343 3734 663 3802 a’ugeamus
677 3734 914 3804 peccata
930 3733 1265 3805 peccatis,et
1286 3734 1589 3791 materiam
1608 3736 1805 3791 futuro
1824 3754 1985 3810 paro-

341 3814 476 3874 'mus
504 3818 773 3876 incendio
800 3839 813 3890 ;
847 3822 948 3878 sed
980 3823 1293 3879 audiamus
1319 3823 1464 3880 illud
1497 3826 1651 3896 quod
1687 3826 1867 3882 Isaias
1897 3827 1980 3882 lo-

337 3905 542 3979 quitIIr
565 3923 579 3963 :
602 3907 697 3964 Vsa
718 3908 812 3965 his
830 3909 932 3981 qui
954 3911 1519 3984 attrahuntfpeccata
1544 3914 1700 3969 sicut
1720 3915 1980 3971 funiculo

333 3991 529 4069 longo,
562 4001 619 4052 et
649 3997 804 4054 sicut
824 3998 970 4072 jugo
995 4000 1255 4073 corrigiae
1277 4000 1445 4056 vituli
1470 4001 1810 4072 iniquitates
1828 4005 1978 4074 (Isai.

332 4080 389 4157 ἦ,
428 4086 540 4159 18).
573 4087 953 4160 Primumque
975 4094 1275 4160 peccatum
1298 4090 1586 4160 est,_quod
1612 4088 1900 4145 inducunt
1923 4091 1982 4146 ti-

267 4199 271 4203 -
336 4172 447 4234 lios
476 4175 845 4246 alienos,sive
867 4177 1223 4250 alienigenas
1246 4176 1687 4232 incircumcisos
1710 4178 1900 4244 corde,
1923 4184 1981 4235 et

336 4266 783 4323 incircumcisos
812 4282 1005 4333 carne,
1040 4264 1255 4336 utjsint
1286 4264 1344 4319 in
1377 4264 1708 4319 sanctuario
1765 4266 1887 4333 Dei,
1921 4272 1979 4322 et

336 4348 601 4428 polluant
620 4357 861 4413 domum
883 4352 1306 4410 Dei.Modicum
1336 4352 1492 4408 enim
1521 4352 1871 4408 fermentum
1894 4359 1977 4410 to-

331 4450 451 4501 tam
476 4461 733 4502 massam
757 4442 1078 4515 corrumpit
1095 4447 1145 4513 (ι
1156 4444 1278 4498 Cor.
1294 4458 1347 4512 ν,
1368 4442 1422 4508 6)
1438 4446 1515 4507 ;et
1536 4440 1594 4495 in
1617 4440 1970 4512 quibusdam

2101 524 2161 578 in
2193 531 2506 598 conspectu
2532 527 2763 584 Domini
2795 529 3031 587 dicens:
3091 532 3238 587 Ecce
3269 530 3371 586 ﬁlii
3416 532 3571 588 Israel
3591 551 3687 590 non

2102 613 2415 669 audierunt
2443 631 2534 671 me
2559 634 2571 683 ;
2605 620 2661 673 et
2688 619 2980 689 quomodo
3009 620 3208 675 audiet
3229 636 3322 676 me
3338 619 3694 696 Pharao‘IEgo

2103 706 2298 757 autem
2333 718 2466 758 sum
2494 704 2646 759 tardi
2677 706 2968 762 sermonis
2999 707 3187 775 (Exod.
3222 725 3302 774 vi,
3331 708 3436 780 12),
3483 725 3573 781 pro
3599 726 3694 782 quo

2102 791 2483 864 Septuaginta
2511 793 2736 850 dixere:
2773 792 2882 868 ἐγὼ
2910 791 2966 848 δὲ
2997 792 3202 870 ᾅλογός
3234 795 3383 869 sint;
3431 798 3571 869 quod
3597 815 3698 856 me-

2104 877 2220 934 lius
2278 879 2527 936 habetur
2584 882 2643 936 in
2706 884 2969 940 Hebraeo:
3027 886 3147 958 Ego
3204 889 3399 941 autem
3455 886 3698 943 641m-

2104 965 2487 1023 circumcisus
2517 986 2650 1024 sum
2682 968 2872 1037 labiis,
2922 972 3351 1047 interrogemus
3404 990 3517 1042 eos,
3548 976 3700 1033 immo

2103 1071 2383 1123 cogamus
2438 1057 2854 1115 circumcidere
2910 1078 3102 1131 aures,
3162 1067 3221 1118 et
3266 1062 3421 1119 labia
3446 1064 3698 1133 desecare,

2103 1148 2167 1199 ut
2195 1145 2556 1217 Scripturam
2588 1147 2830 1219 implere
2882 1150 3208 1206 videantur.
3240 1152 3338 1207 Sin
3389 1158 3573 1208 autem
3610 1171 3702 1210 cce-

2103 1232 2294 1304 perint
2315 1234 2814 1291 circumcisionem
2837 1238 3069 1294 aurium
3092 1239 3476 1313 interpretari,
3499 1244 3704 1313 quando

2101 1321 2246 1376 nihil
2278 1325 2448 1394 turpe
2504 1328 2560 1379 et
2617 1324 2990 1382 inhonestum
3053 1329 3257 1385 audire
3314 1346 3421 1387 nos
3457 1331 3704 1403 patimur,

2101 1413 2157 1466 et
2186 1412 2690 1469 circumcisionem
2747 1413 3058 1483 labiorum,
3114 1419 3350 1489 quando
3405 1419 3540 1475 nihil
3566 1420 3707 1476 inde‘

2101 1515 2238 1556 cens
2269 1499 2602 1572 loquimur:
2659 1503 2928 1561 dicamus
2957 1506 3063 1574 eis,
3122 1508 3391 1564 eamdem
3424 1510 3708 1582 expositio-

2101 1606 2235 1645 nem
2292 1590 2554 1646 etiamin
2615 1592 2785 1647 corde
2813 1597 2869 1648 et
2925 1594 2984 1649 in
3011 1611 3181 1651 carne
3235 1612 3466 1653 servare
3494 1597 3706 1653 debetis.

2099 1679 2208 1733 Cor
2236 1679 2715 1735 circumcidimus
2745 1680 2977 1738 cultello
3010 1683 3134 1750 Dei,
3168 1689 3225 1739 et
3244 1686 3508 1741 aufertur
3527 1686 3591 1741 de
3610 1702 3712 1742 cor-

2098 1767 2169 1822 de
2201 1772 2401 1823 nostro
2433 1769 2802 1841 praeputium,
2834 1772 3069 1842 quando
3125 1777 3328 1846 turpes
3358 1775 3711 1847 cogitationes

2098 1872 2470 1929 nequaquam
2501 1861 2713 1913 exeunt
2742 1859 2811 1915 de
2858 1861 3030 1916 corde
3052 1868 3270 1930 nostro,
3322 1880 3433 1920 nec
3461 1866 3527 1920 de
3565 1862 3712 1919 nobis

2096 1946 2313 2001 dicitur
2335 1964 2348 2001 :
2375 1946 2811 2019 Impinguatum
2843 1953 2932 2005 est
2951 1966 3050 2005 cor
3069 1950 3270 2023 populi
3286 1952 3489 2024 hujus,
3515 1957 3567 2009 et
3584 1951 3714 2007 auri-

2097 2035 2208 2090 bus
2237 2034 2361 2090 suis
2390 2036 2643 2108 gravitcr
2671 2037 2984 2093 audierunt
3012 2039 3210 2110 (Actor.
3230 2058 3433 2110 xxvm,
3455 2044 3560 2114 27).
3584 2045 3714 2113 Ergo

2096 2128 2154 2179 et
2181 2140 2312 2179 caro
2343 2123 2613 2180 similiter
2638 2126 3097 2199 circumciditur,
3129 2134 3195 2184 ut
3251 2145 3614 2204 nequaquam
3642 2130 3714 2185 fa-

2094 2212 2320 2268 ciamus
2349 2227 2578 2269 terrena
2607 2230 2800 2285 opera,
2834 2232 2961 2287 quae
2993 2233 3098 2288 pro
3151 2219 3500 2276 necessitate
3528 2235 3714 2292 corpo-

2095 2301 2175 2357 ris
2207 2302 2393 2357 facere
2423 2301 2850 2374 compellimur,
2883 2305 3078 2361 cibum
3112 2323 3335 2378 capere,
3368 2313 3433 2365 et
3450 2312 3642 2381 potum
3665 2313 3715 2362 et

2094 2407 2389 2460 somnum,
2423 2396 2481 2446 et
2505 2391 2590 2446 uti
2615 2392 2898 2449 vestibus:
2927 2411 3055 2465 qum
3076 2401 3214 2452 tunc
3235 2396 3711 2464 circumcidimus,

2093 2481 2142 2536 si
2165 2497 2280 2537 non
2312 2481 2382 2535 ad
2416 2480 2674 2546 delicias,
2707 2485 2765 2536 et
2794 2482 2867 2537 ad
2898 2481 3212 2552 luxuriam,
3246 2488 3303 2541 ct
3332 2487 3410 2543 ad
3444 2486 3713 2552 inertiam,

2093 2569 2192 2624 sed
2223 2570 2294 2625 ad
2322 2572 2730 2625 necessitatem
2768 2575 2990 2627 natura:
3029 2576 3086 2627 et
3125 2575 3390 2646 corporis
3415 2576 3578 2632 istius
3598 2591 3713 2631 sus-

2090 2658 2450 2713 tentaculum
2482 2663 2691 2714 cuncta
2720 2660 3025 2717 faciamus.
3059 2662 3167 2725 Qui
3199 2663 3346 2719 bibit
3377 2666 3573 2721 vinum
3601 2679 3711 2718 mo-

2092 2746 2285 2802 dicum
2319 2751 2551 2819 prepter
2581 2748 2951 2804 stomachum
2973 2754 3030 2805 et
3062 2751 3395 2823 frequentes
3425 2753 3713 2809 inﬁrmita-

2089 2839 2199 2901 tes,
2231 2839 2289 2891 et
2318 2837 2442 2890 odit
2469 2836 2827 2906 ebrietatem,
2857 2839 3225 2896 circumcidit
3286 2858 3513 2898 carnem
3550 2855 3707 2896 suam

2091 2925 2139 2996 (Ι
2168 2926 2299 2979 Tim.
2330 2926 2407 2997 v).
2442 2924 2548 2989 Qui
2579 2925 2798 2982 dormit
2826 2932 3113 2998 quantum
3140 2933 3346 2987 natura
3366 2930 3601 3003 patitur,
3622 2945 3716 2984 au-

2092 3013 2211 3069 diet
2240 3031 2273 3068 a
2300 3012 2646 3070 Salomone:
2679 3015 2738 3070 Si
2772 3015 3011 3081 sederis,
3073 3017 3296 3089 absque
3326 3019 3533 3076 timore
3571 3017 3715 3074 eris:

2096 3102 2153 3157 Si
2186 3102 2514 3173 dormieris,
2550 3103 2809 3159 suaviter
2833 3105 3108 3174 dormies,
3142 3111 3201 3162 et
3231 3124 3346 3164 non
3376 3106 3606 3164 timebis
3631 3123 3722 3179 pa-

2013 3165 2057 3232 α
2096 3208 2292 3247 vorem
2350 3192 2851 3265 supervenientem
2906 3192 3050 3250 tibi:
3104 3211 3291 3268 neque
3338 3197 3594 3271 impetus
3620 3196 3720 3250 im-

2093 3282 2322 3354 piorum
2350 3281 2822 3353 supervenientes
2852 3282 3036 3351 (Prov.
3072 3299 3158 3353 In,
3191 3285 3306 3355 24).
3348 3287 3425 3342 Et
3457 3287 3556 3359 qui
3586 3284 3722 3357 fugit

2095 3370 2554 3435 fornicationem,
2575 3373 2632 3425 et
2662 3371 2824 3427 uxori
2847 3371 3109 3428 debitum
3133 3375 3323 3430 reddit
3342 3380 3632 3432 revertens
3659 3372 3719 3428 ad

2092 3460 2150 3515 id
2182 3459 2379 3531 ipsum
2406 3476 2476 3514 ne
2498 3463 2679 3515 tentet
2697 3476 2831 3515 eum
2858 3460 3105 3517 Satanas
3153 3463 3201 3534 (I
3230 3462 3351 3519 Cor.
3385 3465 3513 3535 vn),
3544 3462 3727 3519 audiet

2092 3566 2225 3604 cum
2256 3547 2469 3621 populo
2501 3547 2678 3605 Isracl
2708 3566 2721 3603 :
2751 3551 2815 3604 In
2843 3549 2944 3605 hac
2989 3549 3077 3606 die
3131 3552 3343 3608 abstuli
3379 3553 3729 3627 approbrium

2092 3640 2315 3710 ὥρῃρεί
2332 3655 2367 3694 τι
2390 3638 2557 3693 vobis.
2581 3637 2856 3693 Vestibus
2877 3655 3109 3710 quoque
3135 3643 3353 3709 utetur,
3373 3658 3503 3713 quas
3550 3640 3727 3712 frigus

2092 3727 2403 3799 repellant;
2428 3744 2544 3782 non
2567 3743 2694 3798 quae
2727 3725 3006 3782 tenuitate
3027 3728 3140 3795 sui,
3169 3745 3414 3801 corpora
3448 3729 3603 3786 nuda
3628 3729 3728 3784 de-

2092 3820 2438 3873 monstrent.
2474 3819 2785 3872 Attenuata
2836 3815 3080 3886 jejuniis
3112 3833 3245 3873 caro
3301 3822 3358 3874 et
3386 3815 3729 3875 circumcisa

2091 3905 2452 3963 continentia
2477 3908 2613 3974 (Jos.
2644 3906 2720 3976 v),
2747 3903 2895 3976 fugit
2920 3905 3299 3977 opprobrium
3329 3908 3727 3982 Egyptiorum

2090 3996 2188 4066 qui
2223 3999 2362 4050 sunt
2391 3995 2620 4065 magnis
2671 3992 2967 4061 carnibus,
3026 3998 3083 4049 et
3111 3994 3255 4050 illud
3317 4002 3518 4067 potest
3548 3996 3727 4052 dicere

2089 4085 2244 4155 quod
2274 4083 2330 4137 in
2365 4081 2841 4153 plerisquejuxta
2860 4081 3172 4139 editionem
3185 4084 3579 4157 Septuaginta
3599 4081 3729 4155 legi-

2085 4170 2522 4235 tur:Quomodo
2553 4168 2851 4224 contabuit
2867 4186 2999 4226 caro
3030 4188 3178 4241 mea,
3203 4172 3262 4228 in
3288 4176 3451 4231 terra
3483 4176 3727 4242 deserta,

2086 4257 2261 4321 invia,
2296 4260 2352 4311 et
2381 4257 2689 4328 inaquosa,
2724 4257 2808 4313 sic
2839 4257 2897 4315 in
2937 4265 3139 4317 sancto
3171 4263 3416 4334 apparui
3483 4263 3596 4320 tibi
3624 4263 3735 4331 (Ps.

2085 4364 2219 4412 LXII,
2275 4345 2351 4416 3).
2383 4344 2443 4400 Si
2498 4346 2731 4417 quando
2761 4362 2896 4419 ergo
2955 4348 3314 4421 alienigenas
3349 4350 3728 4408 introducere

2082 4433 2438 4491 voluerimus
2467 4434 2527 4489 in
2553 4434 2836 4506 templum
2868 4436 2992 4505 Dei,
3024 4439 3529 4497 circumcidamus
3561 4452 3733 4496 aures

330 4533 761 4607 exemplaribus
776 4528 1973 4590 ferturProverbiorum:Neintroducasim-
2001 4527 2048 4591 D
2078 4540 2301 4593 eorum,
2334 4529 2390 4579 et
2422 4522 2596 4589 labia,
2627 4528 2683 4579 et
2704 4540 2820 4592 cor,
2854 4530 2910 4581 et
2932 4542 3165 4583 omnem
3199 4544 3461 4600 carnem,
3499 4528 3732 4586 oculos-

332 4618 496 4696 pium
521 4617 1970 4692 intabernaculajustorum.Urgentnosinhocloco

327 4712 515 4768 Judaei
538 4717 595 4768 et
616 4711 916 4776 Ebionitae,
942 4710 1041 4780 qui
1064 4709 1572 4763 circumcisionem
1603 4707 1793 4763 carnis
1814 4709 1971 4764 acci-

328 4803 497 4873 piunt
512 4801 823 4873 :quomodo
836 4813 1151 4872 possumus
1166 4800 1505 4869 praesentem
1520 4796 1711 4853 locum
1726 4814 1970 4870 expone-

326 4905 387 4944 re
409 4888 848 4945 in'circumcisos
868 4887 1040 4944 corde
1057 4892 1115 4942 et
1136 4887 1575 4942 incircumcisos
1614 4887 1823 4942 carne?
1853 4904 1968 4959 quo

320 4976 1104 5054 videlicetpostspiritualem
1117 4975 1763 5049 intelligentiam,ctiam
1776 4975 1968 5031 carnis

324 5071 829 5129 circumcisionem
862 5065 1516 5141 susciperedebeamus.
1551 5064 1662 5120 Sed
1695 5064 1793 5136 qui
1823 5063 1966 5136 legi-

323 5156 460 5220 mus
477 5160 719 5217 Paulum
732 5158 1575 5218 dicentem:Contestorautem
1602 5169 1834 5209 omnem
1860 5152 1965 5208 ho-

326 5254 545 5309 minem
565 5250 667 5324 qui
681 5244 1425 5318 circumciditur:quoniam
1439 5243 1488 5298 si
1503 5242 1967 5298 circumcidami-

324 5342 677 5407 ni,Christus
689 5339 851 5396 vobis
865 5337 1010 5394 nihil
1023 5333 1279 5409 proderit
1290 5332 1549 5405 (Gal.v,2)
1561 5329 1964 5402 .EtilludJere-

322 5434 456 5491 mire
482 5451 496 5490 :
512 5434 656 5490 Ecce
668 5426 1087 5486 incircumcisos
1103 5440 1274 5481 aures
1284 5425 1509 5491 vestrm,
1527 5424 1583 5477 et
1599 5419 1671 5491 (b)
1687 5419 1963 5476 noluistis

2081 4630 2214 4685 que,
2246 4616 2485 4685 gustum
2508 4615 2565 4667 et
2583 4611 2910 4679 odoratum,
2933 4618 2998 4669 ut
3019 4617 3219 4672 omnia
3240 4634 3376 4673 cum
3392 4616 3498 4674 Dei
3520 4618 3733 4674 timore

2079 4708 2135 4759 et
2163 4703 2385 4759 ratione
2415 4702 2715 4758 faciamus.
2776 4703 3031 4759 Audiant
3087 4704 3196 4760 hoc
3252 4707 3520 4780 episcopi
3560 4710 3735 4779 atque

2079 4791 2399 4863 presbyteri
2431 4795 2487 4846 et
2517 4790 2707 4845 omnis
2737 4791 2877 4846 ordo
2908 4791 3365 4863 ecclesiasticus,
3398 4799 3466 4851 ut
3494 4812 3620 4851 non
3650 4793 3734 4849 in-

2078 4882 2291 4936 ducant
2323 4879 2474 4936 ﬁlios
2506 4877 2725 4935 alienos
2758 4880 3201 4938 incircumcisos
3232 4884 3424 4952 corde,
3454 4888 3518 4940 et
3548 4883 3730 4939 incir-

2077 4969 2367 5025 cumcisos
2398 4985 2589 5038 carne,
2623 4986 2695 5024 ne
2726 4968 2841 5024 sint
2863 4971 3017 5027 542
3051 4972 3109 5026 in
3142 4971 3474 5028 sanctuario
3508 4972 3642 5042 Dei,
3675 4968 3733 5026 et

2075 5059 2339 5131 polluant
2368 5058 2608 5113 domum
2648 5059 2794 5127 ejus.
2846 5059 2906 5113 Si
2937 5058 3091 5115 enim
3124 5060 3233 5116 hoc
3270 5061 3538 5127 fecerint,
3574 5066 3738 5133 apta-

2074 5150 2235 5205 bitur
2262 5147 2379 5202 illis
2409 5146 2562 5217 quod
2621 5146 2923 5216 sequitur:
2958 5151 3031 5201 Et
3085 5149 3291 5221 offertis
3342 5165 3520 5222 panes
3552 5160 3728 5213 meos,

2075 5253 2254 5311 panes
2282 5234 2547 5291 videlicet
2578 5234 2993 5306 propositionis
3022 5236 3079 5291 in
3112 5237 3341 5293 cunctis
3357 5236 3649 5294 Ecclesiis
3674 5239 3734 5293 et

2072 5328 2210 5382 orbe
2238 5331 2548 5388 terrarum,
2608 5322 2677 5377 de
2706 5339 2821 5378 uno
2879 5341 3027 5395 pane
3086 5325 3461 5397 pullulantes,
3496 5330 3565 5382 et
3607 5342 3731 5382 non

2073 5414 2264 5472 solum
2294 5428 2495 5486 panes,
2523 5411 2624 5468 sed
2656 5411 2886 5484 adipem
2913 5429 3142 5487 quoque
3173 5415 3244 5472 de
3271 5430 3385 5488 quo
3418 5414 3730 5488 scriptum

473 5631 861 5719 Mialu'itViotq
877 5644 1046 5700 etnon
1056 5644 1282 5713 possunt
1310 5634 1704 5711 audire,juxta
1718 5640 2009 5712 receptam
2038 5631 2366 5698 lectionem.

411 5594 447 5634 a
499 5581 686 5634 Antea
708 5576 841 5631 erat
867 5569 941 5627 ad
965 5584 1109 5626 eum.

385 5578 861 5732 (b)MaluitVict.,
877 5644 927 5700 et
937 5656 1046 5698 non
1056 5654 1109 5713 pi
