3996 6184
280 324 417 395 ωδ

857 324 1598 396 COMMENTARIORUM
1645 327 1723 392 IN
1768 325 2269 393 EZEGHIELEM
2313 326 2462 393 LIB.
2510 325 2672 399 XIII,
2707 328 2876 392 CAP.
2914 324 3124 396 XLIV.

3562 320 3690 417 ﬁt

278 467 375 527 est
406 477 421 519 :
455 461 543 519 Ex
569 459 739 536 adipe
772 462 1049 519 frumenti
1079 463 1361 520 saturavit
1390 482 1487 520 eos
1521 466 1919 535 (Ps.nxxx,17),
1954 467 2006 530 Α
2032 467 2205 535 portis
2235 464 2503 532 domus,et
2539 466 2807 520 ministris
2825 464 3137 524 domustti
3160 458 3692 529 immolabme

279 558 343 611 at
374 552 729 625 sanguinem
762 553 857 624 qui
890 552 949 607 in
994 552 1208 608 Christi
1251 553 1522 625 passione
1569 554 1788 609 effusus
1819 559 1926 619 est,

280 641 741 714 legendumque
772 641 850 696 ita
876 646 931 695 et
956 641 1040 697 sic
1069 640 1337 697 lectionis
1368 644 1508 698 ordo
1552 643 1882 698 reddendus
1918 659 1931 696 :

275 732 427 788 Cum
460 729 615 785 ﬁlios
646 729 1003 802 alienigenos
1034 730 1474 787 incircumcisos
1514 732 1684 787 corde
1714 736 1772 786 et
1803 748 1928 785 cor-

279 836 423 889 pore
447 819 745 875 inducatis
767 819 825 873 in
856 819 1256 874 sanctuarium
1288 836 1507 885 meum,
1540 824 1596 875 et
1654 819 1928 892 polluatis

272 911 527 966 domum
558 924 774 976 meam,
807 908 1032 963 audetis
1063 909 1267 965 offerre
1296 926 1476 980 panes
1508 914 1565 964 et
1594 910 1823 981 adipem
1873 915 1931 965 et

271 996 656 1069 sanguinem,
686 995 933 1068 mystica
964 1001 1349 1063 sacramenta,
1384 1001 1439 1051 et
1466 1014 1580 1053 non
1602 996 1929 1069 intelligitis

270 1086 436 1158 quod
468 1084 778 1141 solveritis.
808 1089 864 1139 et
883 1085 1279 1157 przetergressi
1304 1086 1435 1140 sitis
1457 1091 1695 1158 pactum
1728 1103 1926 1142 meum

266 1174 335 1230 in
367 1173 650 1230 omnibus
681 1173 996 1229 sceleribus
1031 1179 1088 1228 et
1147 1174 1553 1246 impietatibus
1609 1175 1841 1241 vestris,
1873 1179 1930 1230 et

268 1280 393 1319 non
443 1262 814 1319 servaveritis
845 1267 1124 1334 praecepta
1208 1263 1525 1318 sanctuarii
1584 1264 1698 1319 mei
1741 1281 1929 1335 neque

266 1350 599 1425 posueritis
628 1350 898 1407 custodes
927 1352 1390 1407 ceremoniarum
1413 1368 1675 1408 mearum
1706 1353 1765 1408 in
1792 1370 1926 1408 san-

265 1442 502 1496 ctuario
525 1456 676 1496 meo.
703 1439 905 1496 Omnis
926 1443 1121 1496 autem
1152 1441 1435 1496 adversus
1455 1457 1553 1496 eos
1583 1446 1672 1497 est
1692 1442 1929 1497 commi-

264 1530 455 1599 natio,
489 1528 595 1601 qui
628 1544 744 1584 non
774 1527 1443 1601 audieruntApostolum
1470 1536 1926 1601 praemonentem

262 1622 480 1673 Ianus
514 1618 631 1674 cito
663 1617 883 1673 nemini
917 1617 1286 1689 imposueris:
1312 1635 1499 1690 neque
1530 1621 1928 1676 communices

256 1707 533 1781 peccatis
564 1704 771 1762 alienis
795 1707 839 1777 (Ι
871 1707 1006 1762 Tim.
1037 1723 1093 1773 ν,
1125 1707 1239 1778 22).
1274 1707 1377 1764 Vel
1407 1711 1559 1764 certe
1592 1708 1675 1764 sic
1705 1708 1926 1764 intelli-

254 1797 532 1870 gendum
566 1813 579 1850 :
613 1793 943 1851 Dissolvitis
987 1799 1225 1866 pactum
1287 1813 1479 1852 meum
1537 1797 1596 1851 in
1649 1798 1925 1854 omnibus

255 1884 594 1942 sceleribus
615 1882 846 1949 vestris,
881 1886 937 1937 et
965 1898 1081 1937 non
1115 1885 1393 1940 servastis
1450 1890 1739 1958 praecepta
1789 1904 1922 1942 san-

259 1973 479 2031 ctuarii
512 1972 714 2037 mei,et
744 1970 969 2027 audetis
991 1971 1267 2046 indignos
1288 1973 1624 2047 alienosque
1654 1977 1926 2033 custodes

260 2078 489 2136 ponere
520 2062 581 2116 in
605 2061 1004 2118 observatione
1026 2062 1349 2118 sanctuarii
1378 2063 1489 2118 mei
1520 2064 1922 2137 vobismetipsi

253 2157 323 2207 nt
352 2151 898 2221 subaudiatur,non
932 2150 1174 2206 mihi.Et
1204 2157 1293 2205 est
1324 2168 1533 2207 sensus
1564 2168 1577 2206 :
1613 2153 1720 2216 Qui
1759 2155 1922 2210 vobis

252 2240 317 2295 in
351 2238 705 2296 carnalibus
736 2239 990 2295 serviant
1020 2256 1086 2293 ac
1124 2238 1462 2295 ministrent
1491 2259 1510 2295 :
1540 2245 1597 2295 et
1626 2242 1698 2296 ob
1730 2246 1923 2297 vestra

247 2328 575 2401 refrigeria
606 2343 805 2382 meum
838 2325 1106 2399 polluant
1130 2327 1551 2382 sanctuarium.

320 2452 524 2524 (Vere.
558 2453 612 2520 9,
646 2452 837 2522 seqq.)
868 2453 991 2506 Haec
1020 2451 1157 2507 dicit
1203 2453 1462 2507 Dominus
1518 2453 1653 2508 Deus
1682 2470 1703 2515 ;
1733 2454 1919 2510 Omnis

234 2543 577 2612 alienigena
586 2542 1003 2595 incircumcisus
1033 2541 1272 2610 corde,et
1288 2542 1707 2596 incircumcisus
1726 2559 1915 2611 carne,

234 2648 361 2687 non
394 2630 750 2699 ingredietur
767 2631 1146 2685 seminarium
1164 2646 1350 2684 meum
1373 2632 1574 2685 :omnis
1588 2630 1747 2700 ﬁlius
1776 2633 1920 2687 alie-

236 2737 379 2784 nus,
416 2722 523 2790 qui
553 2726 631 2774 est
658 2720 720 2773 in
736 2718 920 2773 medio
946 2720 1197 2788 ﬁliorum
1226 2720 1423 2774 Israel.
1470 2719 1572 2775 Sed
1617 2728 1668 2775 et
1714 2721 1917 2778 Levites

232 2812 348 2883 qui
378 2810 550 2878 longe
578 2816 910 2863 recesserunt
938 2825 969 2863 a
997 2824 1085 2863 me
1111 2810 1172 2862 in
1199 2824 1387 2864 errore
1439 2809 1683 2878 ﬁliorum
1724 2811 1910 2878 Israel,

227 2906 296 2955 et
321 2902 672 2954 erraverunt
700 2914 734 2951 a
760 2912 850 2951 me
873 2904 990 2968 post
1018 2896 1171 2952 idola
1207 2914 1329 2963 sua,
1361 2898 1655 2968 portabunt
1702 2900 1911 2969 iniqui-

224 2993 352 3043 ιω
386 3003 582 3052 suam,
612 2987 710 3057 qui
732 2995 892 3041 erant
922 2988 986 3042 in
1018 2985 1211 3058 [Vulg.
1243 2990 1295 3041 et
1320 2990 1676 3057 portaveruut
1700 2989 1910 3059 iniqui-

226 3080 427 3131 tatem
461 3090 639 3143 suam,
669 3083 830 3129 erunt
860 3075 940 3140 in,
971 3075 1107 3146 etc.]
1137 3077 1454 3131 sanctuario
1480 3092 1598 3131 meo
1634 3076 1828 3131 aeditui
1862 3084 1914 3132 et

213 3166 527 3238 βαθέων-εδ
554 3169 839 3233 portarum
867 3162 1057 3218 domus
1068 3171 1138 3230 ,et
1165 3164 1415 3218 ministri
1441 3164 1633 3219 domus
1656 3182 1669 3220 :
1694 3166 1908 3236 ipsique
1936 3198 1978 3266 α

224 3251 582 3311 uastabant
603 3250 918 3307 holocausta
938 3257 989 3307 et
1011 3254 1260 3307 victimas
1275 3252 1569 3324 populis,et
1593 3254 1670 3308 ibi
1691 3255 1907 3309 stabant

222 3352 380 3399 ante
411 3356 530 3408 eos,
563 3348 623 3396 ut
647 3342 1029 3397 ministrarent
1056 3356 1154 3413 pro
1182 3342 1324 3398 illis.
1356 3347 1465 3397 Pro
1493 3357 1556 3398 eo
1584 3358 1735 3413 ergo,
1758 3344 1908 3414 quod

224 3433 718 3487 uinistraverunt
761 3446 861 3501 pro
915 3431 995 3485 eis
1052 3432 1114 3485 in
1170 3429 1360 3503 [Vulg.
1413 3432 1521 3502 ipsi
1573 3432 1904 3499 mactabunt,

228 3521 495 3578 stabunt
524 3520 585 3573 in
614 3524 895 3589 conspectu
919 3535 1128 3587 eorum,
1162 3529 1224 3574 ut
1250 3521 1571 3575 ministrent
1618 3525 1696 3576 eis
1722 3538 1821 3593 pro
1849 3538 1908 3577 eo

227 3609 399 3684 quod
434 3609 892 3663 ministraverunt
922 3609 1039 3663 illis
1057 3610 1140 3677 in,
1164 3608 1299 3681 etc.]
1329 3612 1611 3680 conspectu
1642 3610 1911 3665 idolorum

228 3714 518 3765 suarum,
551 3701 601 3751 et
623 3699 758 3768 facti
782 3700 909 3751 sunt
946 3697 1133 3752 domui
1185 3699 1354 3753 Israel
1410 3700 1470 3751 in
1526 3699 1912 3770 oﬂendiculum

232 3786 592 3858 iniquitatis
619 3803 636 3838 :
666 3786 868 3840 idcirco
898 3786 1081 3841 levavi
1120 3803 1351 3841 manum
1406 3804 1583 3843 meam
1614 3805 1776 3859 super
1804 3805 1910 3857 eos,

230 3878 395 3932 dicit
430 3875 697 3930 Dominus
722 3876 882 3942 Deus,
915 3884 966 3930 et
984 3880 1343 3946 portaverunt
1368 3876 1563 3948 (Vulg.
1597 3877 1914 3947 portabunt)

230 3964 626 4035 iniquitatem
651 3979 825 4018 suam.
860 3965 937 4018 Et
963 3980 1073 4020 non
1102 3965 1621 4036 appropinquabant
1650 3966 1720 4019 ad
1746 3968 1918 4031 me,ut

229 4051 579 4111 sacerdotio
596 4055 906 4122 fungantur
930 4054 1071 4107 mihi
1099 4070 1121 4115 ;
1151 4069 1325 4125 neque
1353 4054 1600 4109 accedent
1654 4054 1722 4108 ad
1760 4070 1918 4110 omne

225 4138 649 4198 suduarium
674 4153 856 4193 meum
879 4140 1048 4210 juxta
1072 4144 1266 4195 sancta
1293 4145 1609 4196 sanctorum
1633 4144 1758 4196 :sed
1785 4157 1917 4212 por-

233 4231 479 4287 tabunt
500 4228 868 4298 confusionem
896 4244 1055 4283 suam
1083 4237 1135 4284 et
1162 4230 1367 4285 scelera
1395 4246 1498 4284 sua
1527 4245 1646 4301 qua
1674 4232 1921 4301 fecerunt

232 4323 311 4377 ει
347 4316 512 4373 dabo
537 4332 622 4371 eos
637 4318 906 4388 janitores
932 4316 1123 4373 domus
1165 4320 1225 4373 in
1265 4320 1417 4373 omni
1443 4320 1751 4375 ministerio
1784 4320 1919 4391 ejus,

234 4407 434 4468 ‘48
473 4409 523 4460 et
549 4407 838 4473 universis,
870 4423 990 4477 qua:
1016 4408 1157 4477 ﬁunt
1187 4406 1379 4479 (Vulg.
1413 4407 1562 4479 ﬁent)
1610 4410 1671 4462 in
1701 4425 1784 4464 ea.
1818 4408 1922 4464 Sa-

2037 562 2225 609 causta
2254 562 2305 608 et
2332 554 2583 609 victimas
2610 555 2807 625 populo
2837 558 2888 609 et
2912 556 3007 611 isti
3033 556 3259 611 stabunt
3280 562 3409 612 ante
3422 553 3691 627 populum

2037 646 2099 698 ut
2128 645 2443 698 ministrent
2476 644 2690 699 eis.Pro
2715 659 2774 698 eo
2802 644 2940 714 quod
2967 646 3430 701 ministraverunt
3450 645 3545 705 eis,
3564 647 3694 700 ante

2037 734 2232 802 faciem
2266 731 2533 787 idolorum
2564 748 2807 799 suorum,
2835 737 2889 786 et
2916 734 3129 803 factum
3156 741 3235 789 est
3280 731 3467 789 domui
3524 732 3693 790 Israel

2039 822 2099 874 in
2111 823 2438 875 tormentum
2456 822 2477 874 i
2481 838 2512 874 η
2522 822 2573 892 iq
2580 822 2637 875 ui
2640 822 2787 876 talis:
2793 826 3081 892 propterea
3093 822 3269 877 levavi
3276 837 3504 895 manum
3514 835 3694 883 meam

2038 925 2200 979 super
2228 908 2477 977 eos,dicit
2497 910 2761 964 Dominus
2791 910 3013 980 Deus,et
3037 910 3311 980 accipient
3338 910 3693 982 iniqttilatem

2037 1012 2196 1051 suam
2224 1001 2298 1051 :et
2329 1012 2435 1051 non
2466 996 2722 1051 accedent
2751 997 2824 1052 ad
2849 1000 3021 1065 me,ut
3048 996 3349 1053 sacerdotio
3375 1000 3690 1069 fungantur

2038 1087 2180 1140 mihi
2211 1102 2226 1141 :
2260 1101 2436 1156 neque
2464 1088 2523 1140 ut
2570 1087 2804 1156 offerant
2849 1086 2920 1141 ad
2974 1088 3162 1142 omnia
3206 1090 3396 1143 sancta
3442 1086 3690 1158 ﬁliorum

2035 1175 2223 1230 Israel:
2256 1192 2357 1229 nec
2385 1175 2455 1230 ad
2481 1183 2668 1230 sancta
2694 1179 3018 1231 sanctorum
3049 1178 3378 1232 meorum:et
3392 1176 3689 1247 suscipiant

2039 1274 2411 1341 ignominiam
2440 1288 2601 1327 suam
2656 1288 2861 1344 errore,
2925 1288 3029 1346 quo
3072 1281 3416 1330 erraverunt.
3478 1277 3546 1333 Et
3592 1289 3688 1346 p0-

2037 1366 2171 1417 nent
2200 1377 2287 1417 eos
2318 1366 2377 1417 ut
2405 1363 2621 1417 servent
2651 1361 2924 1418 custodias
2952 1362 3142 1418 domus
3197 1364 3259 1417 in
3303 1363 3496 1420 omnia
3526 1378 3692 1435 opera

2037 1452 2153 1522 ejus
2186 1468 2199 1505 :
2233 1459 2286 1506 et
2314 1452 2376 1505 in
2405 1452 2663 1505 universa
2708 1466 2829 1521 qua:
2854 1454 3101 1521 lacerant
3140 1452 3202 1506 in
3230 1467 3318 1507 ea.
3377 1450 3688 1517 Sacerdotes

2040 1540 2242 1597 Levita:
2270 1541 2381 1611 ﬁlii
2408 1527 2644 1611 Sadduc,
2675 1541 2775 1612 qui
2802 1539 3177 1596 custodierunt
3230 1540 3509 1597 custodias
3558 1556 3690 1597 san-

2037 1633 2251 1684 ctorum
2278 1645 2518 1684 meorum
2549 1645 2675 1683 cum
2708 1633 2921 1685 erraret
2952 1629 3149 1685 domus
3196 1628 3368 1684 Israel
3395 1645 3431 1683 a
3456 1643 3564 1700 me,

2037 1719 2300 1775 accedent
2329 1719 2399 1774 ad
2427 1735 2513 1773 me
2541 1723 2601 1773 ut
2621 1719 2936 1774 ministrent
2965 1718 3186 1785 mihi,et
3204 1717 3429 1779 stabunt
3446 1720 3685 1790 antefe-

2036 1808 2176 1862 ciem
2204 1823 2385 1863 meam
2414 1815 2473 1862 ut
2486 1806 2726 1880 offerant
2757 1807 2900 1862 mitti
2928 1806 3183 1873 hostiam,
3213 1806 3433 1878 adipem
3467 1814 3521 1862 et
3546 1822 3685 1873 san,-

2035 1899 2279 1968 guinem,
2313 1896 2447 1952 dicit
2503 1897 2767 1951 Dominus
2823 1897 2988 1952 Deus.
3042 1896 3144 1951 Isti
3196 1895 3575 1966 ingrediantur
3621 1896 3686 1963 in

2032 1994 2223 2040 sancta
2254 2001 2395 2054 mea,
2426 1988 2478 2039 et
2524 1986 2624 2039 isti
2680 1985 2936 2038 accedent
2988 1983 3058 2038 ad
3103 1999 3353 2039 mensam
3402 1999 3585 2052 neum,
3624 1987 3686 2047 ut

2032 2076 2355 2129 ministrent
2384 2074 2509 2129 nihi
2537 2077 2588 2128 et
2644 2072 2922 2128 observent
2980 2071 3255 2127 custodias
3284 2087 3455 2129 meas.
3512 2071 3689 2139 Juxta

2032 2168 2344 2233 utramque
2374 2161 2690 2218 editionem
2723 2161 2892 2232 posui
2908 2160 3410 2230 testimonium,ut
3439 2177 3509 2216 ex
3527 2177 3684 2225 com,-

2029 2251 2332 2323 paratione
2363 2267 2565 2306 earum
2594 2250 2738 2322 quid
2773 2250 2908 2306 LXX
2937 2249 3253 2318 senserint,
3279 2249 3423 2321 quid
3446 2249 3688 2309 Hebrai—

2029 2357 2164 2395 cum
2193 2344 2406 2405 teneat,
2440 2340 2588 2396 scire
2611 2339 2930 2395 valeamus.
2959 2337 3344 2411 Septuaginta
3370 2337 3482 2395 hoc
3502 2337 3685 2409 signi—

2027 2429 2225 2494 ﬁcant,
2258 2428 2413 2500 quod
2446 2427 2787 2500 alienigenae
2809 2427 3202 2483 incircumcisi
3236 2426 3491 2493 corde,et
3508 2442 3682 2489 carne

2028 2517 2128 2589 qui
2161 2517 2430 2572 habitant
2460 2517 2519 2570 in
2553 2515 2743 2571 medio
2774 2515 3029 2571 ﬁliorum
3064 2513 3259 2580 Israel,
3291 2514 3521 2586 ingredi
3561 2531 3678 2577 non

2025 2606 2274 2661 debeant
2303 2604 2706 2661 sanctuarium
2738 2604 2841 2659 Dei
2884 2621 2896 2659 :
2931 2602 3141 2659 Levitis
3172 2606 3391 2671 autem,
3421 2602 3532 2658 hoc
3562 2606 3673 2672 est,

2024 2702 2402 2760 sacerdotalis
2425 2701 2773 2775 gradus,qui
2795 2701 2966 2773 longe
2994 2702 3362 2756 recesserunt
3379 2696 3675 2755 aDomino

2022 2792 2084 2847 in
2116 2807 2308 2847 errore
2338 2790 2594 2847 filiorum
2627 2790 2825 2856 Israel,
2857 2795 2913 2845 et
2950 2791 3293 2844 erraverunt
3331 2790 3464 2859 post
3517 2784 3677 2844 idola

2020 2898 2151 2949 sua,
2182 2885 2495 2952 postquam
2525 2878 2846 2951 receperint
2881 2877 3254 2950 iniquitatem
3286 2890 3480 2947 suam,
3512 2878 3674 2933 stent

2020 2969 2080 3025 in
2103 2970 2434 3026 sanctuario
2448 2968 2677 3024 Domini
2696 2966 2893 3023 aeditui
2910 2971 2967 3023 et
2979 2961 3673 3037 janitores,ministrique

2020 3059 2256 3128 domus,
2278 3064 2335 3115 et
2366 3062 2622 3114 mactent
2638 3057 2982 3112 holocausta
3011 3056 3169 3113 544
3188 3059 3248 3111 et
3274 3052 3545 3110 victimas
3568 3068 3671 3123 po-

2019 3148 2140 3221 puli
2176 3165 2189 3201 :
2221 3152 2278 3203 et
2297 3147 2395 3202 isti
2424 3147 2545 3202 sint
2575 3146 2635 3201 in
2666 3150 2982 3217 conspectu
3012 3160 3215 3201 eorum
3238 3146 3305 3198 ut
3333 3141 3673 3201 ministrent

2017 3238 2102 3295 eis
2134 3236 2287 3309 quod
2321 3234 2781 3291 ministraverint
2801 3233 2919 3289 illis
2949 3232 3007 3288 in
3030 3235 3346 3304 conspectu
3369 3228 3662 3297 idolorum

2017 3342 2279 3395 suorum,
2310 3330 2367 3380 et
2396 3325 2529 3380 facti
2563 3327 2702 3380 sunt
2730 3323 2933 3378 domui
2971 3320 3147 3378 Israel
3205 3320 3264 3376 in
3302 3321 3660 3381 tormentum

2014 3415 2343 3488 iniquitatis
2375 3419 2452 3469 :et
2481 3413 2697 3469 idcirco
2720 3428 2962 3468 manum
2990 3410 3215 3467 levasse
3236 3425 3300 3465 se
3324 3407 3467 3464 dicit
3483 3423 3665 3478 super

2018 3522 2116 3561 eos
2148 3503 2433 3559 Dominus
2466 3503 2619 3557 Deus
2648 3518 2660 3556 :
2698 3505 2762 3555 ut
2790 3518 2906 3556 non
2963 3499 3244 3555 accedant
3299 3497 3372 3552 ad
3420 3511 3581 3563 eum,
3609 3497 3670 3553 et

2019 3592 2342 3649 sacerdotio
2366 3588 2784 3661 funganturilli
2802 3604 2989 3659 neque
3009 3586 3256 3642 offerant
3278 3583 3363 3643 illi
3382 3582 3444 3639 in
3464 3584 3670 3641 sancta

2021 3685 2359 3738 sanctorum
2391 3683 2737 3750 portentque
2764 3675 3153 3748 ignominiam
3184 3690 3355 3730 suam
3384 3671 3445 3728 in
3474 3685 3670 3727 errore

2022 3788 2138 3842 quo
2170 3773 2509 3824 erraverunt
2541 3784 2553 3823 :
2592 3771 2657 3822 ut
2684 3765 2907 3821 scilicet
2937 3766 3232 3835 ponantur
3285 3761 3346 3816 in
3402 3760 3671 3817 observa-

2023 3858 2180 3915 tione
2209 3856 2608 3912 custodiarum
2640 3855 2854 3909 domus
2882 3851 2944 3906 in
2977 3850 3176 3907 omnia
3203 3864 3381 3921 opera
3430 3847 3584 3918 ejus,
3604 3850 3676 3907 et

2026 3956 2086 4010 in
2116 3954 2389 4010 universa
2432 3969 2560 4023 quas
2618 3952 2769 4005 fiunt
2796 3948 2856 4003 in
2888 3948 3083 4003 domo.
3115 3946 3280 4012 Quod
3336 3944 3389 4002 si
3442 3943 3529 3999 ita
3552 3945 3665 4010 est,

2028 4043 2323 4117 quomodo
2354 4045 2510 4097 stare
2530 4039 2834 4111 poterit,ut
2863 4036 3071 4093 Levitis
3101 4036 3204 4108 qui
3232 4034 3406 4108 longe
3425 4046 3678 4089 recesse-

2027 4137 2169 4188 runt
2198 4149 2233 4187 a
2256 4131 2371 4187 Deo
2401 4131 2462 4186 in
2493 4144 2685 4185 errore
2716 4126 2970 4183 filiorum
3004 4123 3204 4192 Israel,
3237 4127 3296 4180 et
3338 4123 3682 4178 erraverunt

2029 4222 2103 4278 ab
2134 4237 2201 4277 eo
2232 4224 2366 4292 post
2395 4218 2554 4274 idola
2580 4233 2709 4282 sua,
2740 4215 2854 4287 ipsi
2902 4214 3240 4270 ministrent
3290 4211 3353 4269 in
3391 4210 3566 4267 domo
3618 4201 3682 4265 et

2033 4313 2287 4366 mactent
2315 4307 2658 4364 holocausta
2685 4308 2743 4360 et
2769 4303 3039 4359 victimas
3068 4300 3353 4375 populi,et
3378 4299 3493 4371 ipsi
3523 4299 3682 4353 stent

2032 4400 2093 4455 in
2124 4401 2442 4470 conspectu
2473 4411 2699 4460 eorum,
2725 4397 2791 4449 ut
2820 4392 3158 4448 ministrent
3175 4390 3260 4446 eis
3290 4388 3318 4444 ‘l
3339 4386 3491 4452 Quid
3518 4384 3680 4441 enim

238 4496 522 4555 εειτίοιεε
543 4502 726 4551 autem
981 4472 1091 4566 ﬁlii
1145 4472 1356 4563 Sadoc:
1395 4472 1494 4569 qui
1546 4472 1927 4553 custodierunt
1958 4566 1989 4569 _
2035 4486 2292 4559 amplius
2324 4484 2531 4541 facturi
2554 4486 2692 4539 sunt
2715 4481 3044 4537 sacerdotes
3062 4478 3185 4569 lilii
3209 4476 3416 4569 sedeo,
3443 4472 3683 4569 quincu-

236 4584 615 4645 arcmonias
640 4586 948 4640 sanctuarii
974 4561 1105 4651 mei,
1138 4601 1263 4639 cum
1291 4561 1543 4640 errdrent
1570 4585 1681 4655 ﬁlii
1703 4584 1871 4641 ιςναθι
1891 4603 1927 4641 α
1958 4566 2002 4630 D
2034 4576 2362 4632 stodierunt
2391 4573 2750 4628 ceremonias
2775 4566 3098 4625 sanctuarii
3152 4565 3277 4632 Dei,
3333 4564 3431 4655 de_
3459 4561 3679 4655 quibus

234 4692 369 4743 ne,
408 4674 539 4744 ipsi
562 4672 812 4728 accedent
838 4672 909 4727 ad
933 4689 1041 4744 me,
1078 4676 1139 4728 ut
1167 4675 1483 4729 ministrent
1512 4674 1654 4743 mihi
1688 4691 1700 4728 :
1742 4678 1794 4728 et
1824 4678 1929 4729 sta-

246 4766 413 4822 bant
453 4762 512 4815 in
549 4766 831 4832 eoizspectu
861 4777 1001 4829 meo,
1033 4770 1095 4817 ut
1123 4763 1361 4834 offerant
1416 4762 1559 4816 mihi
1623 4764 1845 4833 adipem
1880 4770 1932 4819 et

240 4851 627 4923 sanguinem,
656 4853 741 4906 ait
787 4852 1058 4906 Dominus
1113 4851 1271 4907 Deus.
1304 4851 1416 4922 Ipsi
1464 4850 1848 4920 ingredientur
1871 4854 1931 4906 in

242 4941 925 4999 sanctuariummeumwt
941 4942 1047 5012 ipsi
1066 4940 1315 4996 mcedent
1360 4940 1431 4994 ad
1460 4955 1711 4994 mensam
1756 4955 1934 4995 meum

243 5036 323 5088 ut
386 5029 718 5085 ministrent
760 5029 920 5095 mihi,
978 5037 1032 5083 et
1062 5028 1376 5084 custodiant
1395 5029 1733 5083 ceremonias
1760 5044 1929 5083 meas.

247 5117 437 5178 LXX
467 5133 481 5171 :
510 5118 807 5189 Propterat
840 5117 950 5172 hac
1008 5117 1143 5172 dicit
1202 5118 1469 5172 Dominus
1496 5133 1515 5169 :
1548 5114 1736 5171 Omnis
1784 5117 1934 5187 ﬁlius

244 5208 603 5275 alienigena
632 5208 1048 5261 incircumcisus
1067 5207 1304 5271 corde,et
1333 5206 1751 5260 incircumcisus
1771 5221 1935 5260 carne

247 5315 387 5354 non
450 5294 787 5363 ingredietur
817 5296 877 5348 in
906 5298 1094 5349 sancta
1124 5310 1245 5349 mea
1276 5296 1333 5348 in
1346 5293 1597 5349 omnibus
1634 5294 1770 5363 ﬁliis
1800 5296 1935 5349 alie-

242 5392 612 5457 nigenarum
638 5385 740 5455 qui
764 5388 897 5438 sunt
924 5385 987 5438 in
1011 5383 1193 5439 medio
1220 5383 1415 5438 domus
1445 5382 1635 5449 Israel,
1658 5381 1749 5438 sed
1776 5390 1826 5437 et
1845 5384 1938 5437 Le—

244 5480 413 5535 vita
444 5475 543 5545 qui
570 5473 727 5543 longe
753 5481 1090 5529 recesserunt
1116 5490 1151 5528 a
1178 5488 1267 5527 me
1293 5488 1417 5526 cum
1446 5475 1662 5525 erraret
1690 5471 1861 5526 Israel
1904 5487 1938 5525 a

246 5581 364 5622 me
398 5566 523 5635 post
551 5563 908 5633 cogitationes
956 5577 1101 5631 suas,
1160 5566 1209 5616 et
1268 5561 1539 5632 accipient
1594 5561 1939 5631 iniquitatem

248 5660 528 5723 suam,et
556 5654 718 5709 erunt
748 5653 811 5709 in
839 5652 1045 5709 sanctis
1069 5651 1209 5709 meis
1237 5650 1859 5719 ministrantes,ostiarit
1880 5650 1941 5704 in

2036 4664 2178 4720 dicit
2211 4682 2223 4720 :
2256 4665 2368 4735 Ipsi
2401 4661 2655 4717 accedent
2684 4660 2755 4716 ad
2784 4675 2868 4715 me
2896 4667 2956 4713 ut
2981 4658 3305 4712 ministrent
3322 4652 3547 4719 mihi,et
3566 4654 3681 4706 sta-

2040 4754 2174 4809 bunt
2200 4755 2259 4808 in
2288 4759 2574 4822 conspectu
2600 4765 2744 4818 meo,
2776 4753 2837 4804 ut
2873 4748 3111 4820 offerant
3164 4744 3306 4799 mihi
3357 4740 3595 4813 adipem,
3623 4740 3683 4794 et

2040 4849 2264 4922 reliqua
2291 4850 2320 4904 ‘I
2353 4849 2698 4904 Ilebraicum
2732 4852 2930 4903 autem
2961 4846 3118 4900 hunc
3160 4842 3339 4898 habet
3393 4851 3634 4896 sensum
3666 4849 3681 4889 :

2041 4938 2243 4995 Omnis
2268 4937 2595 5011 alienigena
2614 4934 3059 4993 incircumcisus
3086 4932 3256 4987 corde
3283 4933 3345 4985 et
3370 4938 3688 4994 carne,non

2043 5027 2404 5099 ingredietur
2433 5026 2835 5083 sanctuarium
2868 5039 3087 5088 meum,
3119 5020 3256 5076 licet
3284 5033 3422 5074 cum
3470 5011 3689 5087 populo

2045 5116 2220 5173 Israel
2250 5133 2380 5172 esse
2409 5116 2695 5170 videatur.
2731 5114 2937 5171 Levitis
2967 5114 3186 5176 autem,
3217 5108 3329 5163 hoc
3355 5109 3465 5173 est,
3496 5117 3690 5163 sacer-

2044 5206 2255 5262 dotalis
2285 5205 2631 5279 gradus,qui
2662 5203 2834 5275 longe
2863 5200 3227 5258 recesserunt
3246 5212 3282 5251 a
3301 5210 3395 5252 me
3414 5194 3474 5248 in
3496 5202 3692 5279 errore

2049 5274 2316 5350 filiorum
2335 5274 2611 5359 Israel,et
2641 5274 2824 5348 secuti
2858 5295 2999 5346 sunt
3027 5287 3201 5354 idola,
3237 5281 3553 5359 portabunt
3578 5274 3690 5330 ini-

2046 5382 2326 5454 quitatem
2362 5400 2554 5449 suam,
2588 5398 2654 5437 eo
2685 5381 2838 5452 quod
2871 5378 3088 5435 fuerint
3116 5376 3177 5431 in
3199 5367 3533 5460 sanctuario

2047 5450 2448 5526 ministrantes
2480 5471 2538 5524 in
2570 5450 2761 5525 ofﬁcio
2791 5472 3092 5540 portarum
3123 5450 3693 5540 domus,etministri

2048 5560 2193 5630 ejus.
2230 5557 2347 5629 Ipsi
2378 5558 2533 5612 enim
2570 5538 2885 5611 offerebant
2909 5546 3402 5615 holocaustum,et
3426 5538 3695 5638 victimas

2048 5645 2270 5720 populi,
2304 5644 2486 5717 etipsi
2520 5643 2833 5701 stabantin
2866 5642 3178 5713 conspectu
3208 5631 3505 5711 eorum,ut
3523 5631 3695 5687 mini-
