3996 6184
351 364 471 432 «138

1602 368 1667 432 S.
1716 365 2027 433 EUSEBII
2073 367 2525 435 HIERONYMI

3648 360 3768 426 438

354 505 610 562 strarent
628 517 732 574 pro
763 501 867 558 eis.
901 500 1045 565 Quia
1076 517 1212 574 ergo
1245 502 1722 558 ministravcrunt
1756 521 1857 575 pro
1892 504 2010 557 illis
2043 506 2091 569 Α
2124 504 2521 564 considerans,
2558 505 2769 559 rectius
2800 503 3214 574 interpretatus
3246 480 3353 571 est,
3386 494 3625 556 dicens:
3661 502 3767 556 Po-

353 600 415 656 in
445 594 758 664 conspectu
791 590 1082 647 idolorum
1104 608 1367 661 suorum,
1401 598 1458 647 et
1515 594 1751 647 fuerunt
1804 594 2006 649 domui

354 680 536 738 Israel
568 681 627 735 in
661 680 1078 735 oifendiculum
1110 680 1459 752 iniquitatis,
1494 687 1805 753 propterea
1830 681 2014 738 levavi

353 786 600 827 manum
633 784 824 824 meam
847 785 1025 842 super
1053 786 1171 840 eos,
1196 769 1337 825 dicit
1387 770 1674 824 Dominus
1709 775 1861 826 Deus
1895 789 1907 825 :
1957 774 2014 826 et

356 861 735 931 portaverunt
753 858 1121 930 iniquitatem
1143 862 1396 928 suam,et
1426 875 1541 913 non
1575 859 2007 930 appropinqua-

356 947 505 1003 bunt
535 947 607 1002 ad
640 963 755 1014 me,
787 950 855 1003 ut
883 946 1205 1002 sacerdotio
1236 948 1558 1019 fungantur
1589 947 1733 1002 mihi
1768 965 1780 1002 :
1818 965 2005 1019 neque

358 1036 637 1093 accedent
661 1037 731 1091 ad
763 1051 936 1091 omne
969 1036 1368 1091 sanctuarium
1401 1052 1599 1091 meum
1645 1037 1815 1106 juxta
1864 1053 2005 1092 san-

359 1128 451 1181 cta
471 1129 807 1181 sanctorum
835 1143 854 1179 :
886 1125 986 1181 sed
1011 1125 1328 1196 portabunt
1352 1125 1754 1180 confusionem
1817 1142 2009 1191 suam,

359 1217 418 1270 et
444 1213 663 1270 scelera
693 1231 802 1269 sua
832 1231 959 1285 quas
991 1214 1268 1269 fecerunt.
1305 1214 1411 1267 Pro
1443 1213 1790 1269 sacerdotali
1856 1214 2013 1269 enim

360 1301 680 1374 ofﬁcio,qui
711 1301 1118 1358 holocaustum
1152 1306 1209 1356 et
1235 1300 1503 1358 victimas
1523 1318 1810 1373 omneque
1833 1304 2014 1358 sacri'

359 1392 563 1447 ﬁcium
593 1390 797 1447 offerre
826 1389 1612 1463 consueverant,redigentur
1635 1391 1693 1446 in
1727 1391 2004 1447 ultimum

360 1480 632 1553 gradum,
665 1484 722 1534 et
750 1484 923 1535 erunt
943 1478 1230 1550 janitores
1260 1479 1492 1549 domus,
1537 1480 1596 1534 in
1628 1479 2013 1552 ignominiam

360 1567 776 1639 sempiternam
828 1572 894 1622 ut
921 1568 994 1623 ab
1025 1567 1296 1624 universo
1329 1567 1541 1640 populo
1585 1568 1896 1625 videantur
1926 1570 2014 1624 in-

357 1659 551 1712 trante
572 1659 629 1711 et
645 1660 910 1722 exeunte,
930 1656 1002 1711 de
1019 1672 1134 1727 qua
1163 1655 1402 1711 sublimi
1426 1656 1709 1729 dignitate
1736 1659 1804 1713 ad
1840 1675 2014 1730 quem

360 1743 639 1802 ultimum
670 1745 919 1817 gradum
949 1745 1100 1801 545
1132 1745 1520 1817 pervenerint.
1546 1746 1887 1802 Sacerdotes
1919 1764 2016 1803 au-

2123 610 2339 649 sueram
2371 595 2524 649 enim
2553 609 2640 649 eos
2668 592 2910 648 custodes
2930 593 3236 663 januarum
3292 588 3485 644 domus
3522 589 3771 643 universi

2125 684 2426 737 ministerii
2453 684 2569 754 ejus
2598 691 2647 738 et
2674 691 2993 737 cunctorum
3023 694 3148 750 quae
3174 679 3311 748 ﬁunt
3344 680 3401 733 in
3434 694 3517 743 ea,
3555 682 3620 732 ut
3650 693 3769 733 non

2125 771 2197 825 ad
2231 788 2329 829 eos
2354 771 2639 843 pertineat
2669 770 2946 842 qui546
3005 767 3183 823 futuri
3226 770 3366 822 sunt
3413 766 3472 820 in
3526 764 3766 838 templo,

2126 861 2224 916 sed
2257 861 2328 915 ad
2361 876 2458 915 eos
2491 860 2590 931 qui
2622 860 2877 915 fuerunt.

2196 950 2374 1019 (Vcrs.
2413 950 2476 1003 17
2506 949 2695 1020 seqq.)
2730 950 2968 1018 Cumque
3000 945 3376 1017 ingredientur
3409 946 3594 1015 portas
3637 944 3775 998 atrii

2126 1040 2425 1105 interioris,
2456 1039 2695 1092 vestibus
2720 1037 2859 1107 (sive
2889 1036 3062 1105 stolis)
3095 1036 3261 1089 lineis
3291 1032 3593 1088 induentur
3626 1050 3638 1086 :
3672 1048 3774 1087 nec

2124 1127 2370 1182 ascendet
2399 1143 2564 1197 super
2588 1142 2675 1181 eos
2697 1126 2993 1197 quidquam
3024 1124 3248 1177 laneum
3279 1122 3422 1193 (sive
3460 1127 3514 1176 et
3542 1137 3652 1175 non
3685 1122 3775 1174 in-

2124 1215 2358 1270 ducatur
2388 1215 2672 1284 laniﬁciis)
2703 1213 2917 1285 quando
2942 1214 3269 1267 ministrant
3317 1213 3375 1264 in
3420 1213 3600 1281 portis
3628 1210 3775 1280 (sive

2123 1322 2155 1358 a
2181 1305 2372 1375 portis)
2405 1305 2538 1359 atrii
2566 1304 2845 1358 interioris
2900 1311 2950 1356 et
2999 1303 3347 1356 intrinsecus.
3405 1300 3560 1356 Vitta?
3614 1299 3777 1353 linem

2122 1397 2283 1448 erunt
2315 1395 2374 1447 in
2402 1393 2670 1463 capitibus
2700 1408 2883 1446 eorum
2907 1390 3050 1457 (sive
3069 1389 3282 1445 cidares
3304 1389 3482 1443 lineas
3502 1388 3779 1442 habebunt

2121 1496 2286 1552 super
2312 1483 2498 1551 capita
2529 1481 2649 1551 sua)
2679 1488 2730 1535 et
2755 1479 3054 1554 feminalia
3085 1480 3233 1534 tinea
3261 1482 3427 1532 erant
3456 1479 3515 1532 in
3570 1476 3780 1531 lumbis

2123 1585 2331 1636 eorum,
2365 1577 2416 1625 et
2445 1586 2551 1623 non
2582 1570 2943 1638 accingentur
2971 1568 3029 1621 in
3060 1565 3254 1621 sudore
3292 1566 3432 1637 (sive
3463 1565 3779 1636 violenter).

2127 1659 2366 1730 Cumque
2409 1657 2753 1728 egredientur
2808 1657 3015 1711 atrium
3073 1656 3314 1710 exterius
3367 1654 3437 1708 ad
3485 1654 3780 1724 populum,

2126 1749 2325 1802 exuent
2346 1762 2404 1801 se
2434 1746 2768 1800 vestimentis
2803 1742 2944 1812 (sive
2972 1742 3142 1812 stolis)
3174 1745 3312 1807 suis,
3344 1742 3405 1794 in
3444 1740 3637 1810 quibus
3667 1740 3781 1793 mi-

359 1837 501 1903 tem,
533 1833 748 1904 inquit,
777 1831 836 1887 id
867 1836 978 1899 est,
1013 1833 1237 1901 Levites,
1289 1834 1389 1904 qui
1450 1839 1591 1889 sunt
1648 1834 1749 1890 ﬁlii
1809 1836 2012 1904 Sadoc,
2044 1870 2095 1937 B
2124 1836 2517 1901 nistraverant,
2551 1838 2600 1889 et
2631 1836 2890 1903 reponent
2919 1847 2981 1885 ea
3013 1830 3156 1901 (sive
3186 1829 3298 1901 eas)
3337 1830 3398 1883 in
3444 1826 3783 1900 gazophyla-

361 1920 473 1976 hoc
504 1924 611 1989 est,
633 1921 956 1991 justorum,
989 1920 1108 1977 sive
1144 1921 1295 1992 justi
1326 1922 1451 1989 Dei,
1483 1927 1541 1977 et
1585 1924 1683 1994 qui
1752 1929 2014 1996 tempore

362 2008 576 2065 erroris
605 2009 862 2065 universi
896 2008 1145 2075 lsraelis,
1188 2010 1593 2066 custodierunt
1648 2015 2009 2070 ceremonias

365 2097 684 2153 sanctuarii
718 2096 857 2164 mei,
900 2096 1015 2168 ipsi
1047 2098 1319 2153 accedent
1349 2099 1421 2154 ad
1445 2115 1556 2166 me,
1590 2105 1653 2155 ut
1683 2102 2018 2159 ministrent

365 2185 534 2252 mihi,
567 2190 625 2242 et
651 2190 805 2241 stent
835 2186 895 2240 in
944 2190 1258 2258 conspectu
1310 2204 1460 2255 meo,
1492 2193 1549 2243 et
1578 2189 1823 2245 offerant
1870 2191 2012 2246 mihi

367 2274 621 2347 adipem,
654 2274 764 2330 hoc
791 2278 900 2340 est,
928 2274 1383 2347 pinguissimam
1414 2276 1669 2333 hostiam
1693 2284 1749 2335 et
1780 2281 2017 2353 sangui-

363 2379 522 2435 nem,
548 2364 740 2418 vivam
771 2363 993 2419 scilicet
1012 2367 1070 2418 et
1098 2363 1424 2435 placentem
1484 2366 1736 2423 hostiam
1771 2373 1904 2439 Deo,
1960 2374 2017 2425 et

363 2451 480 2525 ipsi
508 2450 910 2524 ingrediuntur
941 2453 1343 2508 sanctuarium
1376 2470 1598 2521 meum,
1629 2461 1686 2511 et
1742 2460 2017 2514 accedent

360 2541 432 2597 ad
466 2556 731 2596 mensam
765 2556 977 2607 meam,
1011 2546 1077 2596 ut
1106 2542 1428 2597 accendant
1475 2544 1802 2616 thymiama
1843 2548 2009 2615 mihi,

364 2634 424 2685 et
452 2646 687 2686 omnem
717 2629 898 2685 ritum
931 2630 1202 2685 sacrificii
1230 2632 1580 2688 custodiant.
1608 2635 1666 2689 Si
1692 2641 1890 2691 autem
1908 2637 2014 2692 hoc

359 2718 447 2775 ita
474 2722 584 2787 est,
617 2722 685 2774 ut
714 2718 814 2790 qui
843 2717 900 2772 in
935 2723 1196 2791 tempore
1227 2720 1438 2775 erroris
1469 2726 1527 2777 et
1586 2725 2017 2794 persecutionis

367 2805 523 2863 idola
551 2810 692 2862 sunt
719 2806 923 2872 secuti,
957 2822 1084 2877 qua
1117 2808 1186 2862 de
1214 2824 1321 2863 suo
1352 2810 1523 2864 corde
1555 2812 1933 2877 confixerant,
1957 2818 2014 2869 et

359 2909 478 2950 non
500 2894 690 2951 solum
708 2895 974 2960 voce,sed
993 2899 1050 2949 et
1064 2896 1494 2967 subscriptione
1514 2915 1725 2954 manus
1747 2918 2010 2957 asserue-

371 2985 512 3037 runt
538 2982 634 3037 Dei
664 2980 877 3036 Filium
910 2988 1257 3052 creaturam,
1291 2988 1348 3039 et
1377 2986 1700 3042 servierunt
1732 2994 2011 3046 creaturae

371 3070 563 3142 magis
593 3085 769 3142 quam
798 3070 1182 3143 Creatori,qui
1215 3079 1303 3128 est
1328 3074 1671 3131 benedictus
1700 3076 1760 3131 in
1801 3079 2012 3135 saecula

361 3157 1131 3231 quomodosibisacerdotale
1144 3165 1200 3216 et
1216 3163 1550 3233 pontiﬁcale
1567 3172 1878 3222 assumunt
1896 3169 2010 3223 fas-

358 3247 658 3319 tigium,et
678 3247 1107 3304 audentoﬂ'erre
1119 3248 1384 3306 victimas
1405 3252 1799 3319 Deo,cultores
1822 3273 2009 3328 quon-
2040 3233 2083 3301 ί1

363 3335 500 3390 dam
531 3334 823 3391 idolorum
840 3335 868 3390 ?
889 3335 1093 3406 Sed,ut
1114 3338 1566 3396 ardentissimus
1580 3347 1747 3413 poeta
1768 3349 2019 3401 testatur

548 3422 819 3486 Quidquid
850 3438 879 3473 a
908 3424 1087 3474 multis
1115 3431 1383 3488 peccatur,
1420 3428 1653 3479 inultum
1684 3437 1765 3482 est
1795 3447 1807 3481 :

365 3511 674 3569 Multitudo
726 3512 1094 3583 peccantium
1124 3514 1643 3586 impelrabiliorem
1692 3520 1826 3576 fecit
1904 3523 2014 3577 im-

368 3600 486 3673 piis
514 3601 767 3667 veniam,
801 3604 867 3657 ut
898 3602 995 3672 qui
1029 3603 1245 3658 redacti
1270 3604 1327 3659 in
1363 3605 1541 3662 laicos
1566 3607 1816 3679 pristina
1847 3613 2019 3667 sacri-

372 3687 509 3761 legii
544 3689 634 3744 sui
666 3689 988 3745 debuerant
1016 3692 1118 3757 [Αι.
1151 3691 1499 3767 debuerunt]
1541 3695 1759 3752 scelera
1820 3700 2015 3770 deplo-

372 3794 522 3848 rare,
554 3794 710 3833 nunc
736 3777 996 3851 resupini
1028 3780 1087 3834 in
1120 3781 1437 3852 pontificali
1471 3782 1618 3839 solio
1676 3787 1917 3843 sedeant
1963 3794 2020 3844 et

374 3866 790 3922 ructentnobis
802 3866 1088 3922 simulatae
1105 3868 1236 3925 ﬁdei
1267 3872 2016 3948 nauseas,immo(a)opertze

374 3954 629 4026 perfidiis
660 3958 860 4025 aperta
889 3957 1255 4027 compendia.
1289 3958 1545 4015 Audiant
1589 3962 1771 4033 igitur
1809 3965 2015 4022 saltem

375 4048 591 4112 sero,et
610 4043 916 4098 observent
934 4049 1217 4116 praecepta
1238 4047 1654 4118 omnipotentis
1684 4052 2018 4110 Dei.0mnis

369 4126 696 4200 alienigena
720 4129 1168 4188 incircumcisus
1200 4135 1391 4203 corde,
1452 4141 1510 4192 et
1568 4139 2017 4200 incircumcisus

371 4231 567 4284 carne,
601 4232 716 4271 non
746 4216 1110 4289 ingredietur
1156 4224 1555 4280 sanctuarium
1606 4243 1823 4283 meum.
1858 4232 2019 4289 Licet

368 4303 469 4360 ille
496 4304 574 4360 sit
602 4304 780 4374 ﬁlius,
813 4305 947 4362 licet
975 4310 1320 4380 cognatione
1350 4313 1628 4383 sociatus,
1690 4315 1826 4372 licet
1864 4323 2014 4376 anti-

366 4409 484 4465 qua
505 4393 675 4450 nobis
706 4393 918 4451 hiereat
952 4398 1384 4455 necessitudine
1416 4418 1429 4454 :
1466 4402 1513 4456 si
1567 4403 2014 4466 incircumcisus

364 4482 535 4538 corde
564 4481 653 4538 vel
683 4499 858 4540 carne
892 4489 999 4555 est,
1032 4502 1149 4542 non
1192 4488 1596 4546 introducatur
1641 4494 1700 4548 in
1735 4501 2013 4555 sanctua-

2124 1924 2225 1978 ciis
2281 1923 2472 1994 [Vulg.
2521 1920 2931 1993 gazophylacio]
2982 1918 3121 1990 (sive
3180 1918 3418 1988 exedris)
3468 1916 3786 1972 sanctuarii

2125 2012 2235 2083 (vel
2264 2011 2598 2081 sanctorum)
2628 2018 2681 2066 et
2710 2011 2937 2064 vestient
2964 2023 3022 2062 se
3050 2007 3384 2062 vestimentis
3408 2004 3550 2074 (sive
3597 2005 3781 2071 stolis)

2128 2100 2276 2167 aliis,
2301 2108 2351 2155 et
2378 2116 2481 2154 non
2540 2097 2960 2168 sanctiﬁcabunt
3006 2096 3269 2167 populum
3327 2097 3389 2150 in
3442 2093 3787 2150 vestimentis

2126 2188 2268 2260 (sive
2296 2188 2469 2258 stolis)
2498 2188 2627 2241 suis.
2641 2187 2817 2255 Caput
2846 2188 3028 2240 autem
3051 2201 3212 2240 suum
3235 2199 3346 2239 non
3377 2183 3785 2254 radent,neque

2123 2293 2331 2332 comam
2360 2276 2624 2346 nutrient,
2649 2275 2738 2330 sed
2765 2274 3044 2330 tondentes
3073 2272 3430 2329 attondebunt
3464 2272 3646 2343 capita
3676 2287 3787 2327 sua

2129 2366 2272 2437 (sive
2302 2367 2483 2436 capita
2514 2381 2613 2419 sua
2644 2381 2752 2419 non
2775 2364 2989 2431 radent,
3021 2370 3266 2418 etcomas
3292 2377 3403 2417 non
3430 2361 3501 2415 od
3528 2376 3785 2432 pressum

2123 2454 2425 2510 tondebant
2457 2472 2469 2510 :
2504 2455 2803 2525 aperientes
2832 2454 3077 2524 aperient
3103 2453 3284 2522 capita
3312 2451 3454 2521 sua).
3487 2454 3555 2505 Et
3583 2452 3780 2505 vinum

2122 2559 2233 2599 non
2282 2544 2423 2599 bibet
2478 2544 2655 2598 omnis
2702 2542 2971 2608 sacerdos,
3022 2540 3237 2613 quando
3296 2541 3647 2610 ingressurus
3702 2547 3788 2595 est
3880 2528 3887 2533 ’

2123 2634 2332 2687 atrium
2357 2633 2609 2686 interius.
2640 2630 2901 2685 Primum
2934 2629 3190 2684 historias
3237 2629 3411 2684 verba
3467 2627 3788 2700 pandenda

2125 2722 2446 2776 sunt.lnter
2467 2724 2670 2775 cetera
2696 2736 2821 2790 qua:
2857 2717 3260 2773 sacerdotibus
3290 2715 3556 2788 praecipit
3576 2732 3779 2772 sermo

2123 2810 2480 2878 Dominicus,
2514 2809 2633 2863 haec
2665 2824 2900 2879 quoque
2930 2806 3361 2862 observandum
3395 2805 3586 2877 jubet,
3614 2808 3681 2858 ut
3711 2805 3781 2860 in

2129 2897 2273 2969 ipsis
2305 2898 2489 2968 portis
2518 2896 2811 2951 interioris
2842 2895 2993 2963 atrii,
3027 2894 3307 2964 vestibus,
3344 2894 3402 2948 id
3458 2897 3564 2960 est,
3594 2891 3779 2948 stolis

2122 2984 2291 3040 lineis
2323 2984 2776 3039 induanturmec
2799 2982 3244 3038 utanturlaucis
3268 2980 3626 3037 indumentis
3645 2984 3785 3036 tam

2120 3073 2180 3129 in
2212 3072 2395 3145 portis
2426 3073 2556 3127 atrii
2590 3071 2903 3136 interioris,
2938 3086 3113 3143 quam
3144 3070 3522 3139 intrinsecus,
3554 3069 3666 3125 hoc
3689 3074 3786 3126 est

2118 3162 2179 3216 in
2201 3161 2389 3234 adytis
2419 3161 2754 3232 sanctisque
2784 3164 3121 3215 sanctorum
3155 3159 3447 3232 :vittseque
3477 3158 3598 3215 sive
3617 3157 3784 3214 cida-

2127 3266 2220 3305 res
2247 3249 2412 3305 lineae
2432 3249 2553 3305 sint
2571 3249 2630 3303 in
2661 3248 2954 3319 capitibus
2975 3253 3265 3313 eorum,et
3294 3247 3598 3304 feminalia
3626 3247 3789 3303 linea

2128 3338 2187 3393 in
2216 3337 2458 3393 lumbis.
2480 3337 2761 3407 Quodque
2782 3337 3056 3408 sequitur
3077 3338 3244 3406 juxta
3264 3336 3648 3408 Septuaginta
3678 3353 3693 3391 :
3717 3337 3789 3391 Et

2116 3418 2236 3482 'non
2266 3428 2625 3495 accingentur
2658 3426 2942 3492 violenter,
2972 3440 3078 3496 pro
3109 3440 3224 3495 quo
3256 3423 3467 3496 Aquila
3524 3429 3586 3480 et
3620 3425 3793 3495 Sym-

2130 3515 2377 3571 machus
2406 3513 2924 3581 transtulerunt,in
2952 3513 3148 3569 sudore
3182 3531 3195 3569 :
3234 3511 3552 3569 Theodotio
3582 3512 3789 3585 ipsum

2125 3605 2369 3660 verbum
2404 3603 2752 3659 Hebraicum
2786 3602 3348 3674 oxprimens,posuit
3376 3602 3436 3657 in
3466 3602 3601 3657 Jszs
3623 3603 3788 3674 (1m);

2127 3692 2351 3766 Aquilae
2382 3693 2639 3748 secunda
2669 3690 2869 3758 editio,
2912 3707 3056 3746 suza
3088 3692 3172 3761 [At
3205 3692 3371 3762 BUZA]
3421 3690 3595 3760 (min)
3629 3706 3644 3745 :
3678 3708 3796 3762 per

2129 3782 2282 3853 quod
2315 3781 2627 3853 signiﬁcat,
2659 3796 2775 3834 non
2811 3796 2910 3834 eos
2941 3778 3240 3846 violenter,
3267 3783 3422 3834 arcte
3446 3782 3619 3850 atque
3648 3794 3799 3833 con-

2128 3871 2329 3926 stricte
2357 3869 2546 3925 instar
2576 3870 2902 3923 vinctorum
2936 3884 3064 3923 esse
3090 3867 3429 3939 cingendos,
3475 3883 3548 3922 ne
3576 3868 3637 3921 in
3670 3867 3794 3922 mi-

2129 3958 2384 4015 nisteriis
2424 3956 2884 4013 sacerdotalibus
2936 3960 3111 4027 atque
3172 3956 3446 4011 Leviticis
3492 3955 3793 4012 inhabiles

2128 4048 2291 4115 fiant,
2319 4052 2376 4103 et
2402 4051 2598 4102 tenere
2628 4053 2676 4101 et
2715 4046 2934 4101 caedere
2968 4044 3260 4113 victimas,
3306 4044 3604 4100 attrahere
3634 4061 3790 4117 quo-

2127 4154 2241 4207 que
2280 4139 2579 4207 nequeant
2633 4139 2811 4206 atque
2868 4134 3221 4189 discurrere.
3281 4134 3349 4188 Et
3406 4133 3549 4205 quia
3599 4134 3793 4190 semel

2127 4228 2477 4296 praeceperat
2507 4224 2725 4295 quibus
2759 4223 3025 4278 vestibus
3054 4222 3143 4277 uti
3184 4222 3463 4277 deberent
3511 4223 3792 4278 sacerdo-

2124 4319 2231 4383 tes,
2266 4314 2499 4384 quando
2532 4312 2887 4367 intrinsecus
2917 4311 2976 4365 in
3014 4309 3362 4366 ministeriis
3391 4316 3611 4378 essent,
3652 4328 3796 4366 rur-

2125 4419 2227 4457 sus
2248 4403 2418 4473 jubet
2449 4407 2512 4456 ut
2538 4399 2902 4472 egredientes
2931 4400 2990 4454 in
3041 4398 3492 4471 gazophylaciis,
3547 4399 3670 4455 sive
3718 4399 3788 4456 in

2123 4491 2351 4547 eXedris
2382 4493 2748 4559 sanctorum,
2778 4492 2993 4544 exuant
3023 4504 3084 4544 se
3113 4487 3380 4560 pristinis
3410 4488 3695 4556 vestibus,
3721 4494 3791 4544 et

361 4569 515 4626 rium
549 4570 649 4626 Dei
680 4589 694 4627 :
728 4588 800 4628 ne
831 4573 1134 4631 ministros
1162 4575 1397 4647 Christi,
1448 4585 1680 4638 nostros
1724 4583 2010 4644 faciamus
2042 4600 2090 4664 Ι)
2122 4579 2446 4635 induantur
2475 4578 2705 4646 aliisine
2735 4580 2780 4632 Si
2815 4582 3048 4633 Sanctus
3076 4580 3268 4632 Vestes
3298 4576 3789 4640 habuerint.88n-

364 4659 686 4728 ministros,
718 4664 777 4716 et
807 4678 911 4733 pro
942 4662 1275 4720 carnalibus
1306 4666 1644 4739 refrigeriis,
1666 4670 1873 4729 altaria
1903 4676 2010 4732 Do-

361 4748 507 4804 mini
537 4747 891 4821 polluamus.
924 4751 1030 4807 Pro
1061 4768 1128 4808 eo
1178 4754 1332 4825 quod
1393 4772 1499 4811 nos
1557 4759 1863 4828 posuimus
1897 4780 1909 4819 :
1944 4770 2011 4820 Et

358 4837 501 4894 dabo
523 4853 611 4895 eos
631 4838 906 4910 janitores
933 4839 1124 4896 domus
1144 4843 1201 4897 in
1233 4846 1387 4899 omni
1412 4847 1722 4904 ministerio
1793 4853 1911 4919 ejus
1959 4859 2010 4908 et

354 4927 633 4982 universis
659 4943 781 4998 qum
799 4927 939 4997 ﬁunt
962 4929 1021 4983 in
1051 4944 1116 4984 ea
1143 4947 1165 4991 ;
1195 4947 1293 4986 eos
1351 4931 1621 4990 videlicet
1679 4937 2005 4997 Levitarum

359 5013 465 5084 qui
493 5012 665 5086 longe
712 5021 1080 5072 recesserunt
1137 5034 1171 5072 a
1221 5023 1334 5076 Deo
1392 5020 1452 5076 in
1501 5039 1693 5080 errore
1750 5027 2004 5084 filiorum

359 5100 624 5173 Israel,et
641 5104 825 5159 secuti
856 5109 997 5161 sunt
1024 5106 1182 5162 idola
1198 5107 1415 5178 quibus
1444 5110 1711 5169 victimas
1733 5115 2002 5173 immola-

353 5191 584 5247 verunt.
616 5189 1005 5261 Symmachus
1031 5193 1294 5251 ordinem
1326 5195 1593 5255 lectionis
1642 5218 2001 5277 sensumque

427 5386 509 5513 (αὲ
538 5384 974 5468 Rescripsimus
1006 5394 1135 5471 post
1164 5390 1491 5448 Victorium
1523 5402 1724 5466 apertae
1752 5398 1995 5468 perﬁdiae

427 5475 470 5513 ιο
541 5456 707 5512 alteri
737 5456 975 5513 isocolo.
1003 5462 1258 5513 simulata
1319 5462 1464 5513 ﬁdei-
1499 5468 1841 5513 concinning
1911 5487 1995 5513 m-

354 5456 707 5533 quod_alte_ri
737 5456 975 5533 isocolo,
1003 5456 1258 5533 simulata
1315 5462 1464 5533 ﬁdei,
1499 5456 1858 5523 concinnius'
1911 5487 1997 5525 re-

351 5527 618 5611 spondet:
653 5527 1432 5611 Martianznusnihilosecius
1450 5527 1706 5611 retinuit
1765 5550 1990 5611 apertze.

421 5598 496 5670 (b)
528 5600 947 5683 Interpretatus
968 5603 1127 5667 est,si
1162 5605 1316 5683 quid
1334 5598 1875 5683 video,luxatusq'ue
1895 5630 1995 5682 per

347 5671 534 5727 ferme
564 5671 992 5743 quinquaginta
1009 5671 1210 5730 versus
1230 5677 1656 5748 subsequentes
1687 5671 1992 5740 contextus

2123 4669 2379 4724 ctiﬁcent
2410 4669 2557 4725 547
2590 4666 2872 4740 populum
2904 4666 3046 4722 foris
3077 4665 3358 4738 positum,
3390 4666 3492 4737 qui
3523 4666 3787 4722 necdum

2123 4757 2298 4813 fuerit
2329 4756 2864 4817 sanctificatus,nec
2895 4771 2957 4811 se
2988 4753 3397 4827 praeparaverit
3427 4754 3486 4810 in
3513 4754 3788 4810 sanctifi-

2119 4847 2408 4901 cationem
2438 4845 2666 4917 templi,
2700 4850 2765 4899 ut
2796 4844 2873 4900 sit
2899 4844 3129 4899 Domini
3150 4844 3479 4900 Nazarteus.
3508 4844 3616 4898 Per
3643 4860 3787 4915 qua

2117 4933 2421 5003 discimus,
2452 4949 2569 4988 non
2600 4931 2958 5005 quotidianis
2988 4936 3048 4987 et
3077 4931 3438 5004 quibuslibet
3504 4947 3609 5003 pro
3661 4948 3782 4989 usu

2114 5022 2244 5078 vitae
2276 5022 2609 5077 communis
2634 5020 2879 5094 pollutis
2909 5020 3170 5077 vestibus
3196 5037 3303 5077 nos
3316 5020 3542 5094 ingredi
3561 5019 3785 5079 debere

2113 5111 2171 5165 in
2204 5115 2408 5166 sancta
2447 5117 2805 5181 sanctorum,
2867 5111 2967 5166 sed
3024 5110 3246 5166 munda
3303 5111 3683 5177 conscientia,
3719 5117 3785 5168 et

2112 5200 2351 5255 mundis
2365 5200 2626 5255 vestibus
2640 5196 2834 5255 tenere
2850 5200 3075 5255 Domini
3096 5200 3568 5271 sacramenta.(b)
3600 5198 3785 5262 Quod

2107 5397 2178 5452 ab
2206 5397 2342 5452 hinc
2376 5395 2618 5461 scilicet,
2679 5397 2749 5451 ad
2797 5394 2963 5451 Pauli
3020 5396 3429 5452 testimonium
3472 5395 3493 5450 Ι
3524 5394 3678 5450 Tim.
3714 5412 3777 5451 ν.

2104 5468 2291 5549 Movet
2314 5468 2617 5549 enimvero
2651 5484 2743 5522 me
2770 5466 3116 5549 interrupta.
3140 5466 3545 5549 atque'hiulca
3573 5465 3782 5549 expla-

2105 5540 2360 5595 nationis
2393 5540 2593 5605 scries,
2629 5556 2775 5610 qua),
2815 5537 3047 5610 repente
3103 5537 3446 5610 intermissa
3502 5537 3781 5610 oratione

2103 5610 2175 5664 de
2198 5608 2858 5682 vestibus,nonnullade
2880 5608 3179 5665 comarum
3206 5608 3365 5665 cultu
3391 5609 3774 5682 ingerit,qum

2101 5682 2172 5739 ad
2203 5687 2542 5753 sequentem
2573 5680 2925 5738 versiculum
2953 5684 3368 5754 spectant,tum
3399 5680 3585 5754 pauca
3604 5680 3774 5752 quae-
