3996 6184
286 342 413 411 illi

290 482 479 540 (lnam
503 480 713 539 debent
731 484 1057 540 sacerdotes
1078 484 1311 547 ducere,
1337 499 1463 555 quae
1484 486 1681 537 tamen
1705 478 1943 536 alterius
1975 480 2028 544 Α

291 572 617 629 sacerdotis
650 590 790 629 uxor
841 572 1046 639 fuerit;
1099 571 1402 627 scientiam
1449 570 1732 635 videlicet,
1767 583 1944 640 quam

291 660 450 717 alius
486 662 582 716 Dei
607 660 794 717 cultor
814 650 1113 717 invenerit.
1137 662 1333 731 Neque
1358 660 1516 715 enim
1541 677 1687 714 nova
1717 661 1947 713 tantum

289 750 554 806 contenti
584 750 864 805 debemus
895 767 1022 805 esse
1044 750 1329 817 doctrina,
1359 750 1457 804 sed
1493 754 1549 803 et
1577 754 1827 803 veterem
1852 762 1949 799 ex-

288 837 504 907 colere,
529 844 584 892 et
599 840 1053 911 nostrojungere
1074 838 1396 903 comitatui,
1418 838 1465 893 si
1489 840 1685 892 tamen
1707 836 1765 889 in
1783 849 1949 889 sacro

286 926 454 983 cultu
488 926 664 981 fuerit
685 927 930 983 erudita.
956 928 1283 983 Sacerdotis
1310 944 1543 997 quoque
1574 925 1833 981 ofﬁcium
1862 926 1951 977 est

287 1016 505 1071 docere
518 1014 800 1087 populum
813 1016 950 1088 quid
966 1017 1115 1071 inter
1126 1021 1395 1071 sanctum
1411 1020 1466 1071 et
1480 1012 1953 1087 pollutum,inter

286 1106 586 1159 mundum
619 1109 675 1159 et
713 1105 1085 1159 immundum
1109 1105 1297 1160 sit:ut
1327 1105 1490 1176 prius
1526 1104 1846 1159 referamus
1878 1099 1951 1154 ad

283 1192 573 1264 dogmata
585 1194 907 1248 secundum
922 1193 992 1247 ad
1008 1209 1182 1264 opera
1194 1209 1318 1264 quae
1333 1209 1433 1265 per
1446 1208 1676 1247 carnem
1693 1191 1958 1245 efﬁciun-

280 1284 405 1336 tur.
429 1280 659 1337 Delicta
678 1281 833 1337 enim
860 1282 992 1353 quis
1014 1281 1289 1354 intelligit
1311 1282 1553 1353 (Ps.vui,
1575 1281 1693 1349 l3)?
1726 1282 1790 1334 Et
1814 1296 1947 1334 cum

282 1368 471 1423 fuerit
499 1369 896 1425 controversia
926 1370 997 1425 de
1028 1370 1187 1425 omni
1219 1386 1299 1437 re,
1334 1370 1453 1424 sive
1486 1374 1548 1423 ut
1571 1368 1952 1441 Septuaginta

280 1456 741 1527 transtulerant,
767 1460 1072 1529 sanguinis,
1108 1459 1217 1513 hoc
1264 1464 1353 1513 est
1398 1459 1551 1529 quod
1602 1458 1674 1512 ad
1707 1456 1950 1512 mortale

283 1546 549 1617 pertinet
567 1546 811 1614 crimen,
833 1548 1071 1602 stabunt
1088 1548 1418 1602 sacerdotes
1440 1548 1498 1601 in
1515 1545 1758 1616 judiciis
1782 1544 1948 1612 meis,

283 1636 354 1688 ut
384 1651 504 1689 non
536 1634 796 1704 judicent
826 1637 1147 1690 secundum
1197 1636 1497 1705 honorem,
1529 1652 1633 1690 nec
1666 1635 1954 1705 accipiant

281 1738 607 1793 personam
643 1723 933 1794 pauperis,
966 1723 1086 1779 sive
1107 1723 1302 1778 divitis
1324 1723 1644 1793 injudicio:
1675 1724 1775 1779 sed
1799 1726 1955 1778 stent

279 1810 343 1865 in
372 1810 622 1879 judiciis
652 1812 774 1879 Dei,
802 1816 858 1867 et
886 1813 1261 1867 recordentur
1308 1812 1466 1867 illius
1510 1812 1719 1884 psalmi
1750 1829 1762 1866 :
1799 1812 1953 1867 Deus
1984 1847 2032 1911 Β

280 1900 454 1955 stetit
483 1900 548 1954 in
596 1915 889 1972 synagoga
933 1900 1200 1965 deorum,
1245 1902 1304 1956 in
1352 1902 1543 1956 medio
1584 1907 1782 1956 autem
1813 1901 1953 1955 deos

285 1986 581 2057 dijudicat
615 1988 726 2059 (Ps.
763 2006 946 2053 LXXXI,
981 1989 1057 2056 4,)
1088 1990 1229 2045 deos
1260 1990 1561 2061 appellans
1603 1990 1699 2062 qui
1735 1989 1958 2044 habent

278 2076 597 2147 judicandi
627 2077 699 2131 de
728 2077 1068 2133 hominibus
1094 2082 1441 2149 potestatem
1468 2097 1479 2134 :
1510 2080 1609 2151 qui
1637 2080 1695 2133 in
1724 2079 1961 2150 quoju_

286 2165 448 2219 dicio
474 2164 885 2234 iudicaverint,
909 2166 1278 2237 judicabitur
1307 2168 1378 2222 de
1407 2168 1492 2223 cis
1522 2168 1669 2239 (Mat.
1701 2168 1830 2239 v11.)
1859 2168 1961 2221 Le-

284 2268 415 2325 ges,
450 2253 672 2323 inquit,
704 2270 864 2309 meas
895 2258 953 2309 et
982 2259 1267 2327 praecepta
1297 2272 1427 2311 mea
1454 2256 1511 2310 in
1544 2256 1827 2311 omnibus
1860 2273 1953 2311 so-

286 2340 708 2397 lemnitatibus
755 2343 902 2398 meis
950 2344 1301 2408 custodient,
1334 2349 1397 2398 ut
1452 2344 1958 2416 sciantquomodo,

284 2429 466 2485 nobis
491 2429 764 2486 Christus
786 2430 1004 2486 Pascha
1024 2432 1491 2499 sitimmolatus;
1518 2434 1812 2504 quomodo
1835 2450 1961 2505 sep-

282 2521 411 2572 tem
450 2517 854 2574 hebdomadas
883 2519 1128 2591 implere
1180 2521 1497 2575 debeamus
1548 2521 1747 2593 gaudii
1784 2527 1960 2592 atque

276 2605 597 2671 letitiaemt
620 2606 931 2663 humiliare
955 2608 1183 2665 animas
1209 2614 1439 2665 nostras
1464 2610 1524 2663 in
1540 2609 1957 2681 jejunio;clan-

279 2710 619 2767 goremque
649 2696 920 2752 tubarum
950 2696 1271 2769 intelligere
1297 2702 1353 2753 et
1373 2698 1751 2771 scenopegias
1783 2699 1952 2770 spiri-

282 2782 512 2850 tuales,
540 2783 597 2837 in
621 2784 835 2855 quibus
852 2784 1102 2840 dicimus
1127 2803 1140 2840 :
1171 2787 1406 2841 Advena
1427 2803 1559 2841 sum
1584 2804 1688 2859 ego
1714 2792 1769 2841 et
1794 2804 1954 2858 pere-

274 2871 508 2943 grinus
541 2870 691 2927 sicut
720 2888 923 2929 omnes
954 2877 1148 2945 patres
1180 2876 1293 2929 mei
1325 2876 1436 2945 (Ps.
1460 2893 1699 2941 xxxvm,
1731 2877 1835 2947 13.)
1862 2880 1958 2930 Hi8

270 2965 441 3016 sunt
458 2977 606 3015 verae
627 2960 1025 3018 solemnitates
1051 2963 1321 3034 Dei,quas
1343 2964 1798 3035 consequentius
1822 2966 1957 3037 quis

272 3049 760 3105 Pentateucbum
785 3050 1079 3106 disserens
1101 3050 1597 3123 interpretabitur.
1622 3054 1820 3109 Prima
1844 3054 1958 3109 vir-

272 3142 397 3192 tus
430 3142 524 3192 est
553 3137 891 3209 sacerdotis,
916 3155 1031 3194 non
1062 3144 1293 3194 tantum
1325 3141 1530 3196 docere
1561 3158 1687 3213 qua
1715 3143 1956 3210 noverit,

274 3226 400 3281 sed
440 3241 643 3281 omnes
671 3226 770 3281 Dei
804 3228 1143 3283 festivitates
1174 3229 1490 3297 custodire,
1524 3235 1588 3285 ut
1616 3231 1805 3301 possit
1830 3230 1961 3287 aliis
1993 3214 2035 3279 C

272 3314 688 3370 custodienda
716 3315 1026 3388 praecipere
1055 3334 1180 3388 quas
1207 3322 1264 3373 et
1283 3317 1408 3389 ipse
1430 3319 1834 3374 observaverit.
1858 3321 1962 3374 Sa-

271 3402 604 3458 cerdotum
626 3406 818 3458 autem
843 3404 1107 3460 ofﬁcium
1126 3421 1255 3461 esse
1275 3404 1421 3477 legis
1440 3406 1653 3463 habere
1670 3408 1962 3470 notitiam,

272 3495 346 3547 et
380 3490 451 3544 in
485 3489 772 3547 Malachia
800 3492 1104 3561 discimus,
1140 3496 1238 3566 qui
1272 3495 1393 3550 ait:
1428 3496 1607 3551 Labia
1638 3498 1968 3552 sacerdotis

273 3578 636 3634 custodierit
655 3579 1043 3649 scientiam,et
1061 3582 1248 3654 legem
1273 3584 1574 3654 requirent
1594 3600 1662 3640 ex
1678 3602 1775 3641 ore
1793 3588 1921 3656 ejus
1950 3605 1962 3642 :

273 3668 449 3739 quia
476 3666 715 3738 angelus
744 3670 970 3725 Domini
1001 3671 1361 3727 exercituum
1395 3678 1484 3727 est
1513 3675 1669 3740 (Mat.
1719 3692 1783 3743 ιι,
1812 3678 1894 3745 7.)

364 3755 565 3826 (Vers.
584 3759 653 3811 25
680 3760 869 3830 seqq.)
889 3760 954 3813 Et
974 3760 1197 3815 sabbata
1230 3778 1349 3817 mea
1376 3763 1878 3834 sanctiﬁcabunt,et
1897 3766 1967 3819 ad

274 3847 403 3903 55
415 3845 466 3899 ³
484 3853 751 3902 mortuum
770 3848 1045 3903 hominem
1063 3866 1175 3904 non
1195 3851 1674 3919 ingrediantur-me
1690 3854 1778 3923 pol
1786 3854 1930 3907 tuan
1945 3899 1968 3908 -

280 3945 408 3991 tur
457 3933 576 4002 {pro
620 3950 733 4005 quo
779 3937 1161 4009 Septuaginta
1210 3939 1656 4002 transtulerunt,
1706 3950 1758 3995 et
1798 3958 1966 4012 super

287 4020 565 4075 animum
586 4023 817 4079 hominis
862 4042 974 4080 non
1020 4027 1421 4097 ingredientur,
1475 4045 1541 4083 ne
1576 4030 1962 4101 pottuantur:)

458 4108 527 4162 ad
548 4116 773 4183 patrem,
806 4112 1020 4185 inquit,
1069 4126 1120 4170 et
1166 4120 1417 4183 matrem,
1471 4117 1652 4186 ﬁlium
1680 4126 1732 4173 et
1762 4120 1965 4206 filiam,

275 4200 544 4270 fratrem
558 4202 602 4252 et
627 4215 868 4256 sororem
887 4217 1013 4273 quae
1034 4204 1212 4258 virum
1232 4221 1344 4259 non
1369 4206 1582 4277 habuit,
1607 4206 1683 4279 (a)
1704 4200 1965 4262 contamil

274 4285 617 4343 nabuntur.
650 4290 723 4343 Et
749 4293 1035 4361 postquam
1066 4295 1237 4363 fuerit
1263 4294 1578 4365 mundatus,
1610 4304 1811 4363 septem
1848 4297 1965 4352 dies

272 4376 746 4432 uunnerabuntur
764 4380 836 4444 ei,
855 4385 909 4434 et
928 4382 987 4434 in
1009 4380 1098 4436 die
1124 4382 1383 4436 introitus
1402 4384 1494 4437 sui
1509 4383 1569 4437 in
1586 4385 1964 4439 sanetum-ium

273 4473 343 4521 et
376 4462 463 4517 ad
490 4467 689 4520 atrium
718 4468 975 4534 interius,
998 4477 1060 4524 ut
1076 4470 1349 4525 ministret
1368 4470 1509 4525 mihi
1534 4473 1597 4525 in
1624 4475 1961 4543 sanctuario,

274 4552 497 4625 offeret
525 4569 619 4623 pro
640 4561 854 4626 peccato
881 4572 980 4612 suo
1029 4559 1256 4613 Domino
1304 4560 1409 4615 Deo
1442 4559 1585 4629 (sive
1614 4561 1805 4630 offeret
1829 4562 1958 4632 pla-
1987 4575 2036 4640 D

274 4642 620 4713 cntionem.)
649 4649 768 4700 Non
797 4647 904 4701 erit
933 4654 1118 4701 autem
1146 4648 1225 4702 eis
1247 4647 1540 4718 haereditas
1558 4667 1575 4702 :
1600 4664 1693 4719 ego
1724 4649 1952 4706 haeredi-

273 4734 389 4785 ωε
421 4743 626 4794 eorum,
655 4737 710 4788 et
748 4734 1108 4803 possessiones
1153 4723 1279 4790 non:
1314 4720 1513 4790 dabitis
1549 4738 1629 4791 eis
1659 4739 1718 4791 in
1748 4739 1914 4793 Israel
1934 4756 1952 4793 :

275 4834 407 4887 ego
431 4821 689 4888 possessio
711 4836 916 4876 eorum.
946 4822 1151 4877 Adhuc
1175 4824 1577 4880 sacerdotibus
1598 4826 1951 4898 praecipitur:

278 4907 359 4961 in
401 4906 613 4977 quibus
640 4909 1092 4977 observandum,
1117 4914 1272 4984 quod
1297 4929 1410 4968 non
1434 4913 1643 4969 dixerit
1664 4914 1951 4972 absolute:

275 5002 346 5051 et
378 4996 608 5050 sabbata
634 4999 1093 5069 sanctiﬁeabunt;
1121 5000 1205 5056 vel
1230 5002 1400 5072 juxta
1432 5002 1639 5056 Isaiam
1669 5019 1681 5057 :
1716 5004 1954 5060 Neome—

276 5082 437 5138 nias
461 5086 517 5137 et
544 5084 788 5141 sabbata
812 5090 1005 5142 vestra
1034 5088 1154 5143 odit
1183 5088 1380 5144 anima
1411 5105 1541 5144 mea
1570 5090 1730 5161 (Isai.
1766 5109 1802 5161 ι,
1837 5091 1951 5163 13:)

279 5169 409 5227 sed
460 5186 595 5228 cum
648 5174 1043 5243 distinctione,
1100 5178 1328 5233 sabbata
1364 5194 1505 5234 mea.
1566 5178 1729 5234 Unde
1786 5184 1843 5235 et
1888 5179 1950 5235 in

351 5365 448 5447 .(a)
463 5365 793 5449 Yulguguaz
810 5372 1240 5449 atterumpirum
1258 5388 1364 5449 non
1388 5373 1665 5449 habuerit:
1692 5377 1947 5449 attamen

278 5441 458 5495 Hier.
491 5441 549 5493 in
579 5441 842 5497 subnexa
869 5444 1242 5515 expositione,
1270 5446 1319 5497 si
1344 5460 1515 5510 soror,
1548 5443 1761 5515 inquit,
1792 5446 1946 5515 virgo

457 5515 681 5581 anserzt,
714 5529 811 5567 nec
834 5514 1003 5568 ullius
1024 5516 1321 5641 viriﬁfrit
1342 5516 1613 5569 maculata
1637 5514 1941 5585 complexu.

480 5581 1135 5641 Raban.auoaue.inaui
1251 5586 1941 5641 contaminabatur.Paulo

457 5529 681 5581 asserit,
714 5529 811 5567 nec
834 5529 1003 5568 auius
1024 5532 1128 5569 mn
1180 5529 1321 5569 uem
1342 5529 1613 5569 maculata
1637 5529 1941 5585 complexu.

278 5529 453 5658 Et;
468 5581 1020 5658 _i_t_aban.quoque,in
1038 5529 1235 5658 (ιαίίτιδ
1251 5586 1944 5643 contaminabatur.Paulo

284 5656 438 5727 post
468 5651 676 5709 Victor.
695 5651 765 5711 ad
798 5651 1098 5729 vulgatam
1128 5657 1575 5727 lectionem,pro
1600 5662 1817 5729 peccato
1844 5674 1943 5715 suo

855 343 1602 413 COMMENTARIORUM
1644 349 1723 409 IN
1768 341 2267 408 EZECHIELEM
2312 344 2460 406 LIB.
2510 345 2669 422 XIII,
2718 345 2891 407 CAP.
2936 342 3149 410 XLIV.

3577 338 3698 410 M2

2056 478 2365 550 Evangelio
2397 480 2678 551 scriptum
2709 485 2833 534 est:
2867 478 3205 536 Sacerdotes
3223 477 3284 535 in
3315 477 3536 552 templo
3566 479 3700 536 sab-

2054 568 2257 622 batum
2288 567 2524 633 violant,
2556 572 2612 623 et
2640 568 2862 640 absque
2894 568 3065 640 culpa
3097 572 3233 624 sunt
3261 571 3440 641 (Matt.
3472 587 3572 639 xu,
3602 570 3699 641 5:)

2056 672 2171 710 non
2201 656 2509 711 sabbatum
2533 658 2650 725 Dei,
2675 660 2772 713 sed
2799 658 3107 713 sabbatum
3141 658 3363 726 litterae,
3391 658 3701 715 sabbatum

2056 744 2414 811 Judreorum,
2446 747 2599 817 quod
2633 752 2787 803 recte
2814 747 3032 801 violant
3063 746 3163 819 qui
3206 752 3346 803 sunt
3374 764 3559 820 genus
3588 747 3703 803 ele-

2058 837 2236 897 ctum,
2291 836 2501 905 regale,
2556 835 2931 891 sacerdotale.
2979 836 3152 890 Porro
3202 836 3511 892 sabbatum
3546 838 3702 908 quod

2059 923 2484 978 sanctiﬁcatum
2518 929 2625 988 est,
2658 924 2800 979 illud
2834 924 3251 995 intelligamus,
3283 926 3437 997 quod
3470 930 3527 981 et
3555 928 3705 997 Apo-

2060 1011 2241 1066 stolus
2271 1013 2453 1077 docet,
2489 1013 2755 1068 relictum
2785 1030 2913 1069 esse
2935 1013 3148 1086 populo
3176 1014 3296 1079 Dei,
3318 1015 3389 1069 de
3420 1031 3533 1085 quo
3561 1014 3705 1070 dici-

2058 1104 2154 1155 tur
2181 1117 2192 1155 :
2227 1101 2283 1155 Si
2318 1101 2620 1156 intrabunt
2648 1102 2707 1156 in
2741 1103 3002 1173 requiem
3034 1104 3359 1173 meam(Ps.
3390 1120 3540 1172 xcrv,
3576 1106 3633 1157 11
3665 1105 3705 1175 :)

2060 1190 2213 1260 quod
2246 1191 2522 1245 Ilebraice
2561 1193 2635 1262 (b)
2663 1192 2945 1247 sabbatum
2983 1192 3337 1247 nominatur.
3372 1192 3710 1249 Sanctiﬁcat

2062 1284 2257 1334 autem
2290 1280 2601 1335 sabbatum
2650 1281 2766 1347 Dei,
2801 1281 2900 1352 qui
2934 1298 3047 1335 non
3085 1285 3274 1353 portat
3303 1298 3453 1336 onus
3486 1282 3708 1353 peccati

2063 1368 2118 1422 in
2145 1368 2406 1439 sabbato,
2432 1386 2535 1423 nec
2557 1369 2698 1424 dicit
2722 1388 2734 1425 :
2760 1369 2922 1425 Sicut
2943 1387 3090 1424 onus
3113 1386 3285 1442 grave
3303 1375 3549 1442 gravatae
3574 1376 3712 1426 sunt

2062 1475 2239 1529 super
2269 1476 2361 1512 me
2393 1460 2500 1529 (Ps.
2533 1476 2745 1528 xxxvn,
2775 1460 2855 1529 5.)
2902 1459 3007 1524 Qui
3038 1459 3172 1514 talis
3205 1464 3311 1527 est,
3348 1477 3460 1515 non
3493 1459 3714 1532 colligit

2062 1548 2221 1621 ligna
2252 1548 2310 1603 in
2353 1549 2632 1612 sabbato;
2695 1563 2798 1603 nec
2855 1547 3281 1618 supertediﬁcat
3331 1549 3710 1604 fundamento

2061 1638 2200 1691 Jesu
2238 1637 2471 1703 Christi,
2495 1637 2675 1709 ligna,
2702 1638 2922 1704 fenum,
2946 1637 3225 1709 stipulam
3250 1637 3294 1707 (Ι
3320 1639 3443 1694 Cor.
3476 1637 3581 1708 iu):
3607 1653 3712 1692 nec

2063 1726 2329 1781 accendit
2351 1726 2544 1797 ignem
2564 1725 2663 1797 qui
2686 1724 2954 1780 inutilem
2977 1729 3286 1781 consumat
3306 1726 3633 1796 materiam,
3657 1730 3714 1781 et

2065 1814 2157 1867 die
2189 1811 2416 1868 sabbati
2448 1813 2506 1867 in
2538 1829 2654 1868 uno
2685 1817 2987 1884 permanet
3018 1811 3143 1867 loco
3171 1822 3205 1867 τ’
3229 1828 3335 1867 nec
3367 1812 3521 1867 foras
3551 1828 3713 1884 egre-

2071 1902 2247 1971 ditur,
2267 1901 2365 1956 sed
2391 1901 2559 1973 quasi
2591 1900 2863 1956 columna
2891 1900 2951 1955 in
2973 1900 3189 1971 templo
3210 1899 3310 1956 Dei
3339 1898 3563 1971 positus
3587 1916 3715 1973 per-

2074 1993 2287 2056 manet,
2321 2006 2497 2060 super
2539 2006 2653 2061 quo
2700 1990 2955 2045 Joannes
2998 1988 3200 2043 scribit
3236 1988 3295 2043 in
3326 1988 3671 2061 Apocalypsi
3700 2005 3713 2044 :

2070 2079 2177 2141 Qui
2209 2078 2426 2146 vicerit,
2461 2078 2666 2133 faciam
2697 2077 2863 2132 illum
2895 2077 3229 2133 columnam
3276 2077 3333 2131 in
3374 2076 3590 2149 templo
3621 2076 3720 2132 Dei

2070 2167 2205 2231 mei,
2240 2172 2297 2222 et
2329 2167 2481 2223 foras
2514 2184 2629 2221 non
2663 2166 2992 2238 egredietur
3020 2165 3275 2238 amplius
3297 2166 3477 2238 (Apoc.
3501 2166 3716 2237 111,12.)

2070 2256 2349 2327 Quodque
2380 2255 2676 2327 sequitur:
2709 2256 2781 2311 Et
2824 2256 2895 2310 ad
2941 2262 3241 2310 mortuum
3272 2255 3571 2310 hominem
3602 2272 3719 2311 non

2070 2344 2489 2415 ingredientur,
2536 2361 2609 2399 ne
2657 2343 3025 2413 polluantur:
3077 2344 3307 2415 proprie
3344 2343 3721 2400 sacerdotalis

2071 2433 2246 2487 ofﬁcii
2270 2437 2379 2497 est,
2405 2432 2714 2487 morticina
2733 2449 2847 2487 non
2868 2436 3200 2503 tangere,ut
3220 2433 3317 2503 qui
3344 2449 3447 2503 pro
3470 2432 3719 2489 aliorum

2070 2521 2227 2577 vitiis
2260 2522 2623 2593 deprecatur,
2640 2521 2763 2591 ipse
2790 2521 2859 2575 ad
2884 2520 3064 2575 altare
3087 2521 3345 2576 mundus
3366 2522 3621 2575 accedat.
3638 2521 3720 2575 De

2072 2610 2287 2682 quibus
2319 2610 2566 2664 mortuis
2596 2615 2652 2663 et
2681 2607 2941 2664 Salvator
2968 2607 3227 2680 loquitur
3266 2608 3325 2662 in
3366 2607 3716 2679 Evangelio:

2071 2698 2307 2753 Dimitte
2352 2703 2616 2752 mortuos
2666 2698 2729 2751 ut
2776 2696 3060 2768 sepeliant
3101 2702 3363 2752 mortuos
3393 2697 3549 2754 554
3581 2713 3720 2752 suos

2070 2787 2277 2861 (Matth.
2304 2803 2428 2852 vm,
2449 2789 2564 2859 22.)
2592 2786 2689 2841 Isti
2706 2785 3179 2841 contaminantur
3201 2786 3258 2839 in
3285 2790 3445 2857 patre
3468 2790 3718 2857 mortuo,

2071 2894 2225 2949 quan
2240 2877 2305 2931 :lo
2338 2877 2678 2948 relinquunt
2722 2875 3051 2930 Creatorem
3106 2890 3279 2929 suum
3308 2890 3323 2929 :
3358 2877 3416 2928 et
3444 2873 3503 2929 in
3534 2878 3722 2929 matre

2070 2969 2320 3031 mortua,
2354 2965 2424 3020 de
2454 2964 2713 3020 Ecclesia
2744 2964 3077 3019 recedentes
3104 2978 3117 3019 :
3151 2963 3209 3017 in
3252 2961 3371 3017 ﬁlio
3404 2979 3637 3035 quoque
3666 2966 3724 3018 et

2072 3053 2213 3122 ﬁlia,
2237 3055 2391 3125 quod
2417 3053 2572 3108 aliud
2598 3054 2668 3108 ad
2703 3052 3104 3123 cogitationes,
3126 3050 3285 3106 aliud
3308 3052 3379 3106 ad
3402 3067 3578 3124 opera
3599 3068 3725 3122 per-

2071 3142 2238 3207 tinet,
2271 3143 2425 3213 quod
2454 3142 2879 3214 signiﬁcantius
2901 3141 3094 3196 Graece
3117 3140 3335 3195 dicitur
3351 3139 3418 3192 τὰ
3441 3139 3612 3209 νοητᾶ
3631 3137 3721 3193 καί

2075 3230 2321 3299 αἰσθητά.
2386 3233 2644 3286 Fratrem
2676 3246 2908 3302 quoque
2956 3235 3014 3284 et
3061 3244 3342 3297 sororem,
3386 3228 3487 3299 qui
3516 3228 3722 3283 eodem

2076 3326 2313 3375 renatus
2344 3326 2433 3375 est
2462 3318 2692 3391 spiritu,
2718 3319 2765 3374 si
2796 3317 3083 3390 putaverit
3104 3322 3423 3384 mortuum,
3448 3317 3727 3373 contami-

2078 3412 2251 3463 natur
2281 3411 2337 3463 in
2370 3423 2467 3463 eo:
2502 3408 2583 3462 ita
2609 3408 2910 3462 dumtaxat
2938 3406 2982 3460 si
3019 3423 3183 3461 soror
3202 3406 3363 3474 virgo
3384 3420 3724 3476 permanse-

2078 3497 2172 3563 rit,
2206 3513 2310 3551 nec
2343 3496 2521 3551 ullius
2568 3494 2675 3550 viri
2721 3496 2894 3549 fuerit
2945 3492 3240 3548 maculata
3285 3491 3610 3563 complexu.
3645 3493 3728 3547 Ex

2078 3586 2294 3658 quibus
2320 3584 2705 3657 intelligimus
2729 3583 3093 3655 privilegium
3119 3579 3421 3654 virginale,
3446 3580 3601 3651 quod
3625 3597 3725 3635 cu-

2068 3674 2316 3745 juslibet
2331 3674 2439 3729 viri
2461 3678 2783 3738 contactus,
2809 3672 3121 3744 perfectam
3146 3670 3371 3723 auferat
3388 3669 3723 3740 puritatem,

2077 3780 2204 3834 quae
2240 3770 2433 3817 utrum
2462 3768 2634 3823 recte,
2668 3777 2969 3833 perperam
3014 3774 3087 3812 ne
3133 3757 3287 3812 dicta
3324 3757 3460 3823 sint,
3494 3756 3726 3813 lectoris

2077 3853 2316 3906 arbitrio
2339 3848 3001 3921 relinquamus.Naturze
3020 3860 3252 3917 quoque
3275 3861 3451 3915 super
3469 3844 3577 3901 hoc
3601 3862 3727 3917 pro-

2076 3942 2251 3995 batur
2282 3938 2542 4002 aﬁectus,
2577 3941 2641 3991 ut
2665 3936 2868 3991 ordine
2894 3934 3194 3989 charitatis
3217 3933 3386 4002 juxta
3410 3933 3565 4003 quod
3588 3934 3727 3989 scri-

2076 4032 2244 4100 ptum
2277 4032 2401 4081 est:
2436 4026 2712 4081 Ordinate
2744 4025 2801 4077 in
2834 4039 2926 4077 me
2970 4021 3314 4078 charitatem
3346 4024 3525 4090 (Cant.
3553 4040 3614 4092 u,
3646 4024 3723 4093 4,)

2075 4120 2207 4190 post
2235 4131 2430 4171 rerum
2476 4118 2777 4185 parentem
2822 4113 3024 4180 Deum,
3066 4111 3259 4166 carnis
3298 4127 3531 4183 quoque
3561 4115 3726 4183 pater

2073 4204 2353 4277 diligatur
2382 4206 2439 4258 et
2468 4207 2683 4269 mater;
2718 4199 2874 4256 ﬁlius
2918 4204 2974 4256 et
3021 4200 3139 4254 ﬁlia
3167 4220 3185 4267 ,-
3218 4200 3393 4255 frater
3423 4203 3480 4255 et
3509 4216 3674 4256 soror
3704 4217 3718 4268 ;

2073 4294 2155 4349 ita
2185 4294 2488 4348 dumtaxat
2511 4292 2559 4348 si
2579 4291 2650 4347 de
2682 4291 2854 4346 domo
2884 4306 2999 4345 non
3032 4288 3365 4359 exierit,nec
3397 4288 3456 4343 in
3479 4288 3720 4344 alterius

2072 4382 2372 4437 transierit
2387 4383 3080 4453 potestatem.Postquam
3105 4381 3296 4432 autem
3319 4377 3588 4431 sacerdos
3602 4377 3721 4431 fue-

2073 4471 2148 4526 rit
2177 4470 2531 4526 emundatus
2553 4466 2978 4541 puriﬁcationis
2999 4467 3355 4536 ordine,quaa
3384 4463 3444 4518 in
3468 4463 3720 4519 Mosaica

2070 4559 2197 4633 lege
2229 4560 2557 4631 conscripta
2585 4562 2693 4625 est,
2727 4561 2946 4628 septem
2981 4555 3103 4610 dies
3149 4554 3615 4609 numerabantur
3641 4553 3715 4625 ei,

2066 4649 2154 4705 vel
2172 4650 2459 4721 perfectus
2477 4663 2759 4701 numerus
2772 4643 3174 4717 paenitudinis,
3192 4642 3280 4697 vel
3303 4646 3434 4712 post
3447 4657 3717 4696 consum-

2066 4738 2379 4793 mationem
2393 4753 2487 4790 mu
2499 4734 2860 4806 ndi,quando
2872 4733 2943 4788 ad
2956 4748 3152 4788 veram
3166 4730 3488 4786 transimus
3501 4728 3715 4800 ogdoa-

2063 4827 2218 4895 dem,
2252 4830 2316 4879 ut
2346 4825 2596 4879 introeat
2640 4827 2844 4878 sancta
2889 4825 3226 4876 sanctorum
3279 4817 3412 4889 (hoc
3440 4820 3529 4872 est
3557 4818 3713 4872 enim

2061 4913 2309 4968 interius
2340 4911 2576 4981 atrium)
2606 4915 2662 4965 et
2694 4910 2879 4981 possit
2914 4909 3242 4962 ministrare
3277 4905 3335 4961 in
3380 4905 3713 4962 sanctuario

2060 5007 2119 5058 et
2147 5017 2378 5072 semper
2395 5000 2599 5055 offerre
2622 5015 2723 5069 pro
2744 5002 2973 5069 peccato
2996 4994 3361 5050 conscientiae
3381 4993 3706 5049 victimam:

2060 5107 2166 5147 nec
2189 5089 2374 5145 ullum
2394 5093 2624 5158 tempus
2642 5086 2847 5157 sitquo
2868 5101 2979 5139 non
3001 5083 3334 5138 recordetur
3351 5082 3710 5138 maculatum

2060 5196 2123 5234 se
2154 5179 2334 5233 fuisse
2365 5192 2541 5246 super
2568 5178 2728 5246 patre
2754 5179 2809 5228 et
2837 5178 3039 5238 matre,
3066 5171 3183 5225 ﬁlio
3208 5175 3267 5226 et
3292 5169 3431 5238 ﬁlia,
3455 5171 3630 5227 fratre
3654 5174 3711 5226 et

2055 5377 2134 5430 ait
2164 5373 2423 5428 Dominus
2452 5371 2608 5424 Deus.

2128 5446 2202 5516 (b)
2242 5440 2631 5516 lniiebraicp,
2656 5437 3106 5516 inquitVictor.,
3127 5440 3217 5516 est
3231 5446 3418 5516 rimis,
3443 5437 3707 5516 nonsab-

2058 5506 2282 5571 baliim.
2306 5514 2511 5566 Verum
2535 5506 2761 5563 llieron'.
2786 5510 2855 5561 ad
2882 5525 3074 5562 vocem
3096 5506 3327 5579 quietis,
3349 5522 3475 5577 quae
3495 5507 3703 5579 sabba-

2057 5593 2183 5643 tum
2216 5600 2449 5658 quoque
2478 5582 2788 5653 signiﬁcat,
2822 5579 3049 5651 alludit,
3082 5577 3199 5634 non
3227 5593 3424 5633 vocem
3452 5577 3699 5637 sabbati.
