3944 6178
345 328 466 395 M3

1582 326 1645 394 s.
1692 327 2006 419 nusssu
2052 328 2505 400 HIERONYMI

3629 337 3745 406 ω

345 483 564 526 sorore.
596 462 779 523 Multa
810 461 1026 537 quippe
1057 463 1246 520 facere
1275 463 1683 537 compellimur
1714 466 1769 520 in
1803 465 1997 521 sreculi
2029 468 2081 532 Α
2113 484 2243 521 mus
2275 470 2347 524 ad
2380 468 2630 542 lapsum.
2664 471 2789 527 Non
2820 475 2908 528 est
2952 471 3099 528 tanti
3147 471 3344 545 gaudii
3397 471 3621 530 excelsa
3654 479 3747 531 te-

344 558 523 631 hujus
554 554 843 627 angustiis
869 552 1191 620 constituti,
1211 554 1297 608 vel
1329 554 1661 609 conditione
1688 552 1999 620 carnis,vel

340 646 656 719 fragilitate
687 647 928 700 naturae.
952 643 1060 707 Qui
1090 649 1285 700 autem
1316 643 1452 699 talis
1483 644 1861 713 exstiterit,ut
1884 645 1990 698 mi-

341 738 550 793 nistret
568 735 627 789 in
651 732 1006 800 sanctuario,
1024 737 1082 787 et
1101 732 1316 788 atrium
1337 732 1700 805 ingrediatur
1720 733 1989 800 interius,

339 830 398 883 et
435 826 639 881 oii'erat
665 838 896 895 semper
921 822 1036 877 Deo
1068 821 1442 891 sacriﬁcium,
1474 822 1554 877 ita
1585 825 1650 876 ut
1690 838 1861 878 verus
1895 838 1995 877 sa-

338 915 542 971 cerdos
566 912 661 975 sit,
687 913 869 967 immo
890 911 1153 966 imitator
1172 911 1322 981 ejus,
1347 911 1416 966 de
1437 927 1551 983 quo
1575 911 1857 982 scriptum
1879 916 1986 967 est:

336 1004 422 1060 Tu
452 1019 514 1059 es
536 1001 807 1057 δασεῖ-(108
835 999 891 1054 in
918 1004 1198 1054 aeternum
1223 999 1549 1054 secundum
1571 999 1836 1055 ordinem
1857 999 1991 1056 Mel-

336 1091 643 1148 chisedech
673 1091 782 1161 (Ps.
802 1106 915 1156 CIX,
946 1088 1018 1159 ’1.)
1041 1088 1149 1143 iste
1172 1086 1396 1143 nullam
1430 1086 1663 1143 habebit
1684 1087 1988 1144 haeredita-

334 1185 477 1249 tem,
510 1180 621 1235 nisi
654 1182 829 1233 Deum
852 1178 951 1249 qui
975 1185 1058 1232 est
1083 1177 1392 1232 haereditas
1417 1178 1545 1247 ejus
1570 1193 1583 1231 :
1609 1193 1713 1232 nec
1743 1177 1992 1249 accipiet

334 1268 767 1341 possessionem
799 1268 859 1322 in
892 1266 1090 1332 Israel,
1125 1267 1233 1321 hoc
1262 1270 1372 1334 est,
1406 1266 1558 1322 inter
1586 1265 1796 1338 vulgus
1823 1266 1987 1339 igno-

333 1357 453 1413 bile
477 1375 491 1425 ;
522 1358 622 1412 sed
654 1355 1098 1421 sacerdotalem,
1121 1360 1185 1410 ut
1205 1356 1361 1410 dicat
1380 1355 1452 1411 de
1472 1371 1537 1411 eo
1560 1355 1986 1428 DominuszEgo

332 1462 466 1502 sum
499 1445 828 1513 haarcciitas,
861 1444 1013 1502 555
1037 1448 1096 1500 et
1119 1460 1225 1516 ego
1250 1444 1544 1515 possessio
1572 1446 1984 1510 eorum.Quem

330 1551 467 1590 cum
496 1534 840 1603 invenerint,
868 1533 1185 1605 loquentur
1205 1549 1271 1588 ac
1301 1532 1533 1588 dicent:
1561 1533 1794 1588 Tenebo
1826 1550 1981 1605 eum,

329 1628 388 1680 et
419 1640 534 1679 non
565 1623 857 1679 dimittam
888 1622 1057 1678 illum
1086 1640 1100 1690 ;
1138 1625 1195 1677 et
1224 1621 1477 1693 psallent
1507 1637 1639 1676 cum
1675 1623 1979 1695 propheta:

328 1717 471 1769 Pars
502 1729 631 1767 mea
668 1712 946 1767 Dominus
978 1710 1096 1783 (Ps.
1129 1725 1193 1777 ιι,
1224 1711 1341 1781 26.)

400 1803 587 1874 (Vers.
619 1802 710 1867 29,
741 1800 855 1871 30.)
889 1801 1171 1855 Victimam
1200 1803 1253 1853 et
1293 1815 1395 1870 pro
1428 1802 1648 1870 peccato
1677 1803 1729 1853 et
1757 1814 1855 1870 pro
1884 1799 1980 1854 de-

328 1890 599 1962 liclo(sive
614 1906 715 1961 pro
734 1889 1069 1961 ignorantia)
1091 1890 1200 1959 ipsi
1228 1887 1525 1953 comedent,
1548 1892 1596 1944 et
1620 1904 1782 1943 omne
1806 1896 1986 1944 votum

326 1980 471 2053 (sive
498 1978 792 2050 separatio)
841 1979 903 2032 in
946 1977 1117 2032 Israel
1160 1978 1402 2048 ipsorum
1432 1977 1557 2031 erit.
1592 1980 1667 2031 Et
1694 1978 1982 2047 primitiva

325 2070 572 2123 omnium
587 2067 1100 2139 primogenitorum,
1118 2069 1169 2121 et
1188 2066 1373 2120 omnia
1399 2065 1696 2120 libamenta
1715 2082 1785 2120 ea:
1800 2068 1981 2120 omni-

328 2156 425 2213 bus
452 2171 577 2227 quae
605 2156 930 2225 o/feruntur,
978 2153 1321 2209 sacerdotum
1367 2158 1553 2219 erunt,
1602 2161 1652 2207 et
1694 2154 1982 2224 primitan

324 2249 572 2305 ciborum
599 2252 899 2300 vestrorum
925 2243 1128 2298 dabitis
1155 2242 1443 2309 sacerdoti,
1474 2249 1535 2297 ut
1562 2250 1792 2313 reponat
1821 2245 1978 2298 bene-

324 2338 614 2394 dictionem
645 2333 837 2389 domui
865 2347 986 2389 sum
1011 2330 1203 2403 (Vulg.
1228 2331 1359 2402 tuae)
1383 2330 1525 2401 (sive
1543 2334 1606 2386 ut
1621 2335 1789 2402 ponat
1820 2332 1979 2387 bene-

323 2427 585 2482 dictiones
614 2438 778 2492 super
804 2422 989 2477 domos
1006 2420 1256 2491 vestras.)
1284 2421 1391 2475 Pro
1413 2420 1650 2475 victima
1674 2423 1732 2475 et
1761 2421 1977 2474 sacriﬁ-

324 2515 433 2581 cio,
465 2513 618 2585 quod
650 2510 931 2566 IIebraice
960 2508 1177 2564 dicitur
1206 2526 1398 2564 MANAA
1427 2508 1667 2580 (nmina
1686 2508 1903 2580 Aquila
1924 2513 1977 2565 et

322 2600 714 2675 Symmachus
744 2596 1108 2670 interpretati
1140 2601 1299 2665 sunt,
1322 2597 1547 2653 donum.
1584 2598 1839 2653 Rursum
1873 2615 1977 2670 pro

319 2694 452 2747 voto
492 2688 645 2761 quod
679 2686 1064 2759 Septuaginta
1095 2683 1392 2761 ἀφόρισμα,
1426 2685 1534 2741 hoc
1566 2690 1655 2741 est
1676 2688 1975 2758 separatio-

318 2794 448 2834 nem
465 2772 1129 2846 traustulerunt.Aquila
1149 2778 1205 2829 et
1225 2773 1611 2845 Symmachus
1633 2777 1691 2829 et
1711 2774 1973 2830 Theodo-

317 2867 403 2924 tio
433 2865 684 2937 ἀνάθημα
714 2862 1077 2935 interpretati
1100 2866 1260 2928 sunt,
1285 2863 1441 2933 quod
1464 2862 1741 2917 Hebraice
1763 2863 1977 2918 dicitur

320 2972 515 3012 nanum
546 2954 743 3027 (mm)
773 2953 843 3007 Et
870 2950 1363 3007 considerandum
1412 2951 1567 3021 quod
1618 2950 1818 3006 omnia
1846 2967 1974 3021 quae

318 3061 477 3101 nunc
506 3060 608 3116 per
636 3040 981 3115 prophetam
1003 3039 1287 3095 Dominus
1308 3038 1587 3111 loquitur,
1616 3055 1718 3110 per
1738 3039 1973 3111 Moysen

318 3137 454 3191 ante
476 3134 603 3204 jam
634 3130 860 3187 dixerit.
911 3128 1419 3198 Quaerendumque
1473 3144 1577 3182 cur
1605 3128 1811 3184 eadem
1844 3145 1972 3199 quae

2113 558 2332 622 nuisse,
2359 560 2562 630 quanti
2584 560 2849 615 mceroris
2875 561 2945 616 de
2975 561 3420 617 sublimioribus
3439 563 3752 620 corruisse.

2112 645 2307 717 Neque
2330 648 2483 702 enim
2513 648 2702 703 solum
2725 666 2828 720 pro
2853 650 3067 705 nostris
3091 650 3319 706 delictis
3339 651 3649 707 reddemus
3671 668 3760 708 ra-

2108 734 2365 791 tionem:
2398 736 2498 792 sed
2523 753 2626 809 pro
2653 738 2939 804 omnium,
2964 755 3213 810 quorum
3238 739 3540 794 abutimur
3560 740 3760 809 donis,

2104 828 2163 879 et
2192 841 2569 896 nequaquam
2600 843 2810 883 sumus
2840 828 2911 882 de
2941 843 3143 882 eorum
3177 828 3367 884 salute
3388 828 3647 884 solliciti.

2176 912 2361 983 (Vers.
2403 914 2517 985 3t.)
2570 914 2737 970 Omne
2778 916 3130 971 morticinum
3174 925 3225 972 et
3268 921 3487 988 captum
3517 934 3553 972 a
3583 919 3764 973 bestia

2101 1001 2168 1056 de
2197 1003 2408 1070 avibus,
2441 1011 2491 1058 et
2518 1003 2583 1059 de
2606 1004 2914 1075 pecoribus,
2951 1021 3061 1060 non
3106 1005 3385 1061 comedent
3433 1006 3763 1063 sacerdotes.

2102 1090 2168 1145 Et
2189 1092 2363 1162 juxta
2401 1091 2676 1161 litteram,
2710 1094 2869 1148 omni
2902 1094 3098 1166 generi
3133 1092 3333 1162 electo,
3369 1095 3550 1167 regali
3580 1099 3642 1150 et
3676 1113 3768 1151 sa-

2102 1179 2400 1250 cerdotali,
2434 1182 2589 1253 quod
2620 1182 2849 1253 proprie
2880 1182 2952 1237 ad
2983 1182 3344 1239 Christianos
3374 1184 3767 1256 refertur,qui

2100 1268 2259 1323 uncti
2293 1274 2434 1325 sunt
2480 1269 2604 1326 oleo
2653 1269 2967 1342 spirituali,
3019 1272 3089 1327 de
3139 1288 3254 1343 quo
3302 1272 3590 1344 scriptum
3623 1278 3765 1329 est:

2098 1357 2271 1413 Unxit
2292 1362 2347 1413 te
2367 1359 2521 1414 Deus
2543 1359 2696 1415 Deus
2717 1362 2857 1415 tuus
2876 1360 3000 1415 oleo
3024 1360 3431 1417 exsultationis
3448 1378 3565 1433 pra:
3583 1363 3773 1433 parti-

2095 1446 2329 1518 cipibus
2356 1447 2473 1502 tuis
2503 1447 2609 1519 (Ps.
2643 1465 2790 1514 κων,
2822 1449 2900 1519 8,)
2923 1448 3044 1504 Ι]ωο
3067 1453 3354 1521 ρτωοθρῐξι
3376 1449 3770 1515 conveniunt,

2097 1544 2158 1590 ut
2186 1536 2541 1591 morticinum
2567 1553 2684 1592 non
2715 1538 2981 1593 comedat
3008 1541 3129 1592 tam
3151 1537 3223 1592 de
3250 1536 3454 1593 avibus
3474 1554 3667 1609 quam
3697 1539 3772 1595 de

2091 1624 2424 1695 pecoribus,
2458 1626 2629 1696 cujus
2670 1642 3047 1698 nequaquam
3088 1626 3330 1699 sanguis
3369 1627 3595 1683 eliusus
3650 1632 3771 1697 est,

2091 1713 2248 1784 quod
2275 1714 2333 1767 in
2363 1714 2610 1769 Actibus
2644 1713 3043 1785 apostolorum
3075 1713 3293 1770 dicitur
3318 1712 3694 1788 sufocatum,
3721 1719 3779 1771 et

2093 1802 2646 1872 quaa(a)necessario
2670 1802 3055 1869 observanda,
3073 1801 3468 1873 apostolorum
3493 1802 3568 1858 de
3586 1803 3774 1859 Jeru-

2094 1890 2278 1945 salem
2297 1889 2562 1962 Epistola
2582 1892 2979 1963 monet(.4ctor.
2994 1909 3065 1947 xv
3089 1892 3197 1963 :)et
3218 1895 3455 1963 captum
3477 1908 3512 1947 a
3532 1892 3775 1960 bestia;

2093 1978 2232 2051 quia
2253 1984 2312 2034 et
2332 1980 2530 2051 ipsum
2554 1980 2825 2035 similiter
2842 1981 3193 2036 suti‘ocatum
3209 1984 3383 2036 estzet
3397 1981 3776 2039 condemnat

2093 2068 2444 2138 sacerdotes,
2468 2069 2569 2140 qui
2593 2068 2649 2122 in
2675 2069 2885 2136 turdis,
2904 2068 3190 2140 ﬁcedulis,
3214 2068 3553 2141 gliribus,et
3584 2075 3771 2127 caete-

2092 2157 2172 2211 ris
2194 2156 2757 2227 hujuscemodi,haec
2780 2157 3055 2213 aviditate
3071 2157 3223 2229 gulae
3241 2175 3358 2213 non
3379 2158 3767 2215 custodiunt.

2089 2245 2411 2300 Possumus
2430 2249 2623 2300 autem
2636 2248 2805 2316 juxta
2822 2262 3123 2319 anagogen
3142 2245 3516 2301 morticinum
3532 2247 3765 2316 dicere,

2087 2332 2147 2387 in
2183 2349 2299 2405 quo
2331 2334 2539 2388 animae
2590 2334 2832 2407 sanguis
2881 2339 3184 2390 emortuus
3232 2340 3339 2401 est,
3389 2339 3448 2390 et
3476 2334 3767 2392 imitatur

2089 2422 2263 2477 Nabal
2295 2421 2671 2489 Carmelium,
2707 2423 2807 2494 qui
2838 2423 3261 2495 interpretatur
3289 2424 3532 2480 stultus:
3558 2429 3620 2495 ej.
3651 2442 3765 2481 au-

2089 2510 2210 2566 dita
2241 2511 2329 2566 ira
2357 2511 2537 2567 David
2568 2528 2778 2582 pavore
2830 2512 3201 2581 contremuit,
3234 2516 3292 2567 et
3320 2516 3630 2569 mortuum
3667 2520 3764 2571 est

2087 2617 2187 2655 cor
2215 2600 2344 2671 ejus
2375 2600 2433 2655 in
2466 2616 2532 2656 eo
2564 2601 2608 2672 (Ι
2640 2602 2769 2673 Reg.
2799 2603 2951 2668 xxv.)
2973 2604 3189 2674 Captus
3218 2604 3412 2657 autem
3445 2618 3481 2656 a
3509 2602 3761 2672 bestiis,

2088 2705 2340 2759 quarum
2373 2705 2445 2744 ne
2494 2689 2788 2745 morsibus
2837 2688 3111 2757 lanietur,
3146 2689 3429 2761 propheta
3456 2691 3757 2763 suspirat,

2085 2776 2288 2831 dicens
2313 2793 2325 2830 :
2359 2776 2442 2833 Ne
2470 2778 2670 2833 tradas
2700 2776 2906 2834 bestiis
2935 2778 3193 2834 animam
3225 2778 3601 2835 conﬁtentem
3633 2781 3755 2837 tibi

2084 2865 2197 2936 (Ps.
2234 2882 2428 2930 LXXIII,
2460 2866 2482 2921 4
2494 2866 2573 2937 9,)
2605 2865 2699 2922 ille
2729 2866 3011 2922 dicendus
3034 2871 3122 2922 est
3141 2867 3241 2938 qui
3273 2867 3581 2923 adversarii
3610 2867 3749 2925 leo-

2084 2954 2178 3008 nis
2213 2954 2509 3010 morsibus
2539 2956 2848 3011 devoratur
2876 2960 2933 3011 et
2962 2956 3126 3027 pardi
3156 2956 3257 3027 qui
3282 2972 3393 3011 non
3414 2959 3609 3012 mutat
3635 2974 3753 3014 va-

2084 3043 2347 3098 rietatem
2379 3059 2571 3109 suam,
2607 3047 2665 3098 et
2695 3060 2843 3099 u-rszc
2874 3060 3003 3115 quis
3035 3044 3216 3115 raptis
3249 3044 3407 3100 saevit
3436 3044 3756 3112 catulis,et

2084 3129 2359 3203 luporum
2395 3131 2617 3186 Arabiae
2652 3132 2759 3203 [Αἰ.
2794 3132 2993 3200 rabie,]
3028 3136 3085 3187 et
3113 3132 3475 3204 reliquarum
3516 3135 3755 3193 bestia-

322 3221 478 3279 dicta
520 3223 660 3277 sunt
679 3221 937 3292 repetat:
992 3217 1064 3272 Ut
1110 3215 1376 3272 videlicet
1423 3233 1548 3288 quae
1578 3216 1637 3271 in
1675 3217 1971 3272 mentibus
2001 3208 2044 3269 (Ι
2082 3220 2316 3292 rum,(b)
2340 3236 2486 3293 quas
2507 3220 2563 3274 in
2588 3220 2862 3276 varietate
2882 3220 3211 3277 daemonum
3233 3222 3754 3293 accipimus.Aves

323 3310 633 3367 hominum
656 3311 814 3379 sunt,
827 3306 916 3362 vel
937 3305 1164 3378 legendi
1190 3304 1561 3377 negligentia,
1584 3305 1670 3361 vel
1694 3306 1968 3361 audiendi

322 3401 659 3470 contemptu
689 3400 746 3453 et
766 3394 1053 3451 oblivione
1074 3392 1278 3465 deleta,
1295 3393 1425 3449 viva
1451 3410 1584 3449 voce
1601 3394 1967 3462 innoventur,

321 3505 450 3562 quin
482 3503 598 3543 non
625 3485 702 3542 sit
730 3484 945 3557 scripta
977 3482 1201 3539 calamo
1231 3486 1289 3538 et
1319 3486 1666 3548 atramento,
1716 3484 1817 3539 sed
1849 3483 1967 3556 spi-

319 3577 436 3634 ritu
467 3580 523 3632 et
546 3576 719 3632 verbo
750 3574 871 3629 Dei.
900 3573 1062 3630 Unde
1087 3576 1144 3628 et
1165 3572 1427 3628 Salvator
1446 3571 1673 3628 nullum
1695 3572 1964 3629 volumen

322 3665 598 3722 doctrinae
620 3680 737 3720 suae
754 3662 1056 3735 proprium
1076 3660 1568 3732 dereliquit,quod
1591 3661 1650 3716 in
1672 3661 1966 3734 plerisque

321 3754 788 3828 apocryphorum
814 3750 1202 3807 deliramenta
1228 3750 1605 3821 conﬁngunt:
1640 3752 1740 3807 sed
1775 3751 1967 3807 Patris

206 3904 221 3917 ,
319 3848 378 3901 et
397 3859 503 3898 suo
516 3842 733 3913 Spiritu
752 3839 1010 3913 quotidie
1029 3838 1294 3912 loquitur
1312 3838 1372 3894 in
1393 3839 1564 3895 corde
1581 3839 1962 3897 credentium.

319 3933 392 3987 Et
406 3931 529 3987 haec
540 3929 649 3985 erit
664 3928 964 4000 responsio
979 3931 1291 3984 adversum
1308 3944 1407 3984 eos
1419 3928 1517 3999 qui
1531 3928 1968 3985 calumniantur

316 4018 652 4091 prophetas,
684 4032 790 4071 cur
818 4032 945 4086 quas
973 4016 1032 4070 in
1064 4016 1458 4072 Pentateucho
1504 4017 1879 4072 continentur
1903 4018 1963 4072 in

313 4104 438 4160 suis
467 4102 866 4157 voluminibus
896 4102 1195 4173 replicent.
1218 4103 1531 4158 Victimam
1558 4103 1756 4175 igitur,
1785 4110 1841 4161 et
1861 4122 1962 4176 pro

313 4194 571 4264 peccato,
603 4193 660 4244 et
690 4204 794 4260 pro
824 4188 1056 4257 delicto,
1103 4191 1222 4246 sive
1264 4191 1616 4261 ignorantia,
1658 4194 1965 4248 comedent

313 4277 666 4347 sacerdotes,
694 4277 764 4331 de
790 4275 1006 4348 quibus
1031 4277 1315 4348 scriptum
1335 4282 1425 4333 est
1450 4295 1463 4332 :
1500 4279 1736 4335 Peccata
1764 4281 1963 4353 populi

2080 3312 2278 3364 autem
2310 3307 2443 3364 illas
2472 3324 2601 3364 esse
2630 3308 2905 3379 dicimus,
2931 3325 3056 3380 quis
3088 3314 3317 3381 ponunt
3342 3308 3400 3364 in
3433 3309 3659 3367 ccelum
3680 3329 3753 3369 os

2080 3414 2277 3469 suum,
2311 3401 2368 3453 et
2396 3396 2498 3453 illa
2527 3413 2754 3469 pecora,
2784 3415 2911 3469 qua:
2941 3414 3126 3469 prona
3154 3397 3215 3453 in
3244 3402 3585 3471 terramque
3616 3418 3754 3457 ver-

2079 3486 2294 3559 gentia,
2329 3486 2512 3542 ventri
2545 3489 2799 3557 tantum,
2832 3489 2889 3542 et
2920 3486 3013 3542 his
3043 3503 3167 3559 quae
3218 3488 3328 3543 sub
3357 3492 3563 3545 ventre
3594 3495 3754 3548 sunt

2076 3576 2357 3631 serviunt.

2145 3664 2305 3737 (Cap.
2333 3663 2489 3719 XLV.
2539 3694 2608 3704 -
2652 3662 2875 3720 Vers.i
2929 3668 3121 3736 seqq.)
3171 3664 3405 3737 Cumque
3447 3671 3756 3737 cmperitis

2076 3763 2283 3811 terram
2312 3753 2553 3808 dividere
2582 3754 2640 3808 in
2665 3754 3055 3824 possessionem
3084 3752 3278 3826 [Vulg.
3309 3753 3544 3827 sortito,]
3567 3771 3756 3828 sepa-

2074 3847 2190 3900 rate
2217 3844 2494 3913 primitias
2522 3843 2750 3899 Domino
2778 3844 3179 3914 sanctiﬁcatum
3205 3844 3271 3898 de
3304 3846 3455 3899 terra
3484 3844 3756 3917 longitu-

2073 3932 2219 3989 dinis
2250 3932 2441 4006 [Vulg.
2467 3932 2834 4003 longitudine]
2854 3933 3055 4003 viginti
3074 3933 3314 4004 quinque
3331 3934 3515 3988 millia
3538 3951 3552 3989 :
3577 3939 3637 3991 et
3659 3938 3757 3993 la-

2072 4023 2333 4080 titudinis
2352 4019 2869 4092 (Vulg.lalitudine]
2882 4021 3061 4077 decem
3082 4021 3266 4077 millia
3280 4039 3299 4076 :
3327 4022 3762 4093 sanctiﬁcatum

2072 4111 2177 4165 erit
2206 4111 2265 4164 in
2296 4111 2447 4165 omni
2477 4111 2709 4165 termino
2739 4111 2856 4181 ejus
2870 4125 2970 4181 per
2984 4111 3299 4165 circuitum.
3323 4112 3386 4166 Et
3413 4113 3523 4167 erit
3545 4129 3624 4169 ex
3647 4116 3761 4173 hoc

2074 4196 2268 4268 [Vulg.
2294 4200 2448 4252 omni
2460 4199 2641 4270 parte]
2666 4199 3091 4269 sanctiﬁcatum,
3114 4201 3439 4271 quingentos
3452 4216 3561 4272 per
3577 4207 3765 4273 quin-

2069 4289 2257 4356 gentos
2276 4286 2682 4356 quadrifariam
2696 4303 2797 4359 per
2816 4288 3192 4355 circuitum,et
3213 4289 3633 4360 quinquaginta
3650 4309 3760 4349 cu-

313 4368 431 4426 mei
460 4367 764 4425 comedent
789 4365 944 4434 (Osee
973 4381 1049 4433 Iv,
1080 4367 1159 4434 8.)
1190 4367 1305 4420 Nec
1333 4369 1561 4422 tantum
1583 4370 1961 4439 gaudendum
2073 4374 2202 4429 bilis
2223 4374 2370 4431 557
2397 4375 2588 4447 [Vulg.
2622 4375 3234 4446 addit.in]suburbana
3250 4378 3368 4448 ejus
3382 4393 3483 4449 per
3503 4395 3755 4451 gyrum.

312 4462 402 4516 est
417 4458 491 4515 ad
506 4455 857 4514 oblationem
876 4470 1209 4525 munerum,
1234 4455 1865 4526 quantumtimendum
1888 4461 1959 4514 ad
2071 4463 2135 4517 Et
2163 4480 2196 4518 a
2234 4479 2494 4519 mensura
2543 4465 2655 4519 ista
2704 4465 3047 4520 mensurabis
3093 4464 3490 4536 longitudinem
3526 4470 3762 4538 viginti

311 4548 552 4604 honoris
583 4544 1150 4610 condemnationem,
1182 4543 1232 4599 si
1259 4559 1325 4600 eo
1361 4543 1674 4600 abutamur
1700 4544 1962 4619 indigne.
1996 4562 2042 4627 Ι)
2074 4553 2316 4623 quinque
2344 4553 2608 4620 millium,
2629 4557 2681 4608 et
2713 4553 3066 4609 latitudinem
3093 4554 3274 4610 decem
3300 4556 3570 4628 millium,
3591 4567 3658 4614 et
3690 4563 3762 4617 in

311 4635 616 4693 Primitive
634 4636 806 4707 juxta
824 4633 1079 4689 litteram
1102 4637 1241 4688 sunt
1268 4633 1681 4704 animantium,
1706 4638 1764 4689 et
1782 4633 1967 4692 inani-
2075 4642 2191 4713 ipso
2219 4643 2324 4698 erit
2353 4642 2615 4712 templum
2636 4640 2779 4713 (sive
2806 4644 3187 4714 sanctiﬁcatio)
3216 4648 3571 4717 sanctumque
3598 4664 3761 4705 san-

313 4726 605 4783 mantium
637 4741 764 4797 quae
796 4723 989 4796 prima
1030 4726 1373 4789 nascuntur.
1423 4728 1480 4778 et
1527 4740 1654 4793 Quae
1705 4724 1961 4796 primum
2072 4738 2299 4786 ctorum.
2333 4731 2747 4801 Sanctiﬁcalum
2775 4730 2841 4786 de
2860 4734 3010 4786 terra
3033 4733 3139 4786 erit
3164 4733 3539 4789 sacerdotibus
3559 4739 3763 4794 mini-

307 4820 465 4872 terra
493 4814 702 4888 gignit.
737 4811 1009 4867 Primitiae
1050 4827 1281 4882 quoque
1330 4811 1594 4867 ciborum
1628 4816 1958 4870 nostrorum

307 4903 708 4960 sacerdotibus
729 4902 1073 4966 offeruntur,
1097 4905 1163 4954 ut
1181 4897 1325 4954 nihil
1348 4906 1655 4971 gustemus
1678 4919 1959 4960 novarum

309 4991 570 5061 frugum,
602 4991 717 5046 nisi
746 4989 1017 5046 sacerdos
1059 4992 1192 5043 ante
1240 4989 1579 5060 gustaverit.
1613 4994 1730 5046 Hoc
1761 4997 1957 5048 autem

309 5076 582 5145 facimus,
601 5082 667 5132 ut
689 5094 861 5149 repon
871 5082 931 5134 at
945 5077 1217 5134 sacerdos
1235 5077 1784 5146 benedictionem,et
1803 5079 1960 5137 obla-

309 5165 530 5221 tionem
563 5168 821 5221 nostram
854 5166 914 5222 in
947 5167 1120 5222 domo
1148 5181 1287 5221 sua:
1320 5165 1441 5221 sive
1471 5170 1536 5221 ut
1564 5166 1637 5222 ad
1668 5167 1956 5241 impreca-

304 5254 526 5312 tionem
557 5268 726 5308 suam
758 5253 1042 5311 Dominus
1072 5254 1381 5311 benedicat
1410 5256 1683 5311 domibus
1715 5258 1949 5315 nostris.

308 5344 462 5402 556
479 5339 727 5398 Grandis
742 5340 998 5412 dignitas
1016 5344 1511 5400 sacerdotumzsed
1528 5344 1771 5416 grandis
1784 5347 1955 5403 ruina

307 5449 510 5489 eorum
533 5431 582 5487 si
604 5434 863 5503 peccant.
890 5430 1179 5487 Lmtemur
1199 5433 1271 5487 ad
1294 5434 1731 5504 ascensum,sed
1755 5435 1955 5492 timea-

378 5572 454 5656 (α)
474 5573 646 5654 Adito
665 5572 844 5656 hujus
866 5568 976 5626 loci
990 5571 1355 5656 interpretes,
1375 5592 1624 5648 quorum
1641 5594 1953 5653 recoquere

303 5644 626 5703 otissimas
656 5644 949 5701 doctrinas
976 5644 1285 5717 non‘libet.

2069 4822 2200 4875 stris
2214 4821 2647 4891 sanctuarii,qui
2666 4819 2925 4875 accedunt
2939 4819 3009 4874 ad
3029 4822 3406 4877 ministerium
3419 4823 3683 4895 Domini,
3699 4834 3763 4883 et

2068 4908 2175 4963 erit
2192 4909 2269 4964 eis
2291 4908 2437 4963 locus
2458 4909 2515 4963 in
2538 4907 2800 4975 domos,et
2817 4909 2877 4963 in
2895 4910 3276 4965 sanctuarium
3294 4912 3633 4967 sanctitatis.
3651 4917 3760 4971 Vi-

2066 4997 2210 5067 ginti
2221 4997 2459 5068 quinque
2470 4997 2649 5051 millia
2662 4997 3101 5068 longitudinis,et
3114 4997 3297 5055 decem
3306 4999 3491 5055 millia
3502 5001 3765 5061 latitudi

2065 5085 2391 5141 nis.Levilae
2405 5086 2695 5155 autemqui
2706 5084 2774 5155 [ν
2779 5084 2833 5139 ul
2841 5093 3065 5156 gerunt
3079 5086 3403 5159 Levitis,qui
3418 5088 3763 5159 etc.]mim’-

2062 5175 2241 5227 strant
2260 5170 2584 5243 domui:ipsi
2598 5171 2942 5244 possidebunt
2962 5173 3163 5241 viginti
3179 5176 3575 5247 gazophylacia
3601 5178 3760 5251 (pro

2065 5260 2280 5333 quibus
2295 5260 2676 5333 Septuaginta
2687 5259 3253 5332 transtulerunt:ipsi
3260 5264 3517 5320 tenebunt
3526 5267 3764 5324 civita-

2061 5352 2167 5405 tem
2185 5358 2244 5405 ut
2257 5348 2516 5405 habitent.
2526 5350 2609 5420 )Et
2619 5350 3009 5421 possessionem
3018 5352 3255 5408 civitatis
3266 5352 3472 5409 dabitis
3481 5355 3766 5428 quinque

2059 5436 3072 5507 millibuslatiludinis,etlongitudinis
3086 5440 3290 5511 viginti
3298 5442 3763 5514 quinquemilli-

2133 5579 2207 5650 (b)
2240 5581 2305 5637 In
2335 5580 2520 5638 Vatic.
2545 5598 2635 5638 ms
2656 5597 2897 5655 quarum
2927 5584 3189 5639 varietate
3216 5583 3487 5643 deemones
3517 5588 3760 5660 accipi-

2070 5666 2210 5706 mus.
