3996 6184
243 360 372 427 445

246 495 367 566 bus,
400 493 699 553 secundum
744 495 1142 566 separationem
1168 493 1481 546 sanctuarii
1508 493 1658 545 omni
1703 490 1889 545 domui
1917 487 1970 552 Α

241 585 706 655 Israel.Principi
713 599 917 656 quoque
930 584 1118 638 hincet
1129 583 1184 636 in
1192 582 1261 637 dc
1276 582 1421 653 (a)de
1429 583 1770 652 separatione
1784 579 1889 650 (vel

238 674 851 746 primitiis,sanctuarii
868 674 923 726 in
941 672 1327 743 possessionem
1343 672 1581 725 civitatis
1599 682 1790 725 contra
1807 668 1896 741 fa-

241 767 383 818 ciem
412 764 776 834 separationis
804 761 1128 828 sanctuarii,
1161 765 1213 815 et
1240 763 1433 815 eontra
1461 761 1665 830 faciem
1690 774 1894 830 posses-

240 853 417 907 sionis
450 852 606 905 urbis
636 868 671 905 a
699 851 868 905 latere
890 851 1061 904 maris
1081 864 1250 920 usque
1276 848 1345 903 ad
1378 855 1552 915 mare,
1580 852 1635 903 et
1663 865 1697 902 a
1729 848 1894 903 latere

243 941 491 996 Orientis
516 956 683 1011 usque
712 938 781 993 ad
812 938 1101 1004 Orientem,
1129 937 1493 1007 longitudinis
1520 945 1706 992 autem
1726 938 1891 1007 juxta

239 1045 694 1101 unamquamque
716 1032 929 1099 partem
956 1045 989 1081 (ι
1015 1029 1249 1083 termino
1281 1026 1614 1082 Occidentali
1630 1041 1797 1097 usque
1825 1025 1895 1079 ad

236 1121 547 1174 terminum
578 1118 929 1184 Orientalem,
961 1125 1127 1173 terrae
1173 1115 1364 1187 [Vulg
1403 1117 1468 1170 de
1496 1115 1667 1188 terra]
1703 1115 1812 1170 erit
1843 1115 1895 1169 ei

231 1210 505 1280 possessio
530 1210 589 1263 in
608 1207 806 1262 Israel:
820 1209 867 1261 et
888 1222 995 1262 non
1018 1205 1572 1277 copulabuntur(sive
1586 1205 1892 1275 vastabant)

237 1298 393 1351 ultra
415 1298 700 1368 principes
724 1297 980 1368 p0pulum
1008 1312 1187 1350 meum
1215 1312 1234 1348 :
1264 1298 1315 1349 et
1347 1293 1538 1365 [Vu1g.
1558 1295 1669 1363 sed]
1692 1301 1896 1349 terram

238 1386 454 1440 dabunt
474 1386 668 1440 domui
686 1384 851 1439 Israel
886 1384 1185 1440 secundum
1210 1383 1386 1438 tribus
1407 1398 1613 1438 eorum.
1638 1383 1775 1438 Post
1798 1396 1893 1437 ce-

238 1475 549 1529 remonias
578 1473 944 1529 sacerdotum
974 1472 1316 1544 cultumque
1346 1487 1546 1527 eorum
1587 1474 1643 1525 et
1674 1471 1894 1539 cibum,

239 1579 371 1634 qua:
389 1562 648 1618 debeant
665 1577 915 1631 sumere,
930 1578 1057 1632 quae
1078 1561 1259 1616 vitare
1279 1578 1291 1615 :
1314 1577 1469 1615 nunc
1493 1564 1657 1615 terrae
1681 1564 1894 1615 sanctae

236 1650 404 1715 facit,
427 1649 907 1722 descriptionem,
926 1653 982 1704 et
1009 1653 1326 1720 antequam
1356 1665 1591 1704 omnem
1625 1649 1684 1703 in
1706 1648 1895 1704 tribus

237 1739 491 1807 dividat,
511 1739 583 1794 de
600 1737 827 1794 cunctis
843 1737 1115 1793 tribubus
1137 1738 1299 1807 jubet
1322 1737 1453 1809 eligi
1474 1737 1690 1804 locum,
1714 1737 1813 1809 qui
1836 1736 1893 1791 in

235 1827 619 1919 longitudine
640 1826 853 1919 habeat
868 1825 1071 1919 viginti
1095 1826 1356 1919 quinque
1377 1825 1581 1919 millia,
1600 1831 1657 1882 et
1683 1826 1742 1881 in
1766 1825 1897 1919 lati-
1929 1855 1976 1919 B

236 1916 450 1970 tudine
475 1916 680 1970 decem
712 1913 914 1970 millia.
934 1915 998 1969 Et
1031 1915 1171 1985 quia
1199 1931 1313 1970 non
1333 1918 1422 1969 est
1452 1916 1711 1986 positum
1733 1914 1896 1969 cubi-

234 2008 438 2060 torum
471 2003 597 2059 sive
627 2004 840 2075 pedum
871 2007 973 2059 aut
1001 2002 1303 2070 ulnarum,
1338 2003 1692 2077 subintelligi
1725 2005 1898 2059 datur

238 2077 583 2165 signiﬁcare
621 2092 911 2147 calamum
943 2091 1043 2163 qui
1070 2095 1195 2147 erat
1216 2092 1275 2146 in
1297 2108 1473 2147 manu
1501 2092 1698 2158 viri,et
1729 2093 1900 2148 habe-

236 2182 340 2237 bat
380 2197 677 2236 mensurae
707 2197 805 2235 sex
848 2180 1096 2245 cubitos,
1127 2184 1183 2234 et
1211 2179 1429 2235 sexiam
1462 2185 1685 2252 partem
1720 2181 1898 2237 unius

238 2269 455 2333 cubiti,
486 2270 549 2323 id
581 2273 689 2334 est,
718 2265 1045 2336 παλαιστήν.
1077 2267 1339 2341 Diligens
1385 2273 1665 2341 supputet
1695 2269 1895 2339 lector,

238 2364 394 2430 quot
416 2358 632 2414 calami
648 2357 806 2413 mille
824 2374 1033 2430 passus
1057 2358 1289 2424 faciant,
1308 2362 1364 2413 et
1376 2374 1552 2428 quam
1567 2358 1754 2414 multa
1774 2358 1901 2413 mil-

232 2447 321 2503 lia
351 2448 419 2502 in
464 2447 831 2519 longitudine
861 2446 1053 2517 fuerit,
1087 2450 1143 2501 et
1173 2446 1499 2501 latitudine.
1534 2451 1672 2502 Post
1721 2464 1896 2518 quam

233 2536 738 2609 descriptionem,
769 2551 973 2591 rursus
1011 2535 1291 2607 praecipit,
1327 2541 1390 2590 ut
1437 2535 1507 2590 de
1539 2536 1900 2591 sanctiﬁcata

230 2631 429 2691 terra,
456 2642 588 2697 quae
610 2623 793 2680 electa
814 2628 903 2680 est
930 2640 997 2680 ex
1016 2623 1293 2678 omnibus
1325 2623 1596 2678 tribubus
1619 2622 1816 2693 Israel,
1840 2625 1899 2679 id

229 2713 574 2786 est,viginti
603 2712 860 2784 quinque
882 2712 1131 2767 millium
1163 2711 1523 2767 calamorum
1556 2711 1611 2767 in
1645 2711 1900 2784 longitu-

230 2804 407 2869 dine,
443 2808 501 2858 et
550 2803 747 2857 decem
796 2800 1045 2856 millium
1076 2801 1136 2855 in
1184 2800 1517 2868 latitudine,
1549 2800 1798 2873 eligatur
1828 2804 1898 2857 ad

228 2892 667 2950 aediﬁcandum
691 2889 1183 2958 sanctuarium,id
1216 2894 1304 2945 est
1336 2889 1621 2961 templum
1650 2891 1898 2960 Domini,

226 2982 357 3038 alia
380 2981 750 3036 intrinsecus
771 2983 926 3034 terra
941 2979 1393 3051 quingentorum
1417 2977 1776 3034 calamorum
1799 2996 1903 3051 per

225 3070 594 3139 circuitum,
627 3069 779 3126 558
809 3069 917 3124 hoc
947 3071 1056 3136 est,
1078 3070 1260 3123 duum
1292 3066 1654 3122 millium.Et
1685 3084 1755 3123 ne
1789 3069 1900 3123 for-

221 3161 407 3216 sitan
444 3157 685 3212 aediﬁcio
715 3155 1090 3228 templizaades
1108 3155 1232 3210 aliae
1257 3156 1669 3227 jungerentur,
1703 3156 1900 3229 praeci-

224 3251 323 3322 pit
360 3251 441 3302 ut
468 3221 894 3318 quinquaginta
923 3221 1136 3300 cubitis
1167 3221 1279 3317 per
1299 3221 1607 3300 circuitum
1638 3221 1794 3301 terra
1824 3245 1901 3301 sit
1933 3221 1976 3288 (ἶ

222 3352 444 3393 vacua
470 3336 534 3389 in
556 3335 920 3390 suburbana:
947 3333 1035 3389 vel
1061 3336 1126 3388 ut
1154 3333 1543 3405 Symmachus
1564 3338 1621 3389 et
1638 3335 1898 3397 Theodo-

224 3426 318 3482 tio
343 3430 419 3480 et.
440 3423 580 3478 LXX
599 3423 1039 3492 transtulerunt,
1062 3421 1121 3476 in
1147 3421 1485 3489 terminum,
1509 3426 1565 3478 et
1580 3424 1897 3495 separatio-

226 3530 389 3572 nem
427 3518 485 3567 et
514 3512 787 3583 spatium.
805 3514 923 3567 Hac
943 3510 1328 3582 descriptione
1357 3509 1542 3589 ﬁnita,
1569 3509 1684 3566 alia
1712 3527 1782 3566 ex
1810 3511 1900 3566 in-

222 3608 425 3675 tegro
438 3597 1252 3672 separandaesanctificationis
1266 3613 1472 3653 mensu
1480 3599 1899 3670 raprascipitur,

229 3689 535 3762 utviginti
557 3686 1057 3760 quinquemillium
1074 3686 1433 3742 calamorum
1447 3686 1897 3759 inlongitudine,

226 3788 289 3837 et
314 3777 643 3833 latitudine
666 3778 866 3833 decem
889 3775 1165 3843 millium,
1188 3779 1321 3847 post
1349 3775 1708 3847 superiorem
1734 3792 1902 3831 men—

226 3882 469 3925 suram
498 3870 645 3920 terra
685 3864 798 3920 alia
831 3866 1125 3930 metiatur,
1160 3864 1220 3919 in
1252 3880 1366 3933 qua
1413 3880 1786 3936 nequaquam
1828 3864 1904 3919 sit

228 3952 576 4024 templum,
604 3953 657 4008 id
680 3957 769 4008 est
788 3958 1080 4023 sanctum,
1101 3952 1199 4007 sed
1219 3957 1490 4008 sanctum
1514 3956 1904 4023 sanctumque

227 4045 622 4108 sanctorum,
656 4046 713 4097 et
739 4042 1004 4097 habitent
1032 4041 1090 4095 in
1122 4057 1189 4096 ea
1218 4042 1571 4107 sacerdotes,
1604 4041 1705 4112 qui
1739 4056 1904 4095 acce-

229 4134 427 4190 dunt
469 4129 535 4184 ad
577 4129 962 4186 ministerium
1010 4129 1263 4185 Domini.
1296 4130 1571 4185 Habitent
1609 4134 1805 4185 autem
1838 4145 1904 4184 eo

230 4229 554 4290 tempore,
594 4219 824 4290 quando
871 4217 1212 4274 sacerdatoli
1244 4218 1570 4290 funguntur
1594 4217 1806 4287 ofﬁcio,
1850 4221 1940 4281 et,

230 4312 321 4367 sit
338 4306 1151 4380 ipsa,utdiximus,possessio
1163 4307 1636 4379 vigintiquinque
1650 4306 1904 4361 millium

229 4399 624 4457 calamorum
640 4394 1099 4468 inlongitudine,
1116 4399 1173 4450 et
1193 4396 1393 4451 decem
1418 4394 1670 4449 millium
1702 4395 1761 4449 in
1782 4395 1909 4449 lati-

234 4487 495 4545 tudine.
522 4488 691 4540 Porro
720 4483 942 4553 Levites,
975 4483 1077 4555 qui
1119 4483 1520 4539 sacerdotibus
1546 4483 1827 4549 serviunt,
1851 4487 1908 4538 et

235 4576 490 4633 habent
512 4573 737 4645 propria
757 4571 1401 4644 ministeria,accipient
1420 4572 1613 4627 locum
1638 4572 1709 4626 ad
1733 4572 1908 4626 aediﬁ-
1936 4584 1982 4648 D

236 4662 464 4721 cauda
489 4660 689 4733 viginti
716 4661 1107 4731 gamphylacia
1127 4661 1313 4731 ;juxta
1339 4660 1611 4732 Aquilam
1641 4659 1905 4719 exedras;

225 4757 437 4827 juxta
460 4750 868 4821 Symmachum
897 4750 1170 4804 thalamos
1187 4765 1208 4810 ,'
1230 4749 1400 4820 juxta
1428 4748 1904 4815 Theodotionem,

226 4855 510 4915 gamus,
541 4840 659 4893 sive
707 4842 770 4893 ut
805 4838 941 4892 LXX
984 4836 1434 4905 transtulerunt,
1465 4839 1764 4893 civitatem.
1797 4841 1907 4890 Per

227 4929 425 5005 quod
451 4926 852 4998 intelligimus,
882 4930 1216 4998 separatum
1264 4927 1579 4998 quemdam
1606 4926 1799 4982 locum
1833 4926 1902 4980 ad

229 5018 687 5077 habitationem
704 5015 1050 5085 Levitarum,
1068 5014 1230 5071 urbis
1254 5015 1532 5071 vocabulo
1556 5015 1906 5086 nuncupari,

227 5109 353 5183 qui
392 5104 559 5161 locus
578 5104 836 5177 quinque
857 5103 1043 5159 millia
1070 5104 1284 5160 habeat
1303 5103 1662 5160 calamorum
1693 5105 1751 5158 in
1777 5102 1906 5158 lati-

228 5194 555 5260 tudine,et
578 5192 782 5264 viginti
811 5191 1065 5262 quinque
1088 5190 1274 5247 millia
1292 5190 1352 5247 in
1382 5191 1909 5264 longitudineHaec

235 5290 467 5344 autem
496 5282 711 5348 omnia,
733 5280 791 5335 id
820 5284 926 5347 est,
959 5280 1381 5347 sanctuarium,
1406 5286 1462 5337 et
1492 5281 1740 5336 alterum
1774 5296 1908 5334 san-

234 5371 583 5437 ctuarium,
597 5374 984 5440 sanctumque
1002 5373 1361 5437 sanctorum,
1379 5374 1437 5424 et
1457 5367 1795 5424 habitacula
1814 5384 1908 5422 sa-

232 5462 593 5526 cerdotum,
616 5463 673 5514 et
702 5458 912 5513 domus
944 5456 1293 5524 Levitarum,
1321 5458 1420 5528 qui
1445 5456 1782 5512 ministrant
1810 5474 1908 5511 sa-

822 356 1563 426 GOMMENTARIORUM
1610 357 1689 419 IN
1735 349 2234 417 EZEGHIELEM
2282 354 2428 421 LIB.
2474 348 2639 420 XIII.
2684 352 2858 419 CAP.
2901 354 3087 421 XLV.

3530 358 3652 422 446

2002 490 2356 555 cerdotibus,
2386 490 2752 561 appellantur
2772 489 2898 545 loca
2928 494 3199 563 separata
3225 496 3283 550 et
3311 496 3651 552 consecrata

2000 578 2058 633 in
2084 578 2496 642 ministerium,
2519 582 2575 633 et
2598 578 2651 631 in
2678 578 3201 637 sanctiﬁcationem
3224 582 3427 639 domui
3449 583 3647 640 Israel.

2003 668 2139 723 Post
2159 666 2603 740 quadruplicem
2621 672 2788 724 terrae
2819 674 3031 725 sanctae
3058 671 3531 744 descriptionem,
3555 692 3655 747 po-

2002 758 2162 813 nitur
2189 756 2390 828 quinta
2412 757 2641 813 divisio.
2668 758 2961 832 Princeps,
2988 759 3106 816 sive
3137 762 3255 817 dux
3276 763 3476 835 populi
3501 765 3650 820 acci-

2002 848 2125 920 piat
2153 847 2291 903 binc
2321 851 2379 903 et
2408 848 2563 912 inde,
2582 847 2691 903 hoc
2719 852 2826 916 est,
2847 865 2914 904 ex
2936 853 3181 922 utraque
3203 856 3364 923 parte
3386 857 3655 910 sanctua-

2004 936 2073 991 rii
2104 937 2164 991 in
2189 937 2621 1009 possessionem
2658 954 2847 1003 suam,
2873 942 2931 993 et
2960 938 3019 993 in
3052 940 3194 995 urbe
3221 944 3485 997 versetur
3517 958 3530 996 :
3565 960 3653 998 re—

2004 1026 2328 1098 spiciatquc
2360 1026 2489 1097 ejus
2521 1027 2816 1099 possessio
2848 1028 2917 1082 ad
2952 1032 3289 1099 separatum
3321 1030 3539 1103 templo
3569 1030 3653 1086 lo-

2004 1131 2160 1181 cum,
2185 1115 2471 1171 etfaciem
2489 1115 2654 1171 urbis
2678 1135 2690 1172 :
2716 1116 2909 1187 sitque
2934 1133 2968 1171 a
2989 1115 3167 1172 latere
3188 1120 3389 1186 maris,
3414 1121 3521 1175 hoc
3543 1125 3654 1188 est,

2004 1205 2075 1260 ab
2102 1204 2429 1271 Occidente,
2454 1221 2643 1276 usque
2674 1205 2745 1260 ad
2775 1206 3020 1261 alterum
3052 1207 3207 1263 latus
3228 1209 3429 1276 maris,
3455 1208 3654 1264 latitu-

2004 1295 2199 1349 dinem
2232 1294 2473 1357 habens,
2507 1310 2683 1365 quam
2707 1294 2950 1352 inferius
2982 1297 3040 1350 in
3072 1297 3523 1369 descriptionem
3549 1299 3652 1353 tri-

2004 1383 2190 1438 buum
2221 1382 2588 1454 singularum
2620 1383 2906 1455 propheta
2933 1385 3230 1440 describit.
3265 1387 3528 1459 Denique
3559 1406 3655 1444 se-

2005 1473 2250 1544 quitur:
2286 1474 2345 1527 In
2399 1472 2741 1543 longitudine
2781 1477 2962 1528 autem
3001 1476 3169 1545 juxta
3218 1491 3661 1549 unamquamque

2005 1563 2158 1620 559
2179 1567 2418 1632 partem,
2435 1578 2600 1632 quam
2610 1562 2852 1634 singulae
2869 1564 3046 1617 tribus
3063 1565 3361 1635 accipiunt,
3377 1582 3410 1620 a
3424 1568 3659 1622 termino

2008 1650 2365 1719 Occidentali,
2389 1650 2446 1704 id
2469 1653 2576 1719 est,
2598 1650 2802 1718 maris,
2822 1667 3010 1722 usque
3032 1652 3100 1706 ad
3125 1653 3442 1709 terminum
3456 1654 3657 1710 Orien-

2005 1739 2203 1805 talem,
2229 1738 2327 1810 qui
2360 1738 2459 1794 ubi
2491 1739 2748 1806 ﬁniatur,
2774 1738 2833 1794 in
2863 1739 3127 1795 tribuum
3149 1742 3542 1814 descriptione
3559 1760 3657 1800 no-

2006 1844 2259 1883 scamus.
2293 1828 2362 1882 Et
2389 1827 2512 1883 Ι]ωο
2541 1827 2651 1882 erit
2679 1828 2973 1899 possessio
3003 1828 3190 1894 ducis,
3223 1830 3343 1886 sive
3370 1831 3657 1904 principis

2006 1916 2065 1971 in
2096 1919 2252 1971 terra
2282 1914 2480 1971 Israel.
2514 1915 2644 1971 Haec
2673 1916 2911 1971 interim
2942 1917 3097 1973 dicta
3146 1918 3285 1984 sint,
3318 1923 3383 1974 ut
3411 1919 3661 1992 simplex

2006 2003 2263 2062 historiae
2316 2020 2508 2060 sermo
2553 2009 2848 2085 noscatur.
2881 2006 3164 2062 Caeterum
3213 2008 3262 2063 si
3301 2008 3661 2065 voluerimus

2006 2110 2343 2166 comparare
2374 2092 2782 2165 spiritualibus
2812 2094 3165 2167 spiritualia,
3196 2100 3254 2152 et
3284 2098 3446 2167 iuxta
3477 2115 3661 2169 quos-

2008 2184 2143 2238 dam
2165 2182 2509 2254 iuterpretes
2532 2183 2603 2237 ad
2617 2182 2824 2239 altiora
2844 2185 3254 2254 conscendere,
3272 2187 3374 2258 qui
3390 2193 3666 2243 asserunt

2008 2271 2259 2343 ﬁguram
2278 2270 2612 2326 futurorum
2629 2287 2759 2327 esse
2781 2272 3111 2343 praesentia,
3133 2278 3190 2329 et
3211 2275 3412 2331 omnia
3437 2292 3564 2348 qum
3583 2276 3663 2332 di-

2009 2363 2223 2415 cuntur
2251 2359 2540 2430 pertinere
2588 2360 2659 2414 ad
2694 2358 2987 2415 caelestem
3033 2361 3382 2428 Jerusalem,
3419 2380 3546 2436 quat
3577 2369 3666 2421 est

2009 2452 2197 2503 mater
2208 2447 2474 2503 omnium
2487 2452 2775 2514 nostrum,
2792 2452 2849 2503 et
2869 2447 3189 2505 Ecclesiam
3205 2452 3662 2523 primitivorum,

2010 2553 2124 2592 non
2157 2536 2397 2608 quidem
2430 2535 2670 2591 difficile
2702 2535 2811 2591 erit
2841 2536 3035 2592 dicere
3074 2554 3201 2609 quae
3236 2540 3390 2595 dicta
3421 2546 3562 2597 sunt
3591 2544 3664 2598 ab

2010 2625 2175 2681 aliis:
2198 2625 2299 2679 sed
2329 2640 2598 2680 veremur
2618 2641 2689 2680 ne
2710 2623 3055 2695 hujusmodi
3077 2627 3499 2698 expositionem
3523 2646 3661 2702 pru-

2009 2715 2156 2770 dens
2178 2713 2359 2769 lector
2398 2730 2772 2785 nequaquam
2805 2713 3067 2785 recipiat.
3097 2714 3261 2770 Unde
3299 2717 3370 2772 ad
3407 2734 3726 2789 praesens»
3764 2771 3767 2773 ι

2009 2804 2325 2873 tempus,et
2338 2801 2410 2856 ad
2428 2799 2744 2856 Ecclesiam
2770 2816 2897 2871 qua:
2916 2817 3073 2855 nunc
3094 2801 3394 2857 laboratin
3417 2806 3664 2871 mundo,

2009 2894 2066 2945 et
2096 2891 2167 2944 ad
2191 2888 2445 2944 coelestia
2472 2889 2555 2944 ire
2579 2888 2845 2956 festinat,
2868 2889 3170 2944 referenda
3193 2894 3333 2945 sunt
3354 2892 3573 2961 omnia,
3600 2897 3666 2949 ut

2010 2979 2082 3033 de
2111 2976 2382 3033 universo
2432 2979 2658 3033 mundo
2690 2977 2985 3050 eligantur
3013 2977 3110 3033 alii
3139 2978 3200 3033 in
3230 2981 3667 3051 possessionem

2010 3067 2134 3134 Dei,
2150 3067 2246 3137 qui
2262 3070 2533 3122 sanctum
2554 3066 2926 3138 possideantf;
2952 3065 3072 3131 alii,
3089 3067 3187 3139 qui
3202 3068 3273 3123 ad
3291 3069 3515 3140 majora
3536 3088 3667 3143 pro-

2012 3155 2272 3221 fecerint,
2319 3159 2555 3211 teneant
2600 3160 2805 3211 sancta
2858 3160 3219 3212 sanctorum.
3264 3157 3325 3212 In
3378 3158 3670 3216 ministris

2014 3260 2247 3317 quoque
2276 3245 2418 3299 ordo
2449 3244 2713 3301 diversus
2735 3249 2823 3300 est
2851 3245 3222 3301 sacerdotum
3254 3250 3312 3301 et
3335 3246 3663 3304 Levitarum

2005 3349 2256 3405 quorum
2282 3332 2381 3390 alii
2393 3333 2753 3390 orationibus
2774 3333 2900 3389 suis
2923 3337 3095 3405 atque
3113 3334 3430 3391 virtutibus
3461 3336 3662 3407 quoti-

2008 3422 2101 3478 die
2115 3422 2403 3478 sacriﬁcia
2420 3424 2673 3478 offerunt
2695 3422 2843 3489 Deo;
2866 3421 2958 3477 alii
2984 3423 3043 3477 in
3067 3423 3345 3488 secundo,
3368 3426 3427 3477 et
3446 3424 3661 3479 minori

2009 3511 2193 3584 gradu
2227 3515 2385 3578 sunt,
2413 3515 2479 3566 ut
2507 3511 2593 3567 eis
2612 3510 2974 3581 ministrent,
2997 3514 3054 3565 et
3083 3527 3187 3582 per
3204 3526 3306 3566 eos
3333 3510 3435 3582 qui
3458 3512 3530 3566 ad
3555 3512 3665 3567 vir-

2009 3606 2205 3655 tutum
2252 3600 2509 3655 culmina
2549 3599 3037 3668 conscenderunt,
3062 3602 3119 3654 et
3135 3600 3205 3653 ad
3231 3602 3557 3655 extremum
3588 3600 3666 3655 sit

2011 3689 2129 3744 dux
2150 3687 2269 3744 sive
2289 3687 2583 3760 princeps,
2600 3687 2700 3759 qui
2716 3691 2946 3742 tantum
2962 3686 3170 3757 possit,
3187 3689 3250 3741 ut
3262 3690 3466 3742 contra
3484 3704 3664 3743 unam

2012 3777 2233 3831 tribum
2264 3775 2694 3847 possessionem
2746 3774 3027 3844 accipiat;
3064 3774 3358 3845 uniusque
3388 3774 3663 3830 meritum

2015 3868 2350 3934 compensat
2369 3864 2577 3917 merita
2596 3862 3011 3935 plurimorum,
3032 3865 3089 3917 et
3104 3862 3361 3934 primum
3379 3862 3522 3917 dum
3539 3880 3664 3919 ver-

2014 3958 2179 4009 satur
2208 3953 2268 4006 in
2296 3951 2527 4020 smeulo,
2549 3951 2618 4005 de
2637 3950 2781 4005 mari
2802 3966 2991 4021 usque
3013 3951 3086 4005 ad
3107 3966 3267 4005 mare
3292 3949 3664 4007 latitudinem

2014 4040 2341 4113 possideat,
2374 4038 2583 4094 deinde
2615 4037 2686 4093 ab
2712 4037 3046 4103 Occidente,
3081 4036 3201 4091 sive
3231 4053 3265 4091 a
3296 4038 3445 4093 mari
3481 4054 3668 4110 usque

2015 4130 2087 4185 ad
2116 4128 2432 4195 Orientem,
2467 4130 2528 4181 ut
2558 4124 2867 4197 praesentia
2898 4123 3327 4196 derelinquens,
3358 4127 3430 4182 ad
3464 4126 3666 4183 futura

2015 4217 2273 4285 festinet,
2303 4220 2360 4271 et
2388 4215 2600 4271 habeat
2651 4218 2868 4269 certam
2900 4214 3334 4286 possessionem
3389 4231 3582 4282 suam,
3613 4220 3671 4271 et

2016 4320 2392 4377 nequaquam
2414 4303 2707 4376 principes
2729 4301 2921 4358 aliena
2940 4302 3293 4374 desiderent,
3313 4307 3370 4359 et
3391 4320 3666 4373 unaquae-

2017 4410 2128 4465 que
2156 4395 2348 4449 tribus
2378 4408 2547 4449 suam
2599 4395 2823 4463 partem
2854 4394 3050 4446 teneat
3084 4408 3096 4446 :
3131 4392 3286 4462 quod
3333 4391 3565 4463 proprie
3596 4394 3666 4447 ad

2019 4484 2325 4555 episcopos
2346 4485 2404 4537 et
2421 4482 2814 4553 Presbyteros,
2836 4480 3036 4536 referri
3063 4479 3499 4550 potest,quibus
3523 4479 3667 4535 dici-

2012 4577 2201 4640 tur,ut
2212 4588 2327 4627 non
2342 4574 2567 4626 vastent
2580 4573 2753 4640 atque
2774 4567 3206 4640 depopulentur
3220 4566 3370 4622 ultra
3384 4566 3667 4639 populum

2015 4660 2137 4730 Dei,
2172 4677 2277 4715 nec
2306 4664 2522 4716 terram
2558 4657 2733 4713 Israel
2779 4654 3115 4711 haereditate
3145 4655 3487 4725 possideant
3518 4672 3531 4710 :
3566 4655 3668 4710 sed

2016 4747 2425 4820 unusquisque
2444 4746 2653 4801 habeat
2670 4743 3102 4816 possessionem
3123 4759 3291 4799 suam
3318 4759 3445 4814 qua:
3458 4742 3668 4813 gradui

2016 4836 2175 4891 illius
2188 4834 2626 4890 constitutaest.
2646 4831 2868 4903 Viginti
2887 4829 3145 4902 quinque
3164 4835 3364 4886 autem
3389 4828 3573 4885 millia
3585 4846 3668 4884 re-

2017 4925 2284 4981 feruntur
2312 4922 2384 4976 ad
2417 4938 2648 4986 sensus,
2684 4936 2811 4991 quas
2842 4923 3050 4990 quater
3080 4919 3270 4989 posita
3299 4922 3459 4973 sunt.
3494 4917 3668 4974 Porro

2018 5013 2218 5069 decem
2248 5009 2437 5066 millia
2486 5009 2557 5064 ad
2589 5008 2907 5079 perfectam
2941 5005 3268 5073 scientiam,
3303 5009 3369 5060 ut
3398 5005 3457 5060 in
3488 5005 3668 5063 altero

2017 5099 2265 5172 simplex
2288 5102 2515 5153 tantum
2536 5100 2803 5152 teneatur
2826 5093 3089 5159 historia,
3109 5093 3164 5148 in
3194 5092 3376 5149 altero
3397 5093 3573 5149 etiam
3594 5095 3666 5150 de

2018 5187 2329 5260 theologia,
2362 5198 2419 5242 et
2447 5184 2718 5256 supernis
2746 5181 3061 5237 virtutibus
3100 5181 3433 5253 disputetur
3465 5200 3478 5237 :
3510 5183 3666 5240 560

2018 5277 2157 5351 quia
2176 5274 2520 5333 decenarius
2542 5273 2834 5345 perfectus
2846 5276 2935 5326 est
2951 5269 3409 5326 numerus.lllud
3437 5285 3670 5342 quoque

2017 5365 2531 5428 considerandum,
2556 5361 2712 5433 quod
2735 5359 3092 5420 sacerdotes.
3108 5358 3209 5429 qui
3230 5358 3289 5413 in
3312 5358 3519 5430 majori
3542 5374 3673 5430 gra-

2017 5456 2096 5512 du
2121 5457 2262 5510 sunt
2282 5432 2606 5518 constituti,
2621 5448 2827 5521 viginti
2850 5446 3111 5518 quinque
3130 5446 3316 5502 millia
3332 5432 3693 5518 possideant

328 5602 417 5674 (a)
446 5599 759 5674 Victorips,
790 5600 921 5653 hinc
949 5605 1001 5654 et
1028 5598 1154 5654 inde
1181 5600 1243 5653 in
1270 5599 1690 5674 sepgrationem,
1724 5598 1805 5655 vel
1832 5599 2113 5670 primitias
2142 5594 2469 5663 sanctuarii,
2500 5600 2550 5648 et
2580 5594 2641 5646 in
2664 5590 3072 5662 possessionem,
3104 5594 3239 5656 etc.,
3262 5588 3431 5660 juxta
3446 5585 3670 5661 Vulga-

236 5670 415 5745 tain,
451 5676 626 5745 atque
657 5672 955 5727 Hebraeum
981 5674 1229 5740 textum,
1261 5670 1630 5727 etGrazcum.
