  <div class='ocr_page' id='page_1' title='image "/cluster/home/n/w/nwhite01/storage/ocr_20150623/25/hvd.32044096580493/229.png"; bbox 0 0 3944 6178; ppageno 0'>
   <div class='ocr_carea' id='block_1_1' title="bbox 387 301 508 379">
    <p class='ocr_par' dir='ltr' id='par_1_1' title="bbox 387 301 508 379">
     <span class='ocr_line' id='line_1_1' title="bbox 387 301 508 379; baseline -0.025 -10"><span class='ocrx_word' id='word_1_1' title='bbox 387 301 508 379; x_wconf 63' lang='grc'><strong>447</strong></span> 
     </span>
    </p>
   </div>
   <div class='ocr_carea' id='block_1_2' title="bbox 1657 302 2572 374">
    <p class='ocr_par' dir='ltr' id='par_1_2' title="bbox 1657 302 2572 374">
     <span class='ocr_line' id='line_1_2' title="bbox 1657 302 2572 374; baseline 0.008 -6"><span class='ocrx_word' id='word_1_2' title='bbox 1657 304 1725 368; x_wconf 91' lang='lat' dir='ltr'>S.</span> <span class='ocrx_word' id='word_1_3' title='bbox 1772 302 2087 369; x_wconf 86' lang='lat' dir='ltr'>EUSEBII</span> <span class='ocrx_word' id='word_1_4' title='bbox 2129 307 2572 374; x_wconf 82' lang='lat' dir='ltr'>HIERONYMI</span> 
     </span>
    </p>
   </div>
   <div class='ocr_carea' id='block_1_3' title="bbox 3672 315 3788 393">
    <p class='ocr_par' dir='ltr' id='par_1_3' title="bbox 3672 315 3788 393">
     <span class='ocr_line' id='line_1_3' title="bbox 3672 315 3788 393; baseline 0 -4"><span class='ocrx_word' id='word_1_5' title='bbox 3672 315 3788 393; x_wconf 66' lang='lat' dir='ltr'>M8</span> 
     </span>
    </p>
   </div>
   <div class='ocr_carea' id='block_1_4' title="bbox 390 432 3787 529">
    <p class='ocr_par' dir='ltr' id='par_1_4' title="bbox 390 432 3787 529">
     <span class='ocr_line' id='line_1_4' title="bbox 390 432 3787 529; baseline 0.006 -38"><span class='ocrx_word' id='word_1_6' title='bbox 390 433 452 499; x_wconf 82' lang='lat' dir='ltr'>in</span> <span class='ocrx_word' id='word_1_7' title='bbox 480 432 942 529; x_wconf 80' lang='lat' dir='ltr'>longitudine,et</span> <span class='ocrx_word' id='word_1_8' title='bbox 970 437 1167 496; x_wconf 87' lang='lat' dir='ltr'>decem</span> <span class='ocrx_word' id='word_1_9' title='bbox 1203 438 1385 495; x_wconf 81' lang='lat' dir='ltr'>millia</span> <span class='ocrx_word' id='word_1_10' title='bbox 1407 440 1462 494; x_wconf 93' lang='lat' dir='ltr'>in</span> <span class='ocrx_word' id='word_1_11' title='bbox 1488 439 1815 495; x_wconf 74' lang='lat' dir='ltr'>latitudine.</span> <span class='ocrx_word' id='word_1_12' title='bbox 1834 440 2035 495; x_wconf 68' lang='lat' dir='ltr'>Levita:</span> <span class='ocrx_word' id='word_1_13' title='bbox 2069 445 2122 508; x_wconf 83' lang='grc' dir='ltr'>Α</span> <span class='ocrx_word' id='word_1_14' title='bbox 2160 444 2319 515; x_wconf 89' lang='lat' dir='ltr'>plum</span> <span class='ocrx_word' id='word_1_15' title='bbox 2334 452 2450 501; x_wconf 89' lang='lat' dir='ltr'>est:</span> <span class='ocrx_word' id='word_1_16' title='bbox 2469 447 2710 505; x_wconf 81' lang='lat' dir='ltr'>Dimitte</span> <span class='ocrx_word' id='word_1_17' title='bbox 2730 449 3044 519; x_wconf 87' lang='lat' dir='ltr'>malum,et</span> <span class='ocrx_word' id='word_1_18' title='bbox 3062 453 3150 510; x_wconf 85' lang='lat' dir='ltr'>fac</span> <span class='ocrx_word' id='word_1_19' title='bbox 3165 453 3388 511; x_wconf 87' lang='lat' dir='ltr'>bonum</span> <span class='ocrx_word' id='word_1_20' title='bbox 3414 478 3428 520; x_wconf 84' lang='lat'><strong>;</strong></span> <span class='ocrx_word' id='word_1_21' title='bbox 3450 454 3787 529; x_wconf 83' lang='lat' dir='ltr'>econtrario,</span> 
     </span>
    </p>
   </div>
   <div class='ocr_carea' id='block_1_5' title="bbox 392 525 2034 601">
    <p class='ocr_par' dir='ltr' id='par_1_5' title="bbox 392 525 2034 601">
     <span class='ocr_line' id='line_1_5' title="bbox 392 525 2034 601; baseline -0.002 -19"><span class='ocrx_word' id='word_1_22' title='bbox 392 529 613 594; x_wconf 90' lang='lat' dir='ltr'>autem,</span> <span class='ocrx_word' id='word_1_23' title='bbox 638 525 693 580; x_wconf 88' lang='lat' dir='ltr'>id</span> <span class='ocrx_word' id='word_1_24' title='bbox 728 531 816 583; x_wconf 90' lang='lat' dir='ltr'>est</span> <span class='ocrx_word' id='word_1_25' title='bbox 844 527 1084 584; x_wconf 90' lang='lat' dir='ltr'>inferior</span> <span class='ocrx_word' id='word_1_26' title='bbox 1104 529 1341 601; x_wconf 84' lang='lat' dir='ltr'>gradus,</span> <span class='ocrx_word' id='word_1_27' title='bbox 1367 530 1634 584; x_wconf 76' lang='lat' dir='ltr'>eumdem</span> <span class='ocrx_word' id='word_1_28' title='bbox 1666 530 1899 598; x_wconf 70' lang='lat' dir='ltr'>quidem</span> <span class='ocrx_word' id='word_1_29' title='bbox 1930 546 2034 582; x_wconf 83' lang='lat' dir='ltr'>nn-</span> 
     </span>
    </p>
   </div>
   <div class='ocr_carea' id='block_1_6' title="bbox 393 614 2031 689">
    <p class='ocr_par' dir='ltr' id='par_1_6' title="bbox 393 614 2031 689">
     <span class='ocr_line' id='line_1_6' title="bbox 393 614 2031 689; baseline 0.002 -21"><span class='ocrx_word' id='word_1_30' title='bbox 393 630 619 670; x_wconf 90' lang='lat' dir='ltr'>merum</span> <span class='ocrx_word' id='word_1_31' title='bbox 646 614 857 671; x_wconf 81' lang='lat' dir='ltr'>habeat</span> <span class='ocrx_word' id='word_1_32' title='bbox 878 617 936 671; x_wconf 92' lang='lat' dir='ltr'>in</span> <span class='ocrx_word' id='word_1_33' title='bbox 968 617 1349 688; x_wconf 85' lang='lat' dir='ltr'>longitudine,</span> <span class='ocrx_word' id='word_1_34' title='bbox 1370 617 1478 673; x_wconf 91' lang='lat' dir='ltr'>hoc</span> <span class='ocrx_word' id='word_1_35' title='bbox 1504 622 1612 686; x_wconf 92' lang='lat' dir='ltr'>est,</span> <span class='ocrx_word' id='word_1_36' title='bbox 1630 617 1836 689; x_wconf 80' lang='lat' dir='ltr'>viginti</span> <span class='ocrx_word' id='word_1_37' title='bbox 1858 618 2031 689; x_wconf 91' lang='lat' dir='ltr'>quin-</span> 
     </span>
    </p>
   </div>
   <div class='ocr_carea' id='block_1_7' title="bbox 387 703 2031 778">
    <p class='ocr_par' dir='ltr' id='par_1_7' title="bbox 387 703 2031 778">
     <span class='ocr_line' id='line_1_7' title="bbox 387 703 2031 778; baseline 0.001 -20"><span class='ocrx_word' id='word_1_38' title='bbox 387 719 500 776; x_wconf 88' lang='lat' dir='ltr'>que</span> <span class='ocrx_word' id='word_1_39' title='bbox 531 703 715 758; x_wconf 76' lang='lat' dir='ltr'>millia</span> <span class='ocrx_word' id='word_1_40' title='bbox 747 721 759 758; x_wconf 93' lang='lat'>:</span> <span class='ocrx_word' id='word_1_41' title='bbox 790 705 889 761; x_wconf 89' lang='lat' dir='ltr'>sed</span> <span class='ocrx_word' id='word_1_42' title='bbox 925 704 1170 761; x_wconf 89' lang='lat' dir='ltr'>latitudo</span> <span class='ocrx_word' id='word_1_43' title='bbox 1193 707 1455 778; x_wconf 90' lang='lat' dir='ltr'>ipsorum</span> <span class='ocrx_word' id='word_1_44' title='bbox 1487 706 1758 776; x_wconf 88' lang='lat' dir='ltr'>quinario</span> <span class='ocrx_word' id='word_1_45' title='bbox 1788 722 2031 761; x_wconf 88' lang='lat' dir='ltr'>numero</span> 
     </span>
    </p>
   </div>
   <div class='ocr_carea' id='block_1_8' title="bbox 386 792 2026 866">
    <p class='ocr_par' dir='ltr' id='par_1_8' title="bbox 386 792 2026 866">
     <span class='ocr_line' id='line_1_8' title="bbox 386 792 2026 866; baseline 0.002 -20"><span class='ocrx_word' id='word_1_46' title='bbox 386 792 643 847; x_wconf 83' lang='lat' dir='ltr'>ﬁniatur.</span> <span class='ocrx_word' id='word_1_47' title='bbox 673 793 832 848; x_wconf 77' lang='lat' dir='ltr'>Unde</span> <span class='ocrx_word' id='word_1_48' title='bbox 849 800 905 848; x_wconf 87' lang='lat' dir='ltr'>et</span> <span class='ocrx_word' id='word_1_49' title='bbox 919 794 1070 865; x_wconf 88' lang='lat' dir='ltr'>vigin</span> <span class='ocrx_word' id='word_1_50' title='bbox 1083 795 1118 849; x_wconf 91' lang='lat' dir='ltr'>ti</span> <span class='ocrx_word' id='word_1_51' title='bbox 1136 801 1361 850; x_wconf 86' lang='lat' dir='ltr'>tantum</span> <span class='ocrx_word' id='word_1_52' title='bbox 1380 800 1575 850; x_wconf 85' lang='lat' dir='ltr'>tenent</span> <span class='ocrx_word' id='word_1_53' title='bbox 1588 794 2026 866; x_wconf 87' lang='lat' dir='ltr'>gazophylacia:</span> 
     </span>
    </p>
   </div>
   <div class='ocr_carea' id='block_1_9' title="bbox 382 880 2027 956">
    <p class='ocr_par' dir='ltr' id='par_1_9' title="bbox 382 880 2027 956">
     <span class='ocr_line' id='line_1_9' title="bbox 382 880 2027 956; baseline 0.002 -20"><span class='ocrx_word' id='word_1_54' title='bbox 382 880 442 936; x_wconf 90' lang='lat' dir='ltr'>in</span> <span class='ocrx_word' id='word_1_55' title='bbox 474 898 591 954; x_wconf 90' lang='lat' dir='ltr'>quo</span> <span class='ocrx_word' id='word_1_56' title='bbox 622 899 868 937; x_wconf 84' lang='lat' dir='ltr'>numero</span> <span class='ocrx_word' id='word_1_57' title='bbox 907 885 1231 940; x_wconf 75' lang='lat' dir='ltr'>offeruntur</span> <span class='ocrx_word' id='word_1_58' title='bbox 1269 902 1513 939; x_wconf 89' lang='lat' dir='ltr'>munera</span> <span class='ocrx_word' id='word_1_59' title='bbox 1546 885 1713 939; x_wconf 83' lang='lat' dir='ltr'>Esau.</span> <span class='ocrx_word' id='word_1_60' title='bbox 1752 884 2027 956; x_wconf 82' lang='lat' dir='ltr'>Princeps</span> 
     </span>
    </p>
   </div>
   <div class='ocr_carea' id='block_1_10' title="bbox 378 971 2028 1046">
    <p class='ocr_par' dir='ltr' id='par_1_10' title="bbox 378 971 2028 1046">
     <span class='ocr_line' id='line_1_10' title="bbox 378 971 2028 1046; baseline 0.001 -21"><span class='ocrx_word' id='word_1_61' title='bbox 378 986 513 1027; x_wconf 89' lang='lat' dir='ltr'>vero</span> <span class='ocrx_word' id='word_1_62' title='bbox 536 971 635 1043; x_wconf 89' lang='lat' dir='ltr'>qui</span> <span class='ocrx_word' id='word_1_63' title='bbox 671 988 800 1026; x_wconf 73' lang='lat' dir='ltr'>vere</span> <span class='ocrx_word' id='word_1_64' title='bbox 822 972 1091 1044; x_wconf 83' lang='lat' dir='ltr'>princeps</span> <span class='ocrx_word' id='word_1_65' title='bbox 1114 973 1170 1027; x_wconf 92' lang='lat' dir='ltr'>in</span> <span class='ocrx_word' id='word_1_66' title='bbox 1194 972 1407 1046; x_wconf 89' lang='lat' dir='ltr'>populo</span> <span class='ocrx_word' id='word_1_67' title='bbox 1429 976 1536 1038; x_wconf 92' lang='lat' dir='ltr'>est,</span> <span class='ocrx_word' id='word_1_68' title='bbox 1570 978 1627 1027; x_wconf 89' lang='lat' dir='ltr'>et</span> <span class='ocrx_word' id='word_1_69' title='bbox 1649 977 1906 1028; x_wconf 91' lang='lat' dir='ltr'>meretur</span> <span class='ocrx_word' id='word_1_70' title='bbox 1925 974 2028 1027; x_wconf 87' lang='lat' dir='ltr'>du-</span> 
     </span>
    </p>
   </div>
   <div class='ocr_carea' id='block_1_11' title="bbox 379 1060 2018 1133">
    <p class='ocr_par' dir='ltr' id='par_1_11' title="bbox 379 1060 2018 1133">
     <span class='ocr_line' id='line_1_11' title="bbox 379 1060 2018 1133; baseline 0.001 -18"><span class='ocrx_word' id='word_1_71' title='bbox 379 1060 462 1115; x_wconf 87' lang='lat' dir='ltr'>cis</span> <span class='ocrx_word' id='word_1_72' title='bbox 494 1077 707 1115; x_wconf 85' lang='lat' dir='ltr'>nomen</span> <span class='ocrx_word' id='word_1_73' title='bbox 733 1060 1014 1131; x_wconf 89' lang='lat' dir='ltr'>accipere,</span> <span class='ocrx_word' id='word_1_74' title='bbox 1038 1061 1176 1116; x_wconf 91' lang='lat' dir='ltr'>hinc</span> <span class='ocrx_word' id='word_1_75' title='bbox 1206 1062 1339 1117; x_wconf 90' lang='lat' dir='ltr'>inde</span> <span class='ocrx_word' id='word_1_76' title='bbox 1358 1061 1566 1133; x_wconf 90' lang='lat' dir='ltr'>accipit</span> <span class='ocrx_word' id='word_1_77' title='bbox 1587 1060 2018 1133; x_wconf 84' lang='lat' dir='ltr'>possessionem</span> 
     </span>
    </p>
   </div>
   <div class='ocr_carea' id='block_1_12' title="bbox 381 1140 2026 1222">
    <p class='ocr_par' dir='ltr' id='par_1_12' title="bbox 381 1140 2026 1222">
     <span class='ocr_line' id='line_1_12' title="bbox 381 1140 2026 1222; baseline 0.001 -18"><span class='ocrx_word' id='word_1_78' title='bbox 381 1148 700 1204; x_wconf 77' lang='lat' dir='ltr'>sanctuarii</span> <span class='ocrx_word' id='word_1_79' title='bbox 726 1166 738 1204; x_wconf 95' lang='lat'><strong>:</strong></span> <span class='ocrx_word' id='word_1_80' title='bbox 757 1165 823 1204; x_wconf 88' lang='lat' dir='ltr'>ex</span> <span class='ocrx_word' id='word_1_81' title='bbox 838 1140 1112 1205; x_wconf 84' lang='lat' dir='ltr'>omnibus</span> <span class='ocrx_word' id='word_1_82' title='bbox 1124 1150 1389 1205; x_wconf 89' lang='lat' dir='ltr'>videlicet</span> <span class='ocrx_word' id='word_1_83' title='bbox 1405 1150 1503 1222; x_wconf 85' lang='lat' dir='ltr'>qui</span> <span class='ocrx_word' id='word_1_84' title='bbox 1520 1150 1569 1204; x_wconf 91' lang='lat' dir='ltr'>ei</span> <span class='ocrx_word' id='word_1_85' title='bbox 1583 1150 1878 1204; x_wconf 79' lang='lat' dir='ltr'>voluntate</span> <span class='ocrx_word' id='word_1_86' title='bbox 1891 1151 2026 1206; x_wconf 87' lang='lat' dir='ltr'>sub-</span> 
     </span>
    </p>
   </div>
   <div class='ocr_carea' id='block_1_13' title="bbox 364 1237 2014 1310">
    <p class='ocr_par' dir='ltr' id='par_1_13' title="bbox 364 1237 2014 1310">
     <span class='ocr_line' id='line_1_13' title="bbox 364 1237 2014 1310; baseline 0.002 -19"><span class='ocrx_word' id='word_1_87' title='bbox 364 1237 509 1307; x_wconf 85' lang='lat' dir='ltr'>jecti</span> <span class='ocrx_word' id='word_1_88' title='bbox 541 1242 697 1300; x_wconf 89' lang='lat' dir='ltr'>sunt,</span> <span class='ocrx_word' id='word_1_89' title='bbox 732 1242 786 1292; x_wconf 91' lang='lat' dir='ltr'>et</span> <span class='ocrx_word' id='word_1_90' title='bbox 816 1238 976 1292; x_wconf 83' lang='lat' dir='ltr'>urbis</span> <span class='ocrx_word' id='word_1_91' title='bbox 1003 1238 1290 1294; x_wconf 82' lang='lat' dir='ltr'>habitator</span> <span class='ocrx_word' id='word_1_92' title='bbox 1319 1243 1424 1309; x_wconf 88' lang='lat' dir='ltr'>est,</span> <span class='ocrx_word' id='word_1_93' title='bbox 1450 1239 1886 1310; x_wconf 89' lang='lat' dir='ltr'>multorumque</span> <span class='ocrx_word' id='word_1_94' title='bbox 1917 1256 2014 1294; x_wconf 86' lang='lat' dir='ltr'>sa-</span> 
     </span>
    </p>
   </div>
   <div class='ocr_carea' id='block_1_14' title="bbox 372 1323 2020 1399">
    <p class='ocr_par' dir='ltr' id='par_1_14' title="bbox 372 1323 2020 1399">
     <span class='ocr_line' id='line_1_14' title="bbox 372 1323 2020 1399; baseline 0.002 -21"><span class='ocrx_word' id='word_1_95' title='bbox 372 1323 578 1391; x_wconf 90' lang='lat' dir='ltr'>lutem,</span> <span class='ocrx_word' id='word_1_96' title='bbox 609 1342 774 1380; x_wconf 74' lang='lat' dir='ltr'>suam</span> <span class='ocrx_word' id='word_1_97' title='bbox 799 1326 1122 1382; x_wconf 85' lang='lat' dir='ltr'>mercedem</span> <span class='ocrx_word' id='word_1_98' title='bbox 1149 1327 1302 1382; x_wconf 83' lang='lat' dir='ltr'>facit.</span> <span class='ocrx_word' id='word_1_99' title='bbox 1330 1328 1390 1381; x_wconf 86' lang='lat' dir='ltr'>ln</span> <span class='ocrx_word' id='word_1_100' title='bbox 1417 1327 1591 1399; x_wconf 87' lang='lat' dir='ltr'>priori</span> <span class='ocrx_word' id='word_1_101' title='bbox 1614 1326 2020 1399; x_wconf 88' lang='lat' dir='ltr'>templo,quod</span> 
     </span>
    </p>
   </div>
   <div class='ocr_carea' id='block_1_15' title="bbox 378 1413 2023 1489">
    <p class='ocr_par' dir='ltr' id='par_1_15' title="bbox 378 1413 2023 1489">
     <span class='ocr_line' id='line_1_15' title="bbox 378 1413 2023 1489; baseline 0.002 -22"><span class='ocrx_word' id='word_1_102' title='bbox 378 1413 595 1468; x_wconf 90' lang='lat' dir='ltr'>dicitur</span> <span class='ocrx_word' id='word_1_103' title='bbox 607 1416 1339 1488; x_wconf 79' lang='lat' dir='ltr'>sanctuarium,quingenti</span> <span class='ocrx_word' id='word_1_104' title='bbox 1354 1433 1457 1487; x_wconf 90' lang='lat' dir='ltr'>per</span> <span class='ocrx_word' id='word_1_105' title='bbox 1477 1415 1919 1489; x_wconf 71' lang='lat' dir='ltr'>singulalataara</span> <span class='ocrx_word' id='word_1_106' title='bbox 1934 1434 2023 1471; x_wconf 89' lang='lat' dir='ltr'>ca-</span> 
     </span>
    </p>
   </div>
   <div class='ocr_carea' id='block_1_16' title="bbox 371 1501 2015 1577">
    <p class='ocr_par' dir='ltr' id='par_1_16' title="bbox 371 1501 2015 1577">
     <span class='ocr_line' id='line_1_16' title="bbox 371 1501 2015 1577; baseline 0.002 -21"><span class='ocrx_word' id='word_1_107' title='bbox 371 1501 512 1557; x_wconf 92' lang='lat' dir='ltr'>lami</span> <span class='ocrx_word' id='word_1_108' title='bbox 544 1502 996 1560; x_wconf 78' lang='lat' dir='ltr'>describuntur:</span> <span class='ocrx_word' id='word_1_109' title='bbox 1024 1508 1079 1560; x_wconf 91' lang='lat' dir='ltr'>et</span> <span class='ocrx_word' id='word_1_110' title='bbox 1110 1522 1344 1560; x_wconf 87' lang='lat' dir='ltr'>rursum</span> <span class='ocrx_word' id='word_1_111' title='bbox 1369 1506 1793 1577; x_wconf 84' lang='lat' dir='ltr'>quinquaginta</span> <span class='ocrx_word' id='word_1_112' title='bbox 1813 1505 2015 1575; x_wconf 86' lang='lat' dir='ltr'>cubiti,</span> 
     </span>
    </p>
   </div>
   <div class='ocr_carea' id='block_1_17' title="bbox 370 1591 2022 1665">
    <p class='ocr_par' dir='ltr' id='par_1_17' title="bbox 370 1591 2022 1665">
     <span class='ocr_line' id='line_1_17' title="bbox 370 1591 2022 1665; baseline 0.001 -19"><span class='ocrx_word' id='word_1_113' title='bbox 370 1591 587 1663; x_wconf 88' lang='lat' dir='ltr'>quibus</span> <span class='ocrx_word' id='word_1_114' title='bbox 602 1592 793 1648; x_wconf 87' lang='lat' dir='ltr'>omnis</span> <span class='ocrx_word' id='word_1_115' title='bbox 816 1594 1187 1648; x_wconf 86' lang='lat' dir='ltr'>sacerdotum</span> <span class='ocrx_word' id='word_1_116' title='bbox 1210 1594 1500 1665; x_wconf 86' lang='lat' dir='ltr'>possessio</span> <span class='ocrx_word' id='word_1_117' title='bbox 1518 1595 1910 1665; x_wconf 88' lang='lat' dir='ltr'>separatur.ln</span> <span class='ocrx_word' id='word_1_118' title='bbox 1936 1610 2022 1648; x_wconf 90' lang='lat' dir='ltr'>se-</span> 
     </span>
    </p>
   </div>
   <div class='ocr_carea' id='block_1_18' title="bbox 367 1681 2014 1754">
    <p class='ocr_par' dir='ltr' id='par_1_18' title="bbox 367 1681 2014 1754">
     <span class='ocr_line' id='line_1_18' title="bbox 367 1681 2014 1754; baseline 0.001 -19"><span class='ocrx_word' id='word_1_119' title='bbox 367 1681 559 1736; x_wconf 90' lang='lat' dir='ltr'>cundo</span> <span class='ocrx_word' id='word_1_120' title='bbox 574 1687 769 1737; x_wconf 87' lang='lat' dir='ltr'>autem</span> <span class='ocrx_word' id='word_1_121' title='bbox 792 1683 1146 1750; x_wconf 88' lang='lat' dir='ltr'>sanctuario,</span> <span class='ocrx_word' id='word_1_122' title='bbox 1166 1682 1265 1737; x_wconf 93' lang='lat' dir='ltr'>ubi</span> <span class='ocrx_word' id='word_1_123' title='bbox 1284 1686 1421 1737; x_wconf 91' lang='lat' dir='ltr'>sunt</span> <span class='ocrx_word' id='word_1_124' title='bbox 1438 1688 1643 1738; x_wconf 88' lang='lat' dir='ltr'>sancta</span> <span class='ocrx_word' id='word_1_125' title='bbox 1656 1686 2014 1754; x_wconf 89' lang='lat' dir='ltr'>sanctorum,</span> 
     </span>
    </p>
   </div>
   <div class='ocr_carea' id='block_1_19' title="bbox 363 1767 2015 1843">
    <p class='ocr_par' dir='ltr' id='par_1_19' title="bbox 363 1767 2015 1843">
     <span class='ocr_line' id='line_1_19' title="bbox 363 1767 2015 1843; baseline 0.001 -20"><span class='ocrx_word' id='word_1_126' title='bbox 363 1767 610 1825; x_wconf 86' lang='lat' dir='ltr'>latitudo</span> <span class='ocrx_word' id='word_1_127' title='bbox 644 1770 843 1841; x_wconf 82' lang='lat' dir='ltr'>templi</span> <span class='ocrx_word' id='word_1_128' title='bbox 875 1774 931 1825; x_wconf 93' lang='lat' dir='ltr'>et</span> <span class='ocrx_word' id='word_1_129' title='bbox 962 1771 1217 1843; x_wconf 86' lang='lat' dir='ltr'>spatium</span> <span class='ocrx_word' id='word_1_130' title='bbox 1254 1787 1365 1825; x_wconf 91' lang='lat' dir='ltr'>non</span> <span class='ocrx_word' id='word_1_131' title='bbox 1401 1770 1772 1835; x_wconf 86' lang='lat' dir='ltr'>describitur,</span> <span class='ocrx_word' id='word_1_132' title='bbox 1795 1772 1894 1825; x_wconf 90' lang='lat' dir='ltr'>sed</span> <span class='ocrx_word' id='word_1_133' title='bbox 1927 1770 2015 1824; x_wconf 90' lang='lat' dir='ltr'>in-</span> 
     </span>
    </p>
   </div>
   <div class='ocr_carea' id='block_1_20' title="bbox 364 1857 2014 1930">
    <p class='ocr_par' dir='ltr' id='par_1_20' title="bbox 364 1857 2014 1930">
     <span class='ocr_line' id='line_1_20' title="bbox 364 1857 2014 1930; baseline 0.001 -18"><span class='ocrx_word' id='word_1_134' title='bbox 364 1862 559 1914; x_wconf 88' lang='lat' dir='ltr'>certus</span> <span class='ocrx_word' id='word_1_135' title='bbox 582 1875 864 1914; x_wconf 88' lang='lat' dir='ltr'>numerus</span> <span class='ocrx_word' id='word_1_136' title='bbox 895 1859 1181 1923; x_wconf 89' lang='lat' dir='ltr'>est.Quod</span> <span class='ocrx_word' id='word_1_137' title='bbox 1213 1858 1448 1929; x_wconf 89' lang='lat' dir='ltr'>quidem</span> <span class='ocrx_word' id='word_1_138' title='bbox 1477 1862 1533 1915; x_wconf 91' lang='lat' dir='ltr'>et</span> <span class='ocrx_word' id='word_1_139' title='bbox 1557 1858 1615 1913; x_wconf 92' lang='lat' dir='ltr'>in</span> <span class='ocrx_word' id='word_1_140' title='bbox 1644 1857 2014 1930; x_wconf 84' lang='lat' dir='ltr'>possessione</span> 
     </span>
    </p>
   </div>
   <div class='ocr_carea' id='block_1_21' title="bbox 363 1946 2014 2019">
    <p class='ocr_par' dir='ltr' id='par_1_21' title="bbox 363 1946 2014 2019">
     <span class='ocr_line' id='line_1_21' title="bbox 363 1946 2014 2019; baseline 0.002 -19"><span class='ocrx_word' id='word_1_141' title='bbox 363 1946 647 2019; x_wconf 89' lang='lat' dir='ltr'>principis</span> <span class='ocrx_word' id='word_1_142' title='bbox 681 1948 1151 2018; x_wconf 88' lang='lat' dir='ltr'>invenimus,qui</span> <span class='ocrx_word' id='word_1_143' title='bbox 1183 1947 1405 2018; x_wconf 88' lang='lat' dir='ltr'>absque</span> <span class='ocrx_word' id='word_1_144' title='bbox 1426 1946 1540 2003; x_wconf 92' lang='lat' dir='ltr'>ullo</span> <span class='ocrx_word' id='word_1_145' title='bbox 1573 1964 1815 2003; x_wconf 91' lang='lat' dir='ltr'>numero</span> <span class='ocrx_word' id='word_1_146' title='bbox 1836 1946 2014 2003; x_wconf 87' lang='lat' dir='ltr'>habet</span> 
     </span>
    </p>
   </div>
   <div class='ocr_carea' id='block_1_22' title="bbox 364 2034 2013 2108">
    <p class='ocr_par' dir='ltr' id='par_1_22' title="bbox 364 2034 2013 2108">
     <span class='ocr_line' id='line_1_22' title="bbox 364 2034 2013 2108; baseline 0.001 -18"><span class='ocrx_word' id='word_1_147' title='bbox 364 2034 797 2106; x_wconf 88' lang='lat' dir='ltr'>possessionem</span> <span class='ocrx_word' id='word_1_148' title='bbox 816 2037 876 2090; x_wconf 90' lang='lat' dir='ltr'>in</span> <span class='ocrx_word' id='word_1_149' title='bbox 891 2036 1104 2108; x_wconf 90' lang='lat' dir='ltr'>populo</span> <span class='ocrx_word' id='word_1_150' title='bbox 1117 2034 1464 2100; x_wconf 89' lang='lat' dir='ltr'>Israel,dum</span> <span class='ocrx_word' id='word_1_151' title='bbox 1482 2037 1771 2108; x_wconf 81' lang='lat' dir='ltr'>protectus</span> <span class='ocrx_word' id='word_1_152' title='bbox 1789 2036 2013 2092; x_wconf 84' lang='lat' dir='ltr'>univer-</span> 
     </span>
    </p>
   </div>
   <div class='ocr_carea' id='block_1_23' title="bbox 362 2121 2007 2196">
    <p class='ocr_par' dir='ltr' id='par_1_23' title="bbox 362 2121 2007 2196">
     <span class='ocr_line' id='line_1_23' title="bbox 362 2121 2007 2196; baseline 0.002 -20"><span class='ocrx_word' id='word_1_153' title='bbox 362 2137 561 2176; x_wconf 88' lang='lat' dir='ltr'>sorum</span> <span class='ocrx_word' id='word_1_154' title='bbox 578 2124 672 2175; x_wconf 83' lang='lat' dir='ltr'>red</span> <span class='ocrx_word' id='word_1_155' title='bbox 687 2122 870 2177; x_wconf 89' lang='lat' dir='ltr'>undat</span> <span class='ocrx_word' id='word_1_156' title='bbox 882 2125 951 2179; x_wconf 89' lang='lat' dir='ltr'>ad</span> <span class='ocrx_word' id='word_1_157' title='bbox 967 2121 1810 2196; x_wconf 81' lang='lat' dir='ltr'>principemzetdiscipulorum</span> <span class='ocrx_word' id='word_1_158' title='bbox 1826 2124 2007 2193; x_wconf 89' lang='lat' dir='ltr'>salus,</span> 
     </span>
    </p>
   </div>
   <div class='ocr_carea' id='block_1_24' title="bbox 363 2209 1260 2283">
    <p class='ocr_par' dir='ltr' id='par_1_24' title="bbox 363 2209 1260 2283">
     <span class='ocr_line' id='line_1_24' title="bbox 363 2209 1260 2283; baseline 0.006 -19"><span class='ocrx_word' id='word_1_159' title='bbox 363 2209 668 2281; x_wconf 62' lang='lat' dir='ltr'>prazmium</span> <span class='ocrx_word' id='word_1_160' title='bbox 702 2212 1120 2283; x_wconf 84' lang='lat' dir='ltr'>magistrorum</span> <span class='ocrx_word' id='word_1_161' title='bbox 1152 2218 1260 2269; x_wconf 90' lang='lat' dir='ltr'>est.</span> 
     </span>
    </p>
   </div>
   <div class='ocr_carea' id='block_1_25' title="bbox 433 2298 2007 2373">
    <p class='ocr_par' dir='ltr' id='par_1_25' title="bbox 433 2298 2007 2373">
     <span class='ocr_line' id='line_1_25' title="bbox 433 2298 2007 2373; baseline 0.001 -20"><span class='ocrx_word' id='word_1_162' title='bbox 433 2298 617 2371; x_wconf 90' lang='lat' dir='ltr'>(Vers.</span> <span class='ocrx_word' id='word_1_163' title='bbox 650 2299 727 2371; x_wconf 88' lang='lat'>9.)</span> <span class='ocrx_word' id='word_1_164' title='bbox 758 2300 886 2357; x_wconf 66' lang='lat' dir='ltr'>Haec</span> <span class='ocrx_word' id='word_1_165' title='bbox 931 2301 1064 2357; x_wconf 87' lang='lat' dir='ltr'>dicit</span> <span class='ocrx_word' id='word_1_166' title='bbox 1091 2307 1360 2359; x_wconf 76' lang='lat' dir='ltr'>Dominus</span> <span class='ocrx_word' id='word_1_167' title='bbox 1406 2306 1547 2360; x_wconf 83' lang='lat' dir='ltr'>Deus</span> <span class='ocrx_word' id='word_1_168' title='bbox 1577 2321 1595 2357; x_wconf 90' lang='lat'><em>:</em></span> <span class='ocrx_word' id='word_1_169' title='bbox 1625 2301 1874 2373; x_wconf 86' lang='lat' dir='ltr'>Su/ﬁciat</span> <span class='ocrx_word' id='word_1_170' title='bbox 1912 2318 2007 2356; x_wconf 87' lang='grc' dir='ltr'>υο-</span> 
     </span>
    </p>
   </div>
   <div class='ocr_carea' id='block_1_26' title="bbox 362 2388 2007 2464">
    <p class='ocr_par' dir='ltr' id='par_1_26' title="bbox 362 2388 2007 2464">
     <span class='ocr_line' id='line_1_26' title="bbox 362 2388 2007 2464; baseline 0.002 -21"><span class='ocrx_word' id='word_1_171' title='bbox 362 2389 462 2454; x_wconf 89' lang='lat' dir='ltr'>bis,</span> <span class='ocrx_word' id='word_1_172' title='bbox 490 2388 768 2460; x_wconf 71' lang='lat' dir='ltr'>principes</span> <span class='ocrx_word' id='word_1_173' title='bbox 797 2391 1008 2446; x_wconf 79' lang='lat' dir='ltr'>Israel:</span> <span class='ocrx_word' id='word_1_174' title='bbox 1031 2393 1380 2464; x_wconf 73' lang='lat' dir='ltr'>iniquitatem</span> <span class='ocrx_word' id='word_1_175' title='bbox 1408 2400 1458 2448; x_wconf 85' lang='lat' dir='ltr'>et</span> <span class='ocrx_word' id='word_1_176' title='bbox 1479 2393 1703 2464; x_wconf 82' lang='lat' dir='ltr'>rapinas</span> <span class='ocrx_word' id='word_1_177' title='bbox 1726 2392 2007 2447; x_wconf 84' lang='lat' dir='ltr'>intermit-</span> 
     </span>
    </p>
   </div>
   <div class='ocr_carea' id='block_1_27' title="bbox 359 2478 2009 2554">
    <p class='ocr_par' dir='ltr' id='par_1_27' title="bbox 359 2478 2009 2554">
     <span class='ocr_line' id='line_1_27' title="bbox 359 2478 2009 2554; baseline 0.001 -22"><span class='ocrx_word' id='word_1_178' title='bbox 359 2478 913 2549; x_wconf 68' lang='lat' dir='ltr'>tite,etjuilicium,el</span> <span class='ocrx_word' id='word_1_179' title='bbox 932 2482 1213 2553; x_wconf 73' lang='lat' dir='ltr'>justitiam</span> <span class='ocrx_word' id='word_1_180' title='bbox 1239 2484 1424 2552; x_wconf 81' lang='lat' dir='ltr'>facite,</span> <span class='ocrx_word' id='word_1_181' title='bbox 1440 2492 1489 2538; x_wconf 85' lang='lat' dir='ltr'>et</span> <span class='ocrx_word' id='word_1_182' title='bbox 1502 2490 1750 2554; x_wconf 82' lang='lat' dir='ltr'>separate</span> <span class='ocrx_word' id='word_1_183' title='bbox 1770 2480 2009 2549; x_wconf 82' lang='lat' dir='ltr'>conﬁnia</span> 
     </span>
    </p>
   </div>
   <div class='ocr_carea' id='block_1_28' title="bbox 357 2569 2009 2641">
    <p class='ocr_par' dir='ltr' id='par_1_28' title="bbox 357 2569 2009 2641">
     <span class='ocr_line' id='line_1_28' title="bbox 357 2569 2009 2641; baseline 0 -18"><span class='ocrx_word' id='word_1_184' title='bbox 357 2574 534 2623; x_wconf 84' lang='lat' dir='ltr'>vestra</span> <span class='ocrx_word' id='word_1_185' title='bbox 563 2584 593 2622; x_wconf 90' lang='lat' dir='ltr'>a</span> <span class='ocrx_word' id='word_1_186' title='bbox 643 2569 843 2639; x_wconf 77' lang='lat' dir='ltr'>populo</span> <span class='ocrx_word' id='word_1_187' title='bbox 873 2584 1010 2637; x_wconf 87' lang='lat' dir='ltr'>meo,</span> <span class='ocrx_word' id='word_1_188' title='bbox 1042 2574 1121 2625; x_wconf 87' lang='lat' dir='ltr'>ait</span> <span class='ocrx_word' id='word_1_189' title='bbox 1172 2572 1433 2627; x_wconf 84' lang='lat' dir='ltr'>Dominus</span> <span class='ocrx_word' id='word_1_190' title='bbox 1463 2573 1618 2626; x_wconf 87' lang='lat' dir='ltr'>Deus.</span> <span class='ocrx_word' id='word_1_191' title='bbox 1653 2571 1761 2625; x_wconf 92' lang='lat' dir='ltr'>Pro</span> <span class='ocrx_word' id='word_1_192' title='bbox 1792 2570 2009 2641; x_wconf 84' lang='lat' dir='ltr'>rapinis</span> 
     </span>
    </p>
   </div>
   <div class='ocr_carea' id='block_1_29' title="bbox 359 2657 2006 2731">
    <p class='ocr_par' dir='ltr' id='par_1_29' title="bbox 359 2657 2006 2731">
     <span class='ocr_line' id='line_1_29' title="bbox 359 2657 2006 2731; baseline 0 -19"><span class='ocrx_word' id='word_1_193' title='bbox 359 2657 501 2712; x_wconf 87' lang='lat' dir='ltr'>LXX</span> <span class='ocrx_word' id='word_1_194' title='bbox 530 2658 811 2713; x_wconf 68' lang='lat' dir='ltr'>miseriam</span> <span class='ocrx_word' id='word_1_195' title='bbox 837 2659 1268 2715; x_wconf 91' lang='lat' dir='ltr'>transtulerunt</span> <span class='ocrx_word' id='word_1_196' title='bbox 1299 2678 1311 2715; x_wconf 87' lang='lat'><strong>:</strong></span> <span class='ocrx_word' id='word_1_197' title='bbox 1346 2678 1449 2731; x_wconf 87' lang='lat' dir='ltr'>pro</span> <span class='ocrx_word' id='word_1_198' title='bbox 1478 2661 1752 2731; x_wconf 82' lang='lat' dir='ltr'>conﬁniis,</span> <span class='ocrx_word' id='word_1_199' title='bbox 1785 2675 2006 2730; x_wconf 85' lang='lat' dir='ltr'>oppres-</span> 
     </span>
    </p>
   </div>
   <div class='ocr_carea' id='block_1_30' title="bbox 356 2746 2005 2819">
    <p class='ocr_par' dir='ltr' id='par_1_30' title="bbox 356 2746 2005 2819">
     <span class='ocr_line' id='line_1_30' title="bbox 356 2746 2005 2819; baseline 0.002 -20"><span class='ocrx_word' id='word_1_200' title='bbox 356 2746 584 2800; x_wconf 83' lang='lat' dir='ltr'>sionem.</span> <span class='ocrx_word' id='word_1_201' title='bbox 621 2746 719 2800; x_wconf 74' lang='lat' dir='ltr'>Est</span> <span class='ocrx_word' id='word_1_202' title='bbox 749 2752 945 2802; x_wconf 90' lang='lat' dir='ltr'>autem</span> <span class='ocrx_word' id='word_1_203' title='bbox 979 2765 1189 2803; x_wconf 90' lang='lat' dir='ltr'>sensus</span> <span class='ocrx_word' id='word_1_204' title='bbox 1224 2767 1236 2803; x_wconf 92' lang='lat'>:</span> <span class='ocrx_word' id='word_1_205' title='bbox 1268 2748 1414 2811; x_wconf 86' lang='lat' dir='ltr'>Quia</span> <span class='ocrx_word' id='word_1_206' title='bbox 1443 2749 1750 2819; x_wconf 89' lang='lat' dir='ltr'>accepistis</span> <span class='ocrx_word' id='word_1_207' title='bbox 1786 2753 2005 2819; x_wconf 89' lang='lat' dir='ltr'>partem</span> 
     </span>
    </p>
   </div>
   <div class='ocr_carea' id='block_1_31' title="bbox 356 2834 2005 2907">
    <p class='ocr_par' dir='ltr' id='par_1_31' title="bbox 356 2834 2005 2907">
     <span class='ocr_line' id='line_1_31' title="bbox 356 2834 2005 2907; baseline 0.002 -22"><span class='ocrx_word' id='word_1_208' title='bbox 356 2836 633 2899; x_wconf 82' lang='lat' dir='ltr'>vestram,</span> <span class='ocrx_word' id='word_1_209' title='bbox 668 2851 700 2888; x_wconf 97' lang='lat' dir='ltr'>o</span> <span class='ocrx_word' id='word_1_210' title='bbox 744 2834 1063 2906; x_wconf 89' lang='lat' dir='ltr'>principes,</span> <span class='ocrx_word' id='word_1_211' title='bbox 1095 2835 1397 2906; x_wconf 90' lang='lat' dir='ltr'>Scriptura</span> <span class='ocrx_word' id='word_1_212' title='bbox 1442 2836 1672 2891; x_wconf 89' lang='lat' dir='ltr'>dicente</span> <span class='ocrx_word' id='word_1_213' title='bbox 1705 2854 1717 2891; x_wconf 91' lang='lat'><strong>:</strong></span> <span class='ocrx_word' id='word_1_214' title='bbox 1752 2836 2005 2907; x_wconf 91' lang='lat' dir='ltr'>Principi</span> 
     </span>
    </p>
   </div>
   <div class='ocr_carea' id='block_1_32' title="bbox 361 2919 2006 2995">
    <p class='ocr_par' dir='ltr' id='par_1_32' title="bbox 361 2919 2006 2995">
     <span class='ocr_line' id='line_1_32' title="bbox 361 2919 2006 2995; baseline 0.004 -22"><span class='ocrx_word' id='word_1_215' title='bbox 361 2935 596 2992; x_wconf 91' lang='lat' dir='ltr'>quoque</span> <span class='ocrx_word' id='word_1_216' title='bbox 628 2919 766 2975; x_wconf 89' lang='lat' dir='ltr'>hinc</span> <span class='ocrx_word' id='word_1_217' title='bbox 794 2922 929 2977; x_wconf 91' lang='lat' dir='ltr'>inde</span> <span class='ocrx_word' id='word_1_218' title='bbox 961 2923 1020 2977; x_wconf 91' lang='lat' dir='ltr'>in</span> <span class='ocrx_word' id='word_1_219' title='bbox 1052 2924 1480 2994; x_wconf 88' lang='lat' dir='ltr'>separationem</span> <span class='ocrx_word' id='word_1_220' title='bbox 1521 2923 1837 2979; x_wconf 86' lang='lat' dir='ltr'>sanctuarii</span> <span class='ocrx_word' id='word_1_221' title='bbox 1872 2940 2006 2995; x_wconf 91' lang='lat' dir='ltr'>pos-</span> 
     </span>
    </p>
   </div>
   <div class='ocr_carea' id='block_1_33' title="bbox 361 3007 2009 3080">
    <p class='ocr_par' dir='ltr' id='par_1_33' title="bbox 361 3007 2009 3080">
     <span class='ocr_line' id='line_1_33' title="bbox 361 3007 2009 3080; baseline 0.002 -17"><span class='ocrx_word' id='word_1_222' title='bbox 361 3007 686 3063; x_wconf 89' lang='lat' dir='ltr'>sessionem</span> <span class='ocrx_word' id='word_1_223' title='bbox 705 3008 976 3077; x_wconf 86' lang='lat' dir='ltr'>civitatis,</span> <span class='ocrx_word' id='word_1_224' title='bbox 993 3010 1349 3065; x_wconf 87' lang='lat' dir='ltr'>subauditur</span> <span class='ocrx_word' id='word_1_225' title='bbox 1374 3011 1589 3067; x_wconf 86' lang='lat' dir='ltr'>dabitis</span> <span class='ocrx_word' id='word_1_226' title='bbox 1615 3030 1627 3080; x_wconf 92' lang='lat'><strong>;</strong></span> <span class='ocrx_word' id='word_1_227' title='bbox 1661 3016 1717 3067; x_wconf 91' lang='lat' dir='ltr'>et</span> <span class='ocrx_word' id='word_1_228' title='bbox 1736 3016 1899 3066; x_wconf 88' lang='lat' dir='ltr'>tanta</span> <span class='ocrx_word' id='word_1_229' title='bbox 1920 3016 2009 3067; x_wconf 91' lang='lat' dir='ltr'>est</span> 
     </span>
    </p>
   </div>
   <div class='ocr_carea' id='block_1_34' title="bbox 354 3096 2007 3173">
    <p class='ocr_par' dir='ltr' id='par_1_34' title="bbox 354 3096 2007 3173">
     <span class='ocr_line' id='line_1_34' title="bbox 354 3096 2007 3173; baseline 0.002 -22"><span class='ocrx_word' id='word_1_230' title='bbox 354 3100 548 3152; x_wconf 90' lang='lat' dir='ltr'>vestra</span> <span class='ocrx_word' id='word_1_231' title='bbox 588 3096 871 3168; x_wconf 89' lang='lat' dir='ltr'>potentia,</span> <span class='ocrx_word' id='word_1_232' title='bbox 906 3102 969 3153; x_wconf 92' lang='lat' dir='ltr'>ut</span> <span class='ocrx_word' id='word_1_233' title='bbox 1017 3098 1193 3153; x_wconf 90' lang='lat' dir='ltr'>unius</span> <span class='ocrx_word' id='word_1_234' title='bbox 1227 3099 1413 3155; x_wconf 90' lang='lat' dir='ltr'>tribus</span> <span class='ocrx_word' id='word_1_235' title='bbox 1445 3104 1670 3171; x_wconf 88' lang='lat' dir='ltr'>partem</span> <span class='ocrx_word' id='word_1_236' title='bbox 1720 3100 2007 3173; x_wconf 89' lang='lat' dir='ltr'>acceperit</span> 
     </span>
    </p>
   </div>
   <div class='ocr_carea' id='block_1_35' title="bbox 358 3174 2082 3260">
    <p class='ocr_par' dir='ltr' id='par_1_35' title="bbox 358 3174 2082 3260">
     <span class='ocr_line' id='line_1_35' title="bbox 358 3174 2082 3260; baseline 0.001 -21"><span class='ocrx_word' id='word_1_237' title='bbox 358 3188 552 3240; x_wconf 90' lang='lat' dir='ltr'>vestra</span> <span class='ocrx_word' id='word_1_238' title='bbox 572 3185 867 3256; x_wconf 89' lang='lat' dir='ltr'>possessio</span> <span class='ocrx_word' id='word_1_239' title='bbox 890 3203 902 3241; x_wconf 91' lang='lat'>:</span> <span class='ocrx_word' id='word_1_240' title='bbox 925 3186 1136 3240; x_wconf 88' lang='lat' dir='ltr'>idcirco</span> <span class='ocrx_word' id='word_1_241' title='bbox 1154 3187 1424 3260; x_wconf 74' lang='lat' dir='ltr'>praecipio</span> <span class='ocrx_word' id='word_1_242' title='bbox 1445 3191 1622 3259; x_wconf 88' lang='lat' dir='ltr'>atque</span> <span class='ocrx_word' id='word_1_243' title='bbox 1643 3204 2004 3258; x_wconf 88' lang='lat' dir='ltr'>commoneo,</span> <span class='ocrx_word' id='word_1_244' title='bbox 2039 3174 2082 3239; x_wconf 88' lang='lat' dir='ltr'>C</span> 
     </span>
    </p>
   </div>
   <div class='ocr_carea' id='block_1_36' title="bbox 361 3273 2006 3349">
    <p class='ocr_par' dir='ltr' id='par_1_36' title="bbox 361 3273 2006 3349">
     <span class='ocr_line' id='line_1_36' title="bbox 361 3273 2006 3349; baseline 0.002 -21"><span class='ocrx_word' id='word_1_245' title='bbox 361 3277 429 3328; x_wconf 88' lang='lat' dir='ltr'>ut</span> <span class='ocrx_word' id='word_1_246' title='bbox 449 3273 706 3329; x_wconf 81' lang='lat' dir='ltr'>sufficiat</span> <span class='ocrx_word' id='word_1_247' title='bbox 725 3273 839 3329; x_wconf 90' lang='lat' dir='ltr'>huc</span> <span class='ocrx_word' id='word_1_248' title='bbox 857 3290 1043 3347; x_wconf 91' lang='lat' dir='ltr'>usque</span> <span class='ocrx_word' id='word_1_249' title='bbox 1061 3274 1429 3347; x_wconf 88' lang='lat' dir='ltr'>iniquitatem</span> <span class='ocrx_word' id='word_1_250' title='bbox 1448 3276 1653 3332; x_wconf 89' lang='lat' dir='ltr'>fecisse</span> <span class='ocrx_word' id='word_1_251' title='bbox 1675 3281 1732 3332; x_wconf 90' lang='lat' dir='ltr'>et</span> <span class='ocrx_word' id='word_1_252' title='bbox 1746 3277 2006 3349; x_wconf 87' lang='lat' dir='ltr'>rapinas,</span> 
     </span>
    </p>
   </div>
   <div class='ocr_carea' id='block_1_37' title="bbox 360 3361 2003 3439">
    <p class='ocr_par' dir='ltr' id='par_1_37' title="bbox 360 3361 2003 3439">
     <span class='ocr_line' id='line_1_37' title="bbox 360 3361 2003 3439; baseline 0.002 -23"><span class='ocrx_word' id='word_1_253' title='bbox 360 3361 502 3417; x_wconf 91' lang='lat' dir='ltr'>dum</span> <span class='ocrx_word' id='word_1_254' title='bbox 535 3361 727 3419; x_wconf 89' lang='lat' dir='ltr'>aliena</span> <span class='ocrx_word' id='word_1_255' title='bbox 754 3362 1028 3419; x_wconf 83' lang='lat' dir='ltr'>invaditis</span> <span class='ocrx_word' id='word_1_256' title='bbox 1059 3368 1233 3437; x_wconf 86' lang='lat' dir='ltr'>atque</span> <span class='ocrx_word' id='word_1_257' title='bbox 1282 3364 1553 3439; x_wconf 89' lang='lat' dir='ltr'>diripitis.</span> <span class='ocrx_word' id='word_1_258' title='bbox 1586 3366 1656 3422; x_wconf 88' lang='lat' dir='ltr'>Et</span> <span class='ocrx_word' id='word_1_259' title='bbox 1685 3366 1825 3438; x_wconf 89' lang='lat' dir='ltr'>quia</span> <span class='ocrx_word' id='word_1_260' title='bbox 1855 3366 2003 3423; x_wconf 77' lang='lat' dir='ltr'>scri-</span> 
     </span>
    </p>
   </div>
   <div class='ocr_carea' id='block_1_38' title="bbox 430 3504 2009 3580">
    <p class='ocr_par' dir='ltr' id='par_1_38' title="bbox 430 3504 2009 3580">
     <span class='ocr_line' id='line_1_38' title="bbox 430 3504 2009 3580; baseline 0.003 -20"><span class='ocrx_word' id='word_1_261' title='bbox 430 3504 504 3577; x_wconf 87' lang='lat' dir='ltr'>(a)</span> <span class='ocrx_word' id='word_1_262' title='bbox 535 3506 933 3580; x_wconf 70' lang='lat' dir='ltr'>Verbaistmc,</span> <span class='ocrx_word' id='word_1_263' title='bbox 970 3510 1107 3563; x_wconf 81' lang='lat' dir='ltr'>Hinc</span> <span class='ocrx_word' id='word_1_264' title='bbox 1152 3524 1250 3579; x_wconf 84' lang='lat' dir='ltr'>per</span> <span class='ocrx_word' id='word_1_265' title='bbox 1279 3509 1481 3565; x_wconf 76' lang='lat' dir='ltr'>Isaiam</span> <span class='ocrx_word' id='word_1_266' title='bbox 1530 3508 1760 3577; x_wconf 84' lang='lat' dir='ltr'>dicitur,</span> <span class='ocrx_word' id='word_1_267' title='bbox 1801 3511 1882 3565; x_wconf 70' lang='lat' dir='ltr'>Vm</span> <span class='ocrx_word' id='word_1_268' title='bbox 1910 3511 2009 3580; x_wconf 85' lang='lat' dir='ltr'>qui</span> 
     </span>
    </p>
   </div>
   <div class='ocr_carea' id='block_1_39' title="bbox 356 3579 2005 3652">
    <p class='ocr_par' dir='ltr' id='par_1_39' title="bbox 356 3579 2005 3652">
     <span class='ocr_line' id='line_1_39' title="bbox 356 3579 2005 3652; baseline 0.002 -19"><span class='ocrx_word' id='word_1_269' title='bbox 356 3579 686 3652; x_wconf 77' lang='lat' dir='ltr'>conjungitis</span> <span class='ocrx_word' id='word_1_270' title='bbox 714 3579 936 3652; x_wconf 75' lang='lat' dir='ltr'>domum</span> <span class='ocrx_word' id='word_1_271' title='bbox 964 3582 1037 3636; x_wconf 86' lang='lat' dir='ltr'>ad</span> <span class='ocrx_word' id='word_1_272' title='bbox 1063 3582 1307 3651; x_wconf 84' lang='lat' dir='ltr'>domum,</span> <span class='ocrx_word' id='word_1_273' title='bbox 1333 3583 1382 3636; x_wconf 85' lang='lat' dir='ltr'>et</span> <span class='ocrx_word' id='word_1_274' title='bbox 1411 3598 1611 3648; x_wconf 85' lang='lat' dir='ltr'>agrum</span> <span class='ocrx_word' id='word_1_275' title='bbox 1630 3597 1760 3651; x_wconf 87' lang='lat' dir='ltr'>agro</span> <span class='ocrx_word' id='word_1_276' title='bbox 1784 3579 2005 3652; x_wconf 77' lang='lat' dir='ltr'>copula-</span> 
     </span>
    </p>
   </div>
   <div class='ocr_carea' id='block_1_40' title="bbox 358 3650 2006 3722">
    <p class='ocr_par' dir='ltr' id='par_1_40' title="bbox 358 3650 2006 3722">
     <span class='ocr_line' id='line_1_40' title="bbox 358 3650 2006 3722; baseline 0.002 -18"><span class='ocrx_word' id='word_1_277' title='bbox 358 3651 430 3722; x_wconf 80' lang='lat' dir='ltr'>tis</span> <span class='ocrx_word' id='word_1_278' title='bbox 458 3666 627 3722; x_wconf 86' lang='lat' dir='ltr'>usque</span> <span class='ocrx_word' id='word_1_279' title='bbox 657 3650 727 3705; x_wconf 89' lang='lat' dir='ltr'>ad</span> <span class='ocrx_word' id='word_1_280' title='bbox 757 3653 1058 3707; x_wconf 80' lang='lat' dir='ltr'>terminum</span> <span class='ocrx_word' id='word_1_281' title='bbox 1086 3653 1210 3718; x_wconf 89' lang='lat' dir='ltr'>loci,</span> <span class='ocrx_word' id='word_1_282' title='bbox 1239 3650 1341 3708; x_wconf 83' lang='lat' dir='ltr'>nes</span> <span class='ocrx_word' id='word_1_283' title='bbox 1376 3654 1633 3722; x_wconf 88' lang='lat' dir='ltr'>primum</span> <span class='ocrx_word' id='word_1_284' title='bbox 1666 3650 2006 3709; x_wconf 48' lang='lat' dir='ltr'>suﬂ‘ec&#39;imus</span> 
     </span>
    </p>
   </div>
   <div class='ocr_carea' id='block_1_41' title="bbox 356 3670 2003 3796">
    <p class='ocr_par' dir='ltr' id='par_1_41' title="bbox 356 3670 2003 3796">
     <span class='ocr_line' id='line_1_41' title="bbox 358 3670 2003 3722; baseline 0.002 -17"><span class='ocrx_word' id='word_1_285' title='bbox 358 3670 430 3705; x_wconf 81' lang='lat' dir='ltr'>us</span> <span class='ocrx_word' id='word_1_286' title='bbox 458 3670 627 3722; x_wconf 85' lang='lat' dir='ltr'>usque</span> <span class='ocrx_word' id='word_1_287' title='bbox 657 3670 727 3705; x_wconf 89' lang='lat' dir='ltr'>aa</span> <span class='ocrx_word' id='word_1_288' title='bbox 757 3670 1058 3707; x_wconf 71' lang='lat' dir='ltr'>terminum</span> <span class='ocrx_word' id='word_1_289' title='bbox 1086 3670 1210 3718; x_wconf 78' lang='lat' dir='ltr'>lOCl,</span> <span class='ocrx_word' id='word_1_290' title='bbox 1239 3670 1341 3708; x_wconf 91' lang='lat' dir='ltr'>nos</span> <span class='ocrx_word' id='word_1_291' title='bbox 1417 3670 1633 3713; x_wconf 82' lang='lat' dir='ltr'>mnum</span> <span class='ocrx_word' id='word_1_292' title='bbox 1666 3670 2003 3709; x_wconf 77' lang='lat' dir='ltr'>sunecmius</span> 
     </span>
     <span class='ocr_line' id='line_1_42' title="bbox 356 3670 2003 3796; baseline 0.001 -21"><span class='ocrx_word' id='word_1_293' title='bbox 356 3719 703 3796; x_wconf 76' lang='lat' dir='ltr'>integrando</span> <span class='ocrx_word' id='word_1_294' title='bbox 736 3724 959 3796; x_wconf 87' lang='lat' dir='ltr'>sensui,</span> <span class='ocrx_word' id='word_1_295' title='bbox 991 3724 1089 3796; x_wconf 93' lang='lat' dir='ltr'>qui</span> <span class='ocrx_word' id='word_1_296' title='bbox 1120 3729 1312 3796; x_wconf 83' lang='lat' dir='ltr'>antea</span> <span class='ocrx_word' id='word_1_297' title='bbox 1343 3670 1564 3796; x_wconf 57' lang='lat' dir='ltr'>agsque</span> <span class='ocrx_word' id='word_1_298' title='bbox 1616 3723 1733 3796; x_wconf 86' lang='lat' dir='ltr'>illis</span> <span class='ocrx_word' id='word_1_299' title='bbox 1768 3724 2003 3793; x_wconf 87' lang='lat' dir='ltr'>hiabat;</span> 
     </span>
    </p>
   </div>
   <div class='ocr_carea' id='block_1_42' title="bbox 354 3794 2008 3867">
    <p class='ocr_par' dir='ltr' id='par_1_42' title="bbox 354 3794 2008 3867">
     <span class='ocr_line' id='line_1_43' title="bbox 354 3794 2008 3867; baseline 0.002 -20"><span class='ocrx_word' id='word_1_300' title='bbox 354 3794 840 3867; x_wconf 64' lang='lat' dir='ltr'>manifestoenim</span> <span class='ocrx_word' id='word_1_301' title='bbox 858 3794 1034 3867; x_wconf 86' lang='lat' dir='ltr'>(quod</span> <span class='ocrx_word' id='word_1_302' title='bbox 1054 3795 1266 3850; x_wconf 89' lang='lat' dir='ltr'>mirum</span> <span class='ocrx_word' id='word_1_303' title='bbox 1288 3800 1398 3863; x_wconf 91' lang='lat' dir='ltr'>est,</span> <span class='ocrx_word' id='word_1_304' title='bbox 1415 3794 1709 3851; x_wconf 78' lang='lat' dir='ltr'>neminem</span> <span class='ocrx_word' id='word_1_305' title='bbox 1724 3794 2008 3850; x_wconf 86' lang='lat' dir='ltr'>hactenus</span> 
     </span>
    </p>
   </div>
   <div class='ocr_carea' id='block_1_43' title="bbox 354 3863 2008 3938">
    <p class='ocr_par' dir='ltr' id='par_1_43' title="bbox 354 3863 2008 3938">
     <span class='ocr_line' id='line_1_44' title="bbox 354 3863 2008 3938; baseline 0.001 -19"><span class='ocrx_word' id='word_1_306' title='bbox 354 3863 941 3938; x_wconf 82' lang='lat' dir='ltr'>Hieronymianorum</span> <span class='ocrx_word' id='word_1_307' title='bbox 958 3869 1344 3938; x_wconf 90' lang='lat' dir='ltr'>interpretum</span> <span class='ocrx_word' id='word_1_308' title='bbox 1364 3867 1867 3938; x_wconf 87' lang='lat' dir='ltr'>animadvertisse)</span> <span class='ocrx_word' id='word_1_309' title='bbox 1881 3883 2008 3937; x_wconf 65' lang='lat' dir='ltr'>quae</span> 
     </span>
    </p>
   </div>
   <div class='ocr_carea' id='block_1_44' title="bbox 356 3935 2009 4009">
    <p class='ocr_par' dir='ltr' id='par_1_44' title="bbox 356 3935 2009 4009">
     <span class='ocr_line' id='line_1_45' title="bbox 356 3935 2009 4009; baseline 0.001 -19"><span class='ocrx_word' id='word_1_310' title='bbox 356 3935 602 4009; x_wconf 42' lang='lat' dir='ltr'>causali&quot;</span> <span class='ocrx_word' id='word_1_311' title='bbox 627 3938 759 4006; x_wconf 87' lang='lat' dir='ltr'>quia</span> <span class='ocrx_word' id='word_1_312' title='bbox 811 3935 1212 4009; x_wconf 82' lang='lat' dir='ltr'>conjunctioni</span> <span class='ocrx_word' id='word_1_313' title='bbox 1263 3940 1658 4009; x_wconf 89' lang='lat' dir='ltr'>responderet,</span> <span class='ocrx_word' id='word_1_314' title='bbox 1712 3935 2009 3993; x_wconf 80' lang='lat' dir='ltr'>collectiva</span> 
     </span>
    </p>
   </div>
   <div class='ocr_carea' id='block_1_45' title="bbox 357 4003 2004 4080">
    <p class='ocr_par' dir='ltr' id='par_1_45' title="bbox 357 4003 2004 4080">
     <span class='ocr_line' id='line_1_46' title="bbox 357 4003 2004 4080; baseline 0.001 -19"><span class='ocrx_word' id='word_1_315' title='bbox 357 4003 543 4080; x_wconf 60' lang='lat' dir='ltr'>altera</span> <span class='ocrx_word' id='word_1_316' title='bbox 572 4003 788 4080; x_wconf 76' lang='lat' dir='ltr'>deerat.</span> <span class='ocrx_word' id='word_1_317' title='bbox 820 4003 1234 4080; x_wconf 78' lang='lat' dir='ltr'>Supplevimus</span> <span class='ocrx_word' id='word_1_318' title='bbox 1265 4003 1462 4075; x_wconf 50' lang='lat' dir='ltr'>aut-em</span> <span class='ocrx_word' id='word_1_319' title='bbox 1491 4027 1605 4063; x_wconf 92' lang='lat' dir='ltr'>non</span> <span class='ocrx_word' id='word_1_320' title='bbox 1646 4003 1722 4063; x_wconf 87' lang='lat' dir='ltr'>ex</span> <span class='ocrx_word' id='word_1_321' title='bbox 1748 4009 2004 4080; x_wconf 85' lang='lat' dir='ltr'>ingenio,</span> 
     </span>
    </p>
   </div>
   <div class='ocr_carea' id='block_1_46' title="bbox 359 4075 2008 4159">
    <p class='ocr_par' dir='ltr' id='par_1_46' title="bbox 359 4075 2008 4159">
     <span class='ocr_line' id='line_1_47' title="bbox 359 4075 2008 4159; baseline 0.003 -31"><span class='ocrx_word' id='word_1_322' title='bbox 359 4076 461 4159; x_wconf 73' lang='lat' dir='ltr'>sed</span> <span class='ocrx_word' id='word_1_323' title='bbox 495 4075 800 4159; x_wconf 77' lang='lat' dir='ltr'>Rabanicae</span> <span class='ocrx_word' id='word_1_324' title='bbox 850 4075 1115 4159; x_wconf 61' lang='lat' dir='ltr'>lectionis</span> <span class='ocrx_word' id='word_1_325' title='bbox 1163 4080 1505 4134; x_wconf 85' lang='lat' dir='ltr'>auctoritate</span> <span class='ocrx_word' id='word_1_326' title='bbox 1539 4097 1551 4134; x_wconf 92' lang='lat'><strong>:</strong></span> <span class='ocrx_word' id='word_1_327' title='bbox 1586 4075 2008 4159; x_wconf 49' lang='lat' dir='ltr'>quamque‘ille</span> 
     </span>
    </p>
   </div>
   <div class='ocr_carea' id='block_1_47' title="bbox 356 4143 2006 4231">
    <p class='ocr_par' dir='ltr' id='par_1_47' title="bbox 356 4143 2006 4231">
     <span class='ocr_line' id='line_1_48' title="bbox 356 4143 2006 4231; baseline 0.002 -32"><span class='ocrx_word' id='word_1_328' title='bbox 356 4143 593 4216; x_wconf 83' lang='lat' dir='ltr'>longam</span> <span class='ocrx_word' id='word_1_329' title='bbox 625 4150 902 4216; x_wconf 65' lang='lat' dir='ltr'>praeterea</span> <span class='ocrx_word' id='word_1_330' title='bbox 933 4147 1207 4205; x_wconf 87' lang='lat' dir='ltr'>laciniam</span> <span class='ocrx_word' id='word_1_331' title='bbox 1230 4166 1298 4231; x_wconf 63' lang='grc' dir='ltr'>εξ</span> <span class='ocrx_word' id='word_1_332' title='bbox 1328 4143 1849 4205; x_wconf 78' lang='lat' dir='ltr'>commentariisin</span> <span class='ocrx_word' id='word_1_333' title='bbox 1883 4148 2006 4202; x_wconf 88' lang='lat' dir='ltr'>lau-</span> 
     </span>
    </p>
   </div>
   <div class='ocr_carea' id='block_1_48' title="bbox 2134 534 3791 615">
    <p class='ocr_par' dir='ltr' id='par_1_48' title="bbox 2134 534 3791 615">
     <span class='ocr_line' id='line_1_49' title="bbox 2134 534 3791 615; baseline 0.01 -31"><span class='ocrx_word' id='word_1_334' title='bbox 2134 534 2426 602; x_wconf 82' lang='lat' dir='ltr'>judicium</span> <span class='ocrx_word' id='word_1_335' title='bbox 2462 538 2629 592; x_wconf 78' lang='lat' dir='ltr'>facite</span> <span class='ocrx_word' id='word_1_336' title='bbox 2653 542 3141 611; x_wconf 78' lang='lat' dir='ltr'>utquejustitiam</span> <span class='ocrx_word' id='word_1_337' title='bbox 3164 545 3278 615; x_wconf 88' lang='lat' dir='ltr'>(Ps.</span> <span class='ocrx_word' id='word_1_338' title='bbox 3302 543 3791 615; x_wconf 78' lang='lat' dir='ltr'>xxxv1,27),judi-</span> 
     </span>
    </p>
   </div>
   <div class='ocr_carea' id='block_1_49' title="bbox 2141 626 3795 705">
    <p class='ocr_par' dir='ltr' id='par_1_49' title="bbox 2141 626 3795 705">
     <span class='ocr_line' id='line_1_50' title="bbox 2141 626 3795 705; baseline 0.008 -29"><span class='ocrx_word' id='word_1_339' title='bbox 2141 627 2337 679; x_wconf 90' lang='lat' dir='ltr'>cantes</span> <span class='ocrx_word' id='word_1_340' title='bbox 2342 626 2584 698; x_wconf 88' lang='lat' dir='ltr'>pupillo,</span> <span class='ocrx_word' id='word_1_341' title='bbox 2597 629 2671 699; x_wconf 86' lang='lat' dir='ltr'>etj</span> <span class='ocrx_word' id='word_1_342' title='bbox 2685 630 3592 705; x_wconf 82' lang='lat' dir='ltr'>ustiﬁcantesviduam:separate</span> <span class='ocrx_word' id='word_1_343' title='bbox 3603 638 3795 689; x_wconf 85' lang='lat' dir='ltr'>vestra</span> 
     </span>
    </p>
   </div>
   <div class='ocr_carea' id='block_1_50' title="bbox 2141 714 3795 789">
    <p class='ocr_par' dir='ltr' id='par_1_50' title="bbox 2141 714 3795 789">
     <span class='ocr_line' id='line_1_51' title="bbox 2141 714 3795 789; baseline 0.007 -24"><span class='ocrx_word' id='word_1_344' title='bbox 2141 714 2287 767; x_wconf 76' lang='lat' dir='ltr'>conti</span> <span class='ocrx_word' id='word_1_345' title='bbox 2297 714 2393 769; x_wconf 89' lang='lat' dir='ltr'>nia</span> <span class='ocrx_word' id='word_1_346' title='bbox 2406 715 2657 787; x_wconf 89' lang='lat' dir='ltr'>apopulo</span> <span class='ocrx_word' id='word_1_347' title='bbox 2673 734 2899 789; x_wconf 89' lang='lat' dir='ltr'>meo,ns</span> <span class='ocrx_word' id='word_1_348' title='bbox 2911 720 3176 776; x_wconf 90' lang='lat' dir='ltr'>videlicet</span> <span class='ocrx_word' id='word_1_349' title='bbox 3187 722 3470 777; x_wconf 88' lang='lat' dir='ltr'>terminos</span> <span class='ocrx_word' id='word_1_350' title='bbox 3485 721 3795 777; x_wconf 82' lang='lat' dir='ltr'>transtera-</span> 
     </span>
    </p>
   </div>
   <div class='ocr_carea' id='block_1_51' title="bbox 2140 800 3791 882">
    <p class='ocr_par' dir='ltr' id='par_1_51' title="bbox 2140 800 3791 882">
     <span class='ocr_line' id='line_1_52' title="bbox 2140 800 3791 882; baseline 0.007 -27"><span class='ocrx_word' id='word_1_351' title='bbox 2140 800 2461 874; x_wconf 84' lang='lat' dir='ltr'>tis.thuia</span> <span class='ocrx_word' id='word_1_352' title='bbox 2476 805 2603 877; x_wconf 89' lang='lat' dir='ltr'>ipsa</span> <span class='ocrx_word' id='word_1_353' title='bbox 2617 807 3001 864; x_wconf 70' lang='lat' dir='ltr'>vicinialaadit</span> <span class='ocrx_word' id='word_1_354' title='bbox 3016 808 3514 882; x_wconf 89' lang='lat' dir='ltr'>humiliorem,qui</span> <span class='ocrx_word' id='word_1_355' title='bbox 3533 811 3791 881; x_wconf 85' lang='lat' dir='ltr'>superci-</span> 
     </span>
    </p>
   </div>
   <div class='ocr_carea' id='block_1_52' title="bbox 2138 889 3790 970">
    <p class='ocr_par' dir='ltr' id='par_1_52' title="bbox 2138 889 3790 970">
     <span class='ocr_line' id='line_1_53' title="bbox 2138 889 3790 970; baseline 0.005 -27"><span class='ocrx_word' id='word_1_356' title='bbox 2138 889 2283 945; x_wconf 90' lang='lat' dir='ltr'>lium</span> <span class='ocrx_word' id='word_1_357' title='bbox 2316 893 2465 949; x_wconf 74' lang='lat'>561</span> <span class='ocrx_word' id='word_1_358' title='bbox 2503 895 2744 965; x_wconf 81' lang='lat' dir='ltr'>majoris</span> <span class='ocrx_word' id='word_1_359' title='bbox 2775 902 2832 951; x_wconf 90' lang='lat' dir='ltr'>et</span> <span class='ocrx_word' id='word_1_360' title='bbox 2870 897 3211 968; x_wconf 89' lang='lat' dir='ltr'>potentioris</span> <span class='ocrx_word' id='word_1_361' title='bbox 3239 914 3356 953; x_wconf 89' lang='lat' dir='ltr'>non</span> <span class='ocrx_word' id='word_1_362' title='bbox 3385 902 3583 970; x_wconf 88' lang='lat' dir='ltr'>potest</span> <span class='ocrx_word' id='word_1_363' title='bbox 3609 897 3790 954; x_wconf 81' lang='lat' dir='ltr'>susti-</span> 
     </span>
    </p>
   </div>
   <div class='ocr_carea' id='block_1_53' title="bbox 2136 981 3789 1059">
    <p class='ocr_par' dir='ltr' id='par_1_53' title="bbox 2136 981 3789 1059">
     <span class='ocr_line' id='line_1_54' title="bbox 2136 981 3789 1059; baseline 0.006 -27"><span class='ocrx_word' id='word_1_364' title='bbox 2136 981 2541 1051; x_wconf 85' lang='lat' dir='ltr'>nere,(a)hinc</span> <span class='ocrx_word' id='word_1_365' title='bbox 2570 984 2898 1056; x_wconf 86' lang='lat' dir='ltr'>perlsaiam</span> <span class='ocrx_word' id='word_1_366' title='bbox 2931 986 3146 1041; x_wconf 89' lang='lat' dir='ltr'>dicitur</span> <span class='ocrx_word' id='word_1_367' title='bbox 3167 1003 3179 1040; x_wconf 77' lang='grc' dir='ltr'>ε</span> <span class='ocrx_word' id='word_1_368' title='bbox 3199 985 3293 1041; x_wconf 66' lang='lat' dir='ltr'>Ve</span> <span class='ocrx_word' id='word_1_369' title='bbox 3313 987 3413 1058; x_wconf 91' lang='lat' dir='ltr'>qui</span> <span class='ocrx_word' id='word_1_370' title='bbox 3431 987 3789 1059; x_wconf 85' lang='lat' dir='ltr'>conjungitis</span> 
     </span>
    </p>
   </div>
   <div class='ocr_carea' id='block_1_54' title="bbox 2136 1070 3790 1147">
    <p class='ocr_par' dir='ltr' id='par_1_54' title="bbox 2136 1070 3790 1147">
     <span class='ocr_line' id='line_1_55' title="bbox 2136 1070 3790 1147; baseline 0.004 -23"><span class='ocrx_word' id='word_1_371' title='bbox 2136 1070 2377 1125; x_wconf 90' lang='lat' dir='ltr'>domum</span> <span class='ocrx_word' id='word_1_372' title='bbox 2410 1073 2478 1126; x_wconf 88' lang='lat' dir='ltr'>ad</span> <span class='ocrx_word' id='word_1_373' title='bbox 2514 1073 2777 1139; x_wconf 89' lang='lat' dir='ltr'>domum,</span> <span class='ocrx_word' id='word_1_374' title='bbox 2810 1078 2868 1129; x_wconf 92' lang='lat' dir='ltr'>et</span> <span class='ocrx_word' id='word_1_375' title='bbox 2892 1091 3098 1146; x_wconf 87' lang='lat' dir='ltr'>agrum</span> <span class='ocrx_word' id='word_1_376' title='bbox 3120 1092 3256 1147; x_wconf 88' lang='lat' dir='ltr'>agro</span> <span class='ocrx_word' id='word_1_377' title='bbox 3287 1075 3575 1147; x_wconf 86' lang='lat' dir='ltr'>copulatis</span> <span class='ocrx_word' id='word_1_378' title='bbox 3603 1091 3790 1147; x_wconf 86' lang='lat' dir='ltr'>usque</span> 
     </span>
    </p>
   </div>
   <div class='ocr_carea' id='block_1_55' title="bbox 2132 1159 3787 1219">
    <p class='ocr_par' dir='ltr' id='par_1_55' title="bbox 2132 1159 3787 1219">
     <span class='ocr_line' id='line_1_56' title="bbox 2132 1159 3787 1219; baseline 0.004 -7"><span class='ocrx_word' id='word_1_379' title='bbox 2132 1159 2205 1213; x_wconf 90' lang='lat' dir='ltr'>ad</span> <span class='ocrx_word' id='word_1_380' title='bbox 2237 1160 2554 1216; x_wconf 85' lang='lat' dir='ltr'>terminum</span> <span class='ocrx_word' id='word_1_381' title='bbox 2583 1161 2714 1217; x_wconf 89' lang='lat' dir='ltr'>loci.</span> <span class='ocrx_word' id='word_1_382' title='bbox 2749 1163 2866 1218; x_wconf 90' lang='lat' dir='ltr'>Hoc</span> <span class='ocrx_word' id='word_1_383' title='bbox 2897 1162 3131 1219; x_wconf 88' lang='lat' dir='ltr'>interim</span> <span class='ocrx_word' id='word_1_384' title='bbox 3155 1164 3378 1219; x_wconf 88' lang='lat' dir='ltr'>dictum</span> <span class='ocrx_word' id='word_1_385' title='bbox 3410 1163 3488 1218; x_wconf 90' lang='lat' dir='ltr'>sit</span> <span class='ocrx_word' id='word_1_386' title='bbox 3516 1164 3591 1218; x_wconf 85' lang='lat' dir='ltr'>ad</span> <span class='ocrx_word' id='word_1_387' title='bbox 3626 1162 3787 1219; x_wconf 90' lang='lat' dir='ltr'>illius</span> 
     </span>
    </p>
   </div>
   <div class='ocr_carea' id='block_1_56' title="bbox 2131 1248 3789 1324">
    <p class='ocr_par' dir='ltr' id='par_1_56' title="bbox 2131 1248 3789 1324">
     <span class='ocr_line' id='line_1_57' title="bbox 2131 1248 3789 1324; baseline 0.004 -21"><span class='ocrx_word' id='word_1_388' title='bbox 2131 1248 2413 1320; x_wconf 72' lang='lat' dir='ltr'>temporis</span> <span class='ocrx_word' id='word_1_389' title='bbox 2445 1248 2751 1321; x_wconf 89' lang='lat' dir='ltr'>populum.</span> <span class='ocrx_word' id='word_1_390' title='bbox 2783 1251 3066 1307; x_wconf 68' lang='lat' dir='ltr'>Caeterum</span> <span class='ocrx_word' id='word_1_391' title='bbox 3088 1256 3144 1307; x_wconf 92' lang='lat' dir='ltr'>et</span> <span class='ocrx_word' id='word_1_392' title='bbox 3174 1251 3389 1307; x_wconf 89' lang='lat' dir='ltr'>nostris</span> <span class='ocrx_word' id='word_1_393' title='bbox 3412 1251 3789 1324; x_wconf 86' lang='lat' dir='ltr'>principibus</span> 
     </span>
    </p>
   </div>
   <div class='ocr_carea' id='block_1_57' title="bbox 2129 1339 3781 1412">
    <p class='ocr_par' dir='ltr' id='par_1_57' title="bbox 2129 1339 3781 1412">
     <span class='ocr_line' id='line_1_58' title="bbox 2129 1339 3781 1412; baseline 0.004 -22"><span class='ocrx_word' id='word_1_394' title='bbox 2129 1341 2487 1409; x_wconf 84' lang='lat' dir='ltr'>praeceptum</span> <span class='ocrx_word' id='word_1_395' title='bbox 2520 1339 2729 1410; x_wconf 89' lang='lat' dir='ltr'>poterit</span> <span class='ocrx_word' id='word_1_396' title='bbox 2760 1342 3038 1412; x_wconf 88' lang='lat' dir='ltr'>coaptari,</span> <span class='ocrx_word' id='word_1_397' title='bbox 3071 1340 3174 1412; x_wconf 92' lang='lat' dir='ltr'>qui</span> <span class='ocrx_word' id='word_1_398' title='bbox 3212 1340 3272 1395; x_wconf 93' lang='lat' dir='ltr'>in</span> <span class='ocrx_word' id='word_1_399' title='bbox 3307 1356 3528 1396; x_wconf 84' lang='lat' dir='ltr'>rnorem</span> <span class='ocrx_word' id='word_1_400' title='bbox 3560 1341 3781 1396; x_wconf 86' lang='lat' dir='ltr'>Phara-</span> 
     </span>
    </p>
   </div>
   <div class='ocr_carea' id='block_1_58' title="bbox 2131 1426 3787 1501">
    <p class='ocr_par' dir='ltr' id='par_1_58' title="bbox 2131 1426 3787 1501">
     <span class='ocr_line' id='line_1_59' title="bbox 2131 1426 3787 1501; baseline 0.005 -22"><span class='ocrx_word' id='word_1_401' title='bbox 2131 1426 2280 1491; x_wconf 90' lang='lat' dir='ltr'>onis,</span> <span class='ocrx_word' id='word_1_402' title='bbox 2316 1432 2373 1481; x_wconf 93' lang='lat' dir='ltr'>et</span> <span class='ocrx_word' id='word_1_403' title='bbox 2400 1428 2800 1499; x_wconf 64' lang='lat' dir='ltr'>Egyptiorum</span> <span class='ocrx_word' id='word_1_404' title='bbox 2824 1428 3164 1500; x_wconf 86' lang='lat' dir='ltr'>Opprimunt</span> <span class='ocrx_word' id='word_1_405' title='bbox 3184 1429 3338 1485; x_wconf 84' lang='lat' dir='ltr'>filios</span> <span class='ocrx_word' id='word_1_406' title='bbox 3360 1428 3536 1485; x_wconf 83' lang='lat' dir='ltr'>Israel</span> <span class='ocrx_word' id='word_1_407' title='bbox 3559 1446 3668 1501; x_wconf 90' lang='lat' dir='ltr'>per</span> <span class='ocrx_word' id='word_1_408' title='bbox 3688 1446 3787 1501; x_wconf 87' lang='lat' dir='ltr'>po-</span> 
     </span>
    </p>
   </div>
   <div class='ocr_carea' id='block_1_59' title="bbox 2128 1514 3787 1590">
    <p class='ocr_par' dir='ltr' id='par_1_59' title="bbox 2128 1514 3787 1590">
     <span class='ocr_line' id='line_1_60' title="bbox 2128 1514 3787 1590; baseline 0.004 -21"><span class='ocrx_word' id='word_1_409' title='bbox 2128 1514 2393 1581; x_wconf 88' lang='lat' dir='ltr'>tentiam,</span> <span class='ocrx_word' id='word_1_410' title='bbox 2411 1532 2515 1571; x_wconf 89' lang='lat' dir='ltr'>nec</span> <span class='ocrx_word' id='word_1_411' title='bbox 2536 1516 2931 1573; x_wconf 89' lang='lat' dir='ltr'>meminerunt</span> <span class='ocrx_word' id='word_1_412' title='bbox 2951 1519 3238 1590; x_wconf 89' lang='lat' dir='ltr'>scriptum</span> <span class='ocrx_word' id='word_1_413' title='bbox 3272 1535 3285 1572; x_wconf 88' lang='lat'><strong>:</strong></span> <span class='ocrx_word' id='word_1_414' title='bbox 3318 1517 3537 1574; x_wconf 89' lang='lat' dir='ltr'>Ducem</span> <span class='ocrx_word' id='word_1_415' title='bbox 3566 1522 3625 1572; x_wconf 82' lang='lat' dir='ltr'>te</span> <span class='ocrx_word' id='word_1_416' title='bbox 3645 1535 3787 1575; x_wconf 85' lang='lat' dir='ltr'>con-</span> 
     </span>
    </p>
   </div>
   <div class='ocr_carea' id='block_1_60' title="bbox 2129 1603 3785 1677">
    <p class='ocr_par' dir='ltr' id='par_1_60' title="bbox 2129 1603 3785 1677">
     <span class='ocr_line' id='line_1_61' title="bbox 2129 1603 3785 1677; baseline 0.004 -20"><span class='ocrx_word' id='word_1_417' title='bbox 2129 1603 2467 1670; x_wconf 85' lang='lat' dir='ltr'>stituerunt,</span> <span class='ocrx_word' id='word_1_418' title='bbox 2484 1622 2554 1659; x_wconf 91' lang='lat' dir='ltr'>ne</span> <span class='ocrx_word' id='word_1_419' title='bbox 2585 1603 2856 1661; x_wconf 89' lang='lat' dir='ltr'>eleveris:</span> <span class='ocrx_word' id='word_1_420' title='bbox 2882 1607 2981 1662; x_wconf 87' lang='lat' dir='ltr'>sed</span> <span class='ocrx_word' id='word_1_421' title='bbox 3008 1611 3130 1661; x_wconf 91' lang='lat' dir='ltr'>esto</span> <span class='ocrx_word' id='word_1_422' title='bbox 3150 1606 3302 1662; x_wconf 89' lang='lat' dir='ltr'>inter</span> <span class='ocrx_word' id='word_1_423' title='bbox 3316 1622 3415 1663; x_wconf 88' lang='lat' dir='ltr'>eos</span> <span class='ocrx_word' id='word_1_424' title='bbox 3435 1606 3606 1677; x_wconf 91' lang='lat' dir='ltr'>quasi</span> <span class='ocrx_word' id='word_1_425' title='bbox 3629 1623 3785 1664; x_wconf 89' lang='lat' dir='ltr'>unus</span> 
     </span>
    </p>
   </div>
   <div class='ocr_carea' id='block_1_61' title="bbox 2126 1692 3784 1768">
    <p class='ocr_par' dir='ltr' id='par_1_61' title="bbox 2126 1692 3784 1768">
     <span class='ocr_line' id='line_1_62' title="bbox 2126 1692 3784 1768; baseline 0.004 -21"><span class='ocrx_word' id='word_1_426' title='bbox 2126 1708 2194 1747; x_wconf 87' lang='lat' dir='ltr'>ex</span> <span class='ocrx_word' id='word_1_427' title='bbox 2226 1692 2369 1764; x_wconf 91' lang='lat' dir='ltr'>ipsis</span> <span class='ocrx_word' id='word_1_428' title='bbox 2400 1694 2572 1763; x_wconf 78' lang='lat' dir='ltr'>(Eccl.</span> <span class='ocrx_word' id='word_1_429' title='bbox 2605 1711 2782 1760; x_wconf 80' lang='lat' dir='ltr'>xxxu,</span> <span class='ocrx_word' id='word_1_430' title='bbox 2816 1695 2891 1766; x_wconf 92' lang='grc'>1).</span> <span class='ocrx_word' id='word_1_431' title='bbox 2923 1695 2990 1750; x_wconf 91' lang='lat' dir='ltr'>Et</span> <span class='ocrx_word' id='word_1_432' title='bbox 3018 1694 3164 1750; x_wconf 91' lang='lat' dir='ltr'>illud</span> <span class='ocrx_word' id='word_1_433' title='bbox 3188 1696 3345 1767; x_wconf 90' lang='lat' dir='ltr'>quod</span> <span class='ocrx_word' id='word_1_434' title='bbox 3377 1695 3438 1749; x_wconf 90' lang='lat' dir='ltr'>in</span> <span class='ocrx_word' id='word_1_435' title='bbox 3468 1695 3784 1768; x_wconf 79' lang='lat' dir='ltr'>Evangelia</span> 
     </span>
    </p>
   </div>
   <div class='ocr_carea' id='block_1_62' title="bbox 2127 1781 3784 1855">
    <p class='ocr_par' dir='ltr' id='par_1_62' title="bbox 2127 1781 3784 1855">
     <span class='ocr_line' id='line_1_63' title="bbox 2127 1781 3784 1855; baseline 0.004 -22"><span class='ocrx_word' id='word_1_436' title='bbox 2127 1781 2261 1834; x_wconf 75' lang='grc' dir='ltr'>κατά</span> <span class='ocrx_word' id='word_1_437' title='bbox 2309 1788 2517 1835; x_wconf 78' lang='grc' dir='ltr'>Λουκᾶν</span> <span class='ocrx_word' id='word_1_438' title='bbox 2550 1783 2835 1839; x_wconf 89' lang='lat' dir='ltr'>Dominus</span> <span class='ocrx_word' id='word_1_439' title='bbox 2882 1783 3186 1855; x_wconf 91' lang='lat' dir='ltr'>loquitur:</span> <span class='ocrx_word' id='word_1_440' title='bbox 3231 1784 3292 1839; x_wconf 89' lang='lat' dir='ltr'>Si</span> <span class='ocrx_word' id='word_1_441' title='bbox 3325 1787 3521 1840; x_wconf 89' lang='lat' dir='ltr'>autem</span> <span class='ocrx_word' id='word_1_442' title='bbox 3567 1784 3784 1840; x_wconf 79' lang='lat' dir='ltr'>dixerit</span> 
     </span>
    </p>
   </div>
   <div class='ocr_carea' id='block_1_63' title="bbox 2127 1869 3783 1938">
    <p class='ocr_par' dir='ltr' id='par_1_63' title="bbox 2127 1869 3783 1938">
     <span class='ocr_line' id='line_1_64' title="bbox 2127 1869 3783 1938; baseline 0.003 -14"><span class='ocrx_word' id='word_1_443' title='bbox 2127 1886 2329 1926; x_wconf 88' lang='lat' dir='ltr'>servus</span> <span class='ocrx_word' id='word_1_444' title='bbox 2360 1869 2455 1926; x_wconf 92' lang='lat' dir='ltr'>ille</span> <span class='ocrx_word' id='word_1_445' title='bbox 2484 1871 2543 1925; x_wconf 91' lang='lat' dir='ltr'>in</span> <span class='ocrx_word' id='word_1_446' title='bbox 2567 1873 2738 1927; x_wconf 88' lang='lat' dir='ltr'>corde</span> <span class='ocrx_word' id='word_1_447' title='bbox 2769 1888 2898 1938; x_wconf 91' lang='lat' dir='ltr'>suo,</span> <span class='ocrx_word' id='word_1_448' title='bbox 2916 1876 3179 1927; x_wconf 88' lang='lat' dir='ltr'>moratur</span> <span class='ocrx_word' id='word_1_449' title='bbox 3198 1872 3474 1928; x_wconf 89' lang='lat' dir='ltr'>dominus</span> <span class='ocrx_word' id='word_1_450' title='bbox 3496 1888 3671 1929; x_wconf 89' lang='lat' dir='ltr'>meus</span> <span class='ocrx_word' id='word_1_451' title='bbox 3692 1890 3783 1929; x_wconf 90' lang='lat' dir='ltr'>ve-</span> 
     </span>
    </p>
   </div>
   <div class='ocr_carea' id='block_1_64' title="bbox 2121 1959 3776 2032">
    <p class='ocr_par' dir='ltr' id='par_1_64' title="bbox 2121 1959 3776 2032">
     <span class='ocr_line' id='line_1_65' title="bbox 2121 1959 3776 2032; baseline 0.003 -19"><span class='ocrx_word' id='word_1_452' title='bbox 2121 1959 2267 2027; x_wconf 89' lang='lat' dir='ltr'>nire,</span> <span class='ocrx_word' id='word_1_453' title='bbox 2301 1964 2358 2014; x_wconf 92' lang='lat' dir='ltr'>et</span> <span class='ocrx_word' id='word_1_454' title='bbox 2381 1961 2611 2031; x_wconf 56' lang='lat' dir='ltr'>eruperit</span> <span class='ocrx_word' id='word_1_455' title='bbox 2639 1966 2938 2032; x_wconf 87' lang='lat' dir='ltr'>percutere</span> <span class='ocrx_word' id='word_1_456' title='bbox 2967 1977 3165 2017; x_wconf 87' lang='lat' dir='ltr'>servos</span> <span class='ocrx_word' id='word_1_457' title='bbox 3196 1967 3253 2016; x_wconf 89' lang='lat' dir='ltr'>et</span> <span class='ocrx_word' id='word_1_458' title='bbox 3282 1961 3551 2030; x_wconf 87' lang='lat' dir='ltr'>ancillas,</span> <span class='ocrx_word' id='word_1_459' title='bbox 3578 1978 3776 2018; x_wconf 89' lang='lat' dir='ltr'>come-</span> 
     </span>
    </p>
   </div>
   <div class='ocr_carea' id='block_1_65' title="bbox 2121 2047 3770 2116">
    <p class='ocr_par' dir='ltr' id='par_1_65' title="bbox 2121 2047 3770 2116">
     <span class='ocr_line' id='line_1_66' title="bbox 2121 2047 3770 2116; baseline 0.002 -14"><span class='ocrx_word' id='word_1_460' title='bbox 2121 2047 2257 2102; x_wconf 90' lang='lat' dir='ltr'>dere</span> <span class='ocrx_word' id='word_1_461' title='bbox 2276 2052 2333 2102; x_wconf 91' lang='lat' dir='ltr'>et</span> <span class='ocrx_word' id='word_1_462' title='bbox 2353 2048 3137 2116; x_wconf 87' lang='lat' dir='ltr'>bibere,etinebriari,veniet</span> <span class='ocrx_word' id='word_1_463' title='bbox 3157 2050 3309 2107; x_wconf 66' lang='lat'>562</span> <span class='ocrx_word' id='word_1_464' title='bbox 3323 2049 3603 2105; x_wconf 82' lang='lat' dir='ltr'>dominus</span> <span class='ocrx_word' id='word_1_465' title='bbox 3618 2050 3770 2106; x_wconf 87' lang='lat' dir='ltr'>servi</span> 
     </span>
    </p>
   </div>
   <div class='ocr_carea' id='block_1_66' title="bbox 2121 2135 3777 2210">
    <p class='ocr_par' dir='ltr' id='par_1_66' title="bbox 2121 2135 3777 2210">
     <span class='ocr_line' id='line_1_67' title="bbox 2121 2135 3777 2210; baseline 0.002 -19"><span class='ocrx_word' id='word_1_466' title='bbox 2121 2135 2281 2192; x_wconf 92' lang='lat' dir='ltr'>illius</span> <span class='ocrx_word' id='word_1_467' title='bbox 2304 2136 2364 2192; x_wconf 89' lang='lat' dir='ltr'>in</span> <span class='ocrx_word' id='word_1_468' title='bbox 2395 2137 2487 2193; x_wconf 92' lang='lat' dir='ltr'>die</span> <span class='ocrx_word' id='word_1_469' title='bbox 2518 2154 2635 2209; x_wconf 90' lang='lat' dir='ltr'>qua</span> <span class='ocrx_word' id='word_1_470' title='bbox 2664 2155 2780 2194; x_wconf 89' lang='lat' dir='ltr'>non</span> <span class='ocrx_word' id='word_1_471' title='bbox 2798 2142 3056 2210; x_wconf 89' lang='lat' dir='ltr'>putat,et</span> <span class='ocrx_word' id='word_1_472' title='bbox 3079 2138 3223 2194; x_wconf 85' lang='lat' dir='ltr'>hora</span> <span class='ocrx_word' id='word_1_473' title='bbox 3242 2155 3360 2210; x_wconf 91' lang='lat' dir='ltr'>qua</span> <span class='ocrx_word' id='word_1_474' title='bbox 3390 2137 3599 2205; x_wconf 88' lang='lat' dir='ltr'>nescit,</span> <span class='ocrx_word' id='word_1_475' title='bbox 3614 2139 3777 2195; x_wconf 88' lang='lat' dir='ltr'>etdi-</span> 
     </span>
    </p>
   </div>
   <div class='ocr_carea' id='block_1_67' title="bbox 2118 2224 3777 2299">
    <p class='ocr_par' dir='ltr' id='par_1_67' title="bbox 2118 2224 3777 2299">
     <span class='ocr_line' id='line_1_68' title="bbox 2118 2224 3777 2299; baseline 0.003 -20"><span class='ocrx_word' id='word_1_476' title='bbox 2118 2224 2277 2281; x_wconf 89' lang='lat' dir='ltr'>videt</span> <span class='ocrx_word' id='word_1_477' title='bbox 2303 2241 2460 2291; x_wconf 92' lang='lat' dir='ltr'>eum,</span> <span class='ocrx_word' id='word_1_478' title='bbox 2494 2230 2552 2280; x_wconf 91' lang='lat' dir='ltr'>et</span> <span class='ocrx_word' id='word_1_479' title='bbox 2598 2231 2824 2297; x_wconf 89' lang='lat' dir='ltr'>partem</span> <span class='ocrx_word' id='word_1_480' title='bbox 2856 2227 2983 2297; x_wconf 85' lang='lat' dir='ltr'>ejus</span> <span class='ocrx_word' id='word_1_481' title='bbox 3032 2232 3209 2299; x_wconf 89' lang='lat' dir='ltr'>ponet</span> <span class='ocrx_word' id='word_1_482' title='bbox 3257 2243 3392 2282; x_wconf 91' lang='lat' dir='ltr'>cum</span> <span class='ocrx_word' id='word_1_483' title='bbox 3430 2225 3777 2284; x_wconf 87' lang='lat' dir='ltr'>inﬁdelibus</span> 
     </span>
    </p>
   </div>
   <div class='ocr_carea' id='block_1_68' title="bbox 2121 2314 3773 2389">
    <p class='ocr_par' dir='ltr' id='par_1_68' title="bbox 2121 2314 3773 2389">
     <span class='ocr_line' id='line_1_69' title="bbox 2121 2314 3773 2389; baseline 0.002 -21"><span class='ocrx_word' id='word_1_484' title='bbox 2121 2314 2271 2385; x_wconf 88' lang='lat' dir='ltr'>(Luc.</span> <span class='ocrx_word' id='word_1_485' title='bbox 2306 2331 2406 2381; x_wconf 82' lang='lat' dir='ltr'>xu,</span> <span class='ocrx_word' id='word_1_486' title='bbox 2441 2317 2529 2384; x_wconf 87' lang='grc'>45,</span> <span class='ocrx_word' id='word_1_487' title='bbox 2564 2317 2674 2384; x_wconf 88' lang='grc'>46).</span> <span class='ocrx_word' id='word_1_488' title='bbox 2710 2315 3034 2388; x_wconf 89' lang='lat' dir='ltr'>Discipulos</span> <span class='ocrx_word' id='word_1_489' title='bbox 3066 2332 3297 2389; x_wconf 89' lang='lat' dir='ltr'>quoque</span> <span class='ocrx_word' id='word_1_490' title='bbox 3319 2331 3462 2372; x_wconf 90' lang='lat' dir='ltr'>suos</span> <span class='ocrx_word' id='word_1_491' title='bbox 3492 2316 3555 2370; x_wconf 89' lang='lat' dir='ltr'>in</span> <span class='ocrx_word' id='word_1_492' title='bbox 3587 2316 3773 2372; x_wconf 88' lang='lat' dir='ltr'>Evan-</span> 
     </span>
    </p>
   </div>
   <div class='ocr_carea' id='block_1_69' title="bbox 2119 2402 3772 2476">
    <p class='ocr_par' dir='ltr' id='par_1_69' title="bbox 2119 2402 3772 2476">
     <span class='ocr_line' id='line_1_70' title="bbox 2119 2402 3772 2476; baseline 0.001 -18"><span class='ocrx_word' id='word_1_493' title='bbox 2119 2402 2271 2475; x_wconf 89' lang='lat' dir='ltr'>gelio</span> <span class='ocrx_word' id='word_1_494' title='bbox 2318 2403 2640 2458; x_wconf 87' lang='lat' dir='ltr'>secundum</span> <span class='ocrx_word' id='word_1_495' title='bbox 2674 2404 3012 2460; x_wconf 76' lang='lat' dir='ltr'>Matthzsum</span> <span class='ocrx_word' id='word_1_496' title='bbox 3044 2404 3138 2460; x_wconf 90' lang='lat' dir='ltr'>his</span> <span class='ocrx_word' id='word_1_497' title='bbox 3189 2404 3495 2476; x_wconf 79' lang='lat' dir='ltr'>praeceptis</span> <span class='ocrx_word' id='word_1_498' title='bbox 3526 2404 3725 2460; x_wconf 88' lang='lat' dir='ltr'>erudit</span> <span class='ocrx_word' id='word_1_499' title='bbox 3757 2422 3772 2459; x_wconf 88' lang='lat'><strong>:</strong></span> 
     </span>
    </p>
   </div>
   <div class='ocr_carea' id='block_1_70' title="bbox 2120 2491 3778 2566">
    <p class='ocr_par' dir='ltr' id='par_1_70' title="bbox 2120 2491 3778 2566">
     <span class='ocr_line' id='line_1_71' title="bbox 2120 2491 3778 2566; baseline 0.002 -20"><span class='ocrx_word' id='word_1_500' title='bbox 2120 2491 2292 2547; x_wconf 90' lang='lat' dir='ltr'>Scitis</span> <span class='ocrx_word' id='word_1_501' title='bbox 2326 2493 2606 2563; x_wconf 89' lang='lat' dir='ltr'>quoniam</span> <span class='ocrx_word' id='word_1_502' title='bbox 2639 2493 2932 2565; x_wconf 88' lang='lat' dir='ltr'>principes</span> <span class='ocrx_word' id='word_1_503' title='bbox 2961 2493 3224 2566; x_wconf 89' lang='lat' dir='ltr'>gentium</span> <span class='ocrx_word' id='word_1_504' title='bbox 3255 2492 3641 2548; x_wconf 85' lang='lat' dir='ltr'>dominantur</span> <span class='ocrx_word' id='word_1_505' title='bbox 3678 2509 3778 2549; x_wconf 90' lang='lat' dir='ltr'>eo-</span> 
     </span>
    </p>
   </div>
   <div class='ocr_carea' id='block_1_71' title="bbox 2117 2582 3777 2656">
    <p class='ocr_par' dir='ltr' id='par_1_71' title="bbox 2117 2582 3777 2656">
     <span class='ocr_line' id='line_1_72' title="bbox 2117 2582 3777 2656; baseline 0.002 -21"><span class='ocrx_word' id='word_1_506' title='bbox 2117 2585 2335 2651; x_wconf 89' lang='lat' dir='ltr'>rum;et</span> <span class='ocrx_word' id='word_1_507' title='bbox 2368 2582 2459 2656; x_wconf 73' lang='lat' dir='ltr'>qui</span> <span class='ocrx_word' id='word_1_508' title='bbox 2487 2583 2739 2654; x_wconf 87' lang='lat' dir='ltr'>majores</span> <span class='ocrx_word' id='word_1_509' title='bbox 2761 2586 3273 2654; x_wconf 87' lang='lat' dir='ltr'>sunt,potestatem</span> <span class='ocrx_word' id='word_1_510' title='bbox 3293 2582 3638 2638; x_wconf 80' lang='lat' dir='ltr'>exercentin</span> <span class='ocrx_word' id='word_1_511' title='bbox 3656 2598 3777 2639; x_wconf 83' lang='lat' dir='ltr'>eos.</span> 
     </span>
    </p>
   </div>
   <div class='ocr_carea' id='block_1_72' title="bbox 2121 2670 3781 2743">
    <p class='ocr_par' dir='ltr' id='par_1_72' title="bbox 2121 2670 3781 2743">
     <span class='ocr_line' id='line_1_73' title="bbox 2121 2670 3781 2743; baseline 0 -17"><span class='ocrx_word' id='word_1_512' title='bbox 2121 2672 2238 2726; x_wconf 89' lang='lat' dir='ltr'>Non</span> <span class='ocrx_word' id='word_1_513' title='bbox 2273 2672 2357 2727; x_wconf 91' lang='lat' dir='ltr'>sic</span> <span class='ocrx_word' id='word_1_514' title='bbox 2413 2672 2522 2728; x_wconf 89' lang='lat' dir='ltr'>erit</span> <span class='ocrx_word' id='word_1_515' title='bbox 2580 2672 2730 2727; x_wconf 91' lang='lat' dir='ltr'>inter</span> <span class='ocrx_word' id='word_1_516' title='bbox 2755 2672 3012 2727; x_wconf 82' lang='lat' dir='ltr'>voszsed</span> <span class='ocrx_word' id='word_1_517' title='bbox 3045 2670 3143 2741; x_wconf 90' lang='lat' dir='ltr'>qui</span> <span class='ocrx_word' id='word_1_518' title='bbox 3159 2670 3489 2742; x_wconf 89' lang='lat' dir='ltr'>voluerit(b)</span> <span class='ocrx_word' id='word_1_519' title='bbox 3505 2687 3638 2727; x_wconf 90' lang='lat' dir='ltr'>esse</span> <span class='ocrx_word' id='word_1_520' title='bbox 3661 2672 3781 2743; x_wconf 88' lang='lat' dir='ltr'>pri-</span> 
     </span>
    </p>
   </div>
   <div class='ocr_carea' id='block_1_73' title="bbox 2120 2758 3785 2830">
    <p class='ocr_par' dir='ltr' id='par_1_73' title="bbox 2120 2758 3785 2830">
     <span class='ocr_line' id='line_1_74' title="bbox 2120 2758 3785 2830; baseline 0 -15"><span class='ocrx_word' id='word_1_521' title='bbox 2120 2777 2273 2830; x_wconf 89' lang='lat' dir='ltr'>mus,</span> <span class='ocrx_word' id='word_1_522' title='bbox 2310 2762 2387 2816; x_wconf 91' lang='lat' dir='ltr'>sit</span> <span class='ocrx_word' id='word_1_523' title='bbox 2418 2760 2683 2816; x_wconf 89' lang='lat' dir='ltr'>omnium</span> <span class='ocrx_word' id='word_1_524' title='bbox 2714 2776 2940 2816; x_wconf 89' lang='lat' dir='ltr'>servus.</span> <span class='ocrx_word' id='word_1_525' title='bbox 2974 2758 3157 2815; x_wconf 88' lang='lat' dir='ltr'>Filius</span> <span class='ocrx_word' id='word_1_526' title='bbox 3179 2759 3437 2814; x_wconf 90' lang='lat' dir='ltr'>hominis</span> <span class='ocrx_word' id='word_1_527' title='bbox 3468 2776 3586 2814; x_wconf 90' lang='lat' dir='ltr'>non</span> <span class='ocrx_word' id='word_1_528' title='bbox 3618 2759 3785 2815; x_wconf 88' lang='lat' dir='ltr'>venit</span> 
     </span>
    </p>
   </div>
   <div class='ocr_carea' id='block_1_74' title="bbox 2118 2848 3782 2920">
    <p class='ocr_par' dir='ltr' id='par_1_74' title="bbox 2118 2848 3782 2920">
     <span class='ocr_line' id='line_1_75' title="bbox 2118 2848 3782 2920; baseline -0.001 -15"><span class='ocrx_word' id='word_1_529' title='bbox 2118 2850 2468 2920; x_wconf 81' lang='lat' dir='ltr'>ministrari,</span> <span class='ocrx_word' id='word_1_530' title='bbox 2504 2851 2606 2905; x_wconf 92' lang='lat' dir='ltr'>sed</span> <span class='ocrx_word' id='word_1_531' title='bbox 2641 2848 2997 2915; x_wconf 89' lang='lat' dir='ltr'>ministrare,</span> <span class='ocrx_word' id='word_1_532' title='bbox 3030 2853 3086 2904; x_wconf 88' lang='lat' dir='ltr'>et</span> <span class='ocrx_word' id='word_1_533' title='bbox 3135 2849 3274 2904; x_wconf 88' lang='lat' dir='ltr'>dare</span> <span class='ocrx_word' id='word_1_534' title='bbox 3303 2848 3559 2903; x_wconf 79' lang='lat' dir='ltr'>animum</span> <span class='ocrx_word' id='word_1_535' title='bbox 3599 2864 3782 2915; x_wconf 81' lang='lat' dir='ltr'>suam</span> 
     </span>
    </p>
   </div>
   <div class='ocr_carea' id='block_1_75' title="bbox 2116 2935 3789 3011">
    <p class='ocr_par' dir='ltr' id='par_1_75' title="bbox 2116 2935 3789 3011">
     <span class='ocr_line' id='line_1_76' title="bbox 2116 2935 3789 3011; baseline 0 -18"><span class='ocrx_word' id='word_1_536' title='bbox 2116 2937 2588 3009; x_wconf 86' lang='lat' dir='ltr'>redemptionem</span> <span class='ocrx_word' id='word_1_537' title='bbox 2622 2954 2725 3011; x_wconf 93' lang='lat' dir='ltr'>pro</span> <span class='ocrx_word' id='word_1_538' title='bbox 2767 2937 3037 3008; x_wconf 87' lang='lat' dir='ltr'>pluribus</span> <span class='ocrx_word' id='word_1_539' title='bbox 3085 2937 3294 3009; x_wconf 79' lang='lat' dir='ltr'>(Matth.</span> <span class='ocrx_word' id='word_1_540' title='bbox 3326 2954 3417 3004; x_wconf 84' lang='lat' dir='ltr'>xx,</span> <span class='ocrx_word' id='word_1_541' title='bbox 3445 2938 3553 3008; x_wconf 83' lang='lat'>25).</span> <span class='ocrx_word' id='word_1_542' title='bbox 3586 2935 3789 2993; x_wconf 76' lang='lat' dir='ltr'>Multa</span> 
     </span>
    </p>
   </div>
   <div class='ocr_carea' id='block_1_76' title="bbox 2115 3023 3783 3099">
    <p class='ocr_par' dir='ltr' id='par_1_76' title="bbox 2115 3023 3783 3099">
     <span class='ocr_line' id='line_1_77' title="bbox 2115 3023 3783 3099; baseline -0.001 -18"><span class='ocrx_word' id='word_1_543' title='bbox 2115 3030 2257 3081; x_wconf 90' lang='lat' dir='ltr'>sunt</span> <span class='ocrx_word' id='word_1_544' title='bbox 2291 3025 2343 3081; x_wconf 91' lang='lat' dir='ltr'>si</span> <span class='ocrx_word' id='word_1_545' title='bbox 2374 3025 2611 3081; x_wconf 82' lang='lat' dir='ltr'>voluero</span> <span class='ocrx_word' id='word_1_546' title='bbox 2654 3027 2725 3082; x_wconf 89' lang='lat' dir='ltr'>de</span> <span class='ocrx_word' id='word_1_547' title='bbox 2755 3026 2939 3082; x_wconf 90' lang='lat' dir='ltr'>sacris</span> <span class='ocrx_word' id='word_1_548' title='bbox 2985 3026 3300 3099; x_wconf 90' lang='lat' dir='ltr'>Scripturis</span> <span class='ocrx_word' id='word_1_549' title='bbox 3334 3023 3643 3096; x_wconf 86' lang='lat' dir='ltr'>revolvere,</span> <span class='ocrx_word' id='word_1_550' title='bbox 3676 3026 3783 3082; x_wconf 91' lang='lat' dir='ltr'>ubi</span> 
     </span>
    </p>
   </div>
   <div class='ocr_carea' id='block_1_77' title="bbox 2121 3113 3782 3188">
    <p class='ocr_par' dir='ltr' id='par_1_77' title="bbox 2121 3113 3782 3188">
     <span class='ocr_line' id='line_1_78' title="bbox 2121 3113 3782 3188; baseline -0.001 -17"><span class='ocrx_word' id='word_1_551' title='bbox 2121 3116 2413 3187; x_wconf 88' lang='lat' dir='ltr'>majorum</span> <span class='ocrx_word' id='word_1_552' title='bbox 2435 3114 2710 3188; x_wconf 88' lang='lat' dir='ltr'>superbia</span> <span class='ocrx_word' id='word_1_553' title='bbox 2727 3120 3045 3185; x_wconf 86' lang='lat' dir='ltr'>coercetur,</span> <span class='ocrx_word' id='word_1_554' title='bbox 3061 3119 3119 3170; x_wconf 89' lang='lat' dir='ltr'>et</span> <span class='ocrx_word' id='word_1_555' title='bbox 3135 3116 3208 3170; x_wconf 92' lang='lat' dir='ltr'>ad</span> <span class='ocrx_word' id='word_1_556' title='bbox 3230 3113 3631 3170; x_wconf 88' lang='lat' dir='ltr'>humilitatem</span> <span class='ocrx_word' id='word_1_557' title='bbox 3650 3131 3782 3171; x_wconf 79' lang='lat' dir='ltr'>om-</span> 
     </span>
    </p>
   </div>
   <div class='ocr_carea' id='block_1_78' title="bbox 2122 3203 3782 3276">
    <p class='ocr_par' dir='ltr' id='par_1_78' title="bbox 2122 3203 3782 3276">
     <span class='ocr_line' id='line_1_79' title="bbox 2122 3203 3782 3276; baseline 0.001 -17"><span class='ocrx_word' id='word_1_558' title='bbox 2122 3221 2225 3260; x_wconf 90' lang='lat' dir='ltr'>nes</span> <span class='ocrx_word' id='word_1_559' title='bbox 2257 3204 2491 3260; x_wconf 91' lang='lat' dir='ltr'>Domini</span> <span class='ocrx_word' id='word_1_560' title='bbox 2518 3208 2908 3276; x_wconf 87' lang='lat' dir='ltr'>provocantur</span> <span class='ocrx_word' id='word_1_561' title='bbox 2927 3203 3202 3260; x_wconf 87' lang='lat' dir='ltr'>dicentis:</span> <span class='ocrx_word' id='word_1_562' title='bbox 3225 3203 3441 3259; x_wconf 89' lang='lat' dir='ltr'>Discite</span> <span class='ocrx_word' id='word_1_563' title='bbox 3465 3220 3501 3259; x_wconf 86' lang='lat' dir='ltr'>a</span> <span class='ocrx_word' id='word_1_564' title='bbox 3518 3219 3615 3260; x_wconf 89' lang='lat' dir='ltr'>me</span> <span class='ocrx_word' id='word_1_565' title='bbox 3637 3203 3782 3276; x_wconf 82' lang='lat' dir='ltr'>quia</span> 
     </span>
    </p>
   </div>
   <div class='ocr_carea' id='block_1_79' title="bbox 2122 3292 3500 3365">
    <p class='ocr_par' dir='ltr' id='par_1_79' title="bbox 2122 3292 3500 3365">
     <span class='ocr_line' id='line_1_80' title="bbox 2122 3292 3500 3365; baseline 0.001 -18"><span class='ocrx_word' id='word_1_566' title='bbox 2122 3292 2281 3349; x_wconf 89' lang='lat' dir='ltr'>mitis</span> <span class='ocrx_word' id='word_1_567' title='bbox 2308 3310 2441 3349; x_wconf 92' lang='lat' dir='ltr'>sum</span> <span class='ocrx_word' id='word_1_568' title='bbox 2473 3297 2530 3348; x_wconf 90' lang='lat' dir='ltr'>et</span> <span class='ocrx_word' id='word_1_569' title='bbox 2560 3292 2805 3349; x_wconf 92' lang='lat' dir='ltr'>humilis</span> <span class='ocrx_word' id='word_1_570' title='bbox 2835 3294 3007 3349; x_wconf 91' lang='lat' dir='ltr'>corde</span> <span class='ocrx_word' id='word_1_571' title='bbox 3036 3292 3242 3365; x_wconf 84' lang='lat' dir='ltr'>(Matth.</span> <span class='ocrx_word' id='word_1_572' title='bbox 3276 3309 3355 3361; x_wconf 83' lang='lat' dir='ltr'>x1,</span> <span class='ocrx_word' id='word_1_573' title='bbox 3384 3292 3500 3364; x_wconf 86' lang='lat'>29).</span> 
     </span>
    </p>
   </div>
   <div class='ocr_carea' id='block_1_80' title="bbox 2120 3505 3775 3578">
    <p class='ocr_par' dir='ltr' id='par_1_80' title="bbox 2120 3505 3775 3578">
     <span class='ocr_line' id='line_1_81' title="bbox 2120 3505 3775 3578; baseline -0.001 -14"><span class='ocrx_word' id='word_1_574' title='bbox 2120 3509 2320 3564; x_wconf 88' lang='lat' dir='ltr'>datum</span> <span class='ocrx_word' id='word_1_575' title='bbox 2345 3508 2504 3563; x_wconf 72' lang='lat' dir='ltr'>Isaia:</span> <span class='ocrx_word' id='word_1_576' title='bbox 2528 3507 2722 3576; x_wconf 77' lang='lat' dir='ltr'>locum</span> <span class='ocrx_word' id='word_1_577' title='bbox 2746 3506 2964 3575; x_wconf 90' lang='lat' dir='ltr'>subdit,</span> <span class='ocrx_word' id='word_1_578' title='bbox 2990 3523 3117 3578; x_wconf 76' lang='lat' dir='ltr'>quas</span> <span class='ocrx_word' id='word_1_579' title='bbox 3145 3505 3389 3578; x_wconf 88' lang='lat' dir='ltr'>minime</span> <span class='ocrx_word' id='word_1_580' title='bbox 3408 3509 3535 3561; x_wconf 87' lang='lat' dir='ltr'>erat</span> <span class='ocrx_word' id='word_1_581' title='bbox 3554 3506 3627 3562; x_wconf 87' lang='lat' dir='ltr'>ad</span> <span class='ocrx_word' id='word_1_582' title='bbox 3649 3522 3775 3562; x_wconf 85' lang='lat' dir='ltr'>rem</span> 
     </span>
    </p>
   </div>
   <div class='ocr_carea' id='block_1_81' title="bbox 2119 3577 3778 3649">
    <p class='ocr_par' dir='ltr' id='par_1_81' title="bbox 2119 3577 3778 3649">
     <span class='ocr_line' id='line_1_82' title="bbox 2119 3577 3778 3649; baseline -0.002 -13"><span class='ocrx_word' id='word_1_583' title='bbox 2119 3585 2401 3636; x_wconf 89' lang='lat' dir='ltr'>nostram.</span> <span class='ocrx_word' id='word_1_584' title='bbox 2428 3580 2682 3634; x_wconf 91' lang='lat' dir='ltr'>Pronum</span> <span class='ocrx_word' id='word_1_585' title='bbox 2706 3595 2940 3649; x_wconf 90' lang='lat' dir='ltr'>quoque</span> <span class='ocrx_word' id='word_1_586' title='bbox 2966 3577 3076 3634; x_wconf 83' lang='lat' dir='ltr'>fuit</span> <span class='ocrx_word' id='word_1_587' title='bbox 3095 3577 3365 3649; x_wconf 88' lang='lat' dir='ltr'>opiniari,</span> <span class='ocrx_word' id='word_1_588' title='bbox 3379 3593 3589 3633; x_wconf 86' lang='lat' dir='ltr'>vocum</span> <span class='ocrx_word' id='word_1_589' title='bbox 3612 3579 3778 3634; x_wconf 87' lang='lat' dir='ltr'>simi-</span> 
     </span>
    </p>
   </div>
   <div class='ocr_carea' id='block_1_82' title="bbox 2118 3649 3779 3721">
    <p class='ocr_par' dir='ltr' id='par_1_82' title="bbox 2118 3649 3779 3721">
     <span class='ocr_line' id='line_1_83' title="bbox 2118 3649 3779 3721; baseline -0.001 -15"><span class='ocrx_word' id='word_1_590' title='bbox 2118 3651 2363 3706; x_wconf 89' lang='lat' dir='ltr'>litudine</span> <span class='ocrx_word' id='word_1_591' title='bbox 2396 3652 2542 3706; x_wconf 83' lang='lat' dir='ltr'>Hinc</span> <span class='ocrx_word' id='word_1_592' title='bbox 2570 3655 2626 3705; x_wconf 90' lang='lat' dir='ltr'>et</span> <span class='ocrx_word' id='word_1_593' title='bbox 2651 3652 2777 3715; x_wconf 83' lang='lat' dir='ltr'>Hoc,</span> <span class='ocrx_word' id='word_1_594' title='bbox 2810 3666 3060 3721; x_wconf 88' lang='lat' dir='ltr'>quarum</span> <span class='ocrx_word' id='word_1_595' title='bbox 3105 3650 3287 3705; x_wconf 88' lang='lat' dir='ltr'>altera</span> <span class='ocrx_word' id='word_1_596' title='bbox 3315 3649 3569 3721; x_wconf 76' lang='lat' dir='ltr'>reposita</span> <span class='ocrx_word' id='word_1_597' title='bbox 3598 3666 3634 3704; x_wconf 87' lang='lat' dir='ltr'>a</span> <span class='ocrx_word' id='word_1_598' title='bbox 3667 3666 3779 3705; x_wconf 86' lang='lat' dir='ltr'>no-</span> 
     </span>
    </p>
   </div>
   <div class='ocr_carea' id='block_1_83' title="bbox 2119 3718 3778 3794">
    <p class='ocr_par' dir='ltr' id='par_1_83' title="bbox 2119 3718 3778 3794">
     <span class='ocr_line' id='line_1_84' title="bbox 2119 3718 3778 3794; baseline -0.001 -17"><span class='ocrx_word' id='word_1_599' title='bbox 2119 3724 2209 3777; x_wconf 92' lang='lat' dir='ltr'>bis</span> <span class='ocrx_word' id='word_1_600' title='bbox 2241 3722 2527 3794; x_wconf 89' lang='lat' dir='ltr'>pericope,</span> <span class='ocrx_word' id='word_1_601' title='bbox 2560 3722 2741 3776; x_wconf 91' lang='lat' dir='ltr'>altera</span> <span class='ocrx_word' id='word_1_602' title='bbox 2770 3718 3137 3794; x_wconf 72' lang='lat' dir='ltr'>subsequens</span> <span class='ocrx_word' id='word_1_603' title='bbox 3161 3718 3411 3794; x_wconf 76' lang='lat' dir='ltr'>periodis</span> <span class='ocrx_word' id='word_1_604' title='bbox 3433 3718 3778 3794; x_wconf 71' lang='lat' dir='ltr'>inchoatur,</span> 
     </span>
    </p>
   </div>
   <div class='ocr_carea' id='block_1_84' title="bbox 2118 3789 3783 3864">
    <p class='ocr_par' dir='ltr' id='par_1_84' title="bbox 2118 3789 3783 3864">
     <span class='ocr_line' id='line_1_85' title="bbox 2118 3789 3783 3864; baseline -0.001 -15"><span class='ocrx_word' id='word_1_605' title='bbox 2118 3789 2700 3864; x_wconf 46' lang='lat' dir='ltr'>deceptum-veterem</span> <span class='ocrx_word' id='word_1_606' title='bbox 2722 3789 2997 3859; x_wconf 69' lang='lat' dir='ltr'>scribam,</span> <span class='ocrx_word' id='word_1_607' title='bbox 3019 3789 3215 3864; x_wconf 71' lang='lat' dir='ltr'>priora</span> <span class='ocrx_word' id='word_1_608' title='bbox 3225 3792 3428 3864; x_wconf 78' lang='lat' dir='ltr'>verba,</span> <span class='ocrx_word' id='word_1_609' title='bbox 3442 3789 3541 3862; x_wconf 89' lang='lat' dir='ltr'>qui</span> <span class='ocrx_word' id='word_1_610' title='bbox 3559 3789 3783 3864; x_wconf 82' lang='lat' dir='ltr'>solem-</span> 
     </span>
    </p>
   </div>
   <div class='ocr_carea' id='block_1_85' title="bbox 2120 3861 3775 3936">
    <p class='ocr_par' dir='ltr' id='par_1_85' title="bbox 2120 3861 3775 3936">
     <span class='ocr_line' id='line_1_86' title="bbox 2120 3861 3775 3936; baseline -0.002 -16"><span class='ocrx_word' id='word_1_611' title='bbox 2120 3866 2211 3920; x_wconf 91' lang='lat' dir='ltr'>nis</span> <span class='ocrx_word' id='word_1_612' title='bbox 2241 3861 2331 3921; x_wconf 79' lang='lat' dir='ltr'>est</span> <span class='ocrx_word' id='word_1_613' title='bbox 2361 3865 2586 3936; x_wconf 89' lang='lat' dir='ltr'>lapsus,</span> <span class='ocrx_word' id='word_1_614' title='bbox 2620 3861 3069 3935; x_wconf 84' lang='lat' dir='ltr'>properantibus</span> <span class='ocrx_word' id='word_1_615' title='bbox 3085 3862 3273 3919; x_wconf 90' lang='lat' dir='ltr'>oculis</span> <span class='ocrx_word' id='word_1_616' title='bbox 3303 3861 3775 3936; x_wconf 67' lang='lat' dir='ltr'>praetermisisse.</span> 
     </span>
    </p>
   </div>
   <div class='ocr_carea' id='block_1_86' title="bbox 2190 3933 3775 4008">
    <p class='ocr_par' dir='ltr' id='par_1_86' title="bbox 2190 3933 3775 4008">
     <span class='ocr_line' id='line_1_87' title="bbox 2190 3933 3775 4008; baseline -0.001 -17"><span class='ocrx_word' id='word_1_617' title='bbox 2190 3933 2476 4008; x_wconf 81' lang='lat' dir='ltr'>(b)Vidctu</span> <span class='ocrx_word' id='word_1_618' title='bbox 2486 3937 2530 4006; x_wconf 88' lang='lat' dir='ltr'>rj</span> <span class='ocrx_word' id='word_1_619' title='bbox 2542 3933 2903 4008; x_wconf 80' lang='lat' dir='ltr'>uxtaRaban.</span> <span class='ocrx_word' id='word_1_620' title='bbox 2915 3933 3443 4008; x_wconf 78' lang='lat' dir='ltr'>,quemadmodum</span> <span class='ocrx_word' id='word_1_621' title='bbox 3454 3937 3511 4008; x_wconf 83' lang='lat' dir='ltr'>et</span> <span class='ocrx_word' id='word_1_622' title='bbox 3524 3933 3586 3989; x_wconf 90' lang='lat' dir='ltr'>in</span> <span class='ocrx_word' id='word_1_623' title='bbox 3602 3951 3775 3990; x_wconf 84' lang='lat' dir='ltr'>sacro</span> 
     </span>
    </p>
   </div>
   <div class='ocr_carea' id='block_1_87' title="bbox 2118 4006 3776 4089">
    <p class='ocr_par' dir='ltr' id='par_1_87' title="bbox 2118 4006 3776 4089">
     <span class='ocr_line' id='line_1_88' title="bbox 2118 4006 3776 4089; baseline -0.001 -27"><span class='ocrx_word' id='word_1_624' title='bbox 2118 4006 2207 4062; x_wconf 90' lang='lat' dir='ltr'>est</span> <span class='ocrx_word' id='word_1_625' title='bbox 2234 4006 2415 4089; x_wconf 46' lang='lat' dir='ltr'>teutu,</span> <span class='ocrx_word' id='word_1_626' title='bbox 2451 4007 2865 4089; x_wconf 80' lang='lat' dir='ltr'>supplendum,</span> <span class='ocrx_word' id='word_1_627' title='bbox 2887 4008 2983 4089; x_wconf 77' lang='lat' dir='ltr'>qui</span> <span class='ocrx_word' id='word_1_628' title='bbox 3006 4007 3239 4089; x_wconf 63' lang='lat' dir='ltr'>poluerit</span> <span class='ocrx_word' id='word_1_629' title='bbox 3267 4007 3329 4060; x_wconf 86' lang='lat' dir='ltr'>in</span> <span class='ocrx_word' id='word_1_630' title='bbox 3357 4006 3506 4089; x_wconf 78' lang='lat' dir='ltr'>vobis</span> <span class='ocrx_word' id='word_1_631' title='bbox 3525 4022 3776 4078; x_wconf 82' lang='lat' dir='ltr'>magnus</span> 
     </span>
    </p>
   </div>
   <div class='ocr_carea' id='block_1_88' title="bbox 2116 4078 3463 4148">
    <p class='ocr_par' dir='ltr' id='par_1_88' title="bbox 2116 4078 3463 4148">
     <span class='ocr_line' id='line_1_89' title="bbox 2116 4078 3463 4148; baseline -0.001 -15"><span class='ocrx_word' id='word_1_632' title='bbox 2116 4094 2247 4145; x_wconf 85' lang='lat' dir='ltr'>esse,</span> <span class='ocrx_word' id='word_1_633' title='bbox 2280 4080 2376 4148; x_wconf 80' lang='lat' dir='ltr'>ﬁat</span> <span class='ocrx_word' id='word_1_634' title='bbox 2406 4080 2660 4139; x_wconf 78' lang='lat' dir='ltr'>minister</span> <span class='ocrx_word' id='word_1_635' title='bbox 2678 4094 2698 4139; x_wconf 87' lang='lat'><em>;</em></span> <span class='ocrx_word' id='word_1_636' title='bbox 2729 4083 2781 4133; x_wconf 88' lang='lat' dir='ltr'>et</span> <span class='ocrx_word' id='word_1_637' title='bbox 2809 4078 2906 4148; x_wconf 84' lang='lat' dir='ltr'>qui</span> <span class='ocrx_word' id='word_1_638' title='bbox 2933 4078 3163 4134; x_wconf 87' lang='lat' dir='ltr'>voluerit</span> <span class='ocrx_word' id='word_1_639' title='bbox 3190 4093 3322 4145; x_wconf 85' lang='lat' dir='ltr'>esse,</span> <span class='ocrx_word' id='word_1_640' title='bbox 3355 4082 3463 4133; x_wconf 90' lang='lat' dir='ltr'>etc.</span> 
     </span>
    </p>
   </div>
   <div class='ocr_carea' id='block_1_89' title="bbox 1152 4513 2961 4626">
    <p class='ocr_par' dir='ltr' id='par_1_89' title="bbox 1152 4513 2961 4626">
     <span class='ocr_line' id='line_1_90' title="bbox 1152 4513 2961 4626; baseline 0.001 -20"><span class='ocrx_word' id='word_1_641' title='bbox 1152 4514 1574 4610; x_wconf 82' lang='lat' dir='ltr'><em>LIBER</em></span> <span class='ocrx_word' id='word_1_642' title='bbox 1635 4514 2246 4610; x_wconf 84' lang='lat' dir='ltr'>DECIMUS</span> <span class='ocrx_word' id='word_1_643' title='bbox 2314 4513 2961 4626; x_wconf 85' lang='lat' dir='ltr'>QUARTUS.</span> 
     </span>
    </p>
   </div>
   <div class='ocr_carea' id='block_1_90' title="bbox 424 4842 3769 4920">
    <p class='ocr_par' dir='ltr' id='par_1_90' title="bbox 424 4842 3769 4920">
     <span class='ocr_line' id='line_1_91' title="bbox 424 4842 3769 4920; baseline -0.002 -15"><span class='ocrx_word' id='word_1_644' title='bbox 424 4846 768 4905; x_wconf 66' lang='grc' dir='ltr'>ὅθι-562</span> <span class='ocrx_word' id='word_1_645' title='bbox 801 4846 960 4910; x_wconf 88' lang='lat' dir='ltr'>Quod</span> <span class='ocrx_word' id='word_1_646' title='bbox 1014 4846 1073 4901; x_wconf 90' lang='lat' dir='ltr'>in</span> <span class='ocrx_word' id='word_1_647' title='bbox 1124 4847 1408 4920; x_wconf 90' lang='lat' dir='ltr'>principio</span> <span class='ocrx_word' id='word_1_648' title='bbox 1455 4848 1657 4920; x_wconf 89' lang='lat' dir='ltr'>templi</span> <span class='ocrx_word' id='word_1_649' title='bbox 1689 4848 2001 4905; x_wconf 88' lang='lat' dir='ltr'>Ezechielis</span> <span class='ocrx_word' id='word_1_650' title='bbox 2036 4849 2079 4912; x_wconf 89' lang='lat' dir='ltr'>D</span> <span class='ocrx_word' id='word_1_651' title='bbox 2183 4846 2269 4901; x_wconf 85' lang='lat' dir='ltr'>Ita</span> <span class='ocrx_word' id='word_1_652' title='bbox 2295 4850 2350 4901; x_wconf 89' lang='lat' dir='ltr'>et</span> <span class='ocrx_word' id='word_1_653' title='bbox 2379 4862 2486 4917; x_wconf 89' lang='lat' dir='ltr'>ego</span> <span class='ocrx_word' id='word_1_654' title='bbox 2515 4845 2764 4901; x_wconf 88' lang='lat' dir='ltr'>istarum</span> <span class='ocrx_word' id='word_1_655' title='bbox 2797 4845 3231 4917; x_wconf 88' lang='lat' dir='ltr'>Scripturarum</span> <span class='ocrx_word' id='word_1_656' title='bbox 3254 4843 3560 4916; x_wconf 87' lang='lat' dir='ltr'>ingressus</span> <span class='ocrx_word' id='word_1_657' title='bbox 3590 4842 3769 4899; x_wconf 79' lang='lat' dir='ltr'>Ocea-</span> 
     </span>
    </p>
   </div>
   <div class='ocr_carea' id='block_1_91' title="bbox 354 4935 1996 5008">
    <p class='ocr_par' dir='ltr' id='par_1_91' title="bbox 354 4935 1996 5008">
     <span class='ocr_line' id='line_1_92' title="bbox 354 4935 1996 5008; baseline 0 -19"><span class='ocrx_word' id='word_1_658' title='bbox 354 4935 529 4990; x_wconf 91' lang='lat' dir='ltr'>debui</span> <span class='ocrx_word' id='word_1_659' title='bbox 558 4936 766 5006; x_wconf 89' lang='lat' dir='ltr'>dicere,</span> <span class='ocrx_word' id='word_1_660' title='bbox 794 4952 950 4991; x_wconf 91' lang='lat' dir='ltr'>nunc</span> <span class='ocrx_word' id='word_1_661' title='bbox 970 4943 1323 5008; x_wconf 66' lang='lat' dir='ltr'>praepostero</span> <span class='ocrx_word' id='word_1_662' title='bbox 1354 4936 1554 4993; x_wconf 89' lang='lat' dir='ltr'>ordine</span> <span class='ocrx_word' id='word_1_663' title='bbox 1582 4937 1639 4991; x_wconf 90' lang='lat' dir='ltr'>in</span> <span class='ocrx_word' id='word_1_664' title='bbox 1666 4938 1779 4992; x_wconf 82' lang='lat' dir='ltr'>ﬁne</span> <span class='ocrx_word' id='word_1_665' title='bbox 1807 4937 1996 4991; x_wconf 86' lang='lat' dir='ltr'>dictu-</span> 
     </span>
    </p>
   </div>
   <div class='ocr_carea' id='block_1_92' title="bbox 351 5024 1992 5094">
    <p class='ocr_par' dir='ltr' id='par_1_92' title="bbox 351 5024 1992 5094">
     <span class='ocr_line' id='line_1_93' title="bbox 351 5024 1992 5094; baseline 0.002 -19"><span class='ocrx_word' id='word_1_666' title='bbox 351 5037 456 5076; x_wconf 88' lang='lat' dir='ltr'>rus</span> <span class='ocrx_word' id='word_1_667' title='bbox 489 5039 642 5090; x_wconf 89' lang='lat' dir='ltr'>sum,</span> <span class='ocrx_word' id='word_1_668' title='bbox 673 5024 833 5080; x_wconf 89' lang='lat' dir='ltr'>illius</span> <span class='ocrx_word' id='word_1_669' title='bbox 864 5024 1134 5081; x_wconf 88' lang='lat' dir='ltr'>versiculi</span> <span class='ocrx_word' id='word_1_670' title='bbox 1166 5043 1391 5083; x_wconf 90' lang='lat' dir='ltr'>memor</span> <span class='ocrx_word' id='word_1_671' title='bbox 1419 5026 1640 5094; x_wconf 84' lang='lat' dir='ltr'>(Virgil.</span> <span class='ocrx_word' id='word_1_672' title='bbox 1676 5027 1772 5080; x_wconf 77' lang='lat' dir='ltr'>lib.</span> <span class='ocrx_word' id='word_1_673' title='bbox 1810 5041 1865 5079; x_wconf 85' lang='lat' dir='ltr'>v1</span> <span class='ocrx_word' id='word_1_674' title='bbox 1896 5024 1992 5077; x_wconf 72' lang='grc' dir='ltr'>ΑΞ-</span> 
     </span>
    </p>
   </div>
   <div class='ocr_carea' id='block_1_93' title="bbox 356 5108 580 5178">
    <p class='ocr_par' dir='ltr' id='par_1_93' title="bbox 356 5108 580 5178">
     <span class='ocr_line' id='line_1_94' title="bbox 356 5108 580 5178; baseline -0.009 -13"><span class='ocrx_word' id='word_1_675' title='bbox 356 5108 531 5178; x_wconf 83' lang='lat' dir='ltr'>neid.)</span> <span class='ocrx_word' id='word_1_676' title='bbox 565 5125 580 5163; x_wconf 92' lang='lat'><strong>:</strong></span> 
     </span>
    </p>
   </div>
   <div class='ocr_carea' id='block_1_94' title="bbox 415 5195 1727 5260">
    <p class='ocr_par' dir='ltr' id='par_1_94' title="bbox 415 5195 1727 5260">
     <span class='ocr_line' id='line_1_95' title="bbox 415 5195 1727 5260; baseline 0.001 -12"><span class='ocrx_word' id='word_1_677' title='bbox 415 5196 513 5248; x_wconf 83' lang='lat' dir='ltr'>Hic</span> <span class='ocrx_word' id='word_1_678' title='bbox 542 5195 696 5246; x_wconf 87' lang='lat' dir='ltr'>labor</span> <span class='ocrx_word' id='word_1_679' title='bbox 725 5199 806 5248; x_wconf 90' lang='lat' dir='ltr'>ille</span> <span class='ocrx_word' id='word_1_680' title='bbox 837 5200 1043 5260; x_wconf 88' lang='lat' dir='ltr'>domus,</span> <span class='ocrx_word' id='word_1_681' title='bbox 1077 5204 1131 5251; x_wconf 90' lang='lat' dir='ltr'>et</span> <span class='ocrx_word' id='word_1_682' title='bbox 1158 5201 1535 5251; x_wconf 81' lang='lat' dir='ltr'>inextricabilis</span> <span class='ocrx_word' id='word_1_683' title='bbox 1561 5214 1727 5251; x_wconf 89' lang='lat' dir='ltr'>error.</span> 
     </span>
    </p>
   </div>
   <div class='ocr_carea' id='block_1_95' title="bbox 419 5295 1998 5441">
    <p class='ocr_par' dir='ltr' id='par_1_95' title="bbox 419 5295 1998 5441">
     <span class='ocr_line' id='line_1_96' title="bbox 419 5295 1998 5441; baseline -0.002 -89"><span class='ocrx_word' id='word_1_684' title='bbox 419 5296 646 5441; x_wconf 56' lang='lat' dir='ltr'>Die)quo</span> <span class='ocrx_word' id='word_1_685' title='bbox 677 5299 735 5350; x_wconf 91' lang='lat' dir='ltr'>et</span> <span class='ocrx_word' id='word_1_686' title='bbox 765 5295 822 5350; x_wconf 91' lang='lat' dir='ltr'>in</span> <span class='ocrx_word' id='word_1_687' title='bbox 867 5298 979 5354; x_wconf 90' lang='lat' dir='ltr'>alio</span> <span class='ocrx_word' id='word_1_688' title='bbox 1009 5299 1135 5355; x_wconf 93' lang='lat' dir='ltr'>loco</span> <span class='ocrx_word' id='word_1_689' title='bbox 1168 5299 1322 5355; x_wconf 89' lang='lat' dir='ltr'>idem</span> <span class='ocrx_word' id='word_1_690' title='bbox 1354 5302 1523 5369; x_wconf 89' lang='lat' dir='ltr'>poeta</span> <span class='ocrx_word' id='word_1_691' title='bbox 1574 5298 1844 5353; x_wconf 83' lang='lat' dir='ltr'>decantat</span> <span class='ocrx_word' id='word_1_692' title='bbox 1874 5297 1998 5364; x_wconf 61' lang='lat' dir='ltr'>(/E-</span> 
     </span>
     <span class='ocr_line' id='line_1_97' title="bbox 419 5385 577 5424; baseline 0 0"><span class='ocrx_word' id='word_1_693' title='bbox 419 5387 443 5424; x_wconf 76' lang='grc' dir='ltr'>ει</span> <span class='ocrx_word' id='word_1_694' title='bbox 488 5410 500 5423; x_wconf 94' lang='grc'><strong>.</strong></span> <span class='ocrx_word' id='word_1_695' title='bbox 564 5385 577 5424; x_wconf 91' lang='lat'><strong>:</strong></span> 
     </span>
    </p>
   </div>
   <div class='ocr_carea' id='block_1_96' title="bbox 351 5385 577 5425">
    <p class='ocr_par' dir='ltr' id='par_1_96' title="bbox 351 5385 577 5425">
     <span class='ocr_line' id='line_1_98' title="bbox 351 5385 577 5425; baseline 0.004 -2"><span class='ocrx_word' id='word_1_696' title='bbox 351 5385 526 5425; x_wconf 77' lang='lat' dir='ltr'>neia.)</span> <span class='ocrx_word' id='word_1_697' title='bbox 564 5385 577 5424; x_wconf 75' lang='grc' dir='ltr'>ε</span> 
     </span>
    </p>
   </div>
   <div class='ocr_carea' id='block_1_97' title="bbox 415 5463 1794 5531">
    <p class='ocr_par' dir='ltr' id='par_1_97' title="bbox 415 5463 1794 5531">
     <span class='ocr_line' id='line_1_99' title="bbox 415 5463 1794 5531; baseline 0 -16"><span class='ocrx_word' id='word_1_698' title='bbox 415 5467 481 5531; x_wconf 68' lang='lat' dir='ltr'>Ut</span> <span class='ocrx_word' id='word_1_699' title='bbox 509 5464 784 5531; x_wconf 83' lang='lat' dir='ltr'>quondam</span> <span class='ocrx_word' id='word_1_700' title='bbox 813 5463 966 5531; x_wconf 86' lang='lat' dir='ltr'>Creta</span> <span class='ocrx_word' id='word_1_701' title='bbox 994 5466 1171 5531; x_wconf 86' lang='lat' dir='ltr'>fertur</span> <span class='ocrx_word' id='word_1_702' title='bbox 1191 5467 1529 5531; x_wconf 79' lang='lat' dir='ltr'>labyrinthus</span> <span class='ocrx_word' id='word_1_703' title='bbox 1559 5466 1612 5514; x_wconf 90' lang='lat' dir='ltr'>in</span> <span class='ocrx_word' id='word_1_704' title='bbox 1645 5465 1750 5515; x_wconf 87' lang='lat' dir='ltr'>alta</span> <span class='ocrx_word' id='word_1_705' title='bbox 1781 5480 1794 5515; x_wconf 88' lang='lat'>:</span> 
     </span>
    </p>
   </div>
   <div class='ocr_carea' id='block_1_98' title="bbox 415 5529 1705 5590">
    <p class='ocr_par' dir='ltr' id='par_1_98' title="bbox 415 5529 1705 5590">
     <span class='ocr_line' id='line_1_100' title="bbox 415 5529 1705 5590; baseline -0.001 -13"><span class='ocrx_word' id='word_1_706' title='bbox 415 5529 712 5578; x_wconf 82' lang='lat' dir='ltr'>Parietibus</span> <span class='ocrx_word' id='word_1_707' title='bbox 743 5530 946 5590; x_wconf 81' lang='lat' dir='ltr'>textum</span> <span class='ocrx_word' id='word_1_708' title='bbox 979 5530 1132 5577; x_wconf 74' lang='lat' dir='ltr'>cmcis</span> <span class='ocrx_word' id='word_1_709' title='bbox 1162 5529 1294 5585; x_wconf 42' lang='lat' dir='ltr'>iter.‘</span> <span class='ocrx_word' id='word_1_710' title='bbox 1313 5530 1705 5590; x_wconf 83' lang='lat' dir='ltr'>ancipitemque</span> 
     </span>
    </p>
   </div>
   <div class='ocr_carea' id='block_1_99' title="bbox 414 5588 1803 5655">
    <p class='ocr_par' dir='ltr' id='par_1_99' title="bbox 414 5588 1803 5655">
     <span class='ocr_line' id='line_1_101' title="bbox 414 5588 1803 5655; baseline 0.003 -18"><span class='ocrx_word' id='word_1_711' title='bbox 414 5590 555 5655; x_wconf 58' lang='lat' dir='ltr'>Mille</span> <span class='ocrx_word' id='word_1_712' title='bbox 586 5592 686 5655; x_wconf 84' lang='lat' dir='ltr'>viis</span> <span class='ocrx_word' id='word_1_713' title='bbox 714 5588 967 5655; x_wconf 79' lang='lat' dir='ltr'>habuisse</span> <span class='ocrx_word' id='word_1_714' title='bbox 996 5590 1195 5655; x_wconf 84' lang='lat' dir='ltr'>dolum,</span> <span class='ocrx_word' id='word_1_715' title='bbox 1230 5605 1339 5655; x_wconf 82' lang='lat' dir='ltr'>qua</span> <span class='ocrx_word' id='word_1_716' title='bbox 1365 5588 1517 5655; x_wconf 70' lang='lat' dir='ltr'>signa</span> <span class='ocrx_word' id='word_1_717' title='bbox 1546 5588 1803 5654; x_wconf 84' lang='lat' dir='ltr'>sequendi</span> 
     </span>
    </p>
   </div>
   <div class='ocr_carea' id='block_1_100' title="bbox 414 5650 1688 5718">
    <p class='ocr_par' dir='ltr' id='par_1_100' title="bbox 414 5650 1688 5718">
     <span class='ocr_line' id='line_1_102' title="bbox 414 5650 1688 5718; baseline -0.002 -13"><span class='ocrx_word' id='word_1_718' title='bbox 414 5650 641 5705; x_wconf 85' lang='lat' dir='ltr'>Falleret</span> <span class='ocrx_word' id='word_1_719' title='bbox 668 5653 1042 5718; x_wconf 87' lang='lat' dir='ltr'>indeprensus,</span> <span class='ocrx_word' id='word_1_720' title='bbox 1073 5657 1126 5704; x_wconf 88' lang='lat' dir='ltr'>et</span> <span class='ocrx_word' id='word_1_721' title='bbox 1147 5650 1494 5706; x_wconf 65' lang='lat' dir='ltr'>irre&#39;meabilis</span> <span class='ocrx_word' id='word_1_722' title='bbox 1522 5650 1688 5704; x_wconf 79' lang='lat' dir='ltr'>error.</span> 
     </span>
    </p>
   </div>
   <div class='ocr_carea' id='block_1_101' title="bbox 2106 4929 3769 5006">
    <p class='ocr_par' dir='ltr' id='par_1_101' title="bbox 2106 4929 3769 5006">
     <span class='ocr_line' id='line_1_103' title="bbox 2106 4929 3769 5006; baseline -0.001 -20"><span class='ocrx_word' id='word_1_723' title='bbox 2106 4949 2273 5001; x_wconf 89' lang='lat' dir='ltr'>num,</span> <span class='ocrx_word' id='word_1_724' title='bbox 2307 4936 2363 4987; x_wconf 91' lang='lat' dir='ltr'>et</span> <span class='ocrx_word' id='word_1_725' title='bbox 2415 4934 2831 5006; x_wconf 82' lang='lat' dir='ltr'>mysteriorum</span> <span class='ocrx_word' id='word_1_726' title='bbox 2880 4931 3001 5000; x_wconf 89' lang='lat' dir='ltr'>Dei,</span> <span class='ocrx_word' id='word_1_727' title='bbox 3035 4931 3213 4988; x_wconf 82' lang='lat' dir='ltr'>utsic</span> <span class='ocrx_word' id='word_1_728' title='bbox 3243 4930 3471 5003; x_wconf 84' lang='lat' dir='ltr'>loquar,</span> <span class='ocrx_word' id='word_1_729' title='bbox 3506 4929 3769 5003; x_wconf 79' lang='lat' dir='ltr'>labyrin-</span> 
     </span>
    </p>
   </div>
   <div class='ocr_carea' id='block_1_102' title="bbox 2104 5019 3768 5093">
    <p class='ocr_par' dir='ltr' id='par_1_102' title="bbox 2104 5019 3768 5093">
     <span class='ocr_line' id='line_1_104' title="bbox 2104 5019 3768 5093; baseline -0.001 -19"><span class='ocrx_word' id='word_1_730' title='bbox 2104 5019 2295 5090; x_wconf 88' lang='lat' dir='ltr'>thum,</span> <span class='ocrx_word' id='word_1_731' title='bbox 2329 5020 2401 5074; x_wconf 89' lang='lat' dir='ltr'>de</span> <span class='ocrx_word' id='word_1_732' title='bbox 2435 5038 2550 5092; x_wconf 93' lang='lat' dir='ltr'>quo</span> <span class='ocrx_word' id='word_1_733' title='bbox 2583 5021 2869 5093; x_wconf 88' lang='lat' dir='ltr'>scriptum</span> <span class='ocrx_word' id='word_1_734' title='bbox 2898 5024 2987 5076; x_wconf 91' lang='lat' dir='ltr'>est</span> <span class='ocrx_word' id='word_1_735' title='bbox 3019 5037 3033 5075; x_wconf 88' lang='lat'><strong>:</strong></span> <span class='ocrx_word' id='word_1_736' title='bbox 3065 5022 3253 5077; x_wconf 82' lang='lat' dir='ltr'>Posuit</span> <span class='ocrx_word' id='word_1_737' title='bbox 3279 5021 3529 5076; x_wconf 82' lang='lat' dir='ltr'>tenebras</span> <span class='ocrx_word' id='word_1_738' title='bbox 3557 5020 3768 5074; x_wconf 86' lang='lat' dir='ltr'>latibu-</span> 
     </span>
    </p>
   </div>
   <div class='ocr_carea' id='block_1_103' title="bbox 2106 5107 3767 5182">
    <p class='ocr_par' dir='ltr' id='par_1_103' title="bbox 2106 5107 3767 5182">
     <span class='ocr_line' id='line_1_105' title="bbox 2106 5107 3767 5182; baseline 0 -19"><span class='ocrx_word' id='word_1_739' title='bbox 2106 5109 2224 5163; x_wconf 84' lang='lat' dir='ltr'>lum</span> <span class='ocrx_word' id='word_1_740' title='bbox 2253 5125 2448 5171; x_wconf 85' lang='lat' dir='ltr'>suum;</span> <span class='ocrx_word' id='word_1_741' title='bbox 2480 5115 2546 5164; x_wconf 87' lang='lat' dir='ltr'>Et</span> <span class='ocrx_word' id='word_1_742' title='bbox 2577 5127 2589 5164; x_wconf 91' lang='lat'><strong>:</strong></span> <span class='ocrx_word' id='word_1_743' title='bbox 2622 5110 2798 5165; x_wconf 86' lang='lat' dir='ltr'>Nubes</span> <span class='ocrx_word' id='word_1_744' title='bbox 2829 5113 2888 5165; x_wconf 85' lang='lat' dir='ltr'>in</span> <span class='ocrx_word' id='word_1_745' title='bbox 2913 5112 3151 5166; x_wconf 86' lang='lat' dir='ltr'>circuitu</span> <span class='ocrx_word' id='word_1_746' title='bbox 3176 5109 3419 5182; x_wconf 82' lang='lat' dir='ltr'>ejus(Ps.</span> <span class='ocrx_word' id='word_1_747' title='bbox 3442 5125 3584 5176; x_wconf 84' lang='lat' dir='ltr'>vaI,</span> <span class='ocrx_word' id='word_1_748' title='bbox 3623 5107 3717 5178; x_wconf 88' lang='grc'>12)</span> <span class='ocrx_word' id='word_1_749' title='bbox 3750 5125 3767 5163; x_wconf 85' lang='lat'><strong>:</strong></span> 
     </span>
    </p>
   </div>
   <div class='ocr_carea' id='block_1_104' title="bbox 2105 5197 3768 5269">
    <p class='ocr_par' dir='ltr' id='par_1_104' title="bbox 2105 5197 3768 5269">
     <span class='ocr_line' id='line_1_106' title="bbox 2105 5197 3768 5269; baseline 0.001 -18"><span class='ocrx_word' id='word_1_750' title='bbox 2105 5197 2420 5269; x_wconf 87' lang='lat' dir='ltr'>perfectam</span> <span class='ocrx_word' id='word_1_751' title='bbox 2436 5199 2672 5269; x_wconf 90' lang='lat' dir='ltr'>quidem</span> <span class='ocrx_word' id='word_1_752' title='bbox 2701 5198 3004 5255; x_wconf 88' lang='lat' dir='ltr'>scientiam</span> <span class='ocrx_word' id='word_1_753' title='bbox 3019 5198 3280 5256; x_wconf 86' lang='lat' dir='ltr'>veritatis</span> <span class='ocrx_word' id='word_1_754' title='bbox 3295 5197 3440 5254; x_wconf 88' lang='lat' dir='ltr'>mihi</span> <span class='ocrx_word' id='word_1_755' title='bbox 3462 5197 3768 5253; x_wconf 85' lang='lat' dir='ltr'>vindicare</span> 
     </span>
    </p>
   </div>
   <div class='ocr_carea' id='block_1_105' title="bbox 2105 5286 3770 5361">
    <p class='ocr_par' dir='ltr' id='par_1_105' title="bbox 2105 5286 3770 5361">
     <span class='ocr_line' id='line_1_107' title="bbox 2105 5286 3770 5361; baseline 0 -20"><span class='ocrx_word' id='word_1_756' title='bbox 2105 5303 2222 5342; x_wconf 92' lang='lat' dir='ltr'>non</span> <span class='ocrx_word' id='word_1_757' title='bbox 2253 5287 2463 5353; x_wconf 90' lang='lat' dir='ltr'>audeo,</span> <span class='ocrx_word' id='word_1_758' title='bbox 2496 5287 2594 5341; x_wconf 88' lang='lat' dir='ltr'>sed</span> <span class='ocrx_word' id='word_1_759' title='bbox 2629 5304 2803 5342; x_wconf 89' lang='lat' dir='ltr'>nosse</span> <span class='ocrx_word' id='word_1_760' title='bbox 2850 5288 3224 5361; x_wconf 90' lang='lat' dir='ltr'>cupientibus</span> <span class='ocrx_word' id='word_1_761' title='bbox 3254 5287 3451 5359; x_wconf 85' lang='lat' dir='ltr'>aliqua</span> <span class='ocrx_word' id='word_1_762' title='bbox 3481 5286 3770 5343; x_wconf 64' lang='lat' dir='ltr'>doctrina</span> 
     </span>
    </p>
   </div>
   <div class='ocr_carea' id='block_1_106' title="bbox 2105 5373 3773 5447">
    <p class='ocr_par' dir='ltr' id='par_1_106' title="bbox 2105 5373 3773 5447">
     <span class='ocr_line' id='line_1_108' title="bbox 2105 5373 3773 5447; baseline 0 -18"><span class='ocrx_word' id='word_1_763' title='bbox 2105 5373 2325 5430; x_wconf 89' lang='lat' dir='ltr'>indicia</span> <span class='ocrx_word' id='word_1_764' title='bbox 2375 5375 2714 5447; x_wconf 59' lang='lat' dir='ltr'>praebuisse,</span> <span class='ocrx_word' id='word_1_765' title='bbox 2768 5393 2886 5431; x_wconf 88' lang='lat' dir='ltr'>non</span> <span class='ocrx_word' id='word_1_766' title='bbox 2936 5377 3084 5434; x_wconf 89' lang='lat' dir='ltr'>meis</span> <span class='ocrx_word' id='word_1_767' title='bbox 3129 5377 3377 5443; x_wconf 89' lang='lat' dir='ltr'>viribus,</span> <span class='ocrx_word' id='word_1_768' title='bbox 3408 5376 3511 5432; x_wconf 89' lang='lat' dir='ltr'>sed</span> <span class='ocrx_word' id='word_1_769' title='bbox 3543 5374 3773 5431; x_wconf 79' lang='lat' dir='ltr'>Christi</span> 
     </span>
    </p>
   </div>
   <div class='ocr_carea' id='block_1_107' title="bbox 2108 5463 3775 5538">
    <p class='ocr_par' dir='ltr' id='par_1_107' title="bbox 2108 5463 3775 5538">
     <span class='ocr_line' id='line_1_109' title="bbox 2108 5463 3775 5538; baseline 0.001 -20"><span class='ocrx_word' id='word_1_770' title='bbox 2108 5463 2530 5530; x_wconf 87' lang='lat' dir='ltr'>misericordia,</span> <span class='ocrx_word' id='word_1_771' title='bbox 2565 5464 2665 5536; x_wconf 89' lang='lat' dir='ltr'>qui</span> <span class='ocrx_word' id='word_1_772' title='bbox 2696 5466 3025 5522; x_wconf 85' lang='lat' dir='ltr'>errantibus</span> <span class='ocrx_word' id='word_1_773' title='bbox 3056 5467 3225 5523; x_wconf 90' lang='lat' dir='ltr'>nobis</span> <span class='ocrx_word' id='word_1_774' title='bbox 3271 5466 3399 5538; x_wconf 91' lang='lat' dir='ltr'>ipse</span> <span class='ocrx_word' id='word_1_775' title='bbox 3427 5463 3593 5521; x_wconf 91' lang='lat' dir='ltr'>dolos</span> <span class='ocrx_word' id='word_1_776' title='bbox 3625 5463 3775 5520; x_wconf 84' lang='lat' dir='ltr'>tecti</span> 
     </span>
    </p>
   </div>
   <div class='ocr_carea' id='block_1_108' title="bbox 2109 5552 3773 5629">
    <p class='ocr_par' dir='ltr' id='par_1_108' title="bbox 2109 5552 3773 5629">
     <span class='ocr_line' id='line_1_110' title="bbox 2109 5552 3773 5629; baseline 0 -23"><span class='ocrx_word' id='word_1_777' title='bbox 2109 5553 2504 5626; x_wconf 87' lang='lat' dir='ltr'>ambagesque</span> <span class='ocrx_word' id='word_1_778' title='bbox 2549 5552 2803 5623; x_wconf 87' lang='lat' dir='ltr'>resolvit,</span> <span class='ocrx_word' id='word_1_779' title='bbox 2835 5571 2982 5612; x_wconf 64' lang='lat' dir='ltr'>caeca</span> <span class='ocrx_word' id='word_1_780' title='bbox 3028 5571 3234 5629; x_wconf 89' lang='lat' dir='ltr'>regens</span> <span class='ocrx_word' id='word_1_781' title='bbox 3282 5553 3503 5627; x_wconf 90' lang='lat' dir='ltr'>Spiritu</span> <span class='ocrx_word' id='word_1_782' title='bbox 3556 5556 3773 5608; x_wconf 88' lang='lat' dir='ltr'>sancto</span> 
     </span>
    </p>
   </div>
   <div class='ocr_carea' id='block_1_109' title="bbox 2108 5640 3775 5719">
    <p class='ocr_par' dir='ltr' id='par_1_109' title="bbox 2108 5640 3775 5719">
     <span class='ocr_line' id='line_1_111' title="bbox 2108 5640 3775 5719; baseline 0.002 -23"><span class='ocrx_word' id='word_1_783' title='bbox 2108 5640 2381 5714; x_wconf 83' lang='lat' dir='ltr'>vestigia;</span> <span class='ocrx_word' id='word_1_784' title='bbox 2398 5658 2573 5715; x_wconf 86' lang='lat' dir='ltr'>quem</span> <span class='ocrx_word' id='word_1_785' title='bbox 2590 5647 2926 5715; x_wconf 87' lang='lat' dir='ltr'>sequentes,</span> <span class='ocrx_word' id='word_1_786' title='bbox 2940 5644 3013 5715; x_wconf 80' lang='lat' dir='ltr'>ad</span> <span class='ocrx_word' id='word_1_787' title='bbox 3029 5647 3263 5719; x_wconf 87' lang='lat' dir='ltr'>portum</span> <span class='ocrx_word' id='word_1_788' title='bbox 3281 5640 3775 5719; x_wconf 81' lang='lat' dir='ltr'>explanationum</span> 
     </span>
    </p>
   </div>
  </div>
