3996 6184
215 322 335 384 453

808 322 1556 390 ΟΟΜΜΕΝΤΑΗΙΟΒΗΜ
1602 328 1678 387 ΙΝ
1728 328 1875 389 EZE

1994 324 2219 388 IELEM
2269 328 2419 388 LIB.
2464 328 2622 400 XIV,
2670 330 2843 390 CAP.
2889 324 3071 389 XLV.

3503 331 3625 394 454

215 455 420 510 offerat
450 454 589 511 duci
621 455 740 512 sive
770 456 1040 529 principi,
1066 458 1221 530 quod
1273 458 1539 514 videlicet
1569 474 1673 531 per
1690 458 1860 514 illum
1890 460 1944 527 Α
1976 459 2048 531 (b)
2067 459 2361 515 comedent.
2381 460 2445 515 Et
2462 458 2633 533 faciet
2650 461 2906 531 princeps
2928 461 2989 515 in
3011 459 3100 515 die
3119 461 3221 515 illa
3238 476 3339 532 pro
3361 476 3437 531 se,
3459 466 3511 517 et
3522 478 3629 534 pro

214 542 582 612 holocausta,
615 548 672 601 et
700 545 1006 617 sacriﬁcia,
1029 551 1085 601 et
1112 545 1393 603 libamina
1418 548 1477 602 in
1502 548 1754 620 singulis
1780 565 1867 604 so-

212 632 623 689 lemnitatibus
652 635 969 690 offerantur
997 652 1100 708 pro
1132 636 1368 708 populo,
1402 640 1455 693 et
1486 638 1751 709 expietur
1772 638 1870 693 do—

215 739 348 778 mus
369 722 497 778 Dei.
524 728 603 778 Ex
622 740 738 795 quo
760 724 1369 791 animadvertendum,
1394 728 1550 797 quod
1575 727 1869 798 quomodo

216 808 469 881 populus
491 810 724 866 debitor
743 816 832 866 est
851 811 1249 883 primitiarum
1273 813 1699 869 oﬁ‘erendarum
1716 815 1870 886 prin-

214 898 325 971 cipi
355 915 369 953 :
397 899 484 954 sic
520 900 793 972 princeps
813 901 1041 956 debitor
1077 906 1167 957 est
1205 902 1406 974 populi
1444 903 1649 958 offerre
1672 920 1773 975 pro
1806 920 1871 958 eo

210 986 507 1054 victimas,
539 1005 717 1060 quem
741 989 909 1059 juxta
935 990 1324 1063 tropologiam
1358 1008 1472 1046 non
1498 992 1678 1047 alium
1702 991 1872 1046 intel-

213 1075 395 1149 ligere
411 1093 756 1149 possumus,
776 1078 883 1133 nisi
906 1077 1222 1134 Dominum
1243 1079 1624 1136 Salvatorem.
1653 1081 1765 1136 Iste
1786 1084 1875 1136 est

216 1164 317 1236 qui
342 1165 416 1220 de
438 1166 713 1221 ducentis
734 1167 888 1223 568
912 1167 1313 1223 animantibus
1339 1168 1588 1241 suscipit
1610 1169 1871 1235 arietem,

214 1255 336 1308 sive
369 1258 434 1309 ut
465 1254 902 1327 signiﬁcantius
931 1255 1251 1312 Hebraicus
1273 1273 1464 1313 sermo
1488 1259 1872 1327 demonstrat,

220 1340 505 1414 βὸσ-ιημα,
547 1345 702 1415 quod
734 1344 803 1399 ad
827 1348 1038 1400 cuncta
1057 1345 1398 1417 animantia,
1425 1350 1483 1401 et
1504 1363 1616 1402 non
1642 1347 1875 1419 proprie

212 1431 290 1487 ad
320 1432 567 1488 arietem
602 1433 805 1488 referri
855 1437 1068 1505 potest,
1118 1437 1174 1489 et
1227 1435 1476 1507 suscipit
1523 1434 1743 1491 animal
1787 1436 1875 1491 vel

212 1522 486 1592 arietem,
506 1522 609 1593 qui
628 1521 886 1578 nutritus
904 1526 993 1577 est
1011 1522 1067 1576 in
1086 1522 1224 1579 locis
1241 1523 1500 1595 irriguis,
1515 1528 1874 1592 sanctarum,

208 1609 489 1666 videlicet
506 1610 968 1682 Seripturarum,
1011 1616 1069 1666 et
1099 1615 1292 1683 potest
1321 1612 1550 1668 dicere:
1587 1613 1878 1669 Dominus

212 1700 408 1772 pascit
429 1716 547 1767 me,
567 1703 626 1754 et
640 1699 783 1754 nihil
809 1699 952 1755 mihi
976 1700 1190 1756 deerit:
1215 1701 1274 1755 in
1294 1700 1418 1757 loco
1439 1718 1668 1774 pascua:
1686 1702 1765 1757 ibi
1785 1720 1877 1758 me

1976 550 2227 604 universo
2254 549 2453 620 populo
2482 552 2648 604 terra:
2677 548 2913 604 vitulum
2942 564 3040 620 pro
3066 551 3305 619 peccato.
3341 551 3406 605 Et
3430 552 3491 605 in
3504 567 3628 621 sep-

1977 646 2084 693 tem
2113 638 2327 693 dierum
2355 639 2701 694 solemnitate
2740 640 2909 709 faciet
2954 639 3335 694 holocaustum
3363 641 3628 696 Domino:

1977 736 2182 797 septem
2214 728 2430 794 vitulos,
2462 736 2510 781 et
2538 734 2737 797 septem
2765 728 2961 782 arietes
2980 728 3369 784 immaculatos
3388 729 3634 799 quotidie

1977 822 2178 884 septem
2207 813 2415 876 diebus,
2451 823 2500 869 et
2519 831 2620 885 pro
2652 818 2872 886 peccato
2901 816 3117 870 hircum
3157 831 3457 887 caprarum
3488 833 3628 890 quo-

1979 903 2135 971 tidie,
2168 905 2233 957 Et
2258 905 2595 975 sacriﬁcium
2643 905 2769 975 ephi
2810 906 2823 974 [
2836 904 2976 959 Mss.
3010 904 3203 975 OEphi]
3232 922 3330 976 per
3366 908 3629 978 vitulum,

1982 996 2031 1045 et
2061 991 2197 1062 ephi
2220 1008 2319 1063 per
2339 993 2565 1047 arietem
2594 994 2799 1062 faciet:
2820 993 2995 1048 etolei
3010 994 3107 1047 hin
3124 1009 3224 1064 per
3238 996 3463 1064 singula
3481 996 3627 1068 cphi.

1984 1080 2220 1152 Septimo
2250 1098 2457 1151 mense,
2490 1081 2899 1153 quintadecima
2929 1082 3025 1137 die
3052 1085 3249 1138 mensis
3288 1085 3348 1138 in
3376 1085 3634 1140 solemni-

1981 1171 2110 1232 tate,
2141 1170 2307 1238 facict
2335 1170 2474 1223 sicut
2500 1186 2665 1240 supra
2707 1170 2854 1225 dicta
2912 1179 3042 1224 sunt
3088 1188 3192 1242 per
3248 1181 3448 1243 septem
3477 1173 3629 1228 dies:

1985 1265 2097 1312 tam
2123 1274 2224 1329 pro
2248 1261 2491 1329 peccato,
2522 1274 2688 1330 quam
2712 1275 2814 1330 pro
2842 1260 3168 1328 holocausta,
3200 1266 3252 1316 et
3282 1263 3341 1317 in
3361 1262 3635 1331 sacriﬁcio

1983 1354 2035 1401 et
2074 1348 2132 1402 in
2162 1348 2294 1402 oleo.
2326 1348 2538 1402 Totum
2571 1347 2893 1423 capitulum
2922 1349 3112 1419 posui,
3146 1366 3219 1404 ne
3248 1350 3501 1406 divisum
3534 1367 3637 1423 per

1986 1434 2478 1508 singulalegentis
2492 1436 2757 1491 animum
2781 1437 3175 1493 conturbaret.
3198 1438 3266 1493 Et
3288 1439 3544 1510 primum
3564 1440 3636 1495 de

1985 1523 2484 1595 interpretationis
2512 1524 2791 1579 varietate
2822 1525 3135 1581 dicendum
3164 1530 3267 1582 est.
3294 1526 3398 1582 Ubi
3426 1544 3532 1583 nos
3554 1527 3636 1582 in-

1986 1612 2281 1683 terpretati
2302 1629 2531 1680 sumus,
2548 1614 2608 1666 in
2622 1618 2855 1685 quatuor
2865 1615 3086 1683 angulis
3095 1615 3392 1686 crepidinis
3408 1617 3629 1671 altaris.

1991 1701 2127 1755 LXX
2158 1701 2609 1767 transtulerunt,
2640 1704 2691 1757 et
2721 1718 2885 1773 super
2913 1705 3149 1773 quatuor
3166 1704 3399 1772 angulos
3421 1705 3631 1776 templi,

211 1788 544 1856 collocavit,
563 1806 741 1860 super
757 1806 940 1861 aquas
959 1788 1293 1845 refectionis
1309 1790 1575 1845 educavit
1593 1791 1874 1864 me(Psal.
1912 1828 1955 1893 Β
1988 1800 2037 1846 et
2065 1806 2232 1862 super
2260 1793 2457 1845 altare.
2494 1790 2560 1844 Et
2590 1790 2686 1844 ubi
2722 1808 2829 1847 nos
2859 1792 3135 1863 diximus,
3183 1809 3285 1863 pro
3314 1809 3637 1867 unoquoque

212 1896 360 1946 nu,
398 1879 449 1947 1,
481 1879 559 1949 2).
597 1878 726 1933 Ηωο
756 1882 924 1933 erant
955 1878 1196 1951 irrigua,
1229 1879 1411 1935 immo
1449 1879 1781 1946 hicanales,
1807 1881 1878 1936 ad
1915 1878 1955 1893 ν
1989 1881 2084 1951 qui
2118 1881 2415 1947 ignoravit,
2449 1887 2500 1934 et
2526 1896 2711 1935 errore
2736 1881 2980 1951 deceptas
3009 1888 3127 1935 est:
3160 1880 3245 1935 illi
3281 1886 3630 1953 posuerunt,

213 1984 371 2039 quos
403 1972 461 2022 et
489 1967 670 2022 Jacob
704 1968 956 2023 ducebat
986 1984 1196 2040 pecora
1222 1985 1350 2035 sua,
1386 1971 1451 2023 ut
1471 1968 1530 2024 in
1553 1969 1700 2041 ipsis
1724 1971 1881 2025 bibe-

212 2060 354 2111 rent
373 2060 554 2127 atque
577 2056 967 2127 conciperent,
999 2061 1054 2112 et
1064 2058 1234 2127 juxta
1269 2057 1568 2130 virgarum
1605 2058 1876 2126 colorem,

212 2146 382 2200 fetus
405 2146 645 2201 ederent
664 2145 909 2201 Domino
932 2145 1141 2217 (Genes.
1157 2148 1311 2213 xxx).
1328 2145 1434 2201 Pro
1450 2148 1754 2216 sacriﬁcio,
1772 2147 1880 2203 hoc

213 2232 721 2307 estduciq,Aquila
732 2234 1876 2308 etSymmachusdonuminterpretantur:

212 2324 387 2397 quod
424 2323 486 2378 in
518 2324 794 2379 Hebraico
823 2323 1039 2379 dicitus
1072 2341 1267 2379 MANAA
1297 2325 1531 2397 (nmis),
1556 2330 1614 2382 et
1648 2325 1882 2398 proprie

212 2431 338 2470 non
378 2412 636 2485 pertinet
665 2414 737 2468 ad
769 2412 1048 2481 hostiam,
1083 2414 1181 2469 sed
1216 2414 1287 2469 ad
1311 2431 1377 2469 ea
1408 2431 1525 2486 qua
1555 2430 1623 2469 ex
1664 2414 1878 2484 simila,

206 2509 272 2559 et
331 2500 582 2574 polenta
625 2505 683 2557 et
730 2500 854 2557 oleo
901 2502 1226 2557 oﬁ‘eruntur
1272 2502 1332 2558 in
1375 2502 1686 2559 sacriﬁcio.
1727 2504 1882 2559 Holo-

203 2595 493 2648 caustum
522 2607 653 2646 vero
679 2596 787 2658 est,
821 2591 977 2663 quod
1000 2595 1188 2647 totum
1213 2591 1455 2647 offertur
1475 2592 1612 2663 Deo,
1639 2596 1695 2647 et
1717 2609 1881 2647 sacro

207 2682 368 2754 igne
440 2680 821 2735 consumitur.
865 2680 1121 2751 Paciﬁco,
1153 2681 1388 2751 quando
1436 2680 1885 2736 reconciliamur

206 2771 388 2837 Deo;
431 2773 486 2823 et
514 2785 615 2841 pro
644 2769 813 2824 nobis
864 2769 1179 2842 Apostolus
1223 2768 1520 2841 loquitur:
1573 2771 1886 2826 Precamur

208 2876 329 2932 pro
368 2857 624 2925 Christo,
655 2858 1112 2914 reconciliamini
1142 2858 1259 2913 Deo
1309 2860 1379 2929 (II
1431 2858 1550 2915 Cor.
1583 2877 1640 2926 v,
1671 2861 1782 2931 20).
1816 2860 1886 2915 Et

206 2951 273 3005 in
294 2948 437 3004 alio
456 2947 531 3018 (a)
546 2946 694 3003 loco:
714 2947 867 3003 Deus
885 2947 1080 3003 eratin
1099 2946 1348 3015 Christo,
1373 2949 1662 3004 mundum
1682 2966 1884 3005 recon-

206 3038 455 3095 cilians
485 3035 593 3091 sibi
622 3036 805 3108 (Ibid,
842 3037 947 3108 19).
978 3038 1091 3093 Iste
1116 3041 1310 3093 autem
1336 3037 1629 3111 princeps,
1654 3039 1747 3094 cui
1774 3039 1884 3111 pri-

206 3127 427 3183 mitiae
454 3125 524 3181 de
551 3126 942 3181 animantibus
974 3126 1320 3195 offeruntur,
1368 3127 1493 3199 ipse
1543 3132 1628 3183 est
1660 3132 1717 3183 et
1745 3144 1880 3184 rex:

1982 1985 2085 2040 pro
2114 1970 2421 2039 ignorante,
2455 1973 2505 2023 et
2528 1984 2625 2039 pro
2650 1969 2902 2040 parvulo.
2938 1970 2999 2023 In
3030 1986 3095 2024 eo
3122 1985 3356 2041 quoque
3393 1970 3491 2025 ubi
3524 1987 3632 2026 nos

1989 2056 2265 2123 diximus,
2300 2065 2351 2112 et
2377 2059 2713 2129 sacriﬁcium
2740 2059 2869 2129 ephi
2893 2074 2991 2130 per
3018 2059 3271 2127 vitulum,
3302 2063 3354 2113 et
3383 2058 3513 2130 ephi
3540 2075 3640 2132 per

1989 2149 2215 2203 arietem
2241 2149 2403 2217 faciet
2428 2165 2440 2201 :
2473 2155 2522 2203 et
2551 2148 2660 2203 olei
2688 2149 2784 2202 hin
2809 2164 2910 2219 per
2936 2149 3157 2219 singula
3185 2148 3317 2220 ephi
3336 2168 3354 2203 :
3396 2148 3639 2206 illorum

1990 2236 2166 2291 editio
2198 2240 2395 2291 tenet:
2441 2241 2491 2292 et
2523 2237 2877 2307 sacriﬁcium,
2924 2241 2975 2292 et
3020 2239 3314 2293 coctionem
3363 2239 3552 2309 vitulo,
3589 2248 3640 2295 et

1989 2325 2282 2380 coctionem
2299 2326 2469 2379 arieti
2487 2324 2664 2392 dabis,
2687 2329 2739 2379 et
2759 2324 2877 2380 olei
2890 2325 2987 2379 hin
3003 2328 3279 2382 coctionis.
3302 2327 3363 2382 In
3382 2332 3638 2384 extremo

1993 2430 2227 2485 quoque
2256 2413 2562 2480 versiculo,
2595 2413 2696 2469 ubi
2730 2431 2837 2469 nos
2867 2414 3124 2470 diximus
3152 2432 3164 2469 :
3192 2417 3249 2470 in
3294 2418 3561 2487 sacriﬁcio
3591 2426 3643 2473 et

1991 2505 2052 2557 in
2075 2503 2189 2558 oleo
2212 2520 2231 2557 :
2254 2500 2339 2555 illi
2362 2502 2657 2569 dixerunt,
2682 2504 2823 2557 sicut
2842 2504 2901 2557 in
2917 2520 3138 2573 manaa,
3161 2507 3305 2559 sicut
3324 2507 3384 2559 in
3400 2505 3545 2561 oleo:
3575 2507 3637 2562 In

1992 2591 2202 2663 primo,
2224 2590 2436 2662 inquit,
2462 2606 2662 2645 mense
2684 2594 2741 2645 et
2763 2590 2952 2662 prima
2972 2591 3065 2647 die
3087 2592 3306 2647 mensis
3327 2593 3506 2662 (haud
3529 2595 3637 2649 du-

1992 2678 2177 2745 bium,
2221 2679 2360 2751 quin
2393 2678 2571 2734 Nisan
2607 2678 2921 2750 signiﬁcet)
2949 2695 3150 2735 sumes
3173 2679 3423 2737 vitulum
3449 2681 3519 2736 de
3544 2698 3635 2737 ar-

1994 2772 2228 2824 mento:
2263 2784 2375 2823 non
2410 2767 2508 2839 qui
2543 2767 2699 2823 domi
2732 2768 2988 2824 nutritus
3018 2769 3116 2839 sit,
3171 2769 3271 2825 sed
3327 2769 3427 2841 qui
3458 2769 3516 2825 in
3540 2788 3634 2827 ar-

1993 2862 2209 2923 mento,
2243 2857 2353 2912 hoc
2382 2861 2489 2924 est,
2523 2857 2594 2911 de
2623 2872 2797 2929 grege
2837 2860 2892 2911 et
2922 2873 3167 2913 numero
3216 2856 3633 2929 plurimorum.

1994 2948 2057 3001 In
2091 2945 2341 3018 septima
2372 2962 2602 3017 quoque
2632 2945 2899 3016 ejusdem
2933 2946 3153 3001 mensis
3185 2947 3316 3003 die:
3359 2965 3486 3020 quae
3509 2950 3641 3006 dua:

1993 3034 2418 3106 solemnitates,
2452 3034 2560 3089 hoc
2590 3039 2699 3100 est,
2730 3033 2907 3106 primi
2937 3034 3158 3091 mensis
3189 3037 3380 3107 prima
3409 3038 3556 3106 dies,
3582 3043 3641 3094 et

1992 3124 2257 3193 ejusdem
2290 3122 2559 3195 septima,
2592 3122 2652 3177 in
2684 3122 2809 3196 lege
2860 3123 3110 3180 Mosaica
3152 3142 3268 3180 non
3317 3126 3630 3184 habentur.

204 3222 272 3273 et
300 3217 377 3271 in
400 3215 589 3270 crucis
609 3232 842 3288 quoque
863 3214 1029 3271 titulo
1052 3198 1490 3272 demonstratur
1510 3217 1806 3273 Hebraicis
1828 3222 1886 3273 et
1916 3198 1957 3263 (ἶ
2002 3213 2585 3278 Quartumdecimum
2620 3217 2816 3268 autem
2839 3213 2994 3268 diem
3018 3214 3258 3283 mensis,
3284 3232 3398 3288 quo
3420 3216 3643 3275 Pascha

209 3303 466 3361 Graecis
494 3302 700 3359 litteris
730 3320 796 3359 ac
826 3304 1068 3361 Latinis.
1092 3305 1539 3377 Nitentibusque
1560 3305 1799 3377 Judzeis,
1824 3310 1890 3362 ut

208 3395 630 3466 deponeretur
656 3392 865 3448 titulus
890 3392 1289 3465 triumphalis,
1324 3394 1589 3465 gentium
1611 3394 1671 3449 in
1704 3394 1887 3451 Pilato

210 3483 425 3539 turba
446 3481 777 3553 respondit:
812 3482 970 3546 Quod
1007 3481 1458 3554 scripsi,scripsi
1480 3484 1664 3555 (Joan.
1689 3502 1743 3539 x.
1772 3484 1884 3556 22).

211 3573 356 3630 Sub
424 3569 698 3642 principe,
731 3570 946 3643 inquit,
978 3575 1168 3627 erunt.
1220 3571 1467 3627 Pulchre
1515 3573 1890 3629 sacerdotalis

212 3660 504 3735 dignitas
543 3665 968 3731 commonetur,
1001 3661 1094 3716 cui
1129 3662 1392 3732 subjecta
1441 3661 1518 3716 sit
1564 3663 1794 3731 ofﬁcio;
1825 3668 1891 3718 ut

213 3752 393 3808 sciat
428 3764 488 3804 se
520 3748 892 3805 sacrificium.
920 3754 977 3805 et
1006 3749 1289 3807 libamina
1317 3768 1444 3823 quae
1477 3751 1803 3807 offeruntur
1822 3769 1889 3808 ex

214 3841 372 3895 vino
406 3838 513 3909 [AL
543 3837 764 3910 humo],
798 3856 899 3911 pro
930 3839 1144 3913 populo
1176 3840 1381 3897 offerre
1410 3840 1617 3896 debere
1640 3841 1696 3896 in
1719 3857 1891 3896 cunc-

216 3930 307 3987 tis
332 3926 817 3984 solemnitatibus
841 3946 854 3983 :
879 3932 1000 3983 tam
1017 3927 1283 3984 videlicet
1303 3928 1360 3983 in
1386 3927 1673 3996 kalendis,
1698 3928 1755 3984 id
1780 3934 1886 4000 est,

214 4015 593 4087 neomeniis,
653 4033 833 4088 quam
884 4015 945 4071 in
997 4017 1295 4072 sabbatis:
1357 4018 1591 4088 quando
1631 4018 1888 4075 tenebris

213 4108 466 4164 cuncta
492 4105 902 4177 operientibus,
937 4104 1161 4161 lunaris
1192 4106 1493 4161 exordium
1518 4104 1762 4164 luminis
1779 4111 1887 4177 est,

216 4202 285 4253 et
318 4195 398 4249 in
433 4194 625 4264 requie
641 4194 1020 4250 sabbatorum
1046 4211 1058 4249 :
1083 4198 1146 4250 ut
1166 4194 1342 4251 faciat
1360 4194 1628 4251 videlicet
1639 4213 1743 4268 pro
1766 4213 1892 4269 pec-

218 4290 398 4352 cato,
426 4282 496 4336 ad
516 4282 867 4354 expiandum
890 4300 993 4355 pro
1010 4284 1183 4340 domo
1214 4282 1412 4349 Israel,
1436 4300 1562 4355 quae
1586 4290 1677 4340 est
1697 4284 1888 4341 Eccle-

218 4370 1009 4440 siaDeiviventis,columna,
1026 4376 1081 4427 et
1096 4372 1528 4428 ﬁrmamentatu
1539 4390 1595 4428 m
1609 4373 1723 4429 veri
1735 4373 1886 4429 tatis.

224 4464 359 4519 Ista
394 4464 486 4516 est
505 4462 658 4516 enim
690 4462 902 4516 domus
928 4460 1028 4516 Dei
1060 4460 1329 4529 viventis,
1363 4465 1420 4516 et
1449 4461 1658 4517 domus
1690 4462 1888 4533 Israel,

221 4568 370 4624 qua
408 4549 732 4623 expiatione
761 4566 1002 4605 suorum
1038 4548 1261 4621 indiget
1293 4553 1683 4621 peccatorum.

300 4643 509 4712 (Vers.
527 4639 591 4693 18
613 4639 802 4711 seqq.)
824 4641 948 4695 Haec
976 4639 1112 4695 dicit
1139 4640 1402 4694 Dominus
1434 4640 1571 4694 Deus
1596 4656 1608 4693 :
1635 4641 1693 4694 In
1710 4642 1893 4711 primo

224 4744 449 4793 me,
463 4744 577 4783 una
587 4730 788 4783 mensis
799 4744 980 4783 sumes
991 4727 1230 4783 vitulum
1243 4727 1307 4783 de
1317 4744 1505 4783 armen
1514 4737 1564 4784 to
1578 4730 1896 4784 immacula-

224 4825 383 4884 tum,
404 4825 455 4872 et
470 4816 716 4888 expiabis
735 4819 1131 4872 sanat-uarium.
1154 4817 1219 4871 Et
1236 4817 1390 4872 tollet
1408 4818 1654 4873 sacerdos
1673 4818 1740 4873 de
1758 4836 1892 4874 san-

225 4910 420 4977 guine
448 4906 599 4962 569
631 4905 771 4976 quod
795 4907 903 4961 erit
926 4921 1027 4977 pro
1042 4910 1292 4977 peccato,
1316 4909 1371 4960 et
1390 4909 1547 4976 ponet
1571 4908 1629 4961 in
1650 4909 1894 4979 postibus

228 4997 459 5061 demus,
489 4998 539 5049 et
569 4996 628 5049 in
659 4998 900 5066 quatuor
928 4996 1150 5066 angulis
1178 4994 1473 5066 crepidinis
1502 4996 1719 5063 altaris,
1752 5006 1802 5052 et
1832 4998 1894 5052 in

230 5086 461 5155 positus
484 5087 663 5154 portae
690 5085 824 5139 atrii
853 5085 1156 5139 interioris.
1189 5086 1255 5139 Et
1283 5085 1361 5139 sic
1386 5085 1556 5154 facies
1578 5087 1637 5139 in
1664 5087 1894 5157 septima

228 5175 451 5228 mensis
461 5188 562 5243 pro
580 5188 901 5245 unoquoque
923 5173 1018 5244 qui
1038 5174 1392 5243 ignoraverit.
1428 5172 1537 5243 [ΑΙ.
1574 5175 1891 5246 ignoravit],

230 5272 283 5318 et
302 5277 503 5318 errore
528 5262 784 5333 deceptus
821 5265 921 5331 est,
954 5265 1007 5317 et
1035 5261 1326 5333 expiabitis
1375 5260 1566 5333 [Vulg
1612 5263 1890 5335 expiabis]

226 5368 335 5423 pro
368 5349 551 5405 domo.
585 5352 648 5406 In
673 5354 852 5422 primo
881 5366 1085 5419 mense,
1119 5349 1524 5422 quartadecima
1551 5349 1638 5405 die
1664 5353 1888 5421 mensis,

228 5445 345 5497 erit
378 5440 526 5495 vobis
550 5438 775 5511 pascha
803 5438 1163 5495 solemnitas:
1212 5444 1417 5511 septem
1467 5438 1654 5494 diebus
1692 5456 1892 5510 azyma

306 5565 723 5639 (a)__Ptescribit
751 5565 1066 5639 Victorius,
1124 5567 1190 5639 Et
1230 5568 1291 5621 in
1336 5563 1519 5621 eodem
1549 5564 1697 5622 loco:
1733 5565 1889 5639 quod

224 5636 479 5699 hec‘ibi
502 5638 715 5712 juncta
742 5637 864 5698 sint
890 5637 1245 5699 testimonia.

1923 4571 1969 4635 D

1999 3301 2343 3367 celebratur,
2366 3306 2421 3356 et
2442 3302 2668 3373 Moyses
2690 3301 2964 3373 praecepit
2982 3303 3433 3373 observandum,
3459 3323 3644 3377 quan-

1998 3392 2070 3447 do
2094 3395 2316 3462 septem
2344 3391 2550 3445 diebus
2579 3407 2782 3463 azyma
2803 3391 3187 3447 comedimus.
3211 3392 3486 3457 Quartam
3508 3411 3641 3450 vero

1998 3479 2456 3546 solemnitatem,
2490 3480 2562 3534 de
2594 3496 2711 3551 qua
2740 3479 2919 3535 dicit:
2953 3479 3202 3551 septimo
3236 3496 3435 3537 mense
3466 3483 3638 3553 quin-

1998 3569 2290 3624 tadecima
2311 3568 2402 3623 die
2424 3567 2645 3624 mensis
2686 3568 2744 3623 in
2789 3567 3157 3624 solemnitate
3193 3569 3382 3640 (Exod.
3416 3570 3539 3642 χιι),
3583 3576 3642 3628 et

2000 3666 2222 3727 caetera,
2245 3657 2473 3712 videtur
2493 3656 2637 3711 mihi
2659 3657 2815 3713 570
2846 3656 3177 3729 signiﬁcare
3206 3659 3638 3730 scenopegiam,

2000 3762 2177 3817 quam
2211 3745 2306 3800 hic
2337 3746 2461 3801 sine
2509 3745 2744 3800 nomine
2792 3745 3006 3817 posuit.
3052 3748 3369 3802 Curramus
3398 3763 3534 3819 ergo
3565 3749 3639 3804 ad

2000 3835 2252 3906 singuta,
2279 3837 2336 3889 et
2356 3833 2496 3905 quid
2512 3833 2679 3889 nobis
2694 3833 2976 3900 videatur,
2994 3834 3243 3889 breviter
3254 3835 3636 3893 disseramus.

1999 3924 2139 3979 Esse
2169 3922 2569 3978 solemnitates
2613 3921 2969 3994 spirituales,
2999 3927 3056 3978 et
3085 3924 3401 3995 Apostolus
3435 3925 3639 3982 docet:

2000 4013 2081 4068 Ne
2110 4028 2245 4084 ergo
2295 4012 2428 4083 quis
2476 4028 2575 4067 vos
2615 4012 2843 4082 judicet
2886 4013 2944 4067 in
2992 4012 3120 4068 cibo
3169 4017 3225 4068 et
3253 4018 3415 4086 potu,
3451 4014 3641 4071 autin

1999 4106 2163 4173 parte
2193 4100 2584 4157 solemnitatis
2615 4106 2717 4157 aut
2746 4101 3082 4168 neomenias,
3118 4107 3219 4158 aut
3240 4104 3639 4175 sabbatorum,

1999 4207 2129 4261 quae
2161 4194 2303 4246 sunt
2332 4191 2540 4246 umbra
2571 4192 2903 4246 futurorum
2955 4191 3175 4262 (Coloss.
3214 4210 3276 4262 ιι,
3313 4193 3420 4266 16).
3452 4195 3524 4250 Et
3552 4195 3637 4252 sic

2000 4296 2102 4351 per
2124 4279 2334 4335 Isaiam
2356 4279 2619 4352 loquitur
2633 4280 2815 4336 Deus:
2832 4280 3180 4337 Neomenias
3192 4286 3436 4351 vestras,
3449 4288 3506 4339 et
3517 4286 3647 4339 sab-

2001 4369 2137 4424 bata
2165 4374 2377 4439 vestra,
2410 4374 2464 4424 et
2494 4368 2649 4424 diem
2682 4385 2961 4441 magnum
2997 4385 3112 4425 non
3153 4370 3410 4442 suscipio
3437 4386 3450 4425 :
3478 4372 3642 4442 jeju-

2003 4458 2187 4527 nium,
2221 4463 2277 4513 et
2308 4458 2503 4524 ferias,
2534 4463 2592 4513 et
2622 4457 2981 4523 neomenias,
3005 4464 3064 4513 et
3089 4457 3488 4514 solemnitates
3516 4475 3644 4515 ves-

2000 4549 2122 4601 tras
2153 4546 2276 4602 odit
2304 4547 2503 4602 anima
2531 4563 2661 4602 mea
2700 4545 2852 4617 (Isai.
2897 4564 2934 4613 ι,
2988 4547 3098 4615 13).
3151 4545 3525 4603 Manifestum
3555 4552 3647 4605 est

2003 4636 2157 4707 quod
2191 4636 2292 4707 qui
2323 4635 2724 4691 solemnitates
2754 4634 2942 4690 oderit
2967 4634 3325 4701 Judaiorum,
3357 4652 3497 4691 suas
3518 4635 3647 4690 dili-

2002 4728 2120 4795 gat,
2157 4724 2468 4780 sabbatum
2498 4724 2768 4779 videlicet
2798 4724 2950 4796 quod
2983 4723 3247 4779 relictum
3291 4727 3380 4780 est
3425 4723 3643 4796 populo

2002 4813 2103 4867 Dei
2129 4830 2140 4868 :
2176 4816 2240 4867 ut
2267 4814 2568 4868 videamus
2597 4829 2724 4883 quae
2755 4830 2788 4867 a
2818 4813 2933 4868 Deo
2965 4814 3181 4867 donata
3211 4816 3352 4868 sunt
3374 4813 3565 4879 nobis,
3588 4816 3646 4869 et

2002 4901 2331 4973 loquamur,
2367 4918 2481 4956 non
2504 4901 2564 4955 in
2595 4901 2782 4957 doctis
2812 4901 3082 4956 humana:
3115 4901 3410 4973 sapientia:
3430 4901 3646 4967 verbis,

2003 4991 2103 5046 sei
2135 4991 2193 5045 in
2235 4990 2500 5045 doctrina
2546 4990 2811 5063 spiritus,
2862 4989 3266 5062 spiritualibus
3314 4990 3647 5062 spiritualia

2002 5084 2427 5153 comparantes.
2454 5079 2515 5133 In
2540 5079 2808 5150 praesenti
2835 5079 2990 5134 enim
3014 5078 3225 5135 saeculo
3250 5080 3404 5151 quod
3428 5080 3486 5135 in
3513 5098 3644 5137 ma-

2002 5169 2159 5242 ligno
2182 5169 2438 5242 positum
2458 5171 2565 5236 est,
2593 5168 2718 5224 dies
2739 5168 2923 5223 bonos
2944 5167 3137 5223 videre
3160 5185 3276 5224 non
3300 5187 3641 5243 possumus,

2002 5261 2103 5317 sed
2132 5259 2192 5314 in
2227 5275 2371 5314 novo
2404 5277 2416 5314 :
2446 5257 2516 5312 de
2546 5257 2763 5328 quibus
2795 5256 3001 5312 diebus
3022 5256 3079 5312 in
3113 5257 3369 5314 carmine
3391 5258 3643 5314 Mosaico

2001 5348 2257 5421 Spiritus
2304 5349 2542 5403 sanctus
2572 5344 2730 5401 canit
2762 5362 2774 5399 :
2810 5344 3098 5401 Memento
3129 5346 3358 5403 dierum
3389 5347 3643 5419 antiqui-

2000 5438 2177 5494 tatis:
2221 5436 2482 5508 intellige
2530 5451 2714 5490 annos
2763 5435 3156 5505 generationis
3202 5435 3642 5509 generationum

2070 5563 2145 5637 (b)
2176 5562 2335 5618 Idem
2368 5556 2578 5615 maluit
2634 5557 3002 5637 comedentur,
3058 5576 3127 5619 ex
3181 5557 3348 5635 Vulg.
3406 5563 3464 5619 et
3492 5576 3642 5629 mss.

1997 5631 2280 5717 Brixiens.
2321 5651 2387 5711 In
2416 5648 2655 5711 Hebrao
2684 5649 2775 5709 est
2800 5631 2964 5717 Sam.
