3944 6178
375 252 496 318 455

1645 253 1709 313 S.
1756 252 2066 315 EUSEBII
2113 255 2551 318 HIERONYMI

3593 268 3692 331 456

379 389 555 461 (Deut.
587 402 769 452 xxxu,
798 387 873 456 7).
911 388 984 440 De
1007 383 1219 454 quibus
1243 388 1299 438 et
1320 383 1570 438 Sanetus
1594 382 1939 454 loquebatur
1961 384 2018 438 in
2050 389 2096 450 Α
2135 387 2367 442 Pascha)
2392 388 2733 442 solemnitas
2771 392 2894 444 est:
2918 389 2985 445 de
3008 408 3121 462 qua
3157 388 3421 464 scriptum
3452 399 3560 452 est:
3584 398 3692 455 Ete-

381 478 610 549 psalmo
635 473 863 531 :'Nocte
893 473 953 527 in
986 472 1157 527 corde
1186 490 1315 526 meo
1346 472 1672 527 meditabar
1695 475 1803 543 (Ps.
1834 489 2017 537 LXXVI,

377 567 453 635 7).
484 565 554 619 Et
574 564 786 619 iterum
813 579 826 617 :
852 565 919 616 Et
939 578 1125 616 annos
1146 566 1392 615 aeternos
1432 560 1491 615 in
1515 564 1708 615 mente
1728 560 1931 626 habui,
1963 567 2019 615 et

380 654 697 710 meditatus
729 667 861 707 sum
912 649 1049 721 (Ibid
1084 690 1121 717 .,
1153 651 1230 717 6).
1265 649 1371 712 Qui
1408 649 1585 704 istum
1620 665 1735 703 non
1772 648 2020 720 suscipit

375 742 762 806 intellectum,
796 740 1148 817 respondeat
1178 755 1293 809 quo
1336 738 1520 809 possit
1556 736 1700 791 illud
1733 754 2018 809 exponere

377 833 529 905 quod
565 830 748 886 Isaias
782 829 851 883 de
882 829 1097 896 futuro,
1130 833 1188 882 et
1218 843 1363 881 novo
1390 826 1598 881 saeculo
1629 827 2012 883 vaticinatur:

370 921 495 977 Erit
525 919 749 976 mensis
780 935 848 973 ex
888 932 1108 983 mense,
1154 919 1209 970 et
1256 916 1566 971 sabbatum
1613 932 1683 971 ex
1730 915 2010 970 sabbato:

371 1014 428 1066 et
454 1010 650 1065 veniet
680 1006 874 1063 omnis
905 1021 1037 1060 caro
1060 1005 1300 1059 adorare
1330 1003 1643 1058 Dominum
1675 1005 1825 1071 (Isai.
1860 1022 2008 1069 va1,

369 1100 464 1167 23)
488 1115 501 1154 :
540 1097 773 1170 quando
796 1093 915 1149 veri
938 1094 1272 1149 adoratores
1293 1109 1663 1164 nequaquam
1688 1093 2014 1148 adorabunt

370 1188 431 1243 in
465 1190 663 1242 monte
686 1182 960 1246 Garizim,
983 1197 1086 1236 nec
1108 1182 1166 1235 in
1189 1180 1535 1246 Jerusalem,
1560 1182 1658 1235 sed
1685 1182 1741 1235 in
1778 1182 2008 1253 spiritu,

371 1281 429 1332 et
464 1277 702 1332 veritate
723 1275 898 1345 (Joan.
934 1272 1008 1343 ιν)
1035 1289 1049 1339 ;
1073 1271 1309 1341 quando
1328 1270 1436 1324 erit
1456 1270 1663 1324 coelum
1695 1286 1929 1336 novum,
1954 1276 2013 1325 et

366 1372 524 1421 terra
545 1381 711 1427 nova,
741 1366 798 1418 et
816 1359 1157 1416 liberabitur
1176 1358 1369 1414 omnis
1390 1363 1656 1413 creatura
1681 1375 1714 1413 a
1734 1359 2012 1414 servitute

363 1452 776 1525 corruptionis,
810 1449 867 1503 in
899 1447 1225 1503 libertatem
1261 1447 1516 1503 ﬁliorum
1546 1446 1669 1516 Dei,
1692 1451 1748 1501 et
1768 1447 1852 1502 sol
1878 1464 2007 1519 sep-

363 1544 473 1600 ties
507 1546 738 1598 tantum
768 1539 967 1595 lumen
1003 1536 1268 1608 accipiet,
1311 1540 1367 1591 et
1395 1535 1535 1590 luna
1566 1534 1672 1589 soli
1704 1551 2005 1607 compara-

368 1633 526 1689 bitur
562 1632 742 1702 (Rom.
775 1646 897 1699 vm,
946 1628 1076 1683 Isai.
1133 1628 1278 1697 ων).
1330 1624 1698 1679 Accessimus
1746 1623 1899 1679 enim
1935 1625 2006 1679 ad

2132 476 2251 529 nim
2304 476 2528 530 Pascha
2575 483 2842 532 nostrum
2902 478 3232 535 immolatus
3280 486 3363 536 est
3403 481 3689 557 Cbristusﬂ

2130 563 2251 619 Cor.
2286 583 2340 633 v,
2372 566 2451 636 7).
2480 566 2643 619 Tunc
2670 565 3033 622 comedimus
3064 574 3275 639 septem
3322 569 3511 626 diebus
3533 588 3701 644 azyma

2126 652 2187 706 in
2219 652 2418 723 requie
2449 662 2505 707 et
2533 654 2845 710 securitate
2876 672 3070 711 rerum
3092 657 3365 725 omnium,
3387 659 3595 728 quando
3614 659 3703 714 fer-

2127 746 2394 795 mentum
2413 743 2669 813 malitiw,
2688 748 2744 798 et
2759 744 3029 815 nequitiae
3046 745 3416 815 destruentes,
3436 746 3705 803 manduca-

2125 845 2258 885 mus
2289 847 2490 902 azyma
2519 830 2871 886 sinceritatis
2902 836 2959 886 et
2977 833 3248 900 veritatis,
3273 833 3513 905 principe
3538 838 3702 889 nostro

2124 922 2335 971 cuncta
2381 917 2501 972 haec
2560 934 2663 989 pro
2711 918 2881 973 nobis
2930 920 3219 986 offerente,
3266 924 3319 975 et
3359 919 3592 991 primum
3620 937 3705 991 pro

2123 1004 2336 1077 seipso.
2360 1005 2627 1078 Suscepit
2648 1007 2802 1061 enim
2827 1024 3035 1079 corpus
3057 1008 3393 1073 humanum,
3418 1012 3471 1063 et
3492 1024 3585 1079 per
3600 1024 3707 1080 pec-

2123 1098 2316 1149 catum
2349 1095 2635 1149 destruxit
2664 1100 2987 1166 peceatum,
3021 1096 3118 1168 qui
3154 1112 3252 1168 pro
3283 1095 3445 1151 nobis
3482 1094 3639 1163 dolet,
3665 1100 3709 1150 et

2122 1186 2315 1254 portat
2337 1182 2707 1239 inﬁrmitates
2728 1189 2997 1239 nostras:
3038 1182 3440 1255 deinde[Vu.lg.
3479 1183 3710 1255 proinde]

2114 1288 2216 1342 pro
2245 1272 2403 1326 domo
2432 1289 2552 1339 sua,
2588 1273 2742 1343 quod
2785 1274 2844 1327 in
2888 1273 3022 1329 LXX
3070 1272 3349 1345 scriptum
3395 1277 3511 1337 est;
3544 1271 3633 1327 sed
3659 1272 3710 1326 in

2118 1360 2400 1414 Hebraico
2450 1376 2565 1414 non
2615 1360 2882 1429 habetur,
2945 1362 3002 1417 id
3047 1366 3156 1429 est,
3217 1378 3314 1434 pro
3372 1359 3623 1427 Ecclesia,
3666 1363 3714 1413 et

2118 1466 2221 1520 pro
2280 1449 2439 1503 omni
2499 1449 2711 1521 populo
2767 1456 2955 1517 terra},
3023 1452 3176 1509 572
3237 1450 3492 1505 universo
3540 1446 3712 1503 videli-

2117 1540 2205 1593 cet
2251 1537 2511 1593 humano
2559 1554 2786 1610 genere.
2837 1539 3098 1595 Salvator
3140 1543 3228 1594 est
3275 1538 3426 1593 enim
3480 1535 3712 1592 omnium

2115 1626 2443 1694 hominum,
2477 1631 2533 1681 et
2560 1627 2812 1684 maxime
2844 1627 3128 1695 fidelium,
3177 1632 3233 1682 et
3273 1626 3394 1699 ipse
3433 1630 3516 1680 est
3544 1623 3712 1697 propi-

367 1726 628 1778 montem
659 1720 810 1784 Sion,
844 1717 944 1789 qui
974 1717 1389 1786 interpretatur
1418 1713 1656 1785 specula,
1689 1718 1746 1768 et
1777 1714 1846 1768 ad
1879 1712 2008 1768 civi-
2036 1750 2082 1814 B
2116 1715 2279 1771 tiatio
2307 1731 2408 1787 pro
2428 1715 2683 1787 peccatis
2705 1719 2922 1771 nostris
2946 1735 2958 1783 ;
2978 1720 3035 1772 et
3053 1734 3165 1773 non
3186 1715 3373 1773 solum
3391 1731 3488 1787 pro
3508 1712 3713 1782 nostris,

356 1815 538 1866 tatem
557 1806 936 1871 Deiviventis,
956 1803 1278 1860 Jerusalem
1303 1801 1615 1871 cmlestem,
1645 1806 1700 1857 et
1721 1802 1790 1856 ad
1820 1801 2004 1856 millia

359 1898 699 1972 angelorum
717 1892 1225 1951 solemnitates.De
1239 1908 1355 1961 qua
1368 1890 1839 1962 solemnitateloq
1851 1891 2004 1946 uitur

358 1993 415 2043 et
439 1988 591 2042 alius
613 1984 897 2057 propheta
925 1999 937 2036 :
963 1981 1111 2044 Quid
1135 1978 1359 2033 facietis
1380 1978 1439 2032 in
1463 1978 1669 2033 diebus
1693 1995 2005 2051 congrega-

356 2076 556 2145 tionis,
590 2074 731 2128 etin
755 2072 962 2127 diebus
984 2066 1372 2124 solemnitatis
1394 2066 1621 2121 Domini
1651 2067 1789 2138 (ﬁse.
1820 2069 1954 2138 1x,5)
1976 2070 2003 2123 ‘t

356 2166 477 2220 Hoc
510 2167 599 2219 est
630 2160 774 2215 illud
807 2159 961 2231 quod
992 2163 1049 2213 et
1077 2156 1217 2212 alibi
1257 2156 1492 2222 dicitur,
1542 2155 1799 2227 Celebra,
1826 2157 1997 2227 Juda,

355 2251 697 2309 festivitates
726 2254 894 2304 tuas:
952 2246 1125 2301 redde
1173 2249 1305 2300 vota
1353 2248 1453 2298 tua
1506 2244 1688 2315 (Num.
1720 2262 1760 2309 1,
1795 2246 1901 2317 15).
1937 2245 1996 2301 Si

354 2358 490 2414 ergo
540 2338 854 2394 didicimus
917 2333 1321 2390 solemnitates
1382 2331 1741 2403 spirituales,
1793 2350 1999 2388 conse-

351 2426 806 2503 quenterdoeebi
819 2422 1290 2480 muretvictimas
1304 2420 1808 2492 spirituales.Assu
1821 2423 1999 2477 mitur

350 2518 570 2575 vitulus
593 2518 664 2572 de
683 2517 969 2583 armento,
995 2512 1114 2567 sive
1132 2516 1349 2580 taurus,
1374 2516 1438 2565 ut
1467 2510 1882 2582 interpretatus
1909 2516 1997 2567 est

354 2608 499 2664 571
548 2603 961 2678 Symmachus,
991 2600 1140 2655 liber
1168 2606 1223 2655 et
1253 2599 1411 2654 nullo
1440 2599 1860 2671 pressusjugo,
1886 2599 1994 2654 hoc

349 2701 460 2768 est,
495 2710 670 2751 onere
694 2697 1085 2765 peccatorum,
1112 2695 1169 2744 et
1190 2688 1604 2743 immaculatus
1629 2704 1640 2741 :
1668 2688 1767 2758 qui
1790 2704 1992 2759 pecca-

350 2793 476 2841 tum
508 2801 625 2840 non
667 2782 820 2849 t'ecit,
864 2796 965 2834 nec
999 2777 1169 2832 dolus
1193 2778 1463 2833 inventus
1489 2782 1578 2831 est
1610 2776 1668 2830 in
1710 2793 1805 2831 ore
1841 2777 1990 2847 ejus,

349 2873 574 2929 vitulus
598 2869 883 2938 novellus,
909 2883 1128 2922 cornua
1155 2867 1421 2931 ell‘erens,
1445 2871 1502 2919 et
1521 2864 1773 2935 ungulas
1801 2881 1813 2920 :
1845 2870 1908 2918 ut
1928 2864 1989 2918 in

348 2964 475 3035 ipso
511 2960 846 3027 mandetur,
881 2961 937 3012 et
967 2955 1231 3027 expietur
1262 2953 1685 3009 sanctuarium.
1711 2953 1780 3006 Et
1805 2951 1987 3019 tollet,

346 3049 557 3124 inquit,
586 3047 859 3104 sacerdos
880 3045 951 3099 de
977 3044 1263 3114 sanguine
1288 3043 1416 3113 ejus
1437 3040 1590 3112 quod
1610 3040 1719 3095 erit
1736 3058 1838 3112 pro
1862 3058 1986 3111 pec-

348 3116 472 3195 cat-0
503 3116 766 3193 omnium
794 3151 806 3188 :
843 3133 942 3206 qui
974 3132 1105 3187 aliis
1139 3130 1328 3185 verbis
1360 3147 1548 3203 agnus
1581 3128 1984 3201 appellaturin
2019 3116 2060 3182 C

348 3229 561 3297 Exodo,
595 3231 650 3282 et
679 3225 737 3280 in
766 3222 1098 3294 Evangelio,
1149 3219 1413 3292 Baptista
1456 3221 1675 3274 Joanne
1719 3218 1983 3275 dicente:

348 3320 492 3374 Ecce
522 3324 724 3388 Agnus
754 3312 876 3379 Dei,
910 3310 1013 3383 qui
1044 3309 1195 3365 tollit
1224 3315 1461 3381 peccata
1496 3308 1701 3362 mundi
1734 3308 1910 3378 (Joan.
1945 3326 1985 3376 1,

346 3408 456 3480 29).
490 3403 740 3477 Sanguis
771 3407 966 3457 autem
999 3401 1121 3471 ipse
1151 3404 1239 3453 est
1276 3397 1568 3469 pretiosus
1598 3397 1656 3450 in
1690 3413 1803 3467 quo
1835 3396 1985 3450 redi-

347 3497 571 3552 mimur
598 3494 659 3548 in
692 3492 965 3565 passione
997 3487 1229 3543 Domini
1259 3486 1573 3541 Salvatoris
1599 3503 1611 3553 ;
1665 3485 1833 3555 cujus
1860 3501 1986 3538 car-

348 3585 525 3640 nibus
556 3582 790 3650 alimur,
823 3584 878 3634 et
923 3594 1127 3632 cruore
1167 3581 1475 3648 potamur;
1521 3591 1633 3644 quo
1666 3579 1989 3645 tanguntur

343 3678 562 3748 quatar
611 3668 822 3743 anguli
866 3664 1183 3739 crepidinis
1214 3663 1437 3730 altaris,
1470 3663 1624 3733 quod
1669 3661 1987 3717 Theodotio

342 3766 539 3838 ipsum
562 3762 803 3817 verbum
828 3757 1175 3813 Hebraicum
1201 3752 1413 3826 posuit,
1440 3768 1617 3807 ΑΖΑΒΑ
1640 3752 1849 3823 (mw),
1869 3752 1987 3806 sive

339 3851 567 3924 templi,
592 3854 658 3905 ut
688 3847 826 3903 LXX
848 3845 1277 3902 transtulerunt
1306 3860 1318 3897 :
1353 3848 1418 3897 ut
1457 3841 1854 3898 sanctiﬁcetur
1885 3842 1985 3896 do-

341 3958 475 3996 mus
504 3945 561 3995 et
590 3937 796 3992 altare.
826 3936 1106 3990 Universa
1137 3933 1293 3988 enim
1327 3932 1531 3986 mundi
1562 3930 1848 3986 elementa
1879 3930 1987 3985 hoc

343 4026 632 4097 sanguine
678 4023 1162 4079 sanctiﬁcantur:
1216 4024 1280 4075 ut
1344 4036 1478 4074 cum
1543 4020 1677 4090 quis
1720 4019 1985 4089 expiatus

342 4114 517 4170 fuerit
545 4118 719 4183 atque
751 4112 1090 4177 mundatus,
1119 4109 1482 4182 ingrediatur
1500 4114 1727 4179 portam
1751 4107 1882 4160 atrii
1903 4107 1987 4159 in-

340 4202 593 4273 terioris,
644 4210 699 4255 et
748 4201 936 4272 possit
982 4199 1212 4253 Domini
1259 4214 1473 4252 arcana
1515 4211 1882 4268 cognoscere,
1931 4199 1987 4249 et

339 4294 762 4365 consequenter
774 4288 964 4344 venire
977 4289 1047 4343 ad
1062 4288 1371 4359 septimam
1386 4286 1536 4341 diem
1554 4283 1773 4339 mensis
1788 4283 1982 4354 primi,

338 4389 395 4441 et
422 4380 703 4454 consequi
724 4377 1005 4450 requiem,
1029 4382 1086 4431 et
1111 4376 1352 4431 Domino
1384 4376 1588 4429 oil‘erre
1627 4372 1983 4427 sacriﬁcium

338 4479 461 4529 tam
484 4490 587 4544 pro
620 4467 970 4543 ignorantia,
1001 4467 1072 4520 de
1104 4482 1218 4537 qua
1242 4464 1418 4519 David
1443 4462 1739 4534 loquitur:
1765 4459 1985 4551 Delicta
2018 4489 2060 4551 Β

333 4561 660 4636 juventutis
695 4576 855 4626 meae,
889 4562 945 4611 et
976 4554 1338 4627 ignorantias
1369 4569 1530 4608 meas
1553 4569 1623 4607 ne
1646 4550 1983 4605 memineris

341 4655 456 4725 (Ps.
489 4667 637 4719 xx1v,
669 4650 748 4719 7),
781 4662 956 4718 quam
991 4661 1093 4717 pro
1141 4642 1404 4716 parvulo,
1436 4643 1534 4712 qui
1584 4657 1717 4696 cum
1749 4639 1821 4694 ad
1854 4654 1983 4711 per-

340 4742 473 4798 fecti
515 4739 624 4797 viri
674 4752 1008 4793 mensuram
1060 4734 1402 4806 pervenerit,
1452 4733 1713 4785 destruet
1757 4746 1824 4784 ea
1854 4745 1981 4800 qua:

2113 1806 2212 1860 sed
2247 1822 2351 1877 pro
2390 1805 2549 1860 omni
2582 1806 2821 1860 mundo.
2856 1805 3061 1862 Oblato
3085 1811 3278 1863 autem
3301 1802 3475 1858 vitulo
3496 1818 3590 1874 pro
3608 1799 3714 1855 uni-

2111 1910 2274 1949 verso
2309 1892 2526 1965 populo
2556 1898 2741 1961 terrm,
2777 1894 2836 1948 in
2870 1900 3091 1967 septem
3125 1894 3332 1950 diebus
3367 1890 3593 1963 reliquis
3620 1894 3714 1943 Do—

2111 1981 2338 2037 minica:
2371 1980 2664 2053 passionis
2707 1987 2932 2053 septem
2963 1982 3156 2050 vituli,
3191 1987 3247 2038 et
3292 1984 3505 2052 septem
3537 1977 3716 2032 arietes

2110 2069 2474 2125 immaculati
2514 2070 2837 2125 offeruntur
2884 2071 3168 2142 quotidie,
3221 2074 3287 2125 ut
3330 2067 3644 2124 holocausto
3670 2067 3718 2119 et

2108 2159 2243 2230 igne
2274 2158 2574 2213 Dominico
2597 2164 3063 2214 concrementur.
3087 2161 3319 2232 Septem
3344 2160 3528 2212 autem
3548 2151 3712 2221 vituli,

2108 2251 2166 2303 et
2186 2250 2409 2319 septem
2432 2247 2642 2302 arietes
2665 2252 2823 2315 sunt,
2846 2248 2943 2320 qui
2967 2250 3409 2321 contigurantur
3435 2240 3713 2301 Dominica:

2107 2335 2383 2409 passioni,
2417 2340 2481 2390 ut
2512 2335 2818 2391 imitentur
2865 2353 3069 2392 verum
3122 2336 3389 2403 vitulum,
3437 2338 3493 2389 et
3535 2344 3708 2386 verum

2104 2425 2366 2489 arietem,
2399 2422 2747 2495 sanguinem
2780 2429 3104 2497 martyrum
3141 2441 3246 2498 per
3266 2427 3482 2496 septem
3508 2418 3622 2475 dies
3637 2422 3709 2472 to-

2103 2514 2223 2569 tius
2251 2512 2457 2567 mundi
2491 2516 2725 2583 peccata
2756 2518 3095 2586 purgentur.
3134 2515 3346 2569 Hircus
3394 2524 3606 2583 quoque
3634 2521 3711 2560 ca-

2105 2619 2339 2673 prarum
2371 2602 2611 2657 offertur
2641 2619 2742 2672 pro
2775 2606 3007 2673 peccato
3039 2603 3324 2674 quotidie,
3350 2604 3557 2673 septem
3585 2593 3713 2648 vide-

2101 2690 2235 2746 licet
2265 2690 2492 2745 diebus.
2526 2690 3073 2763 Attendendumque
3103 2691 3466 2763 diligentius,
3500 2684 3635 2758 quod
3660 2682 3710 2736 in

2101 2778 2384 2834 sacriﬁcio
2407 2778 2539 2849 ephi
2579 2794 2681 2848 per
2712 2780 2980 2845 vitulum,
3012 2786 3067 2834 et
3096 2780 3236 2852 ephi
3271 2795 3372 2851 per
3400 2776 3632 2840 arietem,
3661 2772 3710 2823 et

2101 2866 2211 2922 olei
2234 2868 2333 2921 hin
2357 2867 2681 2921 offeruntur
2703 2885 2829 2939 quae
2855 2868 3002 2940 Lege
3023 2873 3319 2940 praecepta
3336 2868 3489 2922 sunt.
3508 2869 3562 2917 In
3577 2856 3711 2916 obla-

2098 2956 2256 3011 tione
2288 2959 2481 3010 autem
2514 2954 2682 3022 hirci,
2718 2973 2823 3011 nec
2871 2957 3027 3028 ephi,
3078 2975 3190 3014 nec
3240 2961 3328 3025 (ut
3370 2948 3713 3026 Septuaginta

2097 3043 2547 3115 transtulerunt)
2574 3045 2753 3099 coctio
2789 3048 3044 3116 ponitur,
3078 3047 3186 3118 qui
3220 3064 3323 3119 pro
3352 3042 3480 3116 ephi
3528 3038 3714 3110 πέμμα,

2100 3133 2207 3188 hoc
2240 3139 2347 3203 est,
2380 3135 2677 3189 coctioncm
2708 3133 3068 3206 interpretati
3119 3140 3285 3189 sunt.
3334 3132 3435 3188 llin
3458 3144 3582 3185 vero
3610 3137 3716 3196 qua?

2098 3221 2205 3277 olei
2238 3227 2394 3276 certa
2426 3238 2705 3276 mensura
2733 3226 2841 3290 est,
2874 3223 2943 3277 de
2971 3239 3088 3294 qua
3137 3228 3279 3278 ante
3322 3222 3437 3294 iam
3469 3216 3718 3281 diximUS,

2097 3311 2422 3366 assumitur
2437 3309 2496 3364 in
2515 3310 2798 3366 sacrificio
2814 3310 2977 3365 vituli
2995 3316 3051 3366 et
3068 3312 3304 3368 arietis:
3327 3315 3392 3367 ut
3408 3309 3704 3364 fomentum

2096 3399 2339 3454 luminis
2369 3398 2732 3470 sempiterni,
2766 3404 2824 3454 et
2849 3401 3109 3471 requiem
3144 3400 3396 3465 laboris,
3426 3401 3481 3453 et
3509 3391 3725 3450 lassitu-

2096 3488 2252 3543 dinis
2279 3488 2610 3553 sanitatem,
2636 3492 2769 3559 post
2790 3487 3175 3559 placationem
3214 3493 3573 3563 peccatorum
3597 3477 3727 3537 acci-

2096 3594 2231 3650 pere
2250 3576 2566 3649 possimus.
2590 3577 2650 3630 ln
2674 3578 2923 3648 septimo
2946 3594 3178 3649 quoque
3206 3594 3430 3645 mense,
3450 3568 3728 3647 quintade-

2098 3667 2250 3722 cima
2280 3664 2499 3721 mensis
2522 3664 2634 3735 die,
2659 3665 2767 3720 hoc
2797 3670 2903 3733 est,
2939 3668 3452 3739 scenopegiarum,
3485 3663 3555 3735 (a)
3586 3658 3727 3713 idem

2097 3754 2407 3812 oblationis
2425 3759 2481 3809 et
2503 3753 2922 3809 sacriﬁciorum
2958 3756 3098 3810 ordo
3136 3756 3468 3812 servandus
3487 3753 3585 3815 est,
3612 3749 3725 3800 tam

2097 3863 2200 3918 pro
2217 3850 2450 3918 peccato
2464 3859 2637 3916 quam
2656 3860 2757 3915 pro
2771 3843 3132 3911 holocausto,
3147 3849 3207 3899 et
3226 3846 3287 3900 in
3304 3838 3600 3907 sacrificio,
3616 3831 3732 3891 etin

2098 3934 2222 3990 oleo
2249 3952 2262 4003 ;
2286 3938 2351 3988 ut
2372 3931 2740 3990 festivitatem
2769 3932 3017 3999 Domini,
3039 3933 3264 4005 fugatis
3282 3929 3540 3988 tenebris
3557 3925 3731 3981 etorto

2098 4022 2321 4078 lumine
2352 4021 2483 4089 olei,
2511 4037 2977 4092 consequamur:
3004 4020 3409 4094 clarioresque
3431 4018 3735 4074 habeamus

2097 4112 2517 4174 solemnitates,
2550 4111 2609 4164 in
2643 4110 2858 4181 quibus
2886 4110 3086 4164 omnia
3138 4116 3388 4181 peccata
3437 4105 3732 4162 donantur.

2168 4200 2327 4271 (Cap.
2362 4197 2551 4252 XLVI.
2580 4229 2645 4238 -—
2680 4198 2838 4254 Vers.
2866 4200 2889 4251 1
2925 4198 3135 4269 seqq.).
3170 4199 3305 4256 Hzec
3334 4197 3470 4252 dicit
3493 4192 3738 4250 Dominus

2098 4289 2238 4342 Deus
2264 4287 2461 4341 :Porta
2482 4288 2623 4340 atrii
2645 4288 2925 4341 interioris
2946 4301 3070 4357 quae
3095 4289 3323 4357 respicit
3351 4285 3425 4342 ad
3457 4283 3736 4339 Orientem.

2096 4377 2200 4430 erit
2244 4370 2431 4429 cldusa
2472 4391 2568 4428 sex
2626 4374 2840 4441 diebus,
2902 4377 2959 4429 in
3010 4377 3208 4447 quibus
3246 4392 3387 4448 opus
3416 4376 3516 4447 ﬁt:
3572 4374 3741 4424 autem

2092 4464 2307 4519 sabbati
2334 4465 2634 4535 aperietur,
2667 4463 2759 4518 sed
2788 4465 2838 4519 et
2868 4465 2927 4518 in
2948 4464 3035 4519 die
3065 4464 3436 4520 kalendarum
3457 4460 3741 4531 aperietur.

2091 4554 2155 4608 Et
2186 4553 2421 4607 intrabit
2447 4553 2703 4624 princeps
2728 4567 2832 4622 per
2861 4553 3011 4606 riam
3040 4552 3299 4607 vestibuli
3320 4556 3513 4625 portae
3534 4542 3742 4618 (lc/011's.

2092 4651 2142 4698 et
2168 4642 2330 4698 stabit
2362 4644 2420 4696 in
2450 4643 2645 4696 limine
2670 4643 2876 4712 portas:
2918 4645 2969 4696 et
3017 4642 3224 4713 facient
3268 4640 3584 4697 sacerdotes
3610 4632 3749 4690 holo-

2091 4734 2336 4787 caustum
2367 4731 2504 4801 ejus,
2539 4738 2590 4785 et
2618 4731 2847 4802 paciﬁca
2874 4731 3012 4800 ejus,
3043 4735 3095 4785 et
3124 4730 3387 4786 adorabit
3402 4743 3574 4801 super
3590 4725 3747 4780 limen

341 4829 564 4902 parvuli
601 4834 759 4899 sunt,
794 4832 851 4881 et
880 4824 1152 4896 loquetur
1184 4821 1578 4877 confidenter:
1613 4819 1763 4873 Dum
1794 4835 1981 4874 essem
2087 4830 2283 4892 portae,
2317 4827 2367 4873 et
2395 4818 2734 4889 egredietur:
2765 4824 2925 4890 porta
2953 4823 3138 4874 autem
3177 4835 3285 4874 non
3338 4817 3643 4875 claudatur
3666 4825 3752 4865 us-

345 4917 646 4989 parvulus,
679 4916 848 4989 quasi
882 4911 1157 4986 parvulus
1183 4910 1482 4980 loquebar,
1517 4909 1681 4980 quasi
1705 4907 1985 4980 parvulus

347 5006 646 5077 sapiebam
679 5009 751 5077 (11
783 5005 904 5061 Cor.
945 5020 1065 5070 x111,
1104 5002 1209 5073 11).
1239 5000 1366 5054 Sive
1398 5014 1499 5069 pro
1539 5016 1605 5053 eo
1651 4999 1751 5068 qui
1794 5014 1984 5053 errore

345 5098 622 5166 deceptus
653 5101 761 5157 est,
796 5100 854 5150 et
882 5111 998 5149 non
1020 5098 1141 5148 tam
1162 5090 1481 5155 voluntate,
1506 5105 1681 5159 quam
1707 5088 1838 5143 boni
1866 5088 1985 5160 opi~

347 5185 520 5240 nione
537 5183 814 5255 peccavit.
839 5182 1155 5255 Completis
1179 5185 1373 5236 autem
1396 5178 1626 5233 duabus
1650 5177 1985 5232 solemnita-

348 5275 508 5331 tibus
539 5269 713 5346 primi
737 5271 979 5343 mensis,
1002 5272 1110 5327 hoc
1131 5275 1239 5339 est,
1264 5268 1462 5341 prima)
1485 5267 1618 5338 diei,
1648 5271 1704 5320 et
1724 5267 1984 5337 septimae

343 5366 495 5437 ejus,
511 5360 752 5421 venitad
771 5360 1346 5431 quartamdecimam
1364 5357 1518 5412 diem
1537 5354 1776 5422 mensis,
1796 5353 1852 5409 in
1870 5372 1986 5427 quo

2093 4926 2194 4982 que
2223 4909 2293 4963 ad
2316 4924 2614 4976 vesperam.
2647 4909 2711 4963 Et
2739 4909 2989 4964 adorabit
3012 4908 3242 4979 papulas
3265 4912 3445 4964 terrm
3465 4905 3539 4961 ad
3558 4902 3751 4960 ostium

2088 5001 2265 5071 portw
2293 4999 2446 5052 illius
2477 4999 2535 5051 in
2561 4998 2822 5065 sabbatis,
2857 5006 2907 5052 et
2936 4999 2991 5052 in
3042 4996 3295 5052 kalendis
3344 5011 3547 5051 coram
3578 4987 3751 5048 Domi-

2091 5104 2182 5144 no.
2217 5087 2603 5142 Hotocaustum
2634 5093 2827 5142 autem
2856 5087 2958 5141 hoc
3002 5086 3189 5158 o/fcrct
3228 5086 3499 5157 princeps
3530 5078 3751 5137 Domino

2094 5180 2153 5233 in
2184 5178 2273 5233 die
2307 5176 2556 5243 sabbati;
2607 5192 2705 5231 sea:
2747 5191 2916 5243 agnos
2962 5175 3363 5239 immaculatos,
3418 5176 3474 5228 et
3525 5169 3756 5226 arietem

2095 5267 2247 5323 573
2281 5265 2715 5335 immaculatum,
2749 5268 2799 5318 et
2826 5264 3162 5334 sacriﬁcium
3190 5262 3315 5334 ephi
3344 5277 3455 5331 per
3484 5258 3756 5315 arietem:

2094 5356 2254 5425 agnis
2284 5352 2478 5427 [Vulg.
2511 5356 2571 5410 in
2599 5351 2779 5423 agnis]
2810 5359 2986 5408 autem
3005 5353 3337 5424 sacriﬁcium
3373 5346 3532 5422 quod
3552 5337 3761 5401 dederit

394 5560 494 5683 ⁸(α)
523 5599 617 5659 Sic
646 5603 778 5677 post
806 5595 1130 5655 Victoriam
1160 5596 1546 5655 emendamus
1578 5610 1592 5652 :
1628 5608 1934 5669 perperam
1963 5611 2098 5651 cum
2127 5594 2368 5653 Erasmo
2399 5590 2665 5651 Martian.
2692 5589 2935 5649 retinuit
2959 5590 3017 5649 id
3046 5598 3144 5649 est.
