3996 6184
321 290 438 350 157

897 289 1652 355 COMMENTARIORUM
1695 288 1776 351 IN
1820 284 2324 351 EZECHIELEM
2367 289 2514 350 LIB.
2564 290 2720 352 XIV.
2769 292 2939 353 CAP.
2989 292 3198 354 XLVI.

3614 287 3736 353 458

316 439 519 478 manus
547 424 686 494 ejus,
718 427 771 478 et
797 423 905 479 olei
925 423 1021 478 hin
1049 440 1150 495 per
1167 425 1385 495 singula
1406 426 1530 495 ephi
1554 442 1564 478 :
1600 428 1660 479 In
1685 426 1772 479 die
1791 433 1972 478 autem
2001 422 2054 486 Α
2087 427 2192 486 est,
2214 438 2312 476 sex
2329 423 2460 493 agni
2485 423 2864 492 immaculati,
2886 427 2942 480 et
2959 422 3560 492 ariesimmaculatus,
3581 433 3736 480 etsa-

315 509 688 566 kalendarum
715 512 950 567 vitulum
978 513 1045 568 de
1073 517 1320 567 armento
1346 513 1780 577 immaculatum,
1813 515 1862 564 et
1882 526 1979 564 sm:

313 601 472 670 agni,
495 605 548 654 et
580 602 777 656 arietes
797 602 1143 656 immaculati
1161 608 1339 655 erunt.
1375 603 1438 655 Et
1461 601 1585 671 ephi
1602 616 1705 670 per
1724 599 1974 663 vitulum,

315 689 689 760 ephi,quoque
699 705 802 760 per
817 692 1046 744 arietem
1059 690 1226 759 faciet
1236 690 1589 759 sacriﬁcium:
1609 689 1767 758 agnis
1782 686 1974 759 1Vulg.

315 776 392 832 de
412 778 596 848 agnisl
624 782 808 832 autem
828 780 970 832 sicut
1000 779 1270 833 invenerit
1298 793 1496 832 manus
1515 779 1649 848 ejus,
1675 779 1727 830 et
1746 776 1852 830 olei
1880 775 1979 828 hin

307 881 415 936 per
440 866 670 933 singula
697 865 841 936 ephi.
896 865 1004 920 Ubi
1050 882 1155 920 nos
1186 865 1550 936 interpretati
1582 880 1794 920 sumus
1825 863 1974 933 ephi,

313 971 446 1025 quae
471 957 564 1008 est
582 953 811 1009 decima
832 971 966 1024 pars
989 953 1128 1023 cori,
1153 952 1289 1007 LXX
1307 952 1740 1008 transtulerunt
1761 951 1976 1023 πέμμα,

314 1042 474 1113 quod
505 1040 568 1096 in
600 1047 803 1097 nostra
833 1041 1036 1113 lingua
1063 1044 1363 1097 coctionem
1393 1045 1582 1096 sonat.
1633 1041 1703 1094 Et
1733 1041 1831 1095 ubi
1871 1056 1977 1095 nos

316 1130 599 1196 diximus,
630 1131 990 1201 sacri/icium,
1025 1129 1110 1185 illi
1139 1130 1334 1202 ipsum
1358 1128 1704 1184 Hebraicum
1731 1144 1977 1199 posuere

313 1220 560 1274 verbum
596 1236 793 1274 MANAA
826 1219 1064 1289 (unm),
1115 1219 1269 1290 quod
1311 1217 1564 1290 Aquilia,
1611 1218 1834 1283 donum,
1887 1216 1975 1270 vel

312 1309 676 1377 sacriﬁcium,
737 1307 1074 1378 Theodotio,
1133 1309 1471 1378 sacriﬁcium
1527 1305 1850 1361 transtulit.
1910 1309 1978 1359 Et

313 1396 555 1451 interim
577 1396 923 1468 priusquam
940 1396 1078 1467 quid
1101 1396 1212 1452 ista
1225 1396 1578 1468 significent,
1594 1395 1973 1464 disseramus,

313 1484 446 1556 ipsa
468 1485 789 1556 Scriptura;
813 1488 1269 1559 παραφραστικῶς
1290 1484 1464 1540 verba
1485 1483 1794 1554 pandenda
1815 1488 1971 1538 sunt.

314 1577 512 1643 Porta,
548 1572 762 1645 inquit,
796 1572 926 1628 atrii
956 1572 1248 1627 interioris
1280 1589 1378 1627 sex
1407 1571 1634 1636 diebus,
1667 1572 1736 1625 de
1760 1570 1976 1641 quibus

311 1663 606 1733 scriptum
639 1666 764 1716 est:
800 1661 910 1716 Sex
940 1659 1146 1715 diebus
1176 1660 1530 1732 cperaberis,
1566 1665 1622 1714 et
1643 1659 1818 1714 facies
1849 1676 1974 1714 om-

311 1751 413 1805 nia
461 1766 639 1822 Opera
684 1755 788 1805 tua
834 1749 1027 1819 (Exod.
1062 1766 1222 1818 xxm,
1259 1750 1370 1818 1'2),
1420 1749 1530 1803 erit
1574 1747 1817 1813 clausa;
1870 1765 1974 1803 nec
2004 1787 2050 1850 Β

309 1835 592 1910 quaelibet
614 1842 799 1910 porta,
828 1839 926 1893 sed
953 1854 1080 1909 quae
1105 1837 1346 1909 respicit
1371 1839 1441 1892 ad
1466 1836 1782 1907 Orientem,
1818 1837 1973 1891 unde

315 1927 510 1983 oritur
531 1926 620 1983 sol
635 1927 904 1996 justitiaa.
925 1931 1103 1982 Porro
1125 1927 1219 1982 die
1241 1927 1491 1994 sabbati,
1517 1927 1575 1981 id
1597 1929 1686 1982 est
1701 1926 1972 1998 septimo,

315 2018 374 2070 in
410 2033 526 2088 quo
558 2016 788 2086 requies
839 2019 947 2086 est,
999 2015 1294 2087 aperietur
1323 2031 1426 2085 per
1455 2013 1719 2086 singulas
1751 2014 1973 2070 hebdo-

316 2105 548 2169 madas,
573 2109 629 2158 et
649 2121 886 2160 rursum
907 2104 1213 2176 completis
1231 2103 1437 2158 diebus
1461 2103 1720 2174 triginta,
1740 2104 1973 2174 quando

312 2193 562 2248 alterius
594 2193 814 2248 mensis
845 2193 1002 2259 finis,
1055 2199 1111 2248 et
1151 2192 1391 2248 alterius
1421 2191 1723 2248 exordium
1756 2196 1862 2259 est,
1915 2193 1971 2246 id

311 2288 431 2349 est,
458 2282 788 2350 neomenia,
812 2282 905 2337 die
926 2281 1196 2336 videlicet
1218 2280 1624 2350 kalendarum,
1657 2281 1971 2354 aperietur,

302 2375 382 2426 ut
418 2370 566 2442 quod
598 2370 971 2443 privilegium
1004 2370 1181 2425 habet
1212 2370 1498 2440 septimus
1525 2370 1649 2425 dies
1675 2370 1730 2424 in
1759 2370 1973 2426 hebdo-

303 2461 516 2526 mada,
534 2459 640 2514 hoc
656 2459 867 2514 habeat
886 2457 1252 2530 privilegium
1278 2459 1497 2513 mensis
1516 2459 1838 2514 exordium.
1859 2459 1975 2514 Cur

301 2553 518 2603 autem
571 2543 1010 2618 aperiatur‘die
1058 2545 1332 2618 septimo,
1382 2551 1438 2600 et
1465 2546 1558 2600 die
1592 2543 1970 2601 kalendarum

305 2641 493 2708 porta
539 2634 829 2690 interioris
885 2634 1014 2689 atrii
1064 2651 1191 2706 quae
1243 2634 1480 2706 respicit
1533 2635 1605 2689 ad
1656 2635 1970 2703 Orientem,

303 2741 580 2795 sequens
604 2740 796 2779 sermo
820 2723 1192 2778 monstrabit.
1213 2723 1282 2777 Et
1303 2722 1564 2790 intrabit,
1585 2722 1795 2793 inquit,
1821 2724 1976 2795 prin-

303 2829 460 2884 ceps
514 2828 608 2884 per
660 2811 811 2866 viam
869 2812 946 2882 (α)
997 2811 1270 2866 vestibuli
1321 2816 1498 2881 portae
1551 2812 1788 2876 deforis,
1840 2812 1972 2867 atrii

300 2902 590 2957 videlicet
620 2901 963 2957 exterioris:
999 2905 1055 2955 et
1084 2900 1264 2956 stabit
1290 2901 1347 2954 in
1382 2900 1581 2955 limine
1614 2906 1788 2971 porta:
1819 2901 1971 2956 inte-

301 2992 497 3047 rioris
541 2991 687 3054 atrii,
743 3007 870 3061 quae
901 2989 1139 3060 respicit
1169 2989 1239 3044 ad
1273 2989 1565 3044 Orientem
1593 3007 1605 3045 :
1643 3007 1747 3045 nec
1781 2990 1971 3062 ingre-

305 3081 522 3135 dietur
548 3080 755 3134 atrium
786 3078 1053 3148 interius,
1084 3079 1184 3133 sed
1215 3077 1313 3132 illo
1347 3081 1558 3143 stante,
1591 3077 1683 3132 alii
1710 3078 1974 3133 sacerdo-

2088 511 2308 565 crilicia
2328 512 2732 580 eorum,ritum
2752 512 2977 568 sabbati
2995 511 3410 584 possidebunt:
3429 511 3511 565 ita
3527 513 3739 570 dunta-

2087 603 2204 663 xat,
2221 603 2286 652 ut
2308 599 2459 653 sicut
2479 598 2534 652 in
2553 601 2732 656 ariete
2749 601 2880 672 ephi
2899 601 3142 657 offertur
3159 599 3424 656 sacrificii
3444 603 3520 671 1F.
3530 601 3628 671 leg.
3647 619 3738 658 sa-

2086 686 2418 752 criﬁciuml,
2432 687 2487 742 id
2509 692 2615 757 est,
2635 689 2843 744 similae
2861 694 2917 745 et
2933 689 3033 745 hin
3051 689 3156 744 olei
3169 734 3183 756 ,
3197 688 3279 744 ita
3292 689 3586 757 offeratur,
3601 694 3660 745 et
3674 691 3736 746 in

2085 774 2427 831 vituloJlaec
2439 777 2875 849 perspicuitatis
2889 795 3065 833 causa
3078 779 3196 832 sint
3207 777 3579 849 positamunc
3591 777 3738 850 spiri

2086 862 2305 918 tualem
2327 866 2840 934 sensum,Domino
2859 867 3604 943 donante,reser§mus.Sex
3620 867 3739 923 die-

2084 951 2197 1006 bus
2210 952 2425 1022 quibus
2438 970 2749 1025 operamur
2765 955 2823 1009 in
2843 955 3084 1018 mundo,
3101 958 3266 1025 porta
3279 947 3587 1009 Orientalis
3603 955 3735 1010 atrii

2083 1039 2376 1096 interioris
2403 1041 2602 1106 clausa
2621 1042 2788 1098 nobis
2811 1047 2919 1098 est.
2945 1046 3262 1114 Postquam
3285 1045 3481 1098 autem
3503 1043 3734 1099 veneri-

2088 1145 2220 1184 mus
2249 1130 2317 1185 ad
2344 1130 2499 1185 diem
2527 1132 2865 1202 septimum,
2889 1131 2947 1185 id
2971 1135 3080 1199 est,
3107 1131 3178 1186 ad
3212 1129 3366 1186 diem
3400 1131 3650 1198 sabbati,
3673 1131 3733 1186 in

2087 1233 2201 1288 quo
2231 1221 2442 1274 aeterna
2472 1220 2702 1290 requies
2734 1224 2841 1290 est,
2883 1221 3003 1275 sive
3029 1219 3101 1274 ad
3132 1219 3291 1275 diem
3322 1218 3732 1290 kalendarum,

2087 1307 2320 1376 quando
2347 1312 2479 1378 post
2507 1324 2715 1363 caecam
2748 1313 2976 1363 noctem
3007 1311 3064 1363 et
3093 1307 3404 1363 horribiles
3438 1308 3732 1376 tenebras,

2086 1394 2233 1450 lucis
2263 1395 2565 1451 exordium
2590 1401 2698 1456 est.
2721 1397 2983 1468 aperitur
3007 1396 3177 1452 nobis
3198 1400 3363 1468 porta
3385 1395 3733 1452 Orientalis:

2084 1489 2141 1538 et
2161 1486 2210 1539 si
2228 1486 2362 1555 quis
2381 1490 2645 1540 nostrum
2663 1501 2766 1556 per
2785 1486 2994 1541 merita
3016 1485 3323 1552 virtutum,
3340 1485 3506 1540 ducis
3523 1501 3736 1540 nomen

2083 1577 2141 1628 et
2186 1573 2533 1644 dignitatem
2583 1574 2758 1628 fuerit
2809 1578 3162 1629 consecutus
3211 1589 3314 1644 per
3359 1572 3513 1627 viam
3557 1574 3738 1628 vesti-

2084 1662 2206 1716 buli
2225 1666 2400 1732 portae
2419 1662 2653 1728 deforis,
2683 1662 2791 1718 hoc
2807 1667 2917 1730 est,
2932 1677 3034 1733 per
3052 1662 3256 1717 mundi
3277 1661 3458 1732 hujus
3474 1660 3733 1717 labores:

2083 1754 2141 1806 et
2172 1757 2399 1822 portam
2433 1751 2723 1820 Ecclesiae,
2768 1769 2896 1823 quae
2919 1750 3114 1806 adhuc
3147 1751 3205 1805 in
3238 1750 3487 1806 terrenis
3517 1749 3736 1806 ﬁnibus

2083 1839 2273 1910 posita
2302 1844 2407 1909 est,
2459 1840 2856 1912 ingredietur:
2913 1856 3025 1894 non
3062 1839 3306 1894 interius
3341 1839 3581 1905 atrium,
3627 1838 3737 1893 hoc

2083 1929 2236 1983 enim
2261 1928 2320 1983 in
2345 1929 2614 1999 praesenti
2638 1929 2764 1984 loco
2785 1928 3095 1996 scribitur;
3131 1928 3232 1984 sed
3261 1927 3330 1983 ad
3354 1927 3530 1983 limen
3555 1930 3735 1998 portae

2083 2017 2396 2084 interioris,
2455 2022 2510 2070 et
2553 2017 2731 2073 stabit
2770 2017 2828 2071 in
2874 2033 2960 2071 ea.
3011 2016 3109 2072 Sin
3143 2021 3340 2071 autem
3372 2015 3644 2088 princeps
3673 2014 3735 2069 in

2085 2105 2355 2176 praesenti
2386 2105 2687 2177 Scriptura
2717 2122 2833 2160 non
2864 2105 3192 2177 ingreditur
3221 2104 3436 2160 atrium
3466 2103 3733 2179 interius,

2083 2194 2181 2248 sed
2216 2198 2331 2248 stat
2361 2194 2418 2247 in
2449 2193 2651 2249 limine
2682 2195 2830 2264 ejus,
2879 2193 3024 2247 nulli
3055 2193 3301 2248 dubium
3334 2197 3441 2263 est,
3480 2208 3638 2247 nunc
3667 2209 3736 2248 ex

2083 2287 2248 2354 parte
2270 2299 2376 2337 nos
2396 2282 2608 2352 videre,
2634 2286 2690 2337 et
2709 2299 2778 2337 ex
2801 2288 2963 2353 parte
2986 2298 3370 2354 cognoscere;
3403 2287 3461 2338 et
3482 2283 3734 2337 necdum

2081 2369 2331 2425 revelata
2375 2370 2519 2425 facie
2550 2370 2796 2441 gloriam
2827 2370 3058 2425 Domini
3089 2369 3474 2442 contemplari
3523 2371 3569 2439 (l
3603 2371 3726 2425 Cor.

2081 2461 2225 2530 x111).
2260 2459 2520 2530 Denique
2550 2463 2741 2514 stante
2771 2458 3033 2530 principe
3064 2458 3123 2512 in
3155 2458 3359 2514 limine
3390 2462 3566 2530 porta;
3597 2457 3733 2513 atrii

2083 2547 2398 2613 interioris,
2453 2548 2642 2603 caeteri
2700 2547 3052 2612 sacerdotes,
3087 2547 3303 2618 quibus
3331 2547 3442 2602 hoc
3474 2547 3736 2602 officium

2084 2637 2412 2707 delegatum
2443 2641 2532 2691 est
2550 2637 2721 2708 (quos
2750 2652 3069 2707 possumus
3092 2637 3187 2693 57
3201 2635 3245 2691 5
3276 2634 3601 2707 intelligere
3621 2637 3736 2690 vir-

2083 2729 2238 2780 tutes
2254 2725 2812 2797 angelicas),facient
2824 2742 2926 2797 pro
2939 2725 3064 2796 ipso
3084 2723 3492 2780 holocaustum
3513 2728 3569 2779 et
3583 2723 3739 2796 paci-

2083 2815 2213 2870 fica.
2270 2815 2603 2885 Indigemus
2648 2815 2801 2869 enim
2851 2813 3249 2869 misericordia
3278 2813 3402 2883 Dei,
3457 2817 3514 2868 et
3543 2814 3734 2869 omnis

2083 2907 2347 2959 creatura
2369 2905 2440 2958 ad
2464 2903 2959 2974 comparationem
2981 2903 3270 2958 Creatoris
3292 2901 3602 2957 immunda
3623 2908 3732 2969 est,

2084 2996 2139 3047 et
2160 2992 2356 3047 divino
2377 2992 2510 3064 igne
2532 2993 2856 3064 purganda,
2884 3008 2998 3063 quo
3020 2995 3076 3046 et
3095 2991 3257 3046 Isaiae
3280 2991 3572 3063 prephette
3595 3007 3733 3061 pur-

2082 3086 2216 3154 gata
2237 3085 2378 3136 sunt
2398 3077 2585 3136 labia':
2611 3085 2676 3134 ut
2697 3086 3008 3152 postquam
3033 3095 3135 3151 per
3156 3079 3505 3134 sacriﬁcium
3529 3094 3733 3150 pacem

305 3176 419 3226 tes
449 3170 652 3224 facient
682 3185 786 3239 pro
818 3168 942 3239 ipso
974 3167 1406 3234 holocaustum,
1441 3184 1618 3238 quam
1643 3167 1973 3223 oblationem
2003 3155 2045 3220 C
2085 3171 2382 3241 receperit,
2403 3174 2542 3224 tunc
2573 3171 2631 3224 in
2661 3169 2866 3223 limine
2899 3169 3274 3234 constitutus,
3309 3169 3512 3224 adoret
3539 3167 3730 3224 omni-

314 3261 744 3328 interpretatus
765 3262 854 3312 est
874 3257 1261 3328 Symmachus
1289 3275 1300 3312 :
1335 3262 1392 3311 et
1414 3257 1674 3327 paciﬁca,
1708 3257 1830 3312 sive
1851 3274 1978 3328 quis

307 3347 401 3401 ad
429 3345 674 3400 salutem
701 3345 1013 3417 pertinent,
1037 3350 1101 3400 ut
1127 3349 1438 3416 postquam
1464 3344 1657 3400 hostia
1676 3345 1977 3416 principis,

305 3451 495 3490 sacro
527 3434 652 3506 igne
685 3433 898 3489 fuerint
928 3438 1315 3498 concremata,
1350 3436 1407 3488 et
1431 3435 1549 3488 dux
1573 3434 1980 3489 reconciliatus

309 3525 468 3590 Deo,
500 3528 636 3578 tunc
657 3524 896 3578 adorare
923 3523 1109 3594 possit
1139 3539 1316 3594 super
1339 3521 1515 3577 limen
1541 3526 1720 3593 portas
1745 3522 1982 3578 interio-

309 3613 413 3668 ris
435 3611 568 3666 atrii
600 3612 656 3666 in
689 3628 804 3683 quo
834 3611 1078 3677 steterit,
1113 3620 1162 3665 et
1194 3610 1544 3682 egrediatur.
1579 3611 1723 3676 Quid
1758 3611 1936 3682 igitur
1959 3614 1983 3663 ?

311 3703 466 3758 Post
498 3701 887 3774 egressionem
913 3699 1195 3772 principis
1215 3700 1414 3754 statim
1441 3704 1608 3770 porta
1634 3699 1982 3755 claudetur?

309 3791 732 3861 Nequaquam)
765 3789 863 3844 sed
885 3793 1087 3860 apert-1
1108 3788 1218 3843 erit
1238 3803 1425 3859 usque
1451 3788 1522 3842 ad
1546 3805 1845 3859 vesperam
1872 3806 1885 3855 ;
1919 3792 1985 3842 ut

315 3884 467 3952 post
497 3878 837 3950 principem,
871 3877 1062 3931 omnis
1093 3875 1348 3947 populus
1374 3880 1538 3930 terrae
1561 3877 1762 3931 adoret
1783 3881 1986 3931 contra

319 3967 547 4022 ostium
572 3971 746 4038 porta:
769 3965 931 4021 illius
957 3982 970 4021 :
1003 3966 1206 4020 adoret
1227 3969 1420 4019 autem
1445 3964 1503 4018 in
1528 3965 1810 4029 sabbatis,
1837 3969 1894 4019 et
1923 3965 1985 4020 in

331 4052 599 4110 kalendis
625 4057 782 4112 574
809 4055 1043 4126 quando
1065 4053 1323 4124 aperitur
1345 4057 1527 4124 porta.
1557 4057 1624 4108 Et
1648 4053 1786 4124 quia
1809 4070 1990 4125 supra

330 4142 563 4199 dixerat
591 4162 604 4199 :
655 4143 891 4199 Facient
919 4143 1250 4198 sacerdotes
1281 4141 1690 4197 holocaustum
1727 4142 1877 4213 ejus,
1934 4147 1991 4198 et

323 4233 581 4305 pacifica
611 4234 762 4304 ejus,
799 4249 902 4286 nec
936 4231 1367 4304 significaverat
1390 4229 1862 4286 holocaustorum
1887 4248 1988 4286 nu-

327 4336 566 4375 merum
593 4347 606 4388 ;
634 4337 790 4376 nunc
823 4321 1000 4376 infert
1029 4337 1042 4374 :
1079 4320 1457 4375 Ilolocaustum
1488 4327 1671 4374 autem
1691 4319 1787 4374 hoc
1805 4321 1990 4391 o/feret

327 4411 593 4482 princeps
621 4411 853 4465 Domino
886 4412 944 4463 in
974 4410 1066 4464 die
1092 4408 1325 4465 sabbati.
1377 4407 1586 4463 Oﬁ’eret
1633 4412 1825 4463 autem
1874 4426 1989 4464 non

2088 3259 2406 3330 potentiam
2430 3258 2552 3326 Dei,
2571 3263 2628 3313 et
2647 3275 2708 3314 se
2729 3259 2860 3312 atrii
2882 3257 3177 3313 interioris
3198 3258 3467 3328 ingressu
3488 3257 3741 3312 fateatur

2089 3348 2420 3420 indignum,
2439 3351 2495 3403 et
2513 3348 2710 3403 statim
2736 3348 3099 3418 ingrediatur
3119 3348 3270 3417 (Isai.
3293 3348 3392 3417 v1).
3424 3346 3738 3417 Postquam

2089 3443 2286 3492 autem
2318 3437 2416 3508 qui
2449 3436 2674 3506 primus
2701 3441 2808 3502 est,
2845 3437 3018 3490 fuerit
3041 3451 3337 3506 egressus,
3370 3450 3484 3489 non
3508 3434 3740 3489 claude-

2088 3531 2184 3580 tur
2207 3541 2394 3596 usque
2417 3525 2487 3580 ad
2511 3540 2810 3596 vesperam
2835 3524 3014 3594 hujus
3036 3522 3230 3578 saeculi
3255 3525 3385 3594 ipsa
3405 3525 3573 3593 porta
3593 3523 3746 3578 inte-

2091 3615 2262 3670 rioris
2284 3613 2437 3680 atrii,
2464 3614 2564 3668 sed
2588 3618 2788 3684 aperta
2808 3613 2946 3667 erit:
2975 3616 3038 3666 ut
3057 3610 3309 3683 populus
3328 3627 3561 3682 quoque
3579 3615 3746 3666 terra

2096 3704 2173 3759 sit
2203 3703 2274 3758 ad
2307 3702 2545 3771 ostium,
2569 3707 2626 3756 et
2647 3702 2848 3757 adoret
2869 3701 2939 3756 ad
2969 3717 3102 3756 eum
3130 3715 3142 3753 :
3176 3716 3554 3771 nequaquam
3577 3698 3740 3755 omni

2090 3796 2372 3862 tempore,
2401 3791 2499 3845 sed
2525 3791 2756 3860 quando
2780 3788 3129 3859 requieverit
3150 3805 3184 3842 a
3206 3789 3480 3858 peccatis,
3505 3791 3561 3842 et
3584 3788 3749 3860 fuga-

2088 3881 2166 3935 tis
2185 3879 2440 3934 tenebris
2466 3878 2621 3947 lidei,
2647 3877 2907 3933 scientiae
2928 3877 3128 3932 lumen
3153 3876 3460 3949 acceperit.
3495 3876 3611 3932 Hoc
3643 3893 3748 3932 au-

2092 3973 2208 4024 tem
2232 3967 2428 4038 ipsum
2450 3965 2858 4021 holocaustum
2886 3966 3044 4037 quod
3072 3965 3238 4020 oll‘ert
3253 3966 3525 4036 princeps
3542 3980 3646 4036 per
3665 3981 3754 4021 sa-

2095 4055 2358 4112 cerdotes
2390 4057 2446 4109 in
2481 4053 2573 4110 die
2616 4054 2868 4123 sabbati,
2903 4070 3003 4109 sex
3033 4069 3318 4124 agnorum
3346 4053 3750 4110 immaculato-

2096 4162 2227 4200 rum
2250 4161 2494 4200 numero
2516 4144 2893 4210 terminatur;
2921 4159 3024 4214 pro
3056 4159 3154 4198 sex
3178 4141 3446 4199 videlicet
3465 4143 3674 4199 diebus
3691 4142 3752 4198 in

2095 4234 2312 4305 quibus
2341 4249 2655 4304 operamur
2685 4231 2741 4286 in
2775 4233 3021 4298 mundo,
3054 4235 3112 4287 et
3145 4231 3384 4287 arietem
3406 4231 3752 4287 immacula-

2094 4328 2244 4393 tum,
2276 4323 2379 4394 qui
2413 4322 2684 4393 princeps
2715 4321 2909 4393 gregis
2950 4325 3040 4376 est
3077 4345 3092 4386 ;
3144 4322 3226 4376 ita
3257 4325 3320 4375 ut
3357 4336 3460 4392 per
3489 4319 3753 4392 singulos

2098 4413 2307 4468 arietes
2340 4412 2615 4466 offeratur
2644 4411 2700 4464 in
2735 4409 3023 4466 sacrificio
3056 4409 3209 4481 ephi,
3267 4409 3326 4464 id
3358 4413 3465 4474 est,
3525 4409 3756 4464 decima

331 4515 449 4572 per
471 4515 552 4569 se,
586 4500 686 4554 sed
709 4515 814 4570 per
837 4499 1191 4564 sacerdotes,
1223 4499 1293 4553 de
1318 4497 1535 4568 quibus
1558 4497 1840 4567 scriptum
1861 4502 1983 4553 est:
2019 4521 2064 4585 D
2096 4518 2231 4574 pars
2262 4500 2400 4556 cori.
2455 4500 2518 4555 In
2554 4515 2840 4570 agnorum
2874 4503 3070 4553 autem
3103 4513 3204 4553 sex
3235 4495 3539 4564 sacrificio,
3594 4500 3756 4552 certa

333 4590 413 4644 ει
430 4590 629 4657 facient
645 4587 942 4643 sacerdotes
966 4587 1339 4641 holocaustum
1361 4587 1498 4656 ejus,
1521 4593 1570 4640 et
1586 4587 1817 4656 paciﬁca
1840 4588 1983 4658 ejus:

329 4693 458 4742 sex,
493 4677 702 4747 inquit,
735 4691 910 4747 agnos
942 4676 1342 4738 immaculatos,
1373 4682 1425 4728 et
1455 4675 1687 4730 arietem
1716 4677 1988 4731 immacu-

331 4768 554 4820 latum:
588 4765 666 4820 ita
703 4771 764 4819 ut
796 4763 1151 4819 sacrificium
1181 4763 1380 4819 arietis
1414 4779 1692 4818 mensura
1727 4764 1858 4834 ephi
1893 4765 1988 4830 sit,

333 4845 781 4927 quae'Hebraice
813 4852 1141 4925 appellatur
1171 4869 1318 4906 nam
1367 4854 1584 4922 (nam).
1641 4857 1748 4907 Sex
1795 4863 1986 4909 aulem

337 4943 513 5015 agnis
545 4942 619 4997 sit
648 4942 1000 4997 sacrificium
1055 4944 1207 5011 quod
1258 4941 1462 4996 offerre
1494 4942 1747 5012 potuerit
1779 4959 1990 4998 manus

336 5033 472 5102 ejus
503 5033 601 5102 qui
634 5031 838 5095 offert;
883 5035 936 5085 et
969 5045 1071 5101 per
1103 5029 1334 5101 singula
1363 5029 1518 5100 ephi,
1552 5029 1662 5084 erit
1693 5029 1799 5086 olei
1836 5048 1990 5086 men-

341 5138 486 5177 sura
513 5137 637 5192 quze
667 5119 996 5192 appellatur
1027 5119 1142 5173 hin.
1180 5117 1570 5173 Kalendarum
1613 5123 1828 5187 autem,
1883 5120 1992 5175 hoc

342 5215 456 5274 est,
507 5209 945 5265 neomeniarum
999 5208 1144 5278 dies,
1197 5205 1306 5262 hoc
1349 5207 1589 5262 habebit
1620 5208 1990 5280 privilegium

339 5299 601 5371 amplius
633 5316 667 5353 a
693 5298 786 5353 die
817 5297 1068 5362 sabbati,
1097 5302 1162 5351 ut
1190 5296 1407 5352 vitulus
1439 5296 1775 5352 immoletur
1797 5299 1869 5353 de
1899 5315 1990 5354 ar-

344 5392 566 5456 mento,
586 5387 706 5443 sive
727 5390 932 5442 taurus
950 5384 1387 5441 immaculatus.
1407 5384 1624 5441 Caetera
1645 5391 1863 5456 autem,
1884 5388 1993 5444 hoc

2099 4607 2374 4646 mensura
2396 4606 2508 4644 non
2535 4589 2806 4660 ponitur:
2841 4588 2944 4642 sed
2969 4591 3514 4658 quantumcumque
3535 4585 3759 4640 dederit

2099 4696 2310 4735 manus
2342 4679 2468 4748 ejus
2501 4677 2600 4748 qui
2633 4677 2819 4742 offert,
2869 4675 2979 4730 hoc
3009 4680 3117 4741 est,
3153 4691 3255 4746 pro
3287 4689 3530 4746 operum
3567 4672 3758 4744 quali-

2098 4773 2216 4823 tate
2248 4772 2424 4838 atque
2470 4782 2748 4820 mensura
2797 4765 3004 4834 (Matth.
3040 4767 3194 4831 xxv).
3248 4762 3368 4818 Olei
3399 4766 3596 4816 autem
3651 4759 3758 4815 hin

2101 4857 2300 4912 oli‘eret
2319 4872 2419 4926 per
2436 4854 2667 4926 singula
2681 4853 2952 4924 ephi,hoc
2965 4851 3274 4919 est,oleum
3289 4851 3444 4922 quod
3467 4849 3579 4906 sibi
3593 4849 3763 4921 quin-

2101 4961 2212 5016 que
2234 4943 2488 5014 virgines
2514 4945 2982 5013 praeparaverunt
3003 4961 3017 5009 ς
3043 4944 3107 4995 ut
3134 4945 3317 5011 ungat
3340 4937 3617 5007 similam,
3641 4937 3761 4995 sive

2101 5031 2496 5097 commisceat,
2530 5036 2586 5085 et
2615 5029 2807 5085 omnis
2839 5028 3054 5084 oblatio
3090 5028 3184 5083 Dei
3225 5027 3397 5099 plena
3428 5027 3504 5084 sit
3535 5027 3761 5083 lumine

2099 5119 2378 5180 veritatis,
2409 5125 2466 5174 et
2494 5118 2846 5173 exhilaretur
2868 5116 3044 5171 facies
3075 5116 3373 5172 oli‘erentis
3397 5117 3616 5174 oleum.
3649 5117 3754 5172 Die

2101 5214 2298 5266 autem
2330 5208 2734 5271 kalendarum,
2770 5207 2876 5261 hoc
2908 5209 3014 5275 est,
3050 5205 3142 5260 die
3167 5205 3484 5274 tricesimo,
3515 5205 3752 5278 quando

2101 5297 2490 5372 primogenita
2520 5300 2576 5351 et
2607 5295 2814 5351 Levitae
2848 5297 3237 5349 numerantur
3258 5294 3317 5350 in
3341 5295 3510 5367 Lege,
3544 5298 3756 5365 praeter

2105 5402 2340 5444 omnem
2371 5385 2568 5456 Israel,
2589 5385 2660 5440 de
2681 5383 2897 5456 quibus
2917 5399 3099 5455 supra
3116 5381 3391 5451 diximus,
3415 5382 3656 5440 offertur
3672 5381 3759 5440 vi-

427 5603 504 5680 (a)
518 5603 733 5660 lterum
749 5600 1143 5658 cumVictorio
1162 5617 1361 5660 vocem
1379 5601 1638 5659 vestibuli
1655 5601 2007 5677 supplemus
2044 5619 2115 5663 ex
2141 5617 2286 5663 mss.

681 5733 942 5795 Panos.
987 5728 1178 5796 XXV.

3363 5729 3438 5797 15
