3996 6184
318 294 437 357 459

1581 295 1646 355 S.
1690 294 1998 358 EUSEBII
2045 293 2460 358 HIERONYM

3596 287 3717 351 460

322 426 486 483 tulus
503 425 916 483 immaculatus
932 426 1003 481 de
1021 430 1307 493 armento,
1327 444 1503 499 super
1520 444 1634 498 quo
1653 427 1885 499 plenius
1903 426 1963 482 in
1990 430 2045 496 Α
2076 434 2229 495 tura,
2247 434 2312 484 ut
2327 427 2726 500 intelligamus
2744 425 2887 481 illud
2910 423 3322 498 Evangelicum
3342 440 3356 479 :
3381 421 3448 479 Et
3462 438 3564 479 vos
3580 437 3719 477 cum

323 515 500 588 priori
530 514 784 587 capitulo
815 515 1225 586 disseruimus,
1257 521 1315 572 et
1345 516 1482 588 agni
1513 531 1634 582 sex,
1675 518 1732 571 et
1760 515 1967 572 arietes

322 601 706 670 immaculati,
731 606 788 659 et
808 607 1015 659 caetera
1030 620 1159 676 quae
1181 604 1506 661 offeruntur
1522 604 1581 658 in
1600 603 1885 672 sabbatis,
1902 608 1969 660 ut

321 696 597 747 aeternam
628 692 889 763 requiem
918 708 1370 764 consequamur,
1408 696 1465 747 et
1504 708 1834 747 mereamur
1863 709 1965 747 au-

322 780 446 836 dire
464 798 484 836 :
514 780 695 852 Euge,
719 796 880 837 serve
900 781 1070 849 bone,
1101 781 1241 853 quia
1260 781 1320 836 in
1344 781 1547 854 paucis
1568 780 1756 837 fidelis
1777 780 1962 852 fuisti,

323 885 501 942 super
518 868 705 925 multa
725 873 781 925 te
801 870 1178 939 constituam,
1197 869 1352 926 intra
1371 870 1433 926 in
1453 870 1715 941 requiem
1736 870 1967 926 Domini

324 958 406 1014 tui
454 948 835 1031 (Matthfxxv,
875 961 939 1014 21
969 977 983 1026 ;
1015 963 1147 1015 Luc.
1178 976 1293 1029 x1x,
1329 960 1457 1029 17);
1508 964 1564 1015 et
1610 976 1726 1015 non
1775 958 1967 1014 solum

326 1046 396 1102 ad
419 1051 650 1119 portam
672 1046 966 1103 interioris
984 1047 1116 1102 atrii
1140 1047 1457 1120 pervenire,
1477 1048 1578 1103 sed
1595 1048 1772 1103 etiam
1794 1064 1968 1119 pene-

324 1132 495 1191 tralia
522 1136 649 1206 ejus
677 1134 895 1191 intrare
924 1136 1241 1208 possimus,
1274 1141 1331 1192 et
1351 1136 1494 1191 illud
1516 1152 1687 1209 opere
1708 1136 1966 1208 posside-

326 1238 423 1291 re;
461 1221 706 1279 Plantati
736 1225 795 1279 in
843 1225 1014 1280 domo
1046 1224 1277 1281 Domini
1306 1244 1318 1280 :
1364 1225 1424 1279 in
1456 1225 1621 1281 atriis
1644 1222 1751 1280 'Dei
1784 1224 1969 1280 nostri

326 1310 618 1367 ﬂorebunt
648 1315 760 1380 (Ps.
794 1330 905 1382 xc1,
937 1315 1044 1383 14).

397 1400 547 1456 567
600 1400 785 1472 (Vers.
833 1402 867 1455 8
915 1403 1105 1473 seqq.)
1154 1404 1399 1474 Cumque
1428 1402 1741 1472 ingreditur
1772 1401 1965 1475 [Vulg.

327 1488 601 1558 ingressus
619 1489 717 1559 est]
733 1490 1010 1562 princeps,
1035 1507 1135 1561 per
1153 1493 1301 1546 viam
1320 1492 1581 1547 vestibuli
1596 1500 1772 1562 portae
1792 1494 1971 1560 ingre-

324 1575 529 1645 diatur,
563 1580 614 1632 et
640 1593 738 1649 per
763 1578 1009 1634 eamdem
1036 1582 1187 1635 viam
1231 1584 1409 1635 exeat.
1459 1582 1525 1634 Et
1570 1598 1695 1635 cum
1744 1581 1973 1636 intrabit

319 1665 555 1736 populus
585 1670 748 1723 terra:
777 1669 838 1722 in
860 1676 1147 1739 conspectu
1177 1670 1399 1724 Domini
1424 1671 1487 1723 in
1506 1670 1966 1738 solemnitatibus,

324 1756 421 1825 qui
440 1754 749 1826 ingreditur
762 1772 862 1827 per
881 1761 1099 1828 portam
1117 1758 1400 1828 Aquilonis
1420 1761 1481 1812 ut
1500 1757 1705 1828 adoret,
1732 1758 1972 1829 egredia-

323 1848 425 1898 tur
449 1859 549 1915 per
576 1845 723 1900 viam
748 1853 920 1916 portae
950 1846 1295 1916 meridianae,
1334 1854 1386 1903 et
1413 1848 1508 1918 qni
1536 1846 1850 1915 ingreditur
1874 1862 1972 1918 per

325 1936 475 1986 viam
484 1940 661 2004 portae
670 1933 1016 2003 meridiane,
1029 1934 1343 2004 egrediatur
1353 1951 1453 2007 per
1462 1937 1611 1991 viam
1621 1940 1801 2007 porta?
1812 1937 1973 2008 Aqui-

327 2020 491 2076 lonis.
537 2022 656 2076 Non
683 2025 983 2078 revertetur
1009 2039 1109 2094 per
1136 2026 1285 2079 viam
1312 2028 1508 2095 portae,
1557 2040 1657 2096 per
1684 2042 1849 2096 quam
1878 2027 1970 2080 in-

327 2124 546 2179 gressus
573 2117 670 2176 est,
718 2110 811 2165 sed
846 2127 874 2166 e
903 2113 1128 2182 regione
1157 2113 1312 2167 illius
1340 2113 1660 2184 egredietur.
1712 2116 1972 2185 Princeps

330 2206 513 2253 autem
530 2199 591 2252 in
605 2198 785 2255 medio
797 2215 1004 2267 eorum,
1019 2217 1143 2255 cum
1160 2201 1595 2270 ingredientibus
1611 2202 1969 2271 ingredietur,

328 2294 531 2343 etcum
557 2287 955 2357 egredientibus
984 2289 1309 2357 egredietur.
1342 2292 1405 2346 Et
1430 2293 1490 2346 in
1521 2291 1803 2357 nundinis,
1835 2295 1885 2346 et
1913 2293 1972 2346 in

326 2376 762 2433 solemnitatibus
781 2379 888 2433 erit
905 2378 1237 2447 sacriﬁcium
1251 2380 1381 2450 ephi
1386 2396 1487 2451 per
1504 2382 1762 2447 vitulum,
1782 2385 1833 2436 et
1849 2381 1975 2452 ephi

325 2481 425 2539 per
439 2468 686 2522 arietem.
705 2465 781 2538 (a)
803 2468 970 2538 Agnis
990 2476 1172 2523 autem
1188 2470 1295 2523 erit
1312 2470 1649 2540 sarri/icium
1667 2472 1808 2525 sicut
1827 2471 1977 2526 invea

327 2556 477 2611 nerit
495 2571 695 2611 manus
713 2556 859 2627 ejus:
875 2558 925 2610 et
944 2557 1050 2612 olei
1066 2558 1166 2613 hin
1182 2574 1279 2630 per
1295 2558 1520 2629 singula
1531 2560 1675 2631 ephi.
1700 2559 1975 2631 Princeps

328 2642 450 2713 ille,
483 2644 553 2700 de
581 2661 698 2717 quo
728 2662 908 2717 supra
938 2645 1158 2702 dictum
1191 2651 1279 2703 est
1307 2663 1319 2701 :
1354 2648 1422 2703 Et
1444 2648 1685 2703 intrabit
1704 2647 1975 2720 princeps

329 2751 434 2807 per
457 2735 613 2792 viam
658 2733 930 2790 vestibuli
963 2739 1142 2808 portat
1173 2736 1409 2805 deforis,
1463 2741 1519 2792 et
1569 2753 1672 2809 per
1709 2738 1975 2792 eamdem

329 2828 560 2895 portam
579 2823 964 2896 ingrediatur,
979 2828 1037 2879 et
1053 2840 1155 2894 per
1168 2824 1434 2880 eamdem
1450 2824 1781 2897 egrediatur
1796 2826 1974 2896 (Joan.

329 2911 410 2982 ι),
440 2909 605 2967 liberi
635 2910 792 2966 enim
825 2911 1050 2966 arbitrii
1077 2915 1184 2979 est,
1218 2916 1274 2967 et
1304 2916 1646 2983 potestatem
1677 2913 1855 2969 habet
1882 2930 1980 2986 po-

333 2999 510 3055 nendi
541 2998 798 3055 animam
829 3016 1024 3067 suam,
1076 3005 1132 3056 et
1173 3017 1407 3056 rursum
1442 3002 1778 3057 resumendi
1808 3018 1975 3059 eam:

331 3092 572 3161 tamque
602 3089 675 3145 ad
705 3105 813 3144 nos
841 3089 1101 3156 veniens,
1133 3106 1310 3161 quam
1332 3090 1403 3145 ad
1426 3090 1685 3147 caalestia
1705 3108 1981 3148 conscen-

2076 517 2275 573 omnia
2307 518 2579 582 feceritis,
2612 516 2807 585 dicite,
2838 515 2997 571 Servi
3018 514 3256 575 inutiles
3278 528 3523 569 sumus:
3561 510 3719 584 quod

2076 606 2389 662 debuimus
2420 606 2625 672 facere,
2658 605 2903 661 fecimus
2933 606 3085 673 (Luc.
3118 620 3256 671 xvn,
3292 603 3400 674 18).
3457 601 3620 657 Unde
3661 604 3723 657 et

2075 694 2390 766 Apostolus
2406 694 2464 749 in
2488 695 2689 749 eadem
2709 691 2967 765 Epistola
2985 694 3055 748 de
3072 692 3301 748 duabus
3320 690 3581 762 loquitur
3596 705 3726 762 per-

2079 781 2462 838 fectionibus:
2497 782 2662 852 quasi
2697 780 3073 853 imperfectus
3100 780 3258 836 enim
3290 778 3499 835 scribit
3530 793 3543 832 :
3593 777 3724 833 Non

2078 871 2218 942 quia
2230 872 2356 941 jam
2381 870 2596 941 accepi,
2630 874 2731 925 aut
2761 870 2927 940 quasi
2951 870 3077 940 jam
3110 868 3400 940 perfectus
3422 867 3566 923 sim:
3591 880 3723 938 per-

2078 976 2292 1031 sequor
2322 964 2517 1014 autem
2550 959 2599 1014 si
2633 958 3089 1030 apprehendam,
3132 957 3190 1011 in
3223 972 3335 1029 quo
3365 960 3423 1011 et
3453 970 3727 1027 compre-

2079 1049 2301 1104 hensus
2333 1064 2465 1103 sum
2498 1064 2533 1102 a
2559 1047 2788 1103 Christo
2819 1046 3084 1119 (Philipp.
3120 1063 3206 1114 111,
3241 1046 3350 1117 13).
3399 1044 3729 1115 Statimque

2078 1138 2248 1210 quasi
2274 1138 2565 1210 perfectus
2587 1136 2876 1207 loquitur:
2902 1135 3092 1191 Unum
3112 1140 3309 1191 autem
3335 1133 3728 1207 posteriorum

2079 1226 2446 1292 obliviscens,
2467 1227 2538 1281 ad
2561 1242 2629 1281 ea
2648 1242 2775 1297 quae
2795 1225 2854 1280 in
2878 1226 3072 1298 priora
3091 1228 3230 1281 sunt
3254 1240 3347 1279 me
3367 1222 3727 1280 extendens:

2071 1316 2241 1387 juxta
2270 1315 2637 1387 propositum
2669 1330 2990 1387 persequor
3034 1313 3106 1369 ad
3155 1312 3418 1368 bravium
3458 1327 3731 1383 supernas

2078 1403 2419 1459 vocationis.
2439 1403 2731 1473 Quotquot
2750 1418 2885 1474 ergo
2911 1402 3145 1474 perfecti
3167 1416 3395 1467 sumus,
3414 1399 3526 1456 hoc
3541 1399 3734 1471 sapia-

2081 1509 2214 1548 mus
2234 1491 2806 1565 [Al.sapimus](lbid.
2821 1490 3355 1562 x1v).(b)Quomodo
3368 1488 3523 1544 enim
3538 1490 3734 1561 potest

2081 1587 2235 1638 stare
2259 1581 2568 1648 sententia,
2595 1585 2661 1636 ut
2682 1581 2780 1652 qui
2805 1579 3047 1644 dixerat,
3070 1579 3192 1633 Non
3227 1578 3368 1649 quia
3380 1580 3507 1649 jam
3530 1576 3733 1649 accepi

2081 1675 2180 1727 aut
2197 1671 2337 1743 quia
2345 1673 2471 1742 jam
2490 1671 2777 1742 perfectus
2796 1673 2954 1740 sunt,
2971 1669 3181 1724 audeat
3195 1667 3413 1723 dicere:
3432 1668 3735 1738 Quotquot

2080 1776 2216 1832 ergo
2238 1759 2473 1832 perfecti
2498 1774 2725 1825 sumus,
2760 1758 2867 1813 hoc
2886 1756 3229 1829 sapiamus?
3259 1756 3339 1811 Ex
3358 1772 3473 1827 quo
3505 1755 3736 1828 perspi-

2079 1865 2254 1904 cuum
2271 1853 2358 1905 est
2374 1864 2606 1903 omnem
2621 1846 2941 1913 hominem,
2957 1848 3013 1901 et
3030 1846 3362 1902 universam
3376 1849 3731 1916 creaturam,

2082 1937 2349 2009 quamvis
2372 1937 2441 1991 ad
2462 1936 2875 2008 perfectionem
2898 1934 3137 2002 venerit,
3158 1935 3228 2005 (ε)
3244 1938 3441 1990 tamen
3467 1933 3735 2007 indigere

2082 2025 2483 2081 misericordia
2509 2024 2631 2091 Dei,
2663 2029 2720 2079 et
2740 2024 2970 2094 plenam
2995 2023 3406 2096 perfectionem
3427 2038 3497 2079 ex
3516 2022 3731 2095 gratia,

2082 2132 2197 2170 non
2230 2131 2298 2170 ex
2328 2113 2534 2169 merito
2568 2114 2884 2185 possidere.
2919 2112 3257 2184 Praacipitur
3286 2113 3483 2184 itaque
3512 2110 3733 2184 populo

2081 2208 2271 2270 terra},
2293 2206 2358 2257 ut
2377 2204 2425 2257 si
2450 2202 2775 2274 ingreditur
2805 2218 2907 2274 per
2928 2205 3154 2272 portam
3178 2199 3483 2272 Aquilonis
3504 2204 3567 2256 ut
3587 2200 3734 2258 ado-

2083 2298 2189 2363 ret,
2216 2291 2550 2365 egrediatur
2574 2307 2677 2363 per
2695 2291 2849 2346 viam
2873 2296 3049 2362 porta:
3076 2289 3433 2345 meridianae.
3463 2289 3609 2353 Quis
3638 2293 3735 2346 est

2085 2381 2195 2437 iste
2216 2379 2467 2452 populus
2490 2379 2582 2435 cui
2606 2379 2714 2435 hoc
2734 2378 3103 2451 praecipitur?
3131 2379 3349 2451 Nempe
3378 2377 3689 2451 gentilium
3715 2396 3733 2448 ;

2086 2474 2151 2525 ut
2181 2468 2282 2541 qui
2312 2467 2725 2540 derelinquens
2755 2472 2984 2540 portam
3013 2467 3338 2539 Aquilonis,
3370 2484 3405 2523 a
3433 2483 3547 2540 quo
3573 2484 3741 2523 exar-

2087 2559 2334 2613 descunt
2363 2557 2518 2613 mala
2549 2574 2724 2629 super
2752 2562 2990 2626 terram,
3042 2557 3342 2629 ingressus
3380 2556 3556 2612 fuerit
3582 2561 3737 2614 tem-

2088 2646 2273 2719 plum,
2306 2663 2420 2701 non
2443 2646 2778 2718 egrediatur
2807 2645 2919 2701 nisi
2954 2662 3055 2717 per
3071 2645 3225 2701 viam
3253 2648 3432 2717 portae
3453 2644 3738 2701 meridia-

2089 2752 2196 2802 nae,
2213 2736 2284 2790 ad
2304 2740 2530 2807 portam
2551 2734 2815 2805 luminis,
2829 2735 2900 2790 ad
2920 2739 3148 2807 portam
3166 2732 3397 2802 caloris,
3413 2734 3485 2790 ad
3504 2738 3736 2806 portam

2088 2824 2147 2878 in
2171 2841 2288 2895 qua
2309 2840 2561 2896 sponsus
2580 2825 2756 2880 cubat
2772 2823 2831 2877 in
2852 2822 3094 2879 meridie
3118 2823 3244 2895 (Jer.
3261 2824 3302 2889 1)
3319 2822 3575 2894 Denique
3592 2822 3737 2877 dici-

2088 2917 2186 2967 tur
2208 2913 2266 2967 in
2288 2914 2491 2969 eodem
2520 2913 2757 2968 Cantico
2780 2912 3171 2967 canticorum:
3198 2912 3402 2984 Surge,
3424 2910 3650 2983 Aquilo,
3673 2914 3739 2967 et

2088 3002 2241 3067 veni,
2274 3006 2487 3058 Auster
2516 3002 2698 3073 (Cant.
2723 3019 2802 3069 1v,
2836 3002 2943 3073 16).
2977 3000 3083 3064 Qui
3112 3017 3245 3056 vero
3275 2999 3601 3073 ingreditur
3631 3015 3739 3072 per

2089 3090 2247 3146 viam
2279 3095 2456 3162 porta:
2489 3090 2842 3161 meridianas,
2876 3088 3206 3162 egrediatur
3238 3105 3340 3161 per
3367 3088 3520 3145 viam
3553 3093 3742 3162 porta

330 3178 495 3247 dens,
513 3178 715 3233 eadem
734 3178 1057 3249 majestatis
1074 3195 1192 3233 suae
1214 3178 1400 3234 utitur
1415 3178 1697 3236 libertate.
1718 3180 1979 3253 Denique
2009 3163 2052 3229 Ο
2088 3179 2414 3251 Aquilonis.
2436 3179 2715 3245 Quisnam
2733 3178 2831 3234 ille
2851 3182 2940 3234 est
2961 3178 3251 3251 populus?
3269 3178 3491 3235 scilicet
3508 3179 3742 3235 Judaao-
3826 3249 3838 3258 ο

330 3284 448 3324 non
466 3267 676 3340 quaerit
691 3267 1005 3335 nundinas,
1027 3284 1132 3323 nec
1152 3267 1573 3336 solemnitates,
1594 3285 1698 3324 nec
1715 3268 1978 3325 differen-

329 3356 473 3413 tiam
506 3355 688 3412 ullam
718 3358 987 3412 observat
1015 3356 1243 3412 dierum
1267 3373 1280 3411 :
1315 3356 1452 3428 quia
1477 3374 1649 3415 omne
1669 3363 1902 3431 tempus
1923 3361 1976 3415 ei

329 3446 618 3503 festivitas
638 3449 746 3501 est.
772 3444 1028 3517 Populus
1052 3450 1246 3501 autem
1265 3446 1323 3501 in
1346 3446 1627 3503 nundinis
1650 3452 1904 3515 tantum,
1922 3452 1978 3504 et

328 3535 390 3591 in
422 3534 894 3591 solemnitatibus
924 3534 1253 3609 ingreditur
1281 3539 1339 3591 et
1377 3536 1677 3609 egreditur
1708 3553 1721 3592 :
1774 3542 1831 3592 et
1861 3555 1975 3593 non

327 3640 432 3697 per
457 3624 724 3680 eamdem
752 3623 930 3688 viam,
963 3624 1065 3679 sed
1097 3641 1200 3696 per
1229 3624 1470 3680 alteram
1503 3628 1676 3697 atque
1706 3624 1971 3682 alteram.

327 3713 624 3787 Scriptum
646 3716 735 3769 est
758 3712 915 3768 enim
940 3728 953 3768 :
985 3714 1198 3769 Etcum
1227 3714 1456 3770 intrabit
1475 3716 1705 3786 populus
1725 3719 1891 3772 terra
1913 3717 1975 3771 in

322 3806 607 3875 conspectu
627 3804 847 3859 Domini
864 3805 925 3856 in
943 3803 1413 3859 solemnitatibus:
1432 3805 1533 3875 qui
1551 3804 1864 3874 ingreditur
1876 3820 1977 3876 per

320 3897 537 3967 portam
555 3892 844 3964 Aquilonis
859 3894 923 3946 ut
941 3891 1144 3961 adoret,
1176 3892 1489 3961 egrediatur
1512 3909 1613 3964 per
1639 3895 1788 3949 viam
1804 3902 1973 3964 parte

320 3980 674 4047 meridianae,
707 3988 759 4035 et
788 3981 885 4051 qui
905 3979 1215 4050 ingreditur
1229 3998 1333 4052 per
1354 3983 1500 4037 viam
1518 3990 1693 4052 portae
1716 3982 1973 4038 meridia-

320 4086 435 4135 nae,
463 4067 780 4139 egrediatur
806 4084 904 4139 per
930 4070 1081 4123 viam
1104 4073 1283 4140 portae
1309 4071 1597 4141 Aquilonis
1617 4088 1637 4125 :
1663 4086 1774 4126 non
1794 4087 1971 4126 rever-

320 4159 467 4212 tetur
491 4170 591 4226 per
618 4156 765 4210 vium
787 4162 963 4225 portae
988 4171 1086 4226 per
1114 4172 1279 4226 quam
1297 4158 1577 4228 ingressus
1598 4162 1695 4225 est,
1717 4160 1861 4215 sede
1882 4175 1972 4215 re-

319 4243 479 4313 gione
505 4243 662 4299 illius
690 4243 1019 4314 egredietur.
1053 4244 1216 4308 Quod
1238 4261 1355 4300 non
1379 4245 1570 4301 solum
1594 4247 1687 4302 his
1710 4248 1971 4320 praecipi-

316 4336 415 4388 tur
443 4332 544 4405 qui
575 4332 952 4405 egrediantur
982 4332 1052 4388 de
1081 4331 1373 4405 Sodomis,
1408 4338 1466 4390 et
1495 4334 1714 4391 dicitur
1740 4336 1860 4393 eis:
1891 4336 1973 4393 Ne

312 4421 594 4494 respicias
640 4425 963 4477 retrorsum
999 4421 1153 4493 (Gen.
1184 4438 1303 4488 x1x,
1340 4423 1463 4494 17);
1499 4438 1688 4495 neque
1721 4423 1839 4480 illis
1869 4426 1969 4497 qui

2088 3285 2240 3339 rum,
2266 3269 2365 3340 qui
2388 3268 2801 3339 derelinquens
2821 3273 3048 3340 portam
3070 3268 3170 3322 viae
3194 3266 3456 3335 luminis,
3481 3268 3639 3324 vadit
3657 3269 3734 3325 ad

2088 3362 2313 3428 portam
2363 3357 2691 3429 Aquilonis,
2741 3357 2813 3412 de
2843 3373 2958 3428 quo
2990 3355 3242 3412 dicitur:
3278 3356 3491 3429 Aquilo
3520 3360 3736 3415 ventus

2086 3446 2442 3502 durissimus
2492 3447 2620 3517 (Jer.
2656 3446 2715 3516 1).
2772 3446 2918 3501 Nam
2967 3450 3025 3501 et
3073 3445 3187 3501 olla
3227 3445 3491 3502 Jeremiaa
3520 3464 3555 3503 a
3586 3446 3739 3504 facie

2084 3534 2389 3607 Aquilonis
2420 3533 2774 3589 accenditur.
2808 3532 3084 3589 Dicamus
3115 3538 3171 3590 et
3201 3533 3403 3590 aliter:
3455 3539 3567 3591 Per
3596 3552 3738 3608 por-

2084 3627 2205 3679 tam
2235 3622 2541 3694 Aquilonis
2570 3622 2917 3695 ingreditur,
2968 3622 3067 3694 qui
3103 3626 3337 3694 peccata
3363 3623 3625 3692 dimittit,
3675 3629 3742 3680 et

2084 3713 2381 3784 egreditur
2409 3728 2512 3784 per
2542 3717 2769 3784 portam
2801 3710 3208 3779 meridianam,
3241 3711 3341 3783 qui
3368 3711 3609 3768 virtutes
3641 3729 3740 3769 se-

2084 3801 2305 3873 quitur.
2340 3802 2407 3856 Et
2437 3802 2747 3867 contrario,
2782 3800 2831 3856 si
2854 3802 3054 3871 justus
3085 3799 3286 3872 lapsus
3319 3800 3487 3857 fuerit
3513 3799 3573 3856 in
3603 3817 3744 3874 pec-

2084 3890 2582 3963 catis,ingreditur
2595 3890 2832 3962 quidem
2853 3906 2953 3962 per
2972 3894 3197 3962 portam
3214 3890 3742 3959 meridianam,sed

2083 3980 2379 4051 egreditur
2410 3996 2511 4052 per
2534 3979 2687 4035 viam
2715 3983 2892 4051 portae
2914 3977 3234 4051 Aquilonis.
3266 3980 3362 4036 57
3374 3979 3421 4035 8
3454 3978 3739 4053 Princeps

2082 4073 2297 4139 autem,
2332 4067 2543 4139 inquit,
2578 4068 2638 4123 in
2672 4068 2865 4123 medio
2894 4084 3096 4124 eorum
3118 4068 3245 4135 erit,
3272 4067 3735 4141 ingredientum,

2082 4156 2321 4224 scilicet,
2346 4161 2402 4212 ct
2423 4157 2871 4229 egredientium,
2905 4157 3076 4228 juxta
3098 4156 3243 4212 illud
3266 4157 3417 4227 quod
3441 4157 3736 4230 scriptum

2081 4251 2194 4301 est:
2213 4246 2439 4301 Medius
2456 4246 2606 4301 inter
2618 4263 2718 4302 vos
2735 4249 2869 4313 stat,
2889 4261 3062 4318 quem
3078 4262 3179 4301 vos
3194 4245 3478 4318 ignoratis
3492 4247 3670 4319 (Joan.
3687 4264 3733 4320 1,

2078 4336 2189 4405 26).
2208 4333 2626 4406 EtApostolus:
2648 4336 2731 4389 An
2749 4333 3200 4407 ignoratis,quia
3210 4332 3547 4391 Christusin
3560 4334 3737 4393 vobis

2080 4428 2170 4479 est
2188 4424 2261 4496 (II
2285 4425 2410 4480 Cor.
2436 4440 2557 4491 x111,
2580 4422 2684 4495 5)?
2709 4423 2809 4479 Sin
2834 4427 3031 4479 autem
3057 4422 3467 4495 ignorantibus
3488 4422 3736 4495 dicitur,

316 4528 560 4568 manum
589 4511 834 4566 mittunt
862 4511 935 4566 ad
966 4514 1249 4578 aratrum,
1304 4515 1369 4566 ut
1397 4529 1512 4566 non
1554 4513 1874 4585 respiciant
1902 4531 1970 4570 ea
2002 4534 2047 4599 Ι)
2079 4513 2233 4585 quod
2268 4513 2496 4569 medius
2527 4514 2679 4568 inter
2697 4529 2796 4568 eos
2819 4517 2930 4568 stet
2951 4512 3251 4568 Christus:
3286 4516 3507 4584 quanto
3535 4513 3736 4587 magis

314 4616 442 4672 quas
463 4603 596 4673 post
611 4604 841 4672 tergum
863 4604 1004 4655 sunt
1026 4615 1038 4655 :
1076 4600 1177 4655 sed
1200 4600 1259 4655 in
1281 4600 1455 4656 domo
1480 4617 1712 4673 quoque
1735 4603 1965 4659 Domini
2079 4600 2427 4658 scientibus!
2450 4602 2559 4658 Sed
2582 4618 2715 4657 cum
2736 4602 2888 4657 inter
2907 4602 3156 4657 scientes
3175 4600 3438 4657 Christus
3458 4601 3726 4659 steterit:

312 4689 669 4761 constitutis,
694 4689 938 4760 jubetur
970 4704 1040 4744 ne
1069 4693 1201 4760 post
1224 4693 1388 4761 terga
1412 4690 1753 4762 respiciant,
1786 4697 1845 4747 et
1879 4709 1964 4749 re-

313 4782 615 4836 vertantur
644 4778 718 4835 ad
738 4793 923 4851 egena
941 4782 999 4833 et
1023 4776 1257 4833 infirma
1275 4777 1583 4850 elementa,
1614 4784 1669 4835 et
1693 4780 1969 4853 incipien-

312 4870 401 4924 tes
431 4867 663 4940 spiritu,
696 4882 870 4924 carne
891 4869 1318 4922 consumantur
1352 4866 1457 4938 [Αι.
1485 4870 1960 4945 consumentur]:

314 4957 415 5011 sed
436 4962 501 5011 ut
518 4957 590 5012 de
604 4954 1013 5029 spiritualibus
1032 4970 1268 5027 quoque
1284 4955 1356 5011 ad
1380 4958 1602 5028 majora
1626 4960 1960 5033 procedant,

313 5047 372 5099 et
399 5043 597 5099 dicant
628 5061 763 5101 cum
785 5043 1061 5118 Apostolo
1086 5060 1099 5099 :
1134 5045 1567 5101 Praeteritorum
1590 5047 1959 5118 obliviscens,

311 5135 371 5189 et
398 5133 458 5188 in
490 5133 685 5205 priora
727 5151 821 5191 me
868 5133 1184 5190 extendens
1232 5133 1404 5205 (Phil.
1440 5151 1524 5200 111,
1561 5136 1692 5207 13):
1744 5142 1812 5193 ut
1862 5155 1961 5194 ne-

312 5238 607 5294 quaquam
656 5238 725 5277 ex
777 5227 940 5294 parte
985 5227 1359 5295 cognoscant,
1414 5227 1471 5278 et
1510 5240 1579 5280 ex
1620 5231 1782 5297 parte
1828 5243 1960 5298 pro—

311 5312 570 5384 phetent,
605 5312 755 5369 577
794 5311 895 5365 sed
928 5312 1160 5367 veniant
1190 5312 1260 5366 ad
1294 5312 1616 5383 perfectum
1644 5314 1812 5384 juxta
1832 5331 1958 5372 eam

311 5405 508 5459 tamen
528 5399 936 5473 perfectionem
956 5416 1132 5472 quam
1151 5404 1342 5472 potest
1362 5417 1565 5473 capere
1586 5402 1843 5460 humana
1864 5422 1961 5463 na-

407 5543 461 5625 a)
492 5542 763 5625 Vulgata,
807 5540 1127 5625 .Victorius,
1178 5545 1354 5625 atque
1382 5542 1481 5600 alii
1512 5544 1644 5603 libri
1674 5548 1738 5605 In
1769 5550 1956 5625 agnis.

407 5560 442 5599 ιι
492 5542 763 5619 Vulgata,
813 5542 1127 5610 Victorius,
1178 5545 1352 5616 atque
1382 5560 1405 5599 ε

385 5542 463 5699 ξὸέ
491 5615 675 5674 Antea
702 5616 827 5674 erat
854 5628 958 5691 quo
987 5630 1091 5691 pro
1119 5614 1405 5689 quo-modo.

2075 4695 2214 4747 tunc
2229 4707 2440 4763 corpus
2478 4694 2776 4747 mortuum
2794 4691 2890 4746 fiet
2903 4694 3140 4763 propter
3156 4694 3548 4763 peccatum,et
3559 4690 3740 4762 spiri-

2076 4790 2170 4835 tus
2192 4779 2390 4836 vivens
2420 4785 2652 4852 propter
2665 4779 2979 4851 justitiam.
3007 4779 3338 4851 Ingreditur
3357 4784 3553 4837 autem
3571 4780 3738 4853 prin-

2074 4885 2207 4941 ceps
2222 4885 2354 4925 cum
2371 4869 2916 4941 ingredientibus,ct
2928 4869 3224 4942 egreditur
3236 4885 3369 4926 cum
3381 4869 3733 4943 egredienti-

2075 4960 2204 5025 bus,
2230 4962 2611 5029 utrorumque
2641 4957 2872 5013 virtutis
2904 4963 3077 5030 atque
3103 4958 3325 5031 peccati
3350 4957 3517 5015 testis
3540 4958 3732 5015 assis-

2073 5052 2221 5103 tens.
2241 5048 2300 5102 In
2320 5047 2601 5102 nundinis
2617 5064 2773 5119 ergo,
2790 5051 2845 5101 et
2866 5047 2923 5100 in
2946 5045 3437 5117 solemnitatibus,
3456 5046 3736 5103 sabbato-

2072 5153 2201 5192 rum
2217 5135 2567 5201 vidclicet,et
2583 5135 2963 5191 kalendarum
2976 5138 3050 5199 ,et
3066 5135 3345 5190 universa
3366 5134 3726 5206 festivitatis,

2071 5227 2142 5281 dc
2164 5242 2279 5298 qua
2299 5225 2357 5280 in
2386 5225 2777 5281 anterioribus
2807 5223 2986 5279 locuti
3016 5240 3247 5291 sumus,
3272 5228 3391 5279 tam
3424 5224 3484 5279 in
3513 5225 3725 5294 vitulo,

2078 5331 2249 5384 quam
2262 5314 2319 5369 in
2336 5314 2511 5369 ariete
2524 5330 2624 5385 per
2636 5312 2866 5386 singula
2877 5313 3009 5385 epbi
3024 5312 3401 5369 offerenturin
3415 5312 3727 5371 sacrificio.

2071 5404 2132 5460 In
2156 5404 2320 5477 agnis
2343 5420 2473 5460 vero
2496 5420 2610 5460 non
2633 5402 2741 5457 erit
2761 5406 2952 5459 certus
2976 5418 3280 5469 numerus,
3302 5417 3407 5458 nec
3431 5400 3725 5459 voluntati

2142 5543 2335 5627 (c)‘Hic
2358 5560 2603 5627 quoque
2610 5542 2813 5627 vitiose
2834 5545 2960 5627 erat
2980 5552 3112 5627 tunc
3130 5558 3233 5619 pro
3254 5549 3455 5602 tamen.
3482 5542 3722 5604 Utrum-

2068 5615 2404 5693 que'looum
2435 5615 2548 5675 ms.
2582 5616 2760 5674 Vatia.
2796 5615 3062 5691 castigat.
