3996 6184
332 312 457 378 163
477 287 489 300 ’

1588 312 1652 373 S.
1700 309 2008 375 EUSEBll
2051 307 2495 373 HIERONYMI

3614 300 3736 361 464

338 447 447 504 tuli
478 448 656 518 hujus
685 443 960 517 ponitur:
1018 444 1199 499 Faciet
1227 459 1433 514 agnum
1494 446 1551 499 in.
1601 444 1979 514 sacriﬁcium:
2013 446 2066 512 Α
2098 449 2391 516 gregatus,
2424 419 2792 513 dispergetur
2818 438 2878 495 in
2937 441 3101 511 parte
3155 440 3331 509 atque
3357 433 3735 503 lacerabitur,

341 543 394 592 et
419 536 602 591 oleum
619 549 804 603 mane,
828 548 993 588 mane
1022 531 1395 589 holocaustum
1422 535 1833 604 sempiternum.

413 622 560 679 581
597 620 782 693 (Vers.
816 621 903 691 16,
939 620 1023 692 17,
1056 625 1113 677 et
1132 622 1323 694 seqq.)
1372 626 1504 678 Haec
1562 622 1695 677 dicit
1722 623 1984 676 Dominus

346 717 486 769 Deus
506 729 525 766 :
557 710 618 767 Si
639 710 845 766 dederit
872 712 1131 782 princeps
1162 711 1305 783 (sive
1331 710 1468 783 dux)
1490 710 1694 767 donum
1718 712 1893 766 alicui
1919 711 1985 765 de

341 801 476 871 ﬁliis
504 802 639 871 suis,
674 799 967 856 haereditas
996 801 1115 871 ejus
1143 801 1386 870 ﬁliorum
1439 816 1664 855 suorum
1691 803 1830 855 erit:
1856 816 1981 871 pos-

341 888 591 945 sidebunt
621 904 744 944 eam
772 888 1147 945 haereditarie.
1191 889 1284 944 Sin
1308 892 1489 944 autem
1508 889 1719 945 dederit
1748 891 1985 960 legatum

341 978 413 1033 de
439 976 759 1035 haereditate
782 992 884 1031 sua
906 978 1008 1031 uni
1025 992 1304 1032 servorum
1323 993 1568 1045 suorum,
1595 980 1698 1032 erit
1722 978 1875 1033 illius
1899 994 1985 1031 us-

342 1082 446 1139 que
474 1065 546 1120 ad
573 1081 783 1120 annum
810 1066 1157 1121 remissionis
1175 1065 1299 1137 (pro
1318 1081 1432 1137 quo
1450 1065 1766 1122 Theodotio
1788 1066 1984 1137 ipsum

342 1155 588 1210 verbum
615 1153 965 1210 Hebraicum
994 1153 1209 1225 posuit,
1235 1155 1444 1225 nanos)
1474 1154 1568 1209 sed
1595 1158 1892 1210 revertetur
1917 1162 1985 1209 ad

341 1245 685 1317 principem:
716 1242 1012 1299 hwreditas
1040 1244 1225 1297 autem
1245 1242 1364 1313 ejus
1383 1242 1493 1313 ﬁlii
1513 1244 1630 1314 ejus
1648 1246 1769 1299 erit.
1793 1244 1856 1298 Et
1877 1259 1988 1298 non

346 1334 578 1405 accipiet
599 1332 861 1403 princeps
886 1331 953 1385 de
973 1330 1295 1387 haereditate
1313 1332 1507 1402 populi
1525 1349 1621 1403 per
1644 1333 1984 1402 violentiam,

342 1430 396 1478 et
419 1421 487 1476 de
510 1420 840 1491 possessione
854 1434 1043 1474 eerum
1063 1436 1082 1472 :
1120 1418 1211 1473 sed
1240 1418 1305 1474 de
1328 1422 1664 1490 possessione
1679 1437 1780 1476 sua
1806 1422 1986 1477 haere-

345 1509 572 1565 ditatem
598 1507 754 1563 dabit
780 1507 914 1576 ﬁliis
942 1509 1058 1562 suis
1083 1524 1095 1561 :
1130 1512 1191 1561 ut
1221 1523 1330 1562 non
1378 1509 1729 1579 dispergatur
1756 1510 1988 1581 pepulus

342 1612 496 1653 meus
521 1597 896 1667 unusquisque
914 1612 949 1651 a
970 1598 1302 1667 possessione
1317 1597 1568 1652 sua.Huc
1588 1614 1773 1668 usque
1797 1614 1987 1653 sermo

344 1686 417 1742 de
445 1685 729 1758 principe,
762 1700 920 1739 nunc
953 1686 1024 1740 de
1054 1684 1384 1740 haeredibus
1411 1685 1539 1756 ejus
1571 1690 1856 1757 praecepta
1884 1685 1988 1739 tri-

344 1774 648 1831 buuntur:
682 1772 864 1828 immo
890 1773 961 1828 de
990 1772 1523 1840 donis,ha:reditate
1567 1773 1986 1845 atquclegatis,

344 1862 563 1935 quibus
594 1862 732 1917 dare
760 1862 984 1929 debeat,
1017 1865 1075 1916 et
1105 1877 1355 1933 quorum
1390 1861 1468 1916 sit
1492 1862 1580 1917 vel
1626 1863 1697 1918 ad
1728 1866 1986 1934 tempus,

344 1950 435 2007 vel
464 1955 678 2007 aeterna
705 1948 1019 2022 possessio.
1053 1949 1134 2017 Si,
1166 1949 1379 2021 inquit,
1411 1949 1549 2005 filiis
1609 1952 1734 2007 suis
1765 1951 1989 2007 dederit

343 2039 435 2096 vel
465 2040 708 2107 donum,
738 2037 828 2094 vel
860 2036 1398 2109 haareditatem,ipsi
1424 2038 1811 2110 possidebunt
1834 2056 1983 2095 eam:

347 2128 490 2201 quia
518 2128 604 2183 eis
638 2126 1049 2183 successionis
1072 2127 1208 2196 jure
1263 2126 1529 2195 debetur,
1561 2132 1618 2182 et
1670 2128 1740 2183 de
1771 2127 1883 2183 alio
1915 2128 1986 2184 ad

346 2216 531 2273 alium
560 2232 677 2272 non
707 2218 898 2288 potest
928 2215 1179 2271 transire
1209 2216 1523 2287 possessio.
1558 2216 1656 2271 Sin
1677 2222 1873 2272 autem
1899 2217 1991 2272 de-

346 2306 497 2362 derit
524 2305 625 2362 uni
658 2321 957 2361 servorum
990 2320 1233 2359 suorum
1264 2303 1438 2376 legati
1461 2305 1718 2373 nomine,
1740 2310 1862 2361 tam
1887 2306 1985 2361 diu

345 2393 585 2451 habebit
602 2392 1349 2467 possessionem,quamdiu
1370 2393 1458 2449 vel
1484 2394 1774 2466 septimus
1797 2412 1988 2450 annus

344 2480 733 2549 remissionis,
765 2480 863 2553 qui
891 2479 1104 2536 dicitur
1137 2497 1326 2537 nanos
1354 2481 1553 2552 (ππ-Π),
1584 2483 1673 2539 vel
1688 2483 1988 2554 jubilzeus,

344 2572 458 2628 hoc
482 2576 572 2629 est
599 2570 1155 2644 quinquagesimus,
1188 2571 1493 2627 adveniat:
1530 2574 1765 2643 quando
1796 2572 1990 2628 omnis

342 2660 564 2733 emptio
595 2664 772 2732 atque
800 2659 1037 2715 donatio
1068 2660 1376 2715 revertitur
1403 2662 1475 2715 ad
1535 2660 1759 2732 priores
1802 2660 1987 2716 domi-

345 2765 491 2806 nos:
526 2750 608 2803 ita
654 2754 721 2803 ut
751 2764 954 2803 servus
984 2764 1159 2803 usum
1217 2747 1430 2802 habeat
1462 2764 1564 2819 pro
1622 2754 1901 2820 tempore,
1935 2754 1991 2805 et

344 2837 758 2910 proprietatem
789 2836 1183 2908 possessionis
1214 2836 1316 2890 filii
1350 2836 1648 2908 principis.
1693 2839 1853 2901 Quod
1885 2856 1988 2893 au-

347 2930 468 2981 tem
499 2924 795 2996 sequitur:
830 2924 900 2978 Et
928 2940 1043 2978 non
1074 2923 1321 2995 accipiet
1350 2923 1620 2995 princeps
1644 2926 1715 2980 de
1746 2925 1987 2981 haeredi-

345 3016 465 3071 tate
496 3011 695 3087 populi
713 3028 817 3085 per
833 3010 1164 3067 violentiam
1183 3012 1329 3083 (Lev.
1346 3013 1652 3084 xxm),sive
1673 3018 1738 3069 ut
1754 3018 1991 3087 Septua-

2093 534 2211 587 sive
2233 536 2401 602 juxta
2433 533 2665 603 Legem,
2695 546 2768 585 ne
2794 529 3078 601 paulatim
3137 526 3378 583 alterius
3424 523 3737 580 hereditas

2090 624 2351 676 transeat
2380 621 2451 675 ad
2485 619 2689 689 alium,
2722 623 2779 674 et
2827 622 3023 690 pereat
3078 615 3378 672 funiculus
3407 612 3735 681 divisionis,

2092 725 2196 780 per
2225 725 2398 780 quem
2430 709 2579 764 forte
2608 708 2680 762 ad
2709 721 3194 778 unumquemque
3216 704 3372 759 venit
3404 702 3734 758 haereditas.

2097 798 2384 869 Dispergit
2404 814 2539 868 ergo
2560 796 2840 869 populum
2873 796 3053 859 Dei,et
3086 794 3274 849 aufert
3300 794 3373 848 ab
3405 807 3471 847 eo
3504 806 3737 863 posses-

2094 886 2319 942 sionem
2343 885 2477 941 lidei
2502 884 3048 956 sempiternam,qui
3066 882 3255 938 aliena
3277 883 3433 937 dona
3451 879 3538 935 vel
3561 880 3737 944 bona,

2092 973 2179 1029 vel
2214 974 2436 1046 rapina,
2470 977 2556 1028 vel
2592 973 2947 1043 adulatione,
2980 972 3066 1027 vel
3116 970 3441 1035 blanditiis,
3474 968 3557 1024 vel
3589 984 3741 1040 pra:-

2093 1067 2252 1119 textu
2281 1062 2599 1133 religionis,
2626 1062 2764 1117 ﬁliis
2784 1062 3266 1132 fratribusque,et
3286 1056 3741 1128 consanguineis

2096 1150 2469 1222 derelinquit.

2168 1241 2352 1307 (Vers.
2386 1242 2452 1295 19
2481 1241 2668 1310 seqq.)
2700 1242 2762 1294 Et
2810 1240 3119 1294 introduxit
3174 1256 3261 1292 me
3286 1254 3384 1309 per
3428 1238 3743 1304 ingressum

2096 1332 2192 1400 qui
2219 1332 2333 1383 erat
2364 1330 2422 1383 in
2456 1330 2622 1383 latere
2652 1328 2758 1399 (vel
2786 1333 2904 1399 post
2924 1328 3154 1399 tergum)
3176 1335 3343 1398 portae
3375 1327 3434 1380 in
3463 1325 3743 1396 gawphy-

2098 1419 2240 1473 [acia
2268 1419 2575 1472 sanctuarii
2605 1418 2677 1473 ad
2704 1417 3002 1472 sacerdotes
3032 1417 3175 1487 (sive
3206 1418 3265 1469 in
3294 1414 3523 1470 exedra:
3542 1417 3595 1468 et
3623 1412 3743 1467 tha-

2099 1507 2290 1575 lamos)
2323 1508 2420 1575 qui
2448 1506 2808 1577 respiciebant
2828 1506 2898 1560 ad
2922 1506 3236 1577 aquilonem
3262 1520 3272 1557 :
3296 1507 3350 1557 et
3367 1518 3487 1557 ecce
3510 1502 3590 1556 ibi
3618 1504 3747 1556 erat

2100 1596 2245 1651 locus
2268 1610 2497 1662 vergens
2525 1595 2600 1649 ad
2619 1594 2943 1650 occidentem
2968 1594 3108 1661 (sive
3139 1592 3209 1647 ad
3229 1608 3415 1647 mare:
3449 1594 3497 1646 et
3521 1593 3577 1645 ut
3600 1589 3745 1645 LXX

2098 1682 2545 1750 transtulerunt,
2603 1683 2928 1754 separatus).
2966 1684 3026 1736 Et
3082 1682 3227 1737 dixit
3256 1680 3326 1735 ad
3373 1694 3494 1734 me:
3527 1680 3632 1733 Iste
3657 1686 3749 1733 est

2100 1773 2247 1827 locus
2279 1771 2376 1827 ubi
2404 1779 2628 1843 coquant
2656 1770 2973 1840 sacerdotes,
2998 1786 3099 1841 pro
3149 1770 3362 1834 delicto,
3395 1776 3446 1823 et
3484 1783 3583 1838 pro
3612 1782 3748 1839 pec-

2096 1868 2213 1915 cato
2244 1859 2387 1931 (sive
2418 1876 2515 1925 pro
2548 1860 2866 1927 ignorantia
2885 1862 2933 1914 et
2959 1858 3262 1930 propterea)
3284 1858 3379 1912 ubi
3405 1858 3632 1927 coquent
3649 1872 3746 1912 sa-

2096 1949 2371 2017 criﬁcium
2401 1948 2545 2018 (sive
2575 1964 2777 2002 manaa
2834 1956 2884 2003 et
2931 1948 3162 2017 donum)
3194 1950 3254 2001 ut
3285 1962 3397 2002 non
3425 1946 3652 2017 efferant
3679 1945 3750 1999 in

2098 2038 2307 2091 atrium
2337 2036 2598 2104 exlerius,
2632 2041 2683 2091 et
2726 2037 3097 2106 sanctiﬁcetur
3138 2035 3396 2107 populus.
3458 2035 3523 2089 Et
3553 2034 3751 2089 eduxit

2099 2140 2182 2179 me
2211 2126 2271 2179 in
2301 2126 2505 2179 atrium
2536 2127 2795 2195 exterius,
2820 2129 2869 2179 et
2898 2124 3266 2180 circunuluxit
3281 2140 3367 2179 me
3387 2138 3487 2191 per
3511 2126 3750 2194 quatuor

2096 2214 2331 2283 angulos
2360 2216 2525 2268 atrii:
2561 2218 2611 2268 et
2631 2230 2748 2270 ecce
2778 2215 3042 2269 atriolum
3071 2217 3189 2269 erat
3219 2216 3274 2267 in
3326 2213 3533 2280 angulo
3580 2213 3723 2267 atrii
3731 2256 3746 2276 ,

2099 2304 2300 2357 atriola
2330 2305 2561 2371 singula
2589 2320 2689 2373 per
2716 2304 2949 2373 angulos
2979 2304 3131 2358 atrii.
3163 2304 3227 2357 In
3258 2309 3492 2374 quatuor
3517 2300 3751 2369 angulis

2102 2393 2243 2447 atrii
2297 2392 2497 2447 atriolo
2553 2392 2834 2463 disposita,
2893 2392 3257 2463 quadraginta
3314 2390 3617 2445 cubitorum
3640 2404 3751 2460 per

2100 2482 2339 2551 longum,
2364 2488 2417 2535 et
2445 2482 2679 2550 triginta
2705 2497 2805 2552 per
2831 2481 3307 2537 latum.Mensurae
3328 2481 3493 2534 unius
3514 2486 3753 2550 quatuor

2096 2580 2258 2625 erant
2279 2587 2297 2622 :
2319 2577 2371 2624 et
2389 2572 2569 2640 partes
2585 2585 2683 2640 per
2701 2570 2990 2625 circuitum
3013 2570 3260 2624 ambiens
3271 2576 3505 2639 quatuor
3517 2567 3748 2623 atriola:

2100 2666 2152 2714 et
2177 2659 2386 2714 culina:
2413 2658 2700 2728 fabricatae
2727 2667 2886 2713 erant
2916 2658 3102 2713 subter
3127 2660 3370 2727 porticus
3410 2672 3514 2728 per
3545 2672 3753 2728 gyrum

2099 2748 2246 2818 (sive
2270 2755 2492 2819 propter
2519 2747 2767 2802 accubitu
2799 2763 2925 2819 quae
2972 2746 3201 2819 Aquila,
3264 2740 3517 2806 στιϐάδας
3562 2744 3753 2801 inter-

2098 2840 2362 2906 pretatus
2394 2840 2516 2891 est:
2544 2836 2932 2907 Symmachus
2955 2834 3223 2911 περιφράγ
3234 2854 3396 2906 ματα,
3420 2833 3747 2890 Theodotio

2097 2924 2288 2995 ipsum
2301 2924 2829 2979 verbumHebraicu
2841 2942 2893 2979 m
2915 2924 3111 2996 posuit
3126 2925 3200 2995 (a)
3213 2924 3481 2995 'runoru).
3500 2925 3558 2978 Et
3573 2924 3748 2994 dixit,

2098 3013 2311 3085 inquit,
2342 3012 2412 3067 ad
2440 3029 2526 3068 me
2546 3030 2564 3066 .·
2593 3016 2717 3069 Haec
2742 3018 2818 3069 est
2846 3020 3035 3069 domus
3063 3014 3399 3083 culinarum,
3443 3016 3504 3068 in
3527 3028 3632 3084 qua
3650 3028 3754 3068 co-

348 3102 511 3176 ginta
538 3099 984 3170 transtulerunt,
1015 3104 1080 3155 ut
1109 3101 1403 3173 opprimat
1431 3118 1553 3170 eos,
1577 3101 1661 3157 vel
1686 3108 1750 3157 ut
1779 3104 1992 3176 Aquila
2100 3110 2263 3173 quent
2288 3103 2536 3157 ministri
2566 3102 2760 3157 domus
2789 3103 3036 3157 victimas
3052 3103 3244 3174 populi
3260 3101 3624 3174 [Vulg.addit
3643 3102 3753 3158 Do-

351 3197 410 3249 et
429 3188 837 3264 Symmachus,
863 3192 927 3245 ut
946 3188 1168 3260 affligat
1185 3206 1284 3245 eos
1315 3194 1491 3261 atque
1522 3192 1855 3247 contristet:
1886 3194 1987 3249 sed
2019 3178 2062 3244 C
2098 3193 2249 3245 mino
2274 3191 2415 3261 (sive
2445 3190 2746 3261 victimam)
2771 3208 2783 3245 :
2820 3192 2933 3245 Hoc
2955 3190 3110 3246 enim
3135 3191 3426 3247 Hebraeice
3448 3190 3755 3263 significat

353 3283 427 3338 de
458 3276 829 3352 possessione
859 3292 968 3331 sua
997 3276 1399 3332 hereditatem
1448 3277 1611 3333 dabit
1665 3278 1803 3334 filiis
1833 3280 1991 3335 suis:
2102 3296 2239 3334 ZEBA
2268 3280 2427 3350 (n17)
2452 3298 2464 3334 :
2498 3279 2600 3333 Vir
2621 3280 2720 3351 qui
2743 3279 3037 3335 calamum
3061 3281 3297 3335 tenebat
3318 3296 3497 3335 manu
3521 3285 3578 3335 et
3602 3279 3760 3335 funi-

353 3367 631 3443 suggillat
661 3383 776 3422 non
810 3364 1000 3421 solum
1030 3364 1190 3420 illius
1222 3366 1502 3438 temporis
1551 3368 1902 3439 sacerdotes,
1938 3374 1997 3424 et
2104 3368 2302 3424 culum
2324 3368 2701 3436 caamentarii,
2733 3385 2849 3440 quo
2880 3368 3193 3423 zedilicium
3226 3369 3381 3426 583
3416 3369 3755 3437 metiretur,

350 3457 666 3533 principes,
698 3456 800 3511 scd
833 3454 1020 3510 nostri
1051 3470 1303 3526 quoque,
1339 3455 1438 3526 qui
1471 3455 1711 3511 ditiores
1737 3456 1994 3514 fiuntsa-
2104 3455 2445 3523 introduxit,
2478 3456 2693 3527 inquit,
2728 3473 2818 3511 me
2851 3473 2954 3529 per
2981 3457 3335 3529 ingressum,
3397 3457 3498 3529 qui
3529 3461 3652 3513 erat
3678 3473 3757 3513 ex

350 3546 591 3605 cerdotii
618 3545 922 3618 dignitate,
982 3548 1041 3599 et
1070 3548 1277 3616 praeter
1303 3559 1371 3599 ea
1427 3561 1555 3615 quis
1614 3544 1726 3600 sibi
1768 3545 1993 3600 Domini
2104 3544 2284 3600 latere
2316 3550 2512 3617 portae,
2543 3544 2631 3599 vel
2664 3551 2796 3617 post
2820 3551 3046 3618 tergum
3073 3551 3271 3617 portae.
3295 3547 3408 3601 Nec
3426 3546 3625 3618 posuit
3648 3562 3758 3601 cu-

351 3635 736 3710 dispositione
755 3633 1065 3700 debentur,
1082 3631 1298 3688 tollunt
1319 3649 1352 3688 a
1372 3632 1731 3705 pauperibus
1753 3650 1853 3706 per
1875 3635 1995 3690 vio-
2096 3635 2198 3705 jus
2230 3638 2427 3705 portae,
2460 3633 2796 3699 Orientalis,
2820 3634 3130 3701 Australis,
3150 3640 3253 3690 aut
3274 3635 3511 3691 alterius
3532 3634 3756 3706 plagae:

347 3725 594 3784 lentiam
622 3740 638 3780 :
669 3722 756 3779 vel
788 3722 898 3779 sub
929 3720 1168 3777 honoris
1199 3721 1437 3777 nomine
1466 3721 1673 3778 divites
1719 3722 1994 3795 spoliant,
2104 3722 2205 3777 sed
2238 3720 2476 3793 reliquit
2500 3722 2811 3793 incertum,
2837 3727 2903 3777 ut
2926 3723 3070 3778 irem
3095 3725 3166 3779 ad
3194 3723 3385 3779 locum
3406 3723 3754 3794 sanctuarii,

348 3819 417 3872 ut
444 3814 592 3888 ipsis
624 3828 856 3887 quoque
876 3809 1015 3867 filiis
1037 3810 1184 3877 suis,
1207 3810 1423 3882 quibus
1474 3814 1718 3883 paterna
1755 3811 2011 3868 debetur

350 3903 679 3971 hereditas,
712 3900 794 3956 nil
826 3900 1076 3956 debeant
1104 3898 1663 3971 derelinquere,nisi
1696 3901 1852 3971 quod
1883 3901 1997 3956 sibi

352 4009 387 4049 a
417 3991 757 4065 parentibus
782 3987 1121 4045 derelictum
1156 3992 1417 4060 est.Ergo
1450 3990 1551 4060 qui
1582 3989 1758 4044 ditior
1789 3994 1877 4045 est
1904 4006 1995 4045 sa-

353 4082 579 4148 cerdos,
612 4095 790 4152 quam
818 4076 977 4133 venit
1005 4078 1075 4132 ad
1105 4077 1521 4144 sacerdotium,
1545 4077 1829 4150 quidquid
1862 4078 1996 4151 plus

356 4168 649 4236 habuerit,
681 4183 797 4223 non
828 4165 966 4221 filiis
993 4166 1166 4221 debet
1192 4166 1351 4236 dare,
1386 4166 1486 4222 sed
1529 4167 1910 4239 pauperibus,
1942 4170 1999 4222 et

356 4257 580 4316 sanctis
608 4254 911 4321 lratribus,
942 4258 1000 4311 et
1050 4254 1392 4310 domesticis
1440 4254 1595 4323 fidei,
1628 4256 1729 4331 qui
1759 4256 2000 4311 vincunt

356 4346 568 4405 merita
594 4346 916 4403 liberorum
973 4348 1038 4400 ut
1067 4343 1271 4398 reddat
1320 4359 1387 4400 ea
1414 4359 1541 4414 quae
1601 4343 1830 4400 Domini
1862 4353 1999 4400 sunt

356 4438 511 4497 882
535 4435 780 4494 Domino
809 4451 937 4501 suo,
964 4434 1064 4506 qui
1088 4432 1350 4506 loquitur
1370 4432 1429 4488 in
1452 4433 1761 4505 Evangelio
1790 4450 1802 4489 :
1829 4434 1999 4500 Quid-

2104 3810 2250 3866 etin
2282 3810 2716 3883 gazophylacia,
2749 3811 2869 3867 sive
2924 3811 2984 3865 in
3035 3812 3305 3868 cubicula
3352 3811 3757 3877 sacerdotum,

2106 3916 2232 3971 quae
2261 3899 2654 3971 respiciebant
2675 3900 2746 3954 ad
2770 3899 3102 3971 aquilonem
3121 3904 3177 3955 et
3197 3902 3265 3956 ad
3293 3917 3452 3956 mare
3475 3917 3489 3955 :
3514 3901 3586 3955 ad
3608 3916 3757 3973 sep-

2104 3988 2452 4045 tentrionem
2482 3988 2757 4045 videlicet
2813 3993 2869 4044 et
2898 3989 2971 4043 ad
3002 3989 3362 4045 occidentem
3389 4006 3403 4044 :
3455 3989 3606 4045 hanc
3638 3988 3751 4045 ha-

2105 4077 2275 4133 bente
2308 4078 2609 4149 Scriptura
2636 4094 2803 4134 sacra
2833 4078 3339 4148 consuetudinem,
3373 4082 3439 4133 ut
3490 4095 3593 4150 pro
3633 4077 3759 4134 situ

2103 4169 2269 4220 terra;
2297 4166 2531 4233 Judaeie,
2566 4182 2799 4240 semper
2839 4183 3001 4222 mare
3048 4166 3420 4222 Occidentem
3467 4170 3651 4222 vocet.
3683 4167 3765 4223 Et

2106 4254 2599 4309 considerandum
2631 4257 2786 4326 quod
2818 4255 2981 4311 locus
3004 4254 3503 4325 sacerdotum,ubi
3534 4271 3637 4327 pro
3656 4255 3766 4311 de-

2109 4342 2274 4411 licto,
2306 4343 2425 4399 sive
2446 4342 2796 4416 ignorantia,
2830 4350 2887 4401 et
2915 4362 3017 4417 pro
3044 4348 3276 4417 peccato
3307 4348 3642 4417 coquuntur
3660 4360 3768 4400 sa-

2114 4432 2357 4495 crificia,
2392 4449 2463 4488 ne
2494 4434 2676 4488 cruda
2704 4435 3046 4499 offerantur,
3070 4435 3128 4489 in
3159 4433 3374 4489 atrium
3408 4432 3661 4490 exterius
3683 4433 3767 4489 ad

356 4528 499 4601 quid
521 4525 623 4582 uni
652 4525 897 4581 istorum
933 4523 1174 4591 fecistis,
1210 4521 1352 4578 mihl
1382 4522 1602 4612 fecistis
1623 4524 1829 4594 (Matth.
1863 4541 1994 4612 _xxv,
2028 4547 2075 4612 D
2107 4519 2460 4612 aquilonem
2494 4525 2551 4576 et
2579 4522 2947 4612 occidentem
2979 4522 3203 4612 positus
3233 4523 3346 4578 sit:
3374 4523 3527 4578 unde
3550 4526 3772 4612 ventus

353 4617 473 4687 40).
514 4616 643 4689 Ipse
674 4614 831 4671 enim
864 4613 923 4668 in
956 4612 1317 4685 pauperibus
1350 4611 1673 4685 suscipitur
1703 4610 1995 4685 hospitio;

349 4706 625 4764 visitatur
652 4704 714 4759 in
744 4718 970 4759 carcere
1003 4720 1015 4757 :
1049 4702 1244 4758 nudus
1275 4701 1534 4774 tegitur:
1567 4701 1774 4757 sitiens
1806 4701 1994 4757 bibit:

353 4799 654 4854 saturatur
681 4784 981 4849 esuriens.°
1001 4790 1076 4847 Ut
1106 4807 1221 4847 non
1243 4790 1633 4862 dispergatur,
1659 4790 1868 4862 inquit,
1896 4806 1999 4861 po-

354 4886 532 4958 pulus
552 4899 721 4940 meus
741 4899 774 4937 a
797 4880 1169 4954 possessione
1191 4879 1386 4935 sua.Si
1410 4880 1566 4934 enim
1590 4878 1883 4935 licentiam
1904 4878 2001 4934 ha-

352 4973 548 5030 buerit
575 4972 866 5045 princeps,
896 4969 985 5027 vel
1041 4968 1320 5041 accipere,
1352 4968 1441 5023 vel
1499 4984 1721 5041 rapere,
1769 4966 1858 5024 vel
1890 4969 1998 5024 sub

354 5062 545 5135 figura
562 5061 802 5117 honoris
819 5066 1016 5117 tenere
1036 5075 1162 5131 quae
1181 5075 1295 5114 non
1318 5062 1457 5113 sunt
1472 5061 1665 5120 sua.et
1689 5057 1888 5113 liberis
1901 5057 1998 5113 de-

355 5150 703 5223 relinquere,
735 5148 991 5223 populus
1021 5148 1122 5221 qui
1153 5147 1213 5203 in
1246 5147 1481 5203 nomine
1511 5145 1612 5202 Dei
1651 5146 1841 5203 fuerat
1861 5162 1997 5202 con-

427 5348 505 5422 (a)
527 5332 664 5422 Non
695 5345 875 5401 Tiroth
904 5342 1442 5422 cum_Mas_sor_etbis
1462 5342 1695 5422 legebat
1725 5342 2002 5422 Hierony-

357 5414 498 5479 mus
521 5420 583 5475 in
614 5434 721 5475 suo
752 5416 1066 5488 exemplari
1098 5415 1402 5483 Hebraico,
1423 5414 2001 5488 sedhﬂﬁﬁiThuroth

355 5508 492 5548 cum
522 5489 829 5559 schourec,
865 5486 1061 5559 id'est,
1096 5503 1231 5559 cum
1261 5496 1282 5546 Ἰ
1312 5503 1448 5559 vav,_
1468 5486 1671 5543 vocali.
1708 5487 1896 5559 MART.
1932 5518 2001 5528 ——

354 5563 726 5620 Martianieus
753 5557 977 5633 aspirat
1002 5557 1999 5633 THUROTH,‘sicqueretinendum

355 5633 656 5699 contendit
675 5650 695 5695 :
715 5629 1228 5711 sed'praaterquam
1241 5629 1398 5708 quod
1422 5629 1593 5690 secus
1610 5629 1832 5690 habent
1851 5646 1996 5691 mss.

2110 4608 2530 4682 frigidissimus
2562 4611 2765 4680 oritur,
2801 4617 2857 4667 et
2886 4611 2983 4667 ubi
3015 4611 3159 4667 solis
3188 4611 3385 4667 lumen
3443 4610 3766 4668 occumbit.

2109 4699 2188 4753 Ex
2218 4715 2333 4771 quo
2365 4698 2714 4768 ostenditur,
2748 4700 3034 4772 quidquid
3064 4700 3133 4754 ad
3168 4700 3430 4755 edulium
3482 4700 3766 4773 pertinet,

2107 4788 2196 4843 vel
2227 4804 2330 4859 pro
2361 4805 2553 4844 errore
2583 4806 2735 4857 esse,
2761 4789 2848 4845 vel
2881 4807 2984 4861 pro
3016 4795 3270 4861 peccato.
3322 4789 3421 4844 Sin
3457 4794 3652 4845 autem
3702 4794 3768 4846 et

2110 4892 2212 4948 pro
2246 4876 2575 4948 ignorantia
2604 4878 2846 4934 offertur
2876 4878 3254 4946 sacrificium,
3313 4882 3530 4949 quanto
3561 4877 3763 4950 magis

2109 4980 2213 5037 pro
2246 4964 2436 5020 delicti
2461 4966 2851 5023 conscientia!
2880 4967 3042 5021 Unde
3070 4972 3127 5022 et
3148 4967 3259 5022 Job
3283 4968 3560 5023 offerebat
3585 4983 3766 5023 mane

2111 5054 2369 5125 quotidie
2399 5054 2652 5111 hostiam
2683 5074 2786 5129 pro
2820 5056 2955 5111 ﬁliis
2987 5057 3110 5111 suis
3143 5057 3278 5128 (Job.
3340 5058 3403 5127 ι),
3436 5056 3652 5112 timens
3682 5072 3765 5112 ne

2109 5161 2212 5217 per
2236 5144 2627 5217 ignorantiam
2642 5144 3214 5217 deliquissent.Quod
3238 5150 3435 5204 autem
3456 5144 3763 5218 sequitur:

2109 5348 2166 5400 et
2196 5342 2485 5415 praecipue
2508 5341 3307 5415 antiquiss.i_Sangerm.apud
3324 5343 3666 5415 Montfauc.,
3698 5343 3767 5399 in

2110 5360 2166 5400 et
2239 5360 2485 5414 raacxpue
2508 5360 3307 5415 antiquiss.nangerm.apuu
3324 5360 3666 5413 monuauc.,
3698 5360 3767 5399 in

2110 5360 2346 5495 Hebraeo
2377 5430 2490 5469 non
2523 5430 2625 5485 per
2654 5413 3026 5495 n‘scribitur,
3060 5415 3162 5471 sed
3192 5429 3242 5474 ἰο
3267 5432 3292 5495 :_
3314 5415 3549 5495 tametsi
3576 5414 3771 5495 altera

2110 5488 2200 5552 iod
2230 5486 2326 5554 sit,
2356 5502 2471 5541 non
2505 5484 2611 5540 vau
2659 5484 2888 5541 littera:
2939 5496 3189 5554 mvnn,
3244 5490 3302 5543 et
3337 5485 3770 5545 Theodotionis

2111 5558 2292 5616 Grtnc.
2326 5556 2594 5632 praaferat
2619 5555 2832 5632 τειρώθ.
