3996 6184
230 374 351 443 465

786 376 1532 450 COMMENTARIORUM
1576 382 1654 447 IN
1701 382 2198 450 EZECHIELEM
2241 385 2392 451 LIB.
2434 384 2593 454 XIV.
2639 383 2811 453 CAP.
2854 380 3088 452 XLVII.

3516 381 3638 457 486

231 512 299 571 ω
320 527 437 571 non
474 512 712 588 offerant
740 517 803 571 in
832 518 1039 572 atrium
1056 521 1296 574 exterius
1328 521 1879 593 et,sanctiﬁceturpo-
1908 520 1965 588 Α
1992 521 2267 588 num,sed
2291 525 2426 595 post
2442 522 2808 579 tricesimum
2839 518 3543 589 accedunt.Quamobrem
3582 521 3643 579 et

221 604 414 675 palus,
450 603 552 676 qui
572 605 1021 661 sanctificationi
1053 624 1170 663 non
1197 608 1387 664 fuerat
1418 613 1796 682 praeparatus,
1821 609 1886 665 il-

224 691 330 748 lud
366 691 766 765 signiﬁcat,ne
796 694 963 750 facile
993 712 1108 752 non
1142 697 1528 754 sanctiﬁcatis
1549 705 1751 755 sancta
1779 699 1883 753 tri-

222 781 487 836 buamus
513 798 525 835 :
563 798 667 836 nec
696 783 1026 849 mittamus,
1051 785 1222 855 juxta
1246 782 1886 859 Evangelium,'marga-

218 869 371 925 ritas
393 875 529 925 ante
550 887 891 951 porcos,nec
924 873 1132 929 demus
1164 879 1435 930 sanctum
1462 876 1707 932 canibus
1732 876 1879 948 (Mat.

217 962 351 1024 vn).
378 958 645 1031 Denique
661 962 883 1029 Moyses
914 961 1106 1018 tribus
1128 961 1334 1018 diebus
1359 964 1603 1020 abomni
1623 964 1880 1020 immun-

217 1046 458 1115 ditia,et
487 1047 560 1101 ab
594 1065 842 1104 uxorum
874 1050 1177 1122 complexu
1206 1051 1332 1106 vult
1360 1052 1644 1124 populum
1666 1053 1881 1109 sancti-

217 1135 413 1202 ﬁcari,
442 1140 507 1189 ut
535 1137 773 1191 accedat
800 1137 873 1191 ad
906 1142 1164 1195 montem
1194 1140 1355 1207 Sina,
1386 1145 1444 1195 et
1485 1141 1879 1198 sanctificatus

214 1228 434 1279 sancta
464 1224 749 1296 suscipiat
770 1226 967 1296 (Exod.
999 1230 1137 1295 xxx).
1172 1229 1231 1283 Si
1263 1233 1458 1284 autem
1482 1230 1773 1285 accessuri
1805 1230 1877 1286 ad

216 1312 526 1367 audienda
554 1318 612 1368 et
641 1314 1014 1386 suscipienda
1040 1317 1216 1371 verba
1246 1317 1364 1383 Dei,
1400 1317 1751 1374 sanctiﬁcari
1773 1319 1879 1389 ju-

207 1399 440 1455 bentur
468 1401 541 1455 ab
570 1400 871 1473 uxoribus,
910 1404 1291 1461 manifestum
1322 1410 1412 1460 est
1459 1406 1518 1461 in
1551 1407 1700 1479 Lege
1730 1406 1876 1463 illud

204 1487 630 1559 Apostolicum
669 1490 991 1546 contineri:
1050 1492 1242 1548 Nolite
1298 1493 1561 1550 fraudale
1608 1495 1875 1566 invicem,

204 1576 337 1632 nisi
378 1576 523 1632 forte
551 1593 620 1633 ex
652 1594 944 1634 consensu
999 1581 1071 1635 ad
1104 1584 1361 1653 tempus,
1395 1586 1462 1636 ut
1510 1582 1721 1638 vacetis
1752 1600 1877 1638 ora-

200 1664 372 1721 tioni
397 1666 440 1733 (Ι
475 1664 594 1720 Cor.
616 1682 714 1730 vn,
751 1666 840 1737 5):
886 1670 945 1724 et
997 1684 1067 1723 ex
1113 1685 1399 1725 consensu
1457 1670 1875 1726 abstinendum

198 1754 279 1808 ab
314 1754 627 1822 uxoribus,
662 1758 729 1809 ut
757 1771 1034 1812 vacemus
1076 1758 1343 1827 orationi,
1376 1762 1513 1814 Post
1541 1758 1663 1814 haec
1687 1760 1874 1831 scrip-

193 1845 340 1947 tium
379 1846 503 1896 est:
531 1843 596 1897 Et
623 1842 814 1898 eduxit
840 1860 926 1899 me
954 1846 1015 1899 in
1046 1848 1256 1901 atrium
1285 1849 1548 1914 exterius,
1566 1853 1617 1903 et
1645 1851 1875 1904 circum-
1903 1882 1952 1947 B

194 1928 389 1985 duxit
408 1946 491 1985 me
515 1945 613 2000 per
641 1936 876 2001 quatuor
903 1934 1132 2003 angulos
1177 1935 1313 1990 atrii
1338 1952 1350 1990 :
1383 1940 1434 1991 et
1472 1952 1588 1992 ecce
1616 1939 1876 1992 atriolum

190 2025 326 2072 erat
360 2018 425 2071 in
454 2019 651 2095 angulo
682 2021 822 2074 atrii
851 2022 1056 2076 atriola
1085 2023 1308 2091 singula
1334 2039 1434 2093 per
1460 2026 1690 2095 angulos
1719 2026 1869 2095 atrii,

191 2109 259 2160 in
280 2094 540 2179 quatuor
557 2109 776 2178 angulis
799 2111 937 2165 atrii
945 2112 1148 2165 atriola
1166 2111 1451 2182 disposita.
1474 2112 1573 2168 Ille
1588 2113 1676 2168 vir
1695 2129 1871 2184 quem

192 2212 373 2268 sepe
410 2198 1048 2265 commemorat,eduxit
1077 2215 1211 2254 eum
1245 2200 1317 2255 de
1355 2200 1480 2256 loco
1503 2202 1872 2257 sacerdotum

192 2285 306 2356 qui
342 2285 622 2357 vergebat
649 2286 719 2340 ad
750 2287 1123 2358 Aquilonem,
1157 2289 1238 2360 (a)
1271 2288 1390 2345 sive
1417 2290 1573 2347 584
1604 2290 1704 2361 qui
1749 2293 1873 2346 erat

190 2376 551 2446 separatus,
584 2375 681 2429 ubi
708 2379 967 2446 coquunt
1013 2377 1344 2433 sacerdotes
1394 2394 1497 2449 pro
1554 2377 1783 2446 delicto,
1816 2382 1874 2433 et

186 2479 309 2535 pro
347 2462 704 2534 peccato,vel
736 2464 1076 2536 ignorantia
1100 2482 1112 2519 :
1133 2466 1333 2521 eduxit
1352 2470 1546 2521 autem
1571 2466 1630 2521 in
1653 2466 1868 2521 atrium

188 2551 502 2608 exterius.
525 2551 604 2606 Ex
634 2568 749 2624 quo
782 2552 1169 2626 intelligimus
1199 2553 1343 2609 illud
1377 2554 1597 2609 atrium
1641 2554 1712 2609 de
1754 2571 1870 2626 quo

187 2656 496 2713 egressus
528 2645 635 2706 est,
667 2641 849 2697 fuisse
881 2642 1148 2711 interius,
1182 2647 1238 2698 et
1270 2642 1459 2699 multa
1478 2660 1608 2699 esse
1630 2643 1779 2699 atria
1810 2643 1870 2698 in

186 2727 542 2801 Scripturis
557 2729 775 2784 sanctis
808 2730 880 2784 de
909 2731 1125 2802 quibus
1146 2730 1397 2803 legimus
1421 2747 1433 2785 :
1455 2731 1563 2795 Qui
1612 2732 1780 2787 statis
1810 2732 1869 2787 in

185 2819 393 2874 domo
416 2816 664 2884 Domini,
690 2818 745 2871 in
768 2817 934 2874 atriis
955 2819 1167 2874 domus
1187 2819 1284 2874 Dei
1308 2819 1489 2875 nostri
1510 2821 1624 2891 (Ps.
1642 2836 1867 2885 cxxxrv,

182 2907 362 2977 2).Et
400 2905 458 2960 in
489 2905 753 2962 Joanne:
783 2907 849 2961 Et
891 2906 1037 2962 alias
1073 2924 1207 2963 oves
1228 2907 1413 2964 habeo
1434 2924 1558 2980 quae
1595 2926 1709 2964 non
1731 2913 1871 2964 sunt

182 3013 259 3052 ex
294 2996 427 3050 hoc
454 2995 622 3060 atrio,
651 2999 707 3049 et
733 2994 866 3050 illas
896 3000 1093 3067 oporte
1125 3013 1218 3052 me
1240 2997 1531 3052 adducere
1556 3016 1569 3065 ;
1593 3002 1649 3053 et
1668 3013 1866 3053 vocem

182 3100 412 3141 meam
443 3083 695 3145 audient.
720 3089 776 3138 et
806 3086 905 3139 {iet
933 3102 1117 3140 unum
1152 3086 1368 3141 atrium
1400 3090 1456 3141 et
1485 3103 1641 3141 unus
1674 3091 1872 3159 pastor

182 3175 391 3246 (Ιοαπ.
420 3190 475 3241 x,
510 3173 595 3243 15)
619 3188 632 3226 :
666 3172 774 3228 hoc
795 3173 950 3229 enim
984 3174 1177 3229 Graece
1202 3171 1344 3241 αὗλή
1372 3174 1684 3247 significat,
1710 3176 1864 3246 quod

182 3243 267 3333 (b)
294 3261 525 3318 Latina
552 3261 900 3333 simplicitas
922 3263 980 3318 in
1011 3263 1158 3319 ovile
1178 3243 1750 3330 transtulit.Quando
1770 3281 1867 3320 au-
1897 3243 1939 3310 α

184 3357 319 3408 tem
346 3350 524 3420 dicit,
547 3367 618 3405 ea:
644 3351 744 3407 hoc
773 3352 942 3417 atrio,
975 3353 1230 3408 ostendit
1263 3369 1390 3409 esse
1421 3357 1477 3408 et
1501 3352 1658 3409 aliud
1680 3353 1865 3425 :quod

184 3440 281 3497 vel
306 3439 379 3494 in
416 3439 683 3511 gentium
732 3440 905 3495 turba
944 3440 1016 3496 ad
1060 3440 1497 3497 distinctionem
1540 3441 1742 3511 Israel,
1777 3439 1867 3498 vel

190 3532 253 3584 in
288 3526 467 3584 caelis
496 3528 569 3583 ad
600 3529 1031 3600 separationem
1058 3530 1273 3585 terreni
1330 3530 1461 3585 atrii
1507 3530 1868 3586 demonstra-

186 3623 330 3673 tur:
359 3623 425 3672 et
452 3632 560 3688 pro
590 3616 874 3688 qualitate
918 3617 1265 3673 meritorum
1316 3617 1634 3690 unicuique
1677 3618 1867 3674 officio

190 3706 425 3762 atrium
446 3704 987 3778 delegatum,super
1010 3723 1125 3778 quo
1143 3706 1201 3761 in
1225 3706 1615 3763 anterioribus
1636 3706 1869 3780 plenius

191 3796 577 3867 disputatum
599 3794 830 3850 est.Hoc
847 3798 1043 3850 autem
1065 3794 1278 3850 atrium
1294 3796 1364 3850 de
1377 3812 1492 3866 quo
1507 3812 1664 3851 nunc
1676 3812 1868 3851 sermo

197 3890 315 3951 est,
352 3898 463 3956 per
489 3882 756 3954 singulos
781 3884 1028 3955 angulos
1075 3887 1330 3956 quatuor
1360 3885 1610 3940 habebat
1640 3884 1869 3951 atriola,

194 3989 339 4045 quae
376 3971 514 4025 LXX
542 3973 769 4027 minora
796 3980 1025 4039 vocant,
1060 3977 1116 4027 et
1146 3989 1254 4028 nos
1283 3989 1387 4044 pro
1437 3972 1709 4028 facilitate
1734 3989 1871 4027 sen—

191 4078 306 4117 sus
350 4058 1013 4132 ﬁmzopzmzxéqﬁtﬁola
1043 4060 1320 4117 diximus.
1346 4061 1742 4133 Quadraginta
1771 4078 1872 4117 cu-

194 4150 476 4205 bitorum
508 4152 674 4203 erant
701 4164 806 4221 per
833 4148 1101 4221 longum,
1127 4154 1185 4205 et
1214 4149 1457 4221 triginta
1504 4166 1607 4221 per
1662 4150 1871 4217 latum,

200 4238 281 4294 De
312 4236 548 4309 quibus
576 4236 837 4292 numeris
864 4237 927 4293 in
969 4237 1079 4293 hoc
1113 4238 1319 4293 eodem
1354 4238 1642 4310 Propheta
1671 4239 1872 4311 dispu-

204 4332 368 4383 tasse
401 4341 498 4380 me
530 4324 791 4394 memini,
823 4326 976 4398 quod
1004 4325 1162 4382 aliud
1186 4327 1259 4383 ad
1282 4325 1690 4382 tribulationes
1707 4333 1761 4382 et
1776 4344 1875 4383 an-

209 4414 469 4487 gustias,
503 4412 663 4469 aliud
697 4415 769 4470 ad
801 4415 1117 4486 perfectam
1141 4415 1427 4470 referatur
1458 4415 1876 4470 mtatemﬂnde

211 4496 613 4575 quadraginta
638 4503 865 4558 duebus
894 4503 1140 4577 Moyses,
1174 4508 1231 4559 et
1289 4502 1464 4571 Elias,
1499 4508 1555 4557 et
1592 4503 1876 4559 Dominus

1994 609 2280 667 Dominus
2311 612 2567 684 trigenta
2597 627 2887 667 annorum
2921 614 3063 680 erat,
3088 627 3222 667 cum
3252 609 3409 667 venit
3434 610 3507 667 ad
3537 609 3643 667 ha-

1990 697 2273 769 ptismum
2302 702 2393 755 :et
2421 699 2481 755 in
2508 699 2618 755 hoc
2649 699 2850 755 eodem
2874 699 3163 772 Propheta
3182 699 3514 757 tricesimus
3546 715 3646 756 an-

1992 802 2105 841 nus
2146 787 2383 858 ponitur
2411 788 2470 843 in
2501 787 2755 843 exordio.
2790 787 2900 843 Ubi
2956 787 3136 860 igitur
3184 786 3317 855 cibi,
3351 787 3433 844 ibi
3458 792 3515 844 et
3543 804 3644 844 an-

1990 874 2185 946 gustia
2215 879 2390 947 atque
2420 874 2689 941 tentatio,
2724 892 2827 946 per
2856 893 2983 948 qua
3014 880 3294 949 parantur
3314 876 3525 933 cibi.Et
3541 874 3643 932 ubi

1988 962 2049 1017 in
2080 964 2317 1035 perfecti
2363 965 2472 1019 viri
2528 964 2862 1021 venerimus
2922 968 3177 1034 aetatem,
3222 965 3302 1020 ibi
3360 963 3645 1021 calcanda

1989 1056 2127 1106 sunt
2156 1052 2435 1122 omnia,et
2464 1052 2774 1108 dicendum
2798 1071 2810 1108 :
2844 1053 3136 1109 Habentes
3167 1044 3384 1109 victum
3435 1056 3492 1109 et
3518 1069 3645 1110 ves-

1988 1140 2282 1209 titum,his
2312 1141 2569 1198 contenti
2598 1142 2787 1198 simus
2815 1142 2862 1213 (I
2896 1143 3032 1198 Tim.
3064 1159 3142 1210 v1,
3173 1142 3251 1213 8).
3296 1141 3401 1197 Et:
3440 1141 3500 1197 Si
3540 1143 3641 1197 de—

1987 1226 2138 1284 derit
2166 1229 2312 1284 mihi
2330 1229 2608 1285 Dominus
2635 1228 2831 1284 cibum
2854 1230 2927 1285 ad
2947 1230 3323 1297 vescendum,
3346 1232 3404 1285 et
3420 1232 3642 1286 vestem

1987 1317 2059 1371 ad
2091 1317 2473 1389 operiendum
2528 1316 2683 1390 (Gen.
2718 1334 2914 1385 xxvm,
2946 1318 3059 1390 20).
3110 1317 3205 1375 Vel
3252 1320 3407 1375 certe
3453 1316 3640 1375 illud:

1986 1405 2130 1459 Esca
2158 1405 2368 1470 ventri,
2402 1409 2459 1461 et
2488 1409 2691 1461 venter
2721 1406 2874 1462 escis
2901 1423 2913 1460 :
2946 1406 3102 1462 Deus
3162 1409 3360 1462 autem
3398 1408 3457 1461 et
3484 1405 3647 1463 hunc

1985 1497 2042 1548 et
2072 1492 2204 1549 illas
2236 1494 2498 1550 destruet
2528 1494 2571 1564 (Ι
2604 1494 2729 1549 Cor.
2763 1511 2840 1560 v1,
2874 1493 2983 1565 13).
3015 1494 3215 1566 Neque
3260 1494 3417 1551 enim
3449 1492 3511 1549 in
3542 1494 3637 1549 fu-

1984 1585 2115 1637 turo
2148 1581 2641 1638 inanducabimus
2671 1586 2728 1638 et
2756 1581 3049 1649 bibemus,
3081 1583 3185 1638 sed
3215 1581 3314 1637 illo
3334 1596 3641 1639 vescemus

1985 1686 2132 1739 pane
2164 1671 2265 1741 qui
2298 1671 2368 1726 de
2416 1669 2571 1747 coelo
2621 1671 2943 1737 descendit,
2977 1671 3049 1726 de
3107 1687 3223 1743 quo
3268 1671 3327 1725 in
3356 1668 3641 1727 Psalterio

1984 1757 2247 1813 canitur:
2282 1762 2498 1814 Panem
2521 1756 2865 1830 angelorum
2887 1757 3041 1815 585
3061 1758 3435 1814 manducavit
3463 1758 3641 1815 homo

1985 1844 2094 1917 (Ps.
2128 1863 2315 1914 Lxxv1,
2346 1847 2459 1919 25).
2491 1850 2589 1902 Et:
2624 1846 2789 1902 Meus
2828 1846 2996 1902 cibus
3045 1851 3153 1911 est,
3186 1850 3252 1902 ut
3292 1846 3503 1903 faciam
3541 1863 3640 1902 vo-

1981 1933 2271 1991 luntatem
2297 1937 2426 2007 ejus
2444 1935 2543 2007 qui
2564 1933 2727 1990 misit
2751 1951 2844 1990 me
2866 1935 3050 2007 (Joan.
3084 1953 3159 2002 IV,
3184 1934 3294 2007 34).
3336 1936 3500 2002 Quod
3529 1951 3641 1992 au-

1981 2028 2100 2079 tem
2123 2040 2400 2079 mensura
2424 2040 2541 2079 una
2562 2022 2906 2079 atriolorum
2923 2020 3047 2079 erat
3063 2027 3335 2096 quatuor,
3362 2040 3489 2096 qua;
3506 2021 3642 2079 atrii

1983 2112 2223 2182 majoris
2253 2112 2501 2185 angulos
2531 2110 2927 2183 possidebant,
2952 2116 3204 2184 quatuor
3225 2112 3433 2168 mundi
3463 2110 3642 2185 signi-

1980 2200 2119 2255 ﬁcat
2145 2199 2349 2272 plagas
2369 2200 2593 2273 (Genes.
2628 2200 2715 2272 lli)
2740 2215 2752 2255 :
2778 2200 2934 2271 quod
2966 2200 3024 2255 in
3058 2201 3270 2257 sudore
3290 2199 3489 2256 vultus
3510 2216 3644 2258 nos-

1980 2288 2054 2343 tri
2082 2289 2462 2345 comedamus
2502 2304 2736 2360 panem,
2751 2292 2809 2343 et
2836 2289 3029 2344 omnis
3059 2288 3225 2345 labor
3252 2288 3441 2345 ventri
3481 2293 3640 2346 ster-

1982 2376 2221 2448 corique
2252 2376 2555 2449 proﬁciat:
2591 2392 2718 2448 quae
2777 2381 3030 2447 quatuor
3093 2375 3323 2447 atriola,
3346 2376 3435 2433 vel
3485 2394 3642 2437 unus

1980 2465 2174 2537 paries
2207 2464 2520 2534 ambiebat,
2555 2469 2611 2520 et
2659 2462 2866 2519 culinae
2915 2464 3210 2521 fabricataa
3240 2468 3408 2520 erant
3437 2467 3642 2524 subter

1988 2553 2249 2625 porticus
2279 2571 2382 2626 per
2407 2551 2733 2625 gyrum,vel
2763 2552 3094 2625 propinqua
3146 2552 3443 2608 habebant
3470 2569 3641 2610 accu-

1980 2642 2140 2697 bita:
2176 2645 2241 2697 ut
2273 2641 2373 2696 ubi
2398 2640 2621 2708 cibi,ibi
2650 2643 2708 2695 et
2738 2656 3151 2696 mensurarum
3183 2640 3544 2712 praeparatio.
3567 2641 3641 2698 Et

1979 2746 2053 2785 ne
2083 2729 2323 2785 forsitan
2347 2729 2643 2802 ignoraret
2660 2728 2945 2801 propheta
2966 2727 3106 2800 quid
3138 2732 3335 2785 essent
3370 2744 3499 2800 qua:
3522 2744 3641 2786 cer-

1980 2823 2159 2885 neret,
2194 2818 2342 2874 dixit
2379 2819 2451 2873 ad
2483 2834 2617 2873 eum
2644 2833 2656 2872 :
2689 2821 2825 2874 Haec
2853 2819 2931 2872 est
2977 2815 3169 2872 domus
3198 2814 3543 2885 culinarum,
3574 2818 3638 2873 in

1978 2923 2088 2979 qua
2115 2911 2343 2977 coquent
2372 2907 2621 2960 ministri
2648 2906 2872 2960 Domini
2914 2906 3165 2960 victimas
3188 2905 3398 2977 populi.
3430 2904 3637 2977 Populi

1979 2995 2216 3067 quidem
2247 2993 2652 3066 victimae,qua3
2679 2993 2995 3049 oﬂ‘erentur
3014 3009 3120 3066 pro
3150 2991 3382 3063 delicto,
3405 2992 3483 3067 (ἀ)
3512 2992 3636 3050 sive

1978 3088 2233 3157 peccato,
2268 3088 2325 3138 et
2349 3083 2701 3156 ignorantia,
2737 3086 2877 3137 sunt
2905 3080 3204 3148 alimenta,
3232 3085 3291 3138 et
3334 3081 3635 3155 refrigeria

1979 3173 2349 3229 sacerdotum
2379 3189 2391 3227 :
2429 3176 2496 3228 ut
2527 3170 2907 3226 meminerint
2936 3169 3084 3225 nihil
3114 3186 3176 3226 se
3226 3169 3386 3226 aliud
3419 3171 3633 3228 debere

1976 3264 2266 3334 appetere,
2301 3276 2436 3316 cum
2468 3260 2646 3315 etiam
2676 3259 2737 3314 in
2794 3258 3012 3332 templo
3064 3274 3271 3315 carnes
3316 3259 3394 3315 ad
3425 3275 3629 3317 eorum

1975 3349 2275 3422 refrigeria
2303 3351 2640 3420 praeparata;
2672 3347 2812 3403 sint.

2045 3442 2181 3510 Cap.
2214 3455 2385 3495 XLVII.
2420 3468 2488 3476 —
2544 3436 2711 3491 Vers.
2774 3439 2799 3489 1
2835 3435 3025 3507 seqq.)
3066 3437 3132 3490 Et
3160 3436 3404 3491 converti
3431 3435 3627 3508 [Vulg.

1974 3527 2261 3596 convertit]
2291 3542 2378 3581 me
2400 3525 2474 3580 ad
2498 3528 2715 3595 portam
2745 3523 2956 3591 domus,
2977 3527 3029 3578 et
3051 3538 3168 3579 ecce
3194 3539 3350 3595 aquae
3380 3522 3633 3596 egredie-

1978 3618 2181 3671 bantur
2208 3615 2396 3670 subter
2434 3614 2600 3669 limen
2624 3612 2816 3669 domus
2846 3612 2916 3667 ad
2946 3612 3243 3668 Orientem.
3268 3613 3453 3668 Facies
3481 3613 3636 3668 enim

1977 3704 2171 3759 domus
2198 3702 2519 3774 respiciebat
2550 3701 2619 3756 ad
2651 3700 3115 3772 OrientemAquae
3143 3702 3329 3755 autem
3348 3699 3636 3756 descende-

1980 3794 2115 3848 bant
2143 3794 2204 3847 in
2236 3791 2378 3845 latus
2407 3790 2599 3861 templi
2626 3788 2882 3844 dextrum
2909 3788 2979 3843 ad
3007 3788 3294 3844 meridiem
3322 3788 3542 3843 altaris.
3568 3789 3638 3843 Et

1976 3882 2169 3937 eduxit
2193 3895 2280 3935 me
2303 3895 2407 3951 per
2425 3879 2575 3933 viam
2592 3881 2772 3947 portae
2791 3876 3156 3948 Aquilonis,et
3175 3878 3444 3932 convertit
3461 3892 3550 3933 me
3566 3875 3639 3932 ad

1978 3975 2124 4027 viam
2141 3972 2291 4041 foras
2316 3970 2534 4040 portam
2561 3967 3060 4033 e.vteriorem,viam
3080 3981 3206 4038 quae
3218 3966 3548 4038 respiciebat
3566 3964 3641 4021 ad

1982 4061 2276 4128 Orientem,
2308 4060 2360 4112 et
2386 4072 2505 4111 ecce
2534 4069 2697 4126 aqua
2746 4053 3122 4110 redundantes
3180 4070 3216 4109 a
3246 4054 3415 4110 latere
3442 4054 3637 4112 dextro

1980 4166 2104 4206 cum
2130 4146 2478 4218 egrederetur
2506 4145 2593 4199 vir
2620 4143 2690 4199 ad
2724 4143 3021 4210 Orientem,
3078 4145 3176 4214 qui
3221 4142 3453 4199 habebat
3489 4145 3642 4215 [uni-

1979 4238 2167 4293 culum
2198 4237 2259 4289 in
2288 4251 2461 4288 manu
2488 4249 2610 4293 sua.
2633 4239 2683 4288 et
2737 4247 2957 4287 mensus
3002 4238 3080 4287 est
3123 4231 3279 4287 mille
3328 4231 3558 4301 cubilos,
3589 4238 3645 4288 et

1983 4323 2301 4381 transduxit
2330 4338 2415 4377 me
2426 4338 2528 4394 per
2538 4338 2736 4391 aquam
2754 4336 2930 4392 usque
2951 4319 3021 4375 ad
3052 4320 3190 4375 talos
3211 4318 3354 4391 (sive
3381 4320 3644 4373 transivit

1982 4417 2045 4470 in
2073 4430 2217 4484 aqua
2246 4427 2453 4484 aquam
2499 4410 2883 4479 remissionis).
2934 4411 3275 4478 Rursumque
3319 4419 3538 4462 mensus
3564 4407 3642 4461 est

1982 4501 2170 4568 mille,
2202 4506 2256 4557 et
2285 4500 2601 4555 transduxit
2645 4514 2732 4553 me
2785 4514 2887 4567 per
2929 4512 3134 4569 aquam
3162 4510 3334 4566 usque
3362 4494 3433 4549 ad
3459 4509 3643 4563 genua
3692 4558 3713 4575 θ

213 4597 391 4664 atque
419 4589 691 4646 Salvator
718 4590 777 4645 in
810 4607 1002 4647 eremo
1049 4592 1398 4663 jejunarunt
1441 4591 1632 4663 (Exod.
1666 4609 1873 4660 xxxw;
1907 4609 1953 4675 D
1984 4593 2127 4664 (sive
2159 4592 2416 4647 transivit
2448 4591 2505 4643 in
2536 4604 2680 4658 aqua
2734 4603 2937 4659 aquam
2981 4601 3153 4656 usque
3196 4583 3267 4639 ad
3291 4585 3545 4655 femora).
3576 4584 3642 4675 Et

216 4681 291 4737 III
324 4681 458 4748 Reg.
490 4695 589 4733 xxx
616 4696 631 4746 ;
687 4679 814 4735 Mat.
868 4696 953 4747 1x;
1011 4681 1140 4735 Luc.
1175 4680 1293 4751 1n):
1325 4684 1381 4734 et
1419 4679 1490 4733 ad
1522 4680 1878 4736 sacerdotale
1908 4669 1944 4675 —
1983 4697 2203 4736 mensas
2230 4682 2304 4735 est
2334 4676 2513 4743 mille,
2549 4684 2599 4732 et
2629 4675 2876 4731 traduxit
2902 4690 2987 4729 me
3007 4690 3112 4745 per
3139 4688 3339 4745 aquam
3376 4685 3547 4742 usque
3573 4669 3646 4725 ad

219 4769 478 4824 ofﬁcium
513 4784 631 4823 non
670 4772 803 4840 post
822 4768 893 4839 (c)
908 4768 1251 4823 vicesimum
1275 4766 1546 4839 quintum
1579 4768 1764 4822 astatis
1780 4785 1879 4823 an-

294 4913 370 4981 (a)
392 4910 637 4983 Supplet
653 4910 1074 4979 Victorius,ubi
1093 4915 1213 4983 erat
1229 4911 1374 4983 locus
1388 4925 1613 4979 vergens
1641 4912 1713 4966 ad
1740 4916 1879 4966 occi-

226 4980 443 5037 dentem
469 4980 540 5038 ei
556 4997 725 5038 sacro
745 4983 964 5051 codicc,
976 4980 1369 5054 junctisgLXX
1392 4998 1405 5049 ;
1440 4997 1578 5036 nam
1597 4986 1654 5036 et
1681 4983 1877 5054 verba,

229 5054 561 5125 inquit,sive
578 5056 676 5125 qui
688 5058 810 5109 erat
838 5052 1325 5125 separatus,aliam
1342 5053 1880 5125 interpretationem

233 5123 601 5196 praecessisse
636 5123 937 5192 denotant,
969 5141 1095 5181 eam
1131 5124 1351 5180 scilicet
1371 5123 1729 5196 Hieronymi,
1760 5140 1880 5180 ver-

240 5213 365 5266 gens
395 5196 463 5251 ad
488 5196 863 5252 Occidentem.

302 5269 377 5336 (b)
409 5267 859 5338 Simplicitatem
887 5267 1229 5339 hujusmodi
1290 5266 1553 5339 Latinam
1603 5283 1719 5322 non
1753 5283 1881 5323 mu-

240 5340 377 5393 tavit
405 5342 461 5392 S.
496 5343 728 5410 Doctor,
758 5356 893 5395 cum
914 5340 1095 5410 jussu
1145 5338 1380 5410 Damasi
1440 5355 1653 5394 novum
1698 5341 1883 5393 testa-

244 5414 501 5465 mentum
531 5409 742 5465 Graecze
769 5410 902 5466 ﬁdei
924 5409 1207 5466 reddidit.
1243 5409 1427 5463 MART.

306 5481 375 5550 (ε)
411 5480 530 5536 Hoc
560 5485 796 5553 propter
840 5482 983 5537 LXX
1038 5481 1574 5553 interpretationem
1620 5479 1887 5553 observat

1986 4785 2144 4825 renes
2174 4768 2317 4839 (sive
2344 4774 2396 4822 et
2424 4766 2683 4821 transivit
2724 4780 2926 4836 aquam
2980 4777 3149 4834 usque
3177 4761 3248 4817 ad
3294 4758 3546 4830 lumbos).
3575 4757 3647 4813 Et

1990 4910 2206 4966 mirum
2258 4906 2359 4961 ubi
2388 4922 2527 4961 non.
2561 4907 2591 4959 4
2621 4904 2681 4958 in
2718 4903 2891 4976 Vulg.
2910 4905 3086 4976 juxta
3111 4902 3416 4976 Hebraeum
3431 4897 3645 4976 scribi-

1989 4986 2108 5048 tur,
2142 4997 2176 5034 a
2204 4977 2501 5032 tricesimo
2533 4992 2711 5048 anno
2742 4971 3251 5048 sumi'ministros
3279 4972 3339 5027 in
3367 4971 3644 5048 taberna-

1992 5042 2125 5107 culo
2156 5048 2411 5114 fmderis,
2450 5064 2485 5103 a
2538 5045 2816 5102 vicesimo
2869 5044 3095 5117 quinto
3128 5046 3429 5100 verterunt
3480 5042 3643 5110 LXX,
3740 5109 3749 5114 ρ

1994 5121 2151 5195 quod
2182 5124 2238 5176 et
2267 5119 2519 5174 Victorio
2550 5121 2818 5173 notatum
2849 5115 2905 5171 et
2932 5115 3263 5171 Martiauaao
3290 5118 3398 5170 est.

2062 5193 2139 5240 (di
2170 5190 2377 5240 Inverti
2410 5188 2632 5240 mavult
2656 5188 2948 5240 Victorius
2980 5186 3157 5240 verba
3187 5186 3297 5240 hoc
3319 5185 3449 5240 mod

2013 5186 2030 5195 ⁸
2062 5193 2139 5319 sd)
2170 5190 2377 5247 Inverti
2410 5188 2632 5244 mavult
2656 5188 2948 5271 Victorius
2980 5186 3157 5242 verba
3187 5186 3297 5242 hoc
3319 5186 3510 5255 modo,
3542 5198 3645 5252 pro

1991 5265 2060 5321 de
2087 5266 2215 5331 icto,
2243 5264 2357 5318 sive
2389 5261 2707 5329 ignorantia
2736 5267 2787 5313 et
2815 5329 2826 5331 _
2836 5274 2940 5329 pro
2988 5265 3232 5331 peccato,
3266 5254 3648 5331 quomodo_et

1994 5352 2175 5407 supra
2205 5324 2511 5407 scribitur:
2544 5333 2610 5386 Et
2637 5324 3128 5407 considerandum,
3180 5324 3333 5407 quod.
3367 5328 3514 5407 locus
3543 5324 3643 5379 Sa-

1993 5400 2288 5473 cefdotum,
2337 5404 2431 5458 ubi
2478 5417 2575 5473 pro
2633 5400 2831 5473 delicto
2880 5401 2994 5456 sive
3048 5400 3387 5473 ignorantia,
3444 5403 3516 5473 et_
3542 5410 3649 5466 pro

1991 5482 2207 5548 peccato
2236 5465 2543 5548 coquuntur
2570 5472 2875 5548 sacriﬁcia,
2905 5477 3015 5548 etc.
3063 5465 3348 5548 Praeterea
3375 5465 3379 5466 ί
3402 5465 3647 5548 verbum

246 5536 628 5624 Hieronymus
653 5536 832 5618 {nam
852 5536 1249 5608 Numerorum
1311 5550 1498 5622 capite
1536 5554 1744 5631 quarto
1776 5548 1887 5620 ipsi
1991 5536 2137 5604 Hel).
2173 5536 2339 5611 mea,
2365 5544 2520 5671 quod
2542 5536 2740 5613 utique
2762 5541 3039 5624 delictum
3056 5536 3650 5625 signiﬁcat,u_surpari

246 5619 439 5671 legunt
467 5640 503 5671 a
534 5625 788 5671 vicesima
817 5626 1024 5671 auium-
1061 5623 1157 5671 ubi
1190 5623 1352 5671 iuxta
1367 5623 1708 5671 Hebralcam
1740 5620 1886 5671 veri-
1997 5625 2192 5671 tamen
2221 5633 2323 5671 oro
2411 5615 2580 5671 elicto
2626 5629 2729 5671 uer
2779 5616 3173 5671 ignorantiam
3228 5625 3562 5671 commisso.
3593 5610 3650 5666 et

245 5619 503 5696 leguntja
534 5625 788 5696 vicesimo
817 5626 1025 5696 quinto,
1061 5623 1159 5678 ubi
1182 5623 1352 5693 juxta
1366 5619 1708 5678 Hebraicam
1740 5619 1886 5696 ve:r_i_-

246 5692 417 5751 tatem
445 5693 765 5767 legendum
795 5692 907 5765 est,
937 5712 972 5752 a
1000 5692 1271 5752 tricesimo
1294 5709 1461 5751 anno.
1484 5697 1668 5749 MART.
1700 5723 1770 5736 —
1797 5692 1888 5749 Ni-

1997 5625 2192 5675 tamen
2221 5608 2334 5688 pro
2370 5608 2604 5688 delicto
2626 5608 2729 5685 per
2779 5608 3173 5688 ignorantiam
3228 5608 3562 5681 commisso,
3593 5610 3652 5666 et

1997 5684 2390 5763 ignorantiam
2420 5684 2716 5744 interdum
2745 5684 3046 5758 appellari.
