3944 6178
371 383 491 452 ³6⁸7

1624 382 1691 452 S.
1734 386 2047 453 EUSEBII
2089 376 2535 453 HlERONYMl

3612 381 3710 453 £68

374 540 596 581 mensus
626 530 707 582 est
732 525 888 583 mille
915 532 1398 598 torrentem,qu
1422 538 1535 579 non
1568 524 1723 594 potui
1767 525 2011 592 pertran-
2047 524 2101 586 Α
2134 538 2315 575 meus.
2341 523 2428 576 Me
2458 521 2893 594 dereliquerunt
2920 521 3139 579 fontem
3172 536 3331 594 aqua
3359 517 3560 593 vivaci
3576 521 3709 579 fode-

375 616 507 683 sire,
539 617 802 687 quoniam
830 618 1205 672 intumuerunt
1252 632 1409 687 aqua:
1436 612 1728 685 profundae
1764 612 1867 681 [Αι.
1900 629 2026 683 pro-

378 703 569 773 fundi]
598 707 879 773 torrentis,
914 708 1029 776 qui,
1060 722 1168 760 non
1195 710 1407 776 poterat
1438 701 1828 774 [Vulgpotest]
1853 709 2026 755 trans-

376 792 603 849 vadari.
638 794 745 848 Pro
775 809 890 865 quo
922 794 1060 848 LXX
1112 792 1571 848 transtulerunt:
1610 793 1674 845 Et
1700 806 1920 845 mensus
1947 793 2025 844 est

374 882 551 948 mille,
582 885 635 936 et
659 898 770 937 non
793 885 1011 954 poterat
1036 884 1374 953 pertransire
1406 899 1418 935 :
1451 881 1708 951 quoniam
1746 879 2026 949 ferebatur

379 986 525 1042 aqua
558 973 729 1026 instar
752 972 1054 1042 praecipitis
1084 973 1360 1036 torrentis,
1392 971 1488 1040 qui
1528 970 1759 1023 transiri
1786 983 1892 1022 non
1924 983 2020 1035 po-

381 1061 685 1130 test.Aquas
710 1060 834 1115 istae
879 1076 1006 1131 quze
1038 1059 1485 1131 egrediebantur
1503 1058 1703 1114 subter
1722 1055 1899 1110 limen
1922 1056 2022 1110 do-

378 1162 538 1214 mus,
568 1148 627 1203 id
658 1151 744 1203 est
774 1146 995 1220 templi,
1030 1166 1144 1203 non
1194 1148 1527 1203 ferebantur
1570 1146 1640 1200 ad
1671 1144 2021 1216 Aquilonem

378 1240 437 1293 et
461 1236 532 1291 ad
566 1226 719 1293 586
752 1236 1160 1293 Occidentem:
1197 1238 1298 1292 sed
1329 1241 1384 1291 et
1428 1236 1501 1290 ad
1530 1234 1843 1303 Orientem,
1877 1239 1933 1288 et
1961 1233 2022 1288 in

375 1324 557 1381 latere
584 1325 788 1397 templi
820 1325 1105 1393 dextro,id
1137 1331 1243 1395 est,
1269 1326 1341 1380 ad
1374 1322 2023 1395 Meridiem,ipsamque

375 1413 679 1469 Meridiem
713 1430 829 1467 non
857 1413 1175 1484 cujuslibet
1228 1413 1362 1483 loci,
1395 1413 1492 1468 sed
1527 1411 1745 1467 altaris.
1787 1412 1867 1465 Ex
1905 1428 2020 1482 quo

373 1500 751 1573 perspicuum
801 1502 885 1569 fit,
920 1518 1120 1557 sacras
1179 1518 1307 1558 esse
1359 1517 1558 1570 aquas,
1592 1503 1648 1554 et
1705 1499 2021 1555 Salvatoris

372 1588 557 1643 nostri
588 1589 920 1660 significare
950 1591 1274 1645 doctrinam
1288 1590 1469 1660 ,juxta
1493 1587 1635 1643 illud
1658 1588 1811 1658 quod
1837 1588 2019 1658 scrip-

372 1679 501 1732 tum
536 1681 663 1733 est:
695 1677 777 1732 De
807 1678 947 1733 Sion
979 1679 1310 1750 egredietur
1330 1677 1502 1747 lex,et
1528 1676 1767 1731 verbum
1790 1675 2021 1730 Domini

369 1764 443 1820 de
470 1764 793 1821 Jerusalem
827 1766 980 1836 (Isai.
1016 1784 1078 1834 ιι,
1132 1767 1206 1837 3).
1242 1766 1308 1820 Et
1351 1765 1408 1819 in
1442 1764 1555 1820 alio
1585 1764 1747 1819 loco:
1782 1763 2022 1835 Repleta

369 1857 512 1909 sunt
540 1853 737 1908 omnia
766 1853 1010 1909 scientia
1036 1854 1290 1920 Domini,
1316 1853 1467 1909 sicut
1496 1869 1649 1924 aqua
1676 1851 1863 1907 multa
1883 1868 2017 1923 cpe-
2048 1883 2096 1947 B

359 1940 528 2011 .riens
560 1958 718 1996 mare
749 1942 899 2011 (Isai.
930 1958 1008 2006 x1,
1039 1941 1116 2013 9),
1168 1942 1246 1996 De
1286 1941 1379 1996 his
1428 1941 1597 2012 aquis
1627 1944 1683 1994 et
1710 1939 2017 1994 Zacharias

367 2028 659 2099 Propheta
681 2028 1038 2084 vaticinatus
1065 2033 1173 2096 est,
1235 2028 1468 2084 dicens:
1506 2029 1569 2083 In
1601 2027 1694 2083 die
1736 2026 1831 2081 illo
1858 2043 2019 2099 egre-

370 2114 564 2171 dietur
592 2132 746 2187 aqua
773 2116 970 2172 vivens
1001 2118 1072 2172 de
1099 2116 1448 2183 Jerusalem,
1498 2120 1556 2171 et
1601 2115 1862 2171 medium
1894 2115 2021 2185 ejus

367 2200 430 2259 in
461 2220 620 2259 mare
651 2204 938 2276 primum:
969 2204 1232 2260 medium
1259 2209 1454 2259 autem
1475 2202 1635 2259 illius
1658 2204 1716 2258 in
1745 2219 1904 2257 mare
1926 2218 2022 2257 no-

367 2290 683 2347 vissimum
713 2293 895 2362 (Zach.
933 2309 1045 2362 x1v,
1069 2292 1232 2363 8).De
1262 2292 1354 2346 his
1386 2291 1556 2363 aquis
1588 2295 1645 2345 et
1676 2291 1745 2345 ad
1773 2289 2022 2344 Samari-

368 2380 568 2434 tanam
602 2381 885 2436 Dominus
914 2380 1299 2452 loquebatur:
1333 2380 1393 2434 Si
1426 2379 1604 2436 scires
1638 2379 1777 2451 quid
1811 2383 1899 2433 est
1919 2378 2017 2448 qui

367 2465 512 2521 dicit
531 2466 659 2534 tibi,
693 2467 777 2523 Da
808 2467 953 2523 mihi
984 2468 1202 2539 bibere,
1243 2473 1307 2523 tu
1334 2468 1581 2523 forsitan
1614 2468 1862 2538 petisses
1885 2483 2018 2521 eum

369 2558 428 2610 et
458 2554 715 2611 dedisset
741 2556 847 2611 tibi
879 2573 1089 2625 aquam
1148 2557 1438 2611 viventem
1488 2557 1665 2627 (Joan.
1700 2573 1777 2620 1v,
1811 2556 1920 2625 10).
1955 2555 2022 2608 Et

366 2641 583 2698 iterum
607 2660 621 2698 :
655 2644 861 2700 Omnis
892 2644 993 2716 qui
1021 2645 1172 2700 bibit
1210 2646 1281 2701 de
1312 2661 1465 2716 aqua
1494 2646 1624 2715 ista,
1645 2643 1800 2700 sitiet
1828 2644 2018 2698 denuo

368 2730 471 2803 qui
501 2735 699 2787 autem
729 2732 942 2787 biberit
971 2750 1040 2787 ex
1070 2749 1223 2803 aqua
1255 2749 1431 2804 quam
1463 2748 1567 2803 ego
1612 2733 1762 2787 dabo
1793 2732 1868 2798 ei,
1902 2748 2016 2785 non

368 2817 528 2874 sitiet
553 2819 614 2873 in
644 2823 929 2875 aeternum
962 2821 1119 2891 (Ibid.
1154 2822 1264 2892 43).
1290 2822 1357 2875 Et
1385 2820 1444 2873 in
1474 2819 1692 2891 templo
1724 2818 2017 2874 clamabat

368 2907 544 2975 atque
573 2906 839 2962 dicebat:
864 2907 923 2962 Si
950 2908 1083 2978 quis
1115 2908 1259 2978 sitit,
1294 2908 1487 2962 veniat
1518 2909 1589 2961 ad
1622 2911 1799 2973 me,et
1829 2906 2010 2961 bibat.

369 2991 479 3058 Qui
509 2993 694 3049 credit
723 2994 781 3048 in
815 3012 907 3050 me
938 2996 1112 3065 (sicut
1140 2995 1280 3049 dicit
1310 2995 1631 3067 Scriptura)
1673 2994 1916 3049 flumina
1945 2995 2014 3050 de

366 3085 569 3137 ventre
598 3083 725 3153 ejus
757 3083 939 3138 ﬂuent
966 3100 1130 3155 aqua:
1162 3083 1330 3138 viwe:
1364 3083 1474 3139 hoc
1529 3087 1724 3138 autem
1766 3082 1911 3138 dixit
1941 3083 2013 3138 de

370 3168 583 3240 Spiritu
615 3188 790 3242 quem
836 3173 1127 3243 accepturi
1185 3176 1351 3227 erant
1405 3173 1705 3227 credentes
1764 3173 1820 3225 in
1876 3188 2007 3226 eum

2136 616 2272 664 runt
2301 611 2411 666 sibi
2433 611 2616 679 lacus,
2649 612 2747 682 qui
2781 628 2995 682 aquam
3029 610 3321 667 continere
3349 627 3457 666 non
3504 617 3717 681 possunt

2134 699 2267 768 (Jer.
2302 716 2363 765 ιι,
2402 700 2507 769 13).
2542 700 2703 754 Sicut
2732 699 2912 771 igitur
2941 698 3192 772 legimus
3213 696 3271 753 in
3297 698 3499 753 bonam
3530 704 3719 769 partem

2132 802 2315 858 aquas
2346 804 2469 859 quae
2501 789 2881 859 egrediuntur
2913 790 2985 843 de
3034 787 3234 842 limine
3288 786 3504 858 templi,
3533 790 3583 841 et
3608 787 3725 841 refe-

2134 880 2344 931 runtur
2374 877 2443 931 ad
2476 876 2803 931 doctrinam
2835 875 3139 932 Ecclesize:
3171 876 3252 931 sic
3272 880 3407 931 sunt
3432 891 3725 947 aqumama-

2132 980 2229 1030 ras,
2262 969 2318 1019 et
2347 982 2508 1036 aquae
2540 965 2806 1036 pessimae
2865 965 2937 1019 ad
2980 981 3127 1035 quas
3181 963 3460 1019 Jeremias
3491 962 3731 1034 propheta

2132 1069 2238 1107 nos
2261 1052 2527 1124 prohibet
2555 1054 2845 1123 accedere,
2868 1053 3067 1108 dicens
3091 1051 3247 1123 (Ibid.
3284 1052 3367 1123 18)
3397 1068 3409 1106 :
3433 1050 3571 1117 Quid
3598 1050 3731 1105 vobis

2131 1144 2189 1195 et
2210 1141 2313 1195 vite
2343 1140 2589 1212 Egypti,
2625 1148 2689 1196 ut
2715 1141 2932 1196 bibatis
2961 1142 3032 1196 de
3063 1141 3231 1213 aquis
3261 1140 3413 1196 Geon
3433 1139 3461 1193 ‘i
3508 1156 3625 1209 quae
3647 1142 3731 1191 He-

2132 1229 2323 1285 braice
2353 1230 2629 1285 dicuntur
2660 1246 2782 1285 SIOB
2821 1230 3043 1301 (Ἥκω),
3075 1229 3132 1283 id
3164 1233 3270 1299 est,
3320 1227 3555 1282 turbidae
3590 1230 3735 1298 atque

2132 1333 2393 1373 caenosas.
2434 1319 2509 1373 De
2539 1318 2755 1389 quibus
2785 1318 2967 1372 iratus
3000 1332 3175 1389 snper
3202 1315 3486 1371 haereticis
3514 1313 3738 1385 loquitur

2132 1405 2289 1460 Deus
2316 1422 2329 1460 :
2360 1408 2506 1462 Ecce
2531 1422 2635 1478 ego
2662 1406 2867 1461 cibabo
2924 1422 3023 1461 eos
3080 1405 3395 1477 angustiis,
3427 1408 3483 1459 et
3509 1403 3645 1458 dabo
3671 1402 3737 1456 eis

2131 1496 2335 1564 potum
2368 1510 2579 1565 aquam
2612 1493 2765 1550 fellis
2798 1494 3014 1564 (Jerem.
3046 1511 3120 1549 ιχ.
3154 1493 3243 1563 45)
3272 1510 3286 1558 ;
3349 1493 3408 1547 in
3451 1508 3561 1563 qua
3594 1491 3740 1545 draco

2129 1586 2335 1652 regnat
2357 1582 2678 1654 Egyptius,
2716 1582 2815 1653 qui
2848 1581 3025 1637 dicit:
3061 1582 3187 1637 Mea
3245 1584 3387 1636 sunt
3416 1577 3671 1644 flumina,
3699 1581 3745 1631 et

2128 1685 2233 1740 ego
2269 1669 2373 1724 feci
2402 1687 2469 1724 ea
2502 1688 2515 1737 ;
2578 1671 2679 1741 qui
2713 1687 2885 1725 omne
2916 1669 3209 1725 excelsum
3240 1669 3425 1739 videt,
3457 1673 3511 1723 et
3539 1666 3655 1739 ipse
3674 1668 3747 1720 est

2129 1774 2228 1812 rex
2254 1775 2455 1813 eorum
2487 1759 2584 1830 qui
2617 1758 2677 1813 in
2707 1759 2876 1830 aquis
2908 1763 3061 1814 sunt.
3098 1758 3261 1814 Unde
3290 1759 3382 1812 vir
3418 1754 3746 1812 Ecclesiasti-

2130 1863 2233 1902 cus
2270 1847 2579 1902 Dominum
2612 1847 2981 1919 deprecatur,
3004 1852 3060 1902 et
3081 1846 3223 1903 dicit
3250 1863 3263 1902 :
3290 1845 3527 1902 Salvum
3558 1860 3642 1899 me
3673 1843 3747 1897 fac

2130 1934 2374 1990 Domine
2408 1937 2679 2004 quoniam
2712 1937 3073 1991 intraverunt
3119 1952 3282 2007 aqua).
3341 1951 3526 2006 usque
3554 1933 3619 1988 ad
3644 1930 3748 1986 ani-

2131 2032 2288 2078 mam
2323 2040 2530 2079 meam.
2562 2024 2781 2080 Inﬁxus
2809 2041 2940 2080 sum
2991 2024 3050 2078 in
3081 2023 3221 2080 limo
3252 2022 3547 2095 profundi,
3575 2024 3627 2076 et
3652 2035 3747 2074 non

2133 2117 2223 2167 est
2255 2113 2610 2178 substantia,
2643 2114 2711 2184 (c)
2769 2118 2825 2168 et
2853 2116 3173 2184 tempestas
3226 2111 3507 2168 demersit
3542 2126 3627 2165 me
3655 2108 3750 2179 (Ps.

2132 2218 2326 2266 vam,
2360 2202 2411 2267 1,
2444 2202 2518 2271 2).
2553 2205 2619 2256 Et
2648 2202 2860 2256 iterum
2888 2218 2903 2268 ;
2938 2200 3144 2257 Libera
3174 2217 3265 2256 me
3286 2201 3365 2256 ab
3396 2200 3489 2255 his
3512 2199 3602 2271 qui
3630 2196 3752 2252 odo-

2130 2295 2268 2344 runt
2300 2306 2411 2361 me,
2431 2294 2488 2345 et
2514 2290 2584 2346 de
2615 2290 2922 2362 profundis
2943 2305 3229 2361 aquarum
3258 2305 3417 2345 :non
3458 2303 3547 2342 me
3582 2282 3752 2358 praci-

2130 2377 2271 2449 pitet
2300 2381 2617 2449 tempestas
2648 2395 2945 2450 aquaamec
2977 2378 3288 2433 absorbeat
3312 2394 3409 2432 me
3426 2374 3750 2449 profundum

2129 2483 2318 2537 neque
2343 2471 2546 2539 urgeat
2562 2484 2737 2539 super
2753 2484 2845 2522 me
2868 2471 3078 2537 puteus
3097 2483 3160 2521 os
3185 2482 3366 2521 suum
3390 2464 3544 2538 (Ibid.
3566 2461 3757 2531 xv,-16).

2129 2558 2195 2609 Et
2218 2554 2273 2609 in
2309 2555 2420 2610 alio
2442 2554 2668 2626 psalmo
2695 2572 2705 2610 :
2733 2555 2855 2610 Nisi
2876 2556 3012 2626 quia
3036 2554 3332 2610 Dominus
3366 2557 3490 2609 erat
3513 2553 3568 2606 in
3588 2548 3754 2613 nobis,

2127 2642 2286 2698 dicat
2315 2660 2469 2698 nunc
2494 2643 2670 2699 Israel
2694 2661 2706 2698 :
2741 2643 2855 2697 nisi
2877 2643 3017 2714 quia
3037 2642 3329 2698 Dominus
3362 2646 3486 2698 erat
3510 2640 3567 2694 in
3594 2635 3757 2706 nobis,

2126 2732 2270 2787 Cum
2301 2735 2678 2803 exsurgerent
2707 2731 2976 2786 homines
2995 2731 3055 2786 in
3077 2748 3203 2801 nos,
3231 2731 3481 2787 forsitan
3508 2728 3656 2783 vivos
3677 2725 3761 2779 cleo

2125 2819 2443 2891 glutissent
2478 2837 2604 2875 nos.
2640 2820 2785 2875 Cum
2817 2819 3166 2875 irasceretur
3194 2820 3366 2885 furor
3388 2833 3573 2875 eorum
3599 2826 3760 2885 super

2125 2908 2501 2972 nos,forsitan
2521 2925 2673 2980 aqua
2694 2909 3092 2965 absorbuisset
3115 2925 3218 2963 nos
3241 2909 3425 2980 (Psal.
3448 2902 3758 2974 cxxm,1-3).

2123 2996 2192 3050 Et
2215 2996 2440 3067 Sponsa
2479 2997 2537 3051 in
2569 2997 2804 3052 Cantico
2836 2998 3194 3053 canticorum
3220 2999 3434 3069 :Aqua
3453 2994 3629 3051 multa
3650 3007 3753 3046 non

2122 3086 2335 3155 poterit
2359 3086 2719 3159 restinguere
2750 3085 3113 3151 charitatem,
3146 3089 3203 3140 et
3232 3084 3494 3140 flumina
3533 3098 3643 3138 non
3672 3080 3758 3135 de-

2124 3178 2386 3244 mergent
2415 3190 2543 3229 eam
2574 3174 2750 3245 (Cant.
2784 3192 2907 3241 vm,
2938 3176 3015 3244 7).
3051 3178 3167 3229 Ista
3197 3177 3286 3228 est
3339 3189 3526 3244 aqua,
3558 3171 3626 3225 de
3656 3183 3759 3239 qua

372 3257 549 3329 (Joan.
581 3275 680 3326 v11,
713 3260 802 3329 37,
831 3260 943 3330 38).
980 3260 1105 3314 Ista:
1138 3265 1277 3315 sunt
1309 3278 1472 3331 aquas
1506 3262 1575 3315 de
1626 3261 1841 3332 quibus
1874 3277 2009 3332 pro-
2043 3243 2085 3308 C
2124 3243 2275 3315 dicit
2292 3261 2435 3317 Osce
2460 3243 2856 3333 :Contempsit
2877 3243 3210 3317 meGalaad
3233 3243 3472 3329 civitas,
3497 3276 3622 3332 qua:
3640 3271 3758 3329 ope-

369 3346 542 3417 pheta
563 3347 910 3419 loquebatur
931 3349 989 3403 in
1013 3348 1258 3421 psalmo:
1281 3354 1464 3421 Super
1485 3366 1666 3421 aquas
1681 3349 2011 3403 refectionis
2122 3353 2285 3423 ratur
2312 3350 2980 3419 vanitates,conturbans
3002 3367 3240 3422 aquam,
3260 3356 3319 3405 et
3343 3348 3629 3406 Fortitudo
3646 3347 3759 3415 ejus

367 3434 635 3491 educavit
664 3453 757 3492 mc
787 3438 901 3508 (Ps.
942 3455 1078 3504 χχιι,
1113 3440 1188 3508 ‘2).
1237 3438 1302 3492 Et
1352 3438 1648 3493 Ezechiel:
1694 3443 2006 3492 Assumam
2117 3436 2225 3491 viri
2249 3438 2448 3509 piratae
2494 3437 2643 3506 (Osee
2672 3456 2747 3505 VI,
2777 3440 2834 3504 7,
2866 3439 2940 3510 8).
2989 3441 3123 3505 Quae
3172 3455 3324 3508 aqua
3377 3438 3494 3494 alio
3541 3433 3761 3491 nomine

362 3539 465 3580 vos
497 3525 568 3580 de
615 3526 889 3598 gentibus
917 3528 998 3598 (ιι)
1022 3530 1077 3582 et
1106 3528 1176 3582 de
1203 3527 1396 3591 terris,
1420 3532 1476 3581 et
1506 3542 1811 3598 aspergam
1834 3543 2009 3597 super
2116 3531 2353 3581 vocatur
2382 3544 2558 3595 MARA,
2592 3527 2701 3582 hoc
2729 3532 2838 3597 est,
2865 3527 3215 3587 amaritudo;
3248 3527 3305 3581 in
3338 3543 3526 3598 quam
3549 3524 3761 3596 lignum

360 3629 463 3669 vos
489 3631 703 3686 aquam
736 3616 1038 3686 mundam,
1072 3619 1128 3670 et
1158 3614 1586 3671 mundabimini
1632 3631 1700 3669 ex
1731 3616 2005 3671 omnibus
2114 3598 2313 3671 Crueis
2347 3616 2617 3681 mittitur,
2651 3621 2707 3670 et
2739 3632 2939 3671 amara
2967 3616 3351 3671 vertunturin
3377 3614 3598 3670 dulcia.
3624 3613 3765 3667 Con-

358 3699 773 3759 immundatiis
801 3703 1011 3759 vestris
1073 3703 1285 3775 (Ezech.
1320 3721 1513 3768 xxxvx,
1543 3705 1632 3770 24,
1666 3704 1779 3774 25).
1815 3708 2003 3775 Appa-
2112 3703 2305 3759 sidera
2327 3704 2512 3777 legem
2532 3704 2792 3777 Moysi,si
2811 3703 3169 3777 intelligatur
3179 3706 3347 3776 juxta
3367 3718 3612 3760 sensum
3634 3701 3769 3755 Car-

355 3796 604 3847 ruerunt
631 3792 786 3847 enim
820 3793 1007 3849 fontes
1055 3808 1364 3865 aquarum.
1418 3793 1487 3847 Et
1532 3792 1593 3848 in
1623 3792 2001 3864 nonagesimo
2112 3809 2287 3848 neum
2304 3793 2960 3865 Judzeorum,quomodo
2984 3810 3186 3848 amara
3208 3794 3303 3859 sit,
3329 3791 3615 3848 effodiens
3635 3804 3767 3844 ocu-

352 3880 611 3934 secundo
643 3880 874 3935 Psalmo
906 3881 1172 3935 canitur:
1204 3880 1587 3936 Elevaverunt
1616 3881 1879 3945 ﬂumina,
1899 3885 2000 3936 Do-
2108 3880 2230 3937 lum
2256 3899 2358 3954 pro
2375 3882 2563 3949 oculo,
2590 3882 2822 3937 dentem
2842 3898 2943 3953 pro
2967 3881 3346 3952 dente(E:rod.
3375 3884 3500 3947 xxx)
3522 3897 3536 3935 :
3562 3877 3768 3952 (d)vide

351 3965 531 4033 mine,
564 3966 933 4022 elevaverunt
961 3968 1206 4023 ﬂumina
1235 3985 1403 4024 voces
1432 3985 1570 4024 suas
1592 3969 1667 4038 (b)
1698 3986 1732 4024 a
1760 3970 1997 4024 vocibus
2106 3970 2167 4024 in
2199 3971 2454 4025 Thamar
2483 3970 2924 4025 fornicationem
2958 3970 3028 4037 (Il
3048 3975 3177 4038 Reg.
3210 3971 3358 4041 x111),
3386 3974 3447 4026 et
3476 3968 3767 4038 Oseejun-

351 4068 640 4123 aquarum
676 4054 1016 4111 multarum.
1044 4056 1340 4112 Mirabiles
1362 4056 1644 4112 elationes
1674 4056 1853 4111 maris
1878 4058 1991 4126 (Ps.
2104 4062 2263 4112 ctum
2295 4057 2633 4123 fornicarim,
2660 4057 2922 4112 Jeremias
2954 4055 3241 4131 περίζωμα
3272 4057 3437 4126 (Osee
3494 4075 3537 4125 ι,
3571 4058 3764 4113 Jerem.

346 4156 482 4209 xcn,
513 4144 568 4213 2,
599 4142 675 4212 3).
710 4143 835 4197 Ista:
869 4148 1009 4197 sunt
1039 4160 1207 4214 aqua:
1234 4146 1404 4209 Siloe,
1437 4162 1564 4216 quae
1604 4145 1822 4199 vadunt
1859 4161 1991 4198 cum
2101 4148 2247 4212 xm),
2281 4145 2460 4215 Moysi
2496 4161 2731 4200 uxorem
2786 4146 3231 4218 zEthiopissam,
3289 4151 3346 4200 et
3405 4145 3764 4202 interfectio-

348 4228 681 4298 silentio,de
713 4230 930 4303 quibus
961 4231 1221 4302 loquitur
1236 4233 1454 4289 Isaias:
1486 4232 1774 4287 Haurietis
1808 4249 1991 4303 aquas
2100 4248 2232 4286 nem
2268 4232 2533 4303 lEgyptii,
2564 4238 2621 4287 et
2681 4234 2837 4289 mille
2896 4234 3029 4301 alia,
3089 4251 3217 4305 quaa
3248 4235 3297 4290 si
3349 4235 3769 4307 intelligamus

343 4319 416 4374 de
447 4318 708 4376 fontibus
739 4318 1049 4376 Salvatoris
1079 4321 1212 4391 (Isai
1247 4338 1348 4390 xu,
1408 4322 1483 4391 3).
1531 4321 1597 4375 Et
1634 4319 1946 4375 Psalmista
1972 4339 1985 4376 :
2089 4317 2262 4387 juxta
2290 4318 2648 4374 occidentem
2680 4319 3017 4391 litteram,et
3047 4338 3162 4377 non
3178 4324 3349 4393 juxta
3373 4324 3668 4395 spiritum
3688 4322 3766 4375 vi-

342 4406 672 4463 Benedicite
695 4408 941 4464 Domino
960 4410 1029 4464 de
1050 4408 1500 4464 iontibuslsrael
1549 4409 1660 4479 (Ps.
1698 4410 1886 4477 vau).
1919 4408 1988 4462 Et
2095 4404 2445 4473 viﬁcantem,
2480 4424 2677 4463 amara
2706 4414 2862 4476 sunt,
2896 4414 2953 4465 et
2983 4409 3256 4466 lectorem
3289 4428 3478 4468 suum
3508 4428 3633 4468 non
3652 4414 3772 4465 tam

312 4494 494 4551 iidem
527 4496 710 4552 Isaias
741 4498 811 4553 de
832 4498 1080 4553 Domino
1111 4498 1444 4553 Salvatore:
1482 4498 1613 4564 Istc,
1638 4496 1737 4563 ait,
1764 4495 1983 4550 habita-
2095 4495 2381 4550 aediﬁcant
2411 4512 2586 4566 quam
2611 4497 2921 4553 destruunt
2948 4500 3135 4570 (Num.
3170 4501 3459 4567 x11,Exod.
3494 4502 3585 4573 11).
3623 4498 3769 4557 588

335 4583 423 4639 bit
452 4584 509 4640 in
541 4584 768 4641 excelsa
798 4587 1075 4657 spelunca
1107 4591 1279 4658 petra:
1325 4584 1676 4641 fortissimae.
1710 4583 1882 4639 Panis
1921 4582 1981 4637 in
2017 4605 2060 4669 D
2096 4580 2224 4637 Istas
2252 4582 2430 4655 igitur
2461 4599 2627 4655 aqua;
2677 4600 2801 4655 qum
2853 4586 3232 4657 egrediuntur
3279 4589 3351 4643 de
3382 4588 3626 4661 templo
3656 4588 3767 4645 Do-

332 4672 649 4743 dabitur,et
674 4691 827 4745 aqua
854 4673 1013 4730 illius
1068 4674 1259 4729 fidelis
1300 4676 1429 4744 (Isaz
1459 4690 1656 4737 xxxm,
1688 4673 1797 4741 l6).
1831 4673 1980 4727 Eru-
2092 4670 2255 4738 mini,
2290 4676 2346 4727 et
2398 4677 2648 4744 pergunt
2703 4673 2770 4727 ad
2837 4674 3151 4742 Orientem,
3180 4679 3236 4730 et
3291 4676 3687 4733 descendunt
3716 4676 3768 4730 in

331 4761 417 4833 pit
448 4762 603 4818 enim
640 4763 697 4817 in
732 4763 959 4818 deserto
983 4779 1158 4833 aqua,
1190 4766 1247 4816 et
1276 4761 1441 4816 vallis
1473 4761 1530 4815 in
1563 4765 1717 4815 terra
1739 4759 1976 4815 sitienti.
2087 4757 2243 4814 latus
2272 4760 2498 4832 Templi
2555 4763 2842 4830 dextrum,
2898 4763 2969 4817 ad
3027 4762 3228 4819 altaris
3283 4765 3637 4833 Meridiem,
3673 4762 3769 4821 ubi

328 4847 673 4921 Diciturque
702 4849 1112 4905 credentibus:
1144 4848 1273 4904 Noli
1323 4849 1549 4920 timere,
1574 4848 1847 4920 quoniam
1882 4864 1976 4903 re-
2088 4864 2340 4919 sponsus
2373 4849 2644 4905 convivas
2683 4867 2817 4905 suas
2851 4852 3125 4922 pascit,et
3156 4854 3430 4910 accubat.
3453 4857 3638 4920 Quod
3671 4873 3773 4911 aus

337 4934 494 4989 demi
524 4940 579 4992 te
598 4955 620 4999 ;
653 4954 820 4994 meus
848 4954 911 4993 es
936 4943 1021 5004 tu,
1041 4942 1097 4993 et
1134 4937 1183 4992 si
1233 4938 1536 4993 transieris
1595 4954 1697 5009 per
1738 4953 1973 5008 aquam,
2087 4942 2204 4991 tem
2225 4937 2492 5008 sequitur
2516 4954 2528 4991 :
2548 4940 2613 4992 Et
2633 4939 2824 4994 eduxit
2844 4956 2931 4995 me
2946 4958 3044 5012 per
3064 4944 3215 4998 viam
3240 4947 3414 5013 part},
3434 4946 3766 5017 Aquilonis,

326 5023 521 5076 tecum
551 5040 657 5095 ego
691 5042 823 5082 sum
858 5027 1003 5100 (Isai.
1028 5044 1182 5097 XLIII,
1218 5027 1268 5093 1,
1300 5028 1378 5094 2).
1432 5026 1498 5080 Et
1544 5042 1776 5081 rnrsum
1807 5041 1818 5080 :
1867 5025 1975 5088 Qui
2084 5028 2135 5080 et
2159 5027 2420 5080 convertit
2447 5026 2515 5080 ad
2542 5028 2690 5082 viam
2746 5030 2899 5098 foras
2937 5036 3161 5101 portam
3206 5034 3584 5103 exteriorem,
3621 5036 3774 5090 viam

325 5108 611 5178 sititis,ite
642 5114 713 5168 ad
738 5131 950 5187 aquam
974 5116 1122 5188 (Isai.
1157 5132 1244 5183 Lx,
1280 5115 1364 5187 1):
1418 5115 1485 5169 Et
1531 5130 1633 5186 per
1661 5113 1973 5170 Jeremiam
2083 5128 2209 5185 quae
2237 5116 2563 5184 respiciebat
2590 5116 2659 5169 ad
2690 5116 2983 5181 Orientem,
3010 5118 3155 5174 illud
3185 5119 3443 5177 latenter
3466 5123 3771 5189 ostendit,

320 5197 585 5271 loquitur
606 5200 1226 5277 Leus(Isai,Lx,1):Duo
1245 5202 1558 5260 mala581
1579 5202 1974 5275 fecitpOpulus
2084 5203 2239 5273 quod
2271 5203 2467 5258 statim
2497 5203 2567 5258 ad
2599 5208 2827 5275 portam
2885 5206 3239 5264 Orientalem
3284 5211 3620 5281 pervenire
3654 5227 3774 5268 non

391 5392 834 5467 (a)Integrando
889 5397 1179 5482 Victorius
1235 5397 1568 5483 testimonio
1624 5397 1877 5470 supplet,
1920 5402 1969 5481 et
2141 5398 2220 5525 (se)
2253 5398 2558 5480 Iterumet
2588 5399 2756 5457 tertio
2786 5400 3002 5459 Victor.
3066 5406 3319 5478 supplet,
3348 5407 3487 5461 veni
3523 5408 3596 5463 in
3632 5408 3779 5465 alti—

391 5468 652 5525 ngreaabo
682 5483 771 5522 vos
797 5469 866 5523 de
901 5485 1169 5525 universis
1198 5480 1376 5525 terris.
1409 5480 1458 5525 et
1495 5469 1761 5525 adducam
1791 5486 1880 5525 vos
1909 5487 1969 5524 πη
2080 5475 2137 5525 tu
2179 5486 2325 5525 mem
2354 5487 2544 5525 maris.

317 5468 652 5541 congregabo
682 5483 771 5522 vos
797 5469 866 5523 de
901 5471 1169 5527 universis
1198 5474 1377 5541 terris,
1409 5480 1458 5527 et
1495 5468 1761 5526 adducam
1791 5486 1880 5526 vos
1909 5471 1969 5524 in.
2080 5468 2325 5532 tudinem
2354 5471 2544 5525 maris.

554 5543 809 5611 vestram,
840 5546 890 5611 et
916 5557 1217 5611 aspergam,
1254 5548 1362 5598 etc.

389 5604 988 5684 (b)Eademgrationej
1024 5604 1257 5684 supplet
1312 5614 1408 5668 hic
1464 5628 1697 5683 quoque
1749 5613 1962 5683 Victor,

313 5674 663 5735 elevaverunt
690 5682 926 5751 ﬂumina
952 5674 1156 5752 ﬂuctus
1173 5700 1316 5739 suos.

2123 5542 2225 5629 .(d)
2256 5546 2383 5629 Prp,
2409 5542 2578 5629 uiden
2617 5540 2760 5629 olim
2815 5547 2938 5629 erat
2978 5547 3195 5629 Iudam,
3229 5565 3330 5629 pro
3368 5563 3504 5629 qua
3537 5549 3779 5629 maluit.

2077 5612 2283 5690 Victor.
2316 5612 2491 5690 Judaa,
2524 5617 2587 5666 ut
2618 5614 2862 5690 pendeat
2903 5633 2936 5670 a
2994 5612 3400 5690 superioribus
3423 5618 3711 5688 locutio,
3744 5638 3779 5676 a

2074 5684 2245 5739 verbo
2276 5682 2517 5751 scilicet,
2547 5682 2846 5755 considera,
2878 5690 2987 5744 etc.
