3944 6178
256 360 350 432 469
778 361 1529 434 COMMENTARIORUM
1573 365 1652 431 IN
1698 362 2203 430 EZECHIELEM
2247 363 2394 430 LIB.
2441 364 2602 433 XIV.
2651 368 2820 434 CAP.
2864 367 3097 439 XLVII.
3522 369 3640 438 470

251 516 566 576 possumus,
597 498 712 560 nisi
733 517 836 576 per
863 503 1016 559 viam
1043 509 1220 576 portae
1239 504 1544 576 Aquilonis
1567 505 1737 577 longo
1770 505 1878 558 cir-
1911 504 1964 566 Α
1995 517 2120 570 quae
2150 518 2257 556 non
2284 505 2441 573 potui
2459 508 2834 574 pertransire:
2859 506 3043 562 multo
3066 503 3276 564 melius
3292 499 3471 580 qdam
3495 508 3638 582 Sep-

252 590 385 648 cuitu
407 592 823 663 perveniamus
846 593 915 646 ad
940 608 1090 648 eam.
1123 591 1248 647 Nisi
1279 592 1434 647 enim
1459 596 1695 647 ventum
1718 591 1877 664 frigi-
1990 589 2252 662 tuaginta
2274 591 2373 662 qui
2406 592 2696 661 dixerunt,
2729 599 2910 651 etnon
2941 599 3154 665 poterat
3185 596 3290 668 [ΑΙ.
3343 613 3496 669 quem
3527 615 3639 655 non

250 681 540 736 dissimum
572 680 887 736 vicerimus
908 681 1098 736 calore
1119 681 1770 747 ﬁdei,etcalcaverimus
1789 700 1878 738 re-
1984 680 2182 750 potuit]
2202 683 2854 754 pertransire.Propheta
2883 685 3038 739 enim
3071 689 3128 740 et
3155 685 3346 741 omnis
3377 685 3639 743 humana

247 769 1422 842 gionesejuszutimpleaturilludinnobis
1442 769 1875 841 Apostolicum:
1987 773 2215 835 natura,
2273 774 2403 840 post
2454 770 2686 826 lumbos
2744 776 3057 828 torrentem
3110 767 3550 846 cogitationum,
3583 780 3641 833 et
3691 817 3705 828 ρ

245 857 376 914 Deus
408 861 604 912 autem
641 862 900 913 conteret
952 863 1218 914 satanam
1253 859 1362 913 sub
1394 859 1641 930 pedibus
1669 861 1878 915 vestris
1988 857 2280 913 incentiva
2302 859 2360 912 in
2383 861 2556 915 corde
2576 860 2872 927 vitiorum,
2910 878 3025 916 non
3058 867 3247 933 potest
3263 865 3635 936 pertransire.

243 945 494 1001 velociter
528 947 703 1016 (Rom.
729 963 841 1016 XVI,
865 947 979 1017 20),
1005 951 1230 1018 portam
1257 963 1551 1018 perquam
1569 948 1876 1019 egrediun-
1985 945 2086 1001 Vir
2115 951 2312 1001 autem
2344 947 2442 1003 ille
2475 949 2572 1020 qui
2618 949 2862 1005 indutus
2906 955 3028 1006 erat
3073 967 3314 1018 BADDIM,
3348 956 3405 1008 et
3433 953 3640 1010 ductor

243 1038 321 1090 tur
338 1051 524 1105 aquas,
560 1038 618 1090 et
639 1040 780 1090 sunt
806 1035 1037 1091 alatere
1068 1036 1288 1106 dextro,
1322 1036 1548 1108 ingredi
1579 1053 1694 1092 non
1724 1037 1876 1092 vale-
1987 1035 2306 1106 prophetis,
2337 1036 2562 1107 liquido
2622 1039 2998 1109 pertransiit:
3033 1040 3132 1112 qui
3190 1046 3489 1112 peccatum
3520 1059 3637 1099 non

243 1123 516 1179 bimus.Et
537 1127 676 1178 nota
697 1125 854 1194 quod
877 1125 1180 1195 aquasistze
1203 1142 1330 1195 quas
1349 1125 1758 1196 ingrediuntur
1778 1143 1879 1197 per
1987 1123 2141 1190 fecit,
2180 1141 2282 1179 nec
2313 1125 2482 1180 dolus
2512 1126 2781 1182 inventus
2812 1131 2902 1183 est
2931 1129 2990 1183 in
3022 1145 3118 1183 ore
3143 1129 3272 1199 ejus
3317 1130 3467 1202 (Isai.
3501 1132 3634 1203 va).

244 1217 448 1284 portam
470 1211 1052 1278 Orientis,intantum
1078 1213 1249 1269 laevas
1277 1218 1472 1284 partes
1493 1214 1816 1287 tugiunt,ut
1845 1233 1879 1270 a
1986 1213 2323 1283 Causasque
2355 1214 2563 1284 reddit,
2599 1231 2702 1269 cur
2732 1215 3016 1287 propheta
3045 1217 3204 1272 mille
3241 1223 3478 1290 quartos
3526 1221 3634 1291 [Αἱ.

244 1301 436 1357 dextris
488 1300 692 1357 altaris
745 1303 816 1356 ad
843 1301 1140 1358 Meridiem
1168 1319 1406 1374 pergere
1445 1304 1873 1358 describantur.
1988 1302 2219 1374 quarto]
2244 1302 2472 1358 cubitos
2494 1320 2609 1359 non
2632 1304 2888 1376 potuerit
2919 1306 3273 1377 pertransire
3297 1323 3310 1361 :
3333 1307 3634 1378 quoniam,

241 1389 324 1444 Vir
361 1393 582 1456 autem,
616 1390 827 1461 inquit,
877 1389 974 1446 ille
1004 1392 1102 1463 qui
1154 1391 1407 1446 habebat
1436 1391 1761 1446 funiculum
1816 1391 1875 1445 in
1985 1390 2200 1461 inquit,
2234 1392 2638 1447 intumuerant
2679 1410 2843 1464 aquae
2876 1395 3176 1465 profundae
3210 1396 3504 1466 torrentis,
3537 1398 3638 1468 qui

243 1495 423 1544 manu,
455 1494 594 1533 cum
626 1494 721 1533 me
753 1479 1016 1535 duxisset
1046 1497 1148 1551 per
1177 1485 1407 1551 portam
1454 1479 1762 1551 Aquilonis
1793 1480 1875 1534 fo-
1986 1495 2100 1534 non
2135 1483 2326 1551 potest
2357 1482 2461 1552 [Αἰ.
2523 1483 2768 1553 poterat]
2818 1483 3203 1538 transvadari.
3247 1485 3316 1538 Et
3343 1485 3637 1555 quomodo

244 1567 480 1622 rinsecus
505 1567 578 1621 ad
601 1567 777 1634 viam,
808 1584 933 1637 qua:
960 1568 1309 1639 respiciebat
1331 1567 1641 1633 Orientem,
1675 1572 1731 1623 et
1751 1568 1875 1639 ipse
1985 1568 2270 1640 scriptum
2303 1574 2411 1636 est,
2447 1568 2733 1641 gloriante
2765 1570 3084 1642 propheta:
3136 1572 3473 1628 Torrentem
3505 1588 3639 1644 per-

244 1671 447 1728 quoque
477 1660 635 1711 esset
666 1655 723 1710 in
757 1656 958 1712 eodem
993 1657 1138 1727 loco,
1195 1672 1438 1712 mensus
1468 1661 1557 1712 est
1609 1657 1872 1725 ejusdem
1981 1655 2253 1712 transivit
2273 1657 2471 1712 anima
2492 1660 2820 1729 nostra(Ps.
2849 1676 3044 1730 cxxm,
3067 1659 3172 1728 5)?
3197 1661 3306 1716 Sed
3329 1660 3494 1716 facile
3516 1660 3636 1716 sol-

247 1762 378 1817 aquze
399 1743 563 1799 mille
584 1744 810 1799 cubitos
837 1765 850 1808 ς
876 1749 932 1800 et
950 1745 1286 1801 transduxit
1307 1762 1400 1800 me
1421 1761 1524 1817 per
1543 1762 1759 1816 aquam
1781 1762 1874 1800 us-
1983 1745 2212 1812 vitur,si
2242 1745 2498 1802 sciamus
2517 1763 2618 1818 pro
2654 1747 2763 1802 hoc
2795 1748 3078 1819 scriptum
3108 1764 3237 1804 esse
3265 1749 3325 1804 in
3354 1750 3594 1805 Hebraeo
3619 1766 3632 1804 :

251 1851 337 1906 que
363 1835 431 1889 ad
462 1833 813 1930 talos,‘quos
836 1833 1053 1905 Aquila
1075 1838 1133 1889 et
1159 1834 1568 1907 Symmachus,
1601 1838 1658 1888 et
1686 1833 1872 1889 Theo-
1905 1866 1953 1930 Β
1985 1834 2238 1889 Torrens
2262 1835 2599 1906 pertransiit
2626 1836 2884 1891 animam
2909 1853 3120 1892 meam.
3148 1838 3224 1893 De
3244 1837 3352 1894 hoc
3381 1842 3637 1894 torrente

253 1923 378 1979 dotio
399 1918 771 1996 ἀπραγάλονς
792 1921 1160 1994 interpretati
1185 1929 1452 1994 sunt,pro
1485 1923 1702 1994 quibus
1733 1923 1873 1977 LXX
1905 1918 1951 1930 ⁴¹
1985 1926 2041 1977 et
2062 1922 2241 1977 Isaias
2264 1922 2526 1995 loquitur
2557 1941 2570 1978 :
2607 1925 2746 1979 Ecce
2775 1940 2879 1996 ego
2901 1924 3119 1980 inclino
3142 1941 3318 1997 super
3337 1942 3435 1982 eos
3462 1925 3637 1983 sicuti

252 2009 644 2067 transtulerunt
662 2027 674 2065 :
691 2014 748 2066 et
761 2010 1030 2066 transivit
1050 2011 1256 2082 [Al.sed
1270 2012 1549 2081 transibit]
1565 2011 1621 2065 iu
1636 2027 1871 2082 aquam,
1983 2010 2227 2066 ﬂuvium
2247 2013 2324 2084 (b)
2350 2013 2594 2084 pacis,et
2615 2013 3095 2069 sicuttorrentem
3112 2014 3497 2071 inundantem
3519 2015 3638 2088 glo-

258 2116 438 2171 aquam
454 2099 1344 2173 remissioniszquodintelligere
1359 2099 1876 2172 possumusprima
1983 2098 2129 2154 riam
2154 2101 2303 2170 (Isai.
2337 2118 2483 2173 va1,
2519 2102 2626 2172 12).
2660 2102 2729 2155 Et
2759 2102 2818 2156 in
2849 2102 3144 2157 tricesimo
3173 2102 3378 2174 quinto
3409 2103 3636 2174 psalmo

254 2189 526 2244 hominum
571 2188 914 2260 'signiﬁcare
959 2194 1214 2260 peccata,
1250 2206 1376 2260 quas
1409 2188 1874 2260 ingredientibus
1983 2187 2542 2244 desanctisdicitur:
2567 2189 2626 2244 In
2653 2190 3010 2260 protectione
3027 2190 3639 2264 alarumtuarumspe-

258 2277 397 2332 nobis
417 2294 597 2349 aquas
628 2277 860 2332 Domini
894 2278 1360 2348 dimittuntur,et
1381 2277 1660 2349 baptismi
1681 2283 1874 2332 osten-
1984 2276 2680 2332 rahunt.Inebriabuntur
2697 2277 2769 2332 ab
2783 2278 3048 2334 ubertate
3066 2280 3276 2336 domus
3297 2286 3428 2349 tuas,
3451 2286 3510 2336 et
3522 2285 3638 2336 tor-

263 2366 383 2422 dnnt
407 2366 648 2438 gratiam
682 2365 1000 2421 salutarem
1033 2370 1090 2422 et
1119 2367 1288 2422 initia
1320 2371 1458 2422 sunt
1485 2367 1872 2438 profectuum,
1983 2367 2143 2419 rente
2167 2363 2509 2421 deliciarum
2527 2371 2760 2421 tuarum
2784 2367 2938 2422 590
2957 2368 3186 2438 potabis
3213 2369 3634 2441 eos;quoniam

262 2456 426 2509 tamen
447 2455 574 2526 ipsa
598 2454 1166 2524 sublimia.Denique
1190 2456 1260 2510 ad
1281 2455 1428 2510 talos
1452 2471 1638 2526 usque
1662 2453 1875 2526 pertin-
1983 2453 2137 2524 apud
2169 2457 2223 2508 te
2254 2458 2344 2508 est
2373 2453 2504 2508 fons
2533 2454 2660 2507 vita:
2693 2455 2865 2525 (Psal.
2913 2473 3081 2524 xxxv,
3127 2458 3179 2522 8,
3211 2458 3288 2527 9).
3320 2460 3389 2512 Et
3409 2457 3466 2512 in
3500 2473 3634 2513 cen-

259 2542 1128 2616 gunt,quiplantaecalcaneoque
1145 2544 1578 2612 vicinisunt,(a)
1595 2543 1692 2615 qui
1718 2547 1876 2615 patet
1981 2541 2192 2597 tesimo
2225 2541 2743 2612 vicesimoquinto:
2805 2545 3098 2612 Converte,
3153 2544 3415 2612 Domine,
3449 2547 3633 2618 capti-

257 2633 518 2688 morsibus
543 2631 787 2701 colubri,
825 2633 1050 2688 dicente
1076 2633 1324 2688 Domino
1353 2650 1364 2687 :
1398 2633 1483 2687 Tu
1516 2634 1644 2703 ejus
1675 2633 1874 2688 obser-
1980 2629 2219 2685 vitatem
2274 2634 2559 2695 nostram,
2621 2629 2772 2686 sicut
2829 2635 3058 2686 torrens
3112 2631 3173 2686 in
3214 2635 3425 2688 Austro
3457 2633 3630 2705 (Psat.

257 2720 391 2776 vabis
420 2731 609 2794 caput,
664 2727 722 2777 et
753 2722 879 2794 ipse
933 2721 1265 2777 observabit
1311 2725 1478 2776 tuum
1536 2719 1872 2776 calcaneum
1983 2735 2149 2785 cxxv,
2181 2720 2257 2790 5).
2289 2719 2360 2773 Et
2393 2735 2571 2790 super
2600 2718 2928 2774 Salvatore:
2958 2725 3035 2775 De
3079 2723 3336 2776 torrente
3383 2721 3542 2778 bibet
3570 2723 3633 2777 in

257 2807 382 2878 (Gen.
415 2827 496 2880 III,
527 2811 612 2876 15,
643 2825 749 2864 sec.
805 2809 989 2881 LXX).
1024 2809 1172 2865 Etin
1199 2808 1478 2864 Psallerio
1526 2810 1595 2864 de
1612 2809 1767 2864 Juda
1787 2809 1873 2862 di-
1980 2807 2074 2862 via
2106 2809 2216 2877 (Ps.
2267 2824 2379 2874 cur,
2411 2808 2488 2879 7).
2545 2810 2684 2873 Quis
2735 2807 2892 2862 enim
2924 2807 3233 2864 hominum
3263 2808 3500 2881 gloriari
3531 2826 3634 2881 po-

255 2896 383 2952 citur
407 2898 736 2966 proditore:
771 2898 879 2963 Qui
921 2898 1130 2954 edebat
1157 2915 1339 2970 panes
1385 2914 1568 2968 meos,
1600 2898 1874 2969 magniﬁ-
1983 2899 2101 2952 test
2131 2902 2361 2952 castum
2392 2913 2453 2952 se
2484 2896 2699 2951 habere
2729 2912 2828 2952 cor
2855 2897 3036 2968 (Prov.
3069 2897 3211 2969 xx)?
3239 2896 3328 2952 vel
3359 2898 3430 2953 ad
3463 2899 3633 2968 cujus

253 2985 380 3039 cavit
405 3001 580 3058 super
608 3001 702 3040 me
765 2984 1304 3056 supplantationem
1346 2985 1455 3056 (Ps.
1488 3001 1578 3051 XL,
1613 2984 1720 3054 10),
1757 2984 1874 3038 sive
1984 2989 2240 3041 mentem
2263 3001 2365 3056 per
2385 2983 2687 3041 oculorum
2711 2984 3183 3053 fenestras,mors
3214 2987 3632 3058 concupiscen-

254 3072 585 3144 calcaneum,
620 3074 730 3129 hoc
761 3073 916 3129 enim
947 3076 1208 3128 Grmcum
1236 3071 1434 3146 πτέρνη
1470 3074 1630 3144 (Mss.
1653 3071 1811 3143 πτέρν

2129 3091 2243 3129 non
2275 3074 2538 3129 introibit
2588 3074 2694 3145 [AL
2744 3073 3021 3146 introivit]
3069 3077 3298 3142 (Jerem.
3329 3075 3427 3146 ιν),
3463 3077 3520 3130 et
3546 3078 3635 3143 (ut

250 3161 535 3234 signiﬁcat.
557 3163 694 3218 Post
723 3161 882 3218 mille
913 3167 1108 3218 autem
1140 3162 1368 3218 cubitos
1399 3163 1499 3234 qui
1530 3161 1876 3234 perveniunt
1937 3233 1943 3234 ί
1984 3179 2192 3234 parum
2215 3162 2429 3234 dicam)
2452 3162 2634 3217 animi
2655 3161 2910 3218 titillatio
2930 3163 3230 3218 ‘tMundus
3250 3163 3408 3217 enim
3430 3162 3490 3217 in
3514 3178 3634 3220 ma-

245 3233 411 3323 usque
440 3252 513 3307 ad
545 3251 756 3317 talum,
792 3268 1033 3306 mensus
1071 3257 1158 3306 est
1189 3250 1334 3306 alios
1367 3233 1782 3306 milleicubitos
1813 3249 1872 3302 in
1906 3233 1948 3297 C
1986 3233 2146 3324 ligno
2171 3251 2396 3323 positus
2414 3233 2569 3322 est(l
2597 3253 2757 3307 Joan.
2789 3269 2844 3318 v,
2883 3252 3006 3321 19);
3041 3255 3098 3306 et
3127 3251 3427 3322 apueritia
3457 3267 3634 3323 appo-

240 3355 395 3411 aqua,
427 3345 483 3396 et
516 3339 849 3395 transduxit
895 3355 988 3394 me
1017 3355 1206 3410 usque
1265 3339 1334 3394 ad
1376 3356 1586 3411 genua.
1620 3339 1757 3394 Post
1785 3355 1874 3392 re-
1984 3340 2163 3396 situm
2194 3344 2282 3396 est
2309 3357 2407 3395 cor
2431 3340 2687 3395 hominis
2711 3341 2782 3396 ad
2816 3341 3060 3408 malum,
3093 3346 3159 3394 ut
3190 3355 3260 3395 ne
3293 3340 3469 3395 unius
3492 3340 3637 3412 'qui-

239 3428 568 3485 missionem
627 3428 921 3500 siquidem
979 3433 1369 3500 peccatorum,
1428 3433 1484 3483 et
1512 3428 1622 3483 iter
1653 3428 1877 3499 profec-
1989 3429 2122 3484 dem
2155 3429 2267 3483 diei
2290 3446 2324 3484 a
2355 3429 2674 3483 nativitatis
2722 3445 2840 3484 suae
2870 3429 3124 3494 exordio,
3157 3428 3284 3483 sine
3306 3432 3541 3499 peccato
3565 3428 3643 3484 sit

235 3521 414 3586 tuum,
476 3517 714 3588 quando
794 3516 1100 3588 paululum
1158 3518 1228 3572 de
1287 3517 1533 3572 terrenis
1573 3517 1644 3570 ad
1675 3515 1881 3572 altiora
1988 3518 2251 3574 humana
2271 3517 2524 3572 conditio
2548 3517 2686 3584 (Job.
2712 3517 2827 3585 xv).
2861 3516 3024 3572 Unde
3055 3519 3112 3571 et
3132 3515 3310 3571 David
3332 3516 3642 3572 confitetur

234 3606 378 3663 589
437 3622 724 3662 conamur
773 3606 1106 3671 ascendere,
1169 3606 1460 3660 ﬂectimus
1513 3605 1752 3660 Domino
1782 3621 1880 3677 ge-
1992 3606 2050 3660 in
2086 3606 2348 3677 psalmo:
2383 3606 2523 3660 Ecce
2557 3605 2713 3658 enim
2771 3604 2830 3659 in
2883 3604 3295 3674 iniquitatibus
3326 3608 3641 3676 conceptus

234 3711 363 3762 nua,
390 3695 622 3751 dicente
653 3693 930 3766 Apostolo
957 3710 968 3749 :
1005 3693 1077 3749 Ut
1108 3710 1280 3749 omne
1302 3709 1455 3765 genu
1481 3694 1744 3749 ﬂectatur
1772 3693 1882 3764 [Αι.
1995 3699 2211 3760 sum,et
2237 3695 2294 3748 in
2319 3693 2570 3766 peccatis
2587 3692 2851 3764 concepit
2881 3709 2973 3746 me
2997 3696 3448 3761 matermea(Ps.
3483 3710 3534 3761 L,
3559 3694 3638 3764 7).

232 3784 461 3856 ﬂectat],
491 3782 844 3852 ccelestium,
902 3782 1268 3838 terrestrium
1300 3786 1356 3836 et
1385 3781 1746 3837 infernorum
1780 3799 1792 3835 :
1827 3787 1884 3836 et
1992 3783 2118 3838 Non
2162 3782 2572 3853 iniquitatibus
2606 3781 2810 3835 matris
2841 3796 3002 3847 mem,
3037 3778 3122 3835 vel
3151 3783 3307 3834 certe
3337 3780 3504 3848 meis,
3539 3779 3642 3835 sed

240 3874 420 3930 omnis
448 3875 657 3946 lingua
681 3872 1052 3941 confiteatur,
1089 3871 1370 3943 quoniam
1401 3871 1684 3926 Dominus
1713 3871 1886 3926 Jesus
1995 3870 2054 3924 in
2080 3870 2492 3940 iniquitatibus
2516 3869 2787 3923 humanae
2809 3867 3181 3924 conditionis.
3216 3867 3380 3924 Unde
3409 3874 3466 3924 et
3491 3870 3642 3940 Apo-

242 3959 486 4019 Christus
509 3963 572 4018 in
600 3960 788 4034 gloria
808 3965 899 4016 est
920 3961 1018 4016 Dei
1039 3961 1226 4016 Patris
1245 3960 1514 4032 (Philipp.
1536 3977 1597 4025 ιι,
1631 3959 1887 4030 10).Ter-
1996 3957 2184 4014 stolus
2205 3957 2379 4012 dicit:
2401 3956 2856 4029 Regnavitiuors
2876 3957 3145 4011 abAdam
3168 3973 3354 4028 usque
3385 3957 3457 4012 ad
3487 3957 3644 4027 Moy-

241 4047 323 4103 tio
351 4066 585 4108 mensus
618 4055 708 4106 est
740 4049 898 4105 mille
957 4049 1102 4105 alios
1154 4050 1404 4114 cubitos,
1450 4054 1505 4104 et
1534 4048 1887 4116 transduxit,
1997 4065 2122 4115 scn,
2159 4047 2334 4103 etiam
2369 4062 2545 4118 super
2572 4062 2672 4101 eos
2703 4045 2803 4116 qui
2834 4061 2946 4100 non
2980 4049 3363 4117 peccaverunt
3391 4044 3452 4100 in
3483 4044 3646 4102 simi-

238 4135 443 4210 inquit,
467 4157 563 4196 me
587 4157 693 4213 per
719 4155 935 4211 aquam
963 4155 1147 4209 usque
1170 4139 1242 4193 ad
1266 4155 1453 4194 renes.
1491 4137 1731 4192 Hienim
1758 4154 1886 4210 gra-
1998 4136 2308 4192 litudinem
2341 4133 2830 4206 praevaricationis
2861 4134 2997 4189 Adae
3043 4135 3216 4206 (Rom.
3251 4150 3308 4200 v,
3341 4135 3452 4204 14).
3485 4134 3646 4198 Quod

236 4225 406 4284 dibus
427 4231 497 4284 ad
526 4227 812 4285 sublimia
831 4227 1208 4299 pervenimus
1233 4244 1244 4282 :
1272 4244 1402 4299 qua:
1425 4231 1619 4282 tamen
1646 4226 1771 4298 ipsa
1790 4243 1888 4282 su-
1998 4225 2230 4281 cubitos
2263 4240 2470 4297 genere
2519 4221 2866 4289 masculino,
2917 4226 2976 4278 et
3004 4239 3120 4278 non
3153 4222 3423 4288 neutrali,
3455 4221 3651 4278 cubita

237 4313 435 4372 blimia
453 4333 645 4389 usque
666 4317 738 4372 ad
762 4316 997 4372 lumbos
1020 4320 1078 4371 et
1099 4331 1266 4371 renes
1301 4317 1735 4387 perveniunt,ut
1764 4332 1888 4370 om-
1999 4314 2279 4379 dicimus,
2303 4313 2476 4383 juxta
2505 4311 2766 4383 regulam
2806 4311 3343 4383 grammaticorum,
3375 4313 3433 4366 et
3457 4310 3513 4365 in
3549 4327 3648 4365 su-

236 4404 327 4460 nis
353 4406 410 4462 in
430 4406 600 4463 nobis
626 4405 903 4478 ignobilis
938 4405 1119 4460 libido
1148 4408 1487 4471 truncetur;
1513 4408 1570 4458 et
1599 4405 1890 4475 possidea-
1999 4402 2328 4475 perioribus
2358 4401 2550 4466 docui,
2585 4417 2699 4456 non
2755 4418 2862 4456 nos
2918 4399 3248 4472 ignorantia
3297 4399 3406 4453 hoc
3436 4398 3646 4465 facere,

234 4509 369 4552 mus
396 4495 915 4552 sanctificationem
965 4493 1247 4566 corporis,
1299 4492 1422 4547 sine
1457 4510 1574 4564 qua
1605 4509 1776 4548 nemo
1807 4495 1888 4548 vi-
1998 4493 2099 4548 sed
2131 4489 2555 4546 consuetudine
2586 4492 2823 4560 propter
2852 4488 3150 4559 simplices
3181 4501 3444 4557 quosque
3473 4489 3530 4541 et
3559 4485 3648 4540 in-

239 4581 332 4638 det
355 4589 553 4641 Deum.
596 4584 761 4640 Unde
811 4588 867 4638 et
892 4582 953 4637 in
980 4583 1090 4638 hoc
1119 4583 1322 4638 eodem
1367 4581 1648 4652 propheta
1693 4583 1892 4652 (Supra
1921 4597 1966 4660 D
2000 4581 2223 4646 doctos,
2256 4594 2509 4651 quorum
2542 4578 2602 4631 in
2660 4577 3106 4649 congregatione
3149 4573 3416 4630 Ecclesia
3464 4575 3652 4645 major

237 4678 361 4740 vm)
384 4692 402 4729 :
424 4691 457 4730 a
486 4673 736 4747 pedibus
761 4689 945 4743 usque
967 4672 1040 4727 ad
1071 4672 1309 4726 lumbos
1352 4671 1504 4725 Deus
1534 4669 1742 4742 igneus
1766 4687 1889 4726 cer-
1997 4673 2085 4726 est
2110 4685 2412 4725 numerus.

240 4759 418 4818 nitur.
457 4762 729 4834 Indigent
752 4761 907 4816 enim
939 4761 1158 4833 igne,et
1179 4759 1524 4832 purgatione
1548 4758 1889 4830 operalum-
2071 4759 2253 4830 (Vers.
2287 4759 2322 4810 6
2352 4756 2540 4826 seqq.)
2573 4756 2637 4809 Et
2676 4753 2820 4808 dixit
2867 4752 2937 4808 ad
2964 4767 3050 4807 me
3069 4769 3088 4806 .·
3142 4751 3296 4807 Certe
3325 4749 3534 4816 vidisti,
3560 4747 3653 4820 ﬁli

239 4846 466 4917 horum,
498 4850 728 4906 dicente
773 4851 937 4920 justo
963 4867 974 4904 :
1009 4847 1293 4914 Quoniam
1324 4847 1509 4902 lumbi
1541 4849 1654 4903 mei
1690 4848 1889 4920 repleti
2002 4847 2275 4912 hominis;
2310 4853 2358 4900 et
2389 4844 2579 4898 eduxit
2610 4859 2716 4909 me,
2748 4851 2798 4897 et
2835 4841 3101 4898 convertit
3128 4839 3199 4894 ad
3227 4841 3408 4910 ripam
3439 4841 3649 4894 torren-

242 4942 380 4992 sunt
413 4938 788 4994 illusionibus
819 4939 931 5010 (Ps.
963 4954 1176 5005 XXXVII,
1210 4938 1292 5007 8),
1324 4952 1426 5008 per
1455 4953 1601 5007 quos
1636 4937 1802 4992 nobis
1829 4943 1893 4993 et
2001 4936 2070 4992 tis
2095 4935 2236 5006 (sive
2261 4933 2554 5003 ﬂuminis).
2591 4931 2830 5003 Cumque
2849 4947 2934 4985 me
2952 4929 3330 4984 convertissem
3360 4925 3504 4999 (sive
3531 4943 3652 4984 eon-

245 5021 302 5078 in
333 5025 440 5099 die,
469 5033 524 5084 et
554 5027 612 5082 in
637 5026 899 5082 noctium
933 5025 1344 5097 phantasmate
1365 5023 1562 5079 illudit
1593 5025 1888 5082 inimicus.
2001 5023 2284 5093 vertisset),
2317 5037 2434 5076 ecce
2480 5023 2539 5074 in
2578 5022 2699 5091 ripa
2745 5019 3008 5074 torrentis
3031 5015 3171 5088 (sive
3201 5015 3471 5088 ﬂuminis)
3503 5017 3656 5088 ligna

245 5114 291 5168 Α
315 5111 526 5172 lumbis
557 5131 692 5171 vero
724 5131 910 5186 usque
942 5116 1014 5170 ad
1057 5120 1231 5187 caput
1262 5118 1318 5169 et
1348 5114 1643 5184 verticem,
1678 5115 1892 5186 pretio-
2004 5113 2177 5167 multa
2205 5111 2374 5168 nimis
2408 5108 2548 5183 (sive
2595 5109 2814 5163 arbores
2867 5108 3060 5162 multm
3101 5105 3291 5176 nimis)
3321 5121 3394 5160 ex
3424 5109 3656 5177 utraque

247 5201 476 5260 sissimo
498 5202 734 5260 metallo
766 5202 961 5260 electri
988 5203 1215 5276 fulgore
1246 5201 1614 5274 resplendet:
1652 5209 1716 5257 ut
1747 5202 1893 5258 nihil
2000 5204 2174 5273 parte.
2209 5202 2280 5254 Et
2309 5200 2389 5253 ait
2419 5197 2488 5252 ad
2543 5213 2626 5252 me
2643 5216 2660 5251 :
2709 5197 2880 5267 Aqua:
2911 5196 3027 5249 ista
3058 5211 3175 5265 quae
3204 5194 3559 5266 egrediuntur
3585 5194 3657 5248 ad

245 5288 302 5345 in
337 5309 398 5348 se
427 5293 753 5364 sordidum,
811 5293 963 5349 nihit
1012 5293 1222 5349 habeat
1249 5291 1511 5347 vilitatis.
1547 5291 1710 5348 Unde
1740 5308 1896 5348 nunc
2005 5291 2241 5347 tumulos
2289 5287 2472 5341 sabuli
2502 5286 2737 5340 Orientis
2764 5282 2957 5356 (Vulg.
2994 5283 3332 5354 Orientalis],
3363 5291 3414 5339 et
3441 5281 3655 5337 descen-

246 5385 450 5448 qnarto
479 5382 696 5437 dicitur
722 5399 734 5436 :
759 5384 821 5437 Et
853 5398 1068 5439 mensus
1097 5391 1174 5439 est
1205 5382 1379 5451 mitte,
1413 5379 1898 5448 subauditur,cu-
2005 5380 2139 5435 dunt
2169 5377 2237 5432 ad
2262 5377 2433 5447 plana
2467 5373 2666 5429 deserti
2706 5373 2849 5442 (sive
2899 5388 3044 5445 aqua
3101 5373 3205 5427 ista
3234 5385 3360 5442 qua?
3385 5369 3660 5440 egreditur

247 5463 420 5535 bitos,
477 5474 775 5527 torrentem
829 5472 1014 5542 (quod
1078 5471 1219 5527 LXX
1278 5485 1392 5525 non
1449 5467 1897 5540 transtulerunt)
2009 5471 2071 5524 in
2100 5466 2410 5532 Galilwam,
2457 5479 2578 5534 quae
2635 5465 2806 5535 vergit
2835 5462 2904 5517 ad
2958 5461 3253 5530 Orientem,
3300 5462 3353 5513 et
3386 5456 3660 5514 descendit

323 5627 399 5703 (ᾳ)
424 5628 713 5703 V_’i_ctorius
741 5630 936 5703 quod
956 5639 1017 5686 ut
1048 5631 1256 5687 referat
1286 5629 1357 5686 ad
1386 5629 1720 5703 cartcaneum.

324 5696 402 5771 (b)
445 5696 764 5758 Victorius'
787 5703 858 5758 ad
908 5701 1191 5771 Gracum,
1241 5704 1382 5759 sicut
1422 5702 1627 5772 ﬂuvius
1653 5702 1822 5773 pacis,
1854 5710 1904 5758 et
1939 5703 2080 5760 sicut
2099 5703 2310 5758 torrens
2341 5696 2636 5754 inundans.
