3944 6178
240 345 361 412 471

1485 348 1552 412 S.
1598 346 1905 411 EUSEBII
1949 346 2393 416 HIERONYMI

3522 350 3643 414 479

247 481 321 541 ad
343 480 646 555 Arabiam),
673 477 959 539 intrabunt
972 497 1155 551 mare,
1183 489 1235 539 et
1261 481 1576 548 exibunt,et
1603 480 1880 537 sanabun-
1909 481 1966 549 Α
1995 478 2177 540 fertur
2204 500 2366 541 more
2418 485 2715 555 torrentis,
2735 489 2793 542 et
2843 483 3091 560 suscipit
3118 484 3189 543 de
3218 481 3359 542 caelo
3388 480 3639 558 pluvias,

245 582 339 630 tur
354 576 610 644 aquam
626 574 802 628 omnis
822 574 1013 628 anima
1038 574 1225 629 vivens
1252 571 1362 643 (vel
1395 570 1746 642 animalium)
1767 567 1891 642 quae

242 663 422 732 serpit
456 661 602 734 (sive
653 662 1034 732 serpentium),
1085 678 1417 734 quocumque
1443 662 1654 717 venerit
1682 667 1892 715 torrens

243 751 388 822 (sive
415 750 661 822 ﬂuvius),
709 752 892 807 vivet:
923 755 974 806 et
1003 755 1163 807 erunt
1191 736 1363 823 pisces
1392 750 1558 805 multi
1583 750 1717 804 satis
1745 751 1890 819 post-

246 856 414 911 quam
440 841 689 896 venerint
718 839 853 895 illuc
880 856 1036 910 aquae
1064 842 1181 894 ista:
1202 858 1219 893 :
1250 847 1302 895 et
1327 841 1693 908 sanabuntur,
1724 840 1776 892 et
1802 839 1891 892 vi-

247 932 377 985 vent
403 930 588 984 omnia
620 929 689 984 ad
734 945 853 1000 qua:
896 931 1111 984 venerit
1136 920 1345 985 torrens
1381 928 1522 997 (sive
1551 925 1795 998 ﬂuvius).
1828 927 1893 981 Et

242 1018 465 1077 stabunt
495 1033 660 1090 super
688 1019 816 1074 illas
867 1020 1162 1089 piscatores
1217 1018 1285 1072 ab
1343 1015 1593 1085 Enguddi
1628 1031 1794 1085 usque
1823 1014 1893 1069 ad

241 1108 541 1178 Engallim,
572 1108 799 1163 siccatio
842 1123 1175 1177 sugenan
1210 1107 1336 1162 erit.
1393 1105 1665 1161 Plurimae
1693 1105 1892 1176 species

241 1204 404 1253 erunt
427 1197 665 1268 piscium
696 1197 813 1268 ejus
832 1213 851 1250 :
882 1196 1024 1251 sicut
1048 1198 1225 1268 pisces
1250 1195 1425 1250 maris
1462 1195 1675 1264 magni,
1705 1193 1893 1249 multi-

244 1285 457 1341 tudinis
483 1284 781 1357 nimias'.(a)
801 1286 861 1341 In
886 1285 972 1339 his
993 1287 1184 1339 autem
1203 1298 1329 1355 qum
1348 1283 1708 1352 egrediuntur
1737 1284 1892 1353 ripas

242 1379 295 1430 et
321 1381 450 1430 sunt
479 1374 773 1445 palustria,
824 1372 973 1430 591
1025 1388 1137 1428 non
1183 1372 1544 1438 sanabuntur,
1575 1372 1668 1426 sed
1696 1370 1887 1442 [Vulg

240 1462 396 1535 quia]
420 1464 484 1517 in
509 1463 721 1517 salinas
767 1461 1063 1517 dabuntur.
1124 1463 1188 1516 Et
1234 1477 1399 1532 super
1426 1464 1719 1517 torrentem
1749 1459 1893 1532 (sive

237 1551 492 1623 ﬂuvium)
522 1551 738 1606 orietur
765 1552 827 1605 in
860 1551 999 1622 ripis
1027 1551 1145 1622 ejus
1200 1567 1270 1606 ea:
1292 1554 1523 1622 utraque
1545 1554 1709 1621 parte
1736 1565 1894 1606 omne

239 1640 455 1709 lignum
476 1639 813 1711 pomiferum
841 1638 985 1711 (sive
1011 1639 1394 1711 frugiferum),
1431 1653 1539 1694 non
1593 1637 1788 1707 deﬂuet
1812 1641 1892 1709 fo-

238 1728 384 1785 lium
406 1743 549 1784 exeo
579 1727 722 1799 (sive
742 1744 854 1784 non
874 1729 1231 1785 inveterascet
1249 1744 1322 1784 ea:
1341 1730 1422 1795 eo)
1444 1746 1465 1782 :
1483 1735 1535 1784 et
1550 1744 1663 1784 non
1680 1727 1891 1783 deﬁciet

239 1818 460 1888 fructus
474 1818 610 1887 eius.
637 1818 746 1873 Per
761 1818 1004 1888 singulos
1031 1833 1244 1873 menses
1272 1818 1466 1889 afferet
1481 1818 1732 1882 primitia
1749 1816 1892 1888 (sive

237 1905 648 1963 innovabuntur
693 1906 941 1976 omnia);
995 1908 1127 1978 quia
1155 1920 1317 1977 aqua:
1346 1909 1460 1977 ejus
1486 1906 1557 1961 de
1578 1907 1891 1961 sanctuario

241 1994 608 2067 egredientur,
640 1999 691 2050 et
719 1997 828 2051 erit
853 1996 1066 2065 fructus
1095 1996 1213 2066 ejus
1241 1997 1303 2050 in
1331 1995 1589 2060 cibum,et
1614 1996 1753 2066 folia
1776 1997 1891 2068 ejus

203 2128 216 2139 .
243 2083 315 2140 ad
339 2083 672 2141 medicinam
717 2083 860 2154 (sive
912 2091 964 2139 et
1008 2085 1255 2140 ascensio
1301 2085 1421 2155 ejus
1457 2084 1529 2139 ad
1555 2083 1887 2156 sanitatem).

242 2177 452 2231 Totum
483 2173 807 2246 capitulum
839 2189 1197 2245 quamquam
1249 2172 1540 2246 prolixum
1582 2174 1679 2243 sit,
1712 2173 1890 2229 simul

240 2277 457 2334 ponere
483 2261 666 2329 volui,
686 2277 759 2318 ne
814 2278 1055 2318 sensum
1094 2261 1345 2335 legentis
1373 2263 1888 2334 interrumperem,

237 2355 296 2408 et
315 2349 581 2408 lectionis
610 2352 752 2407 ordo
774 2351 997 2408 divisus
1019 2352 1077 2407 in
1109 2355 1322 2424 partes,
1356 2352 1647 2409 audientis
1676 2352 1890 2408 intelli-

202 2448 209 2453 ’
239 2439 497 2513 gentiam
529 2441 920 2497 conturbaret.
956 2440 1337 2513 Primumque
1366 2441 1700 2512 dicendum,
1736 2442 1890 2514 quod

239 2544 347 2602 pro
401 2532 657 2586 torrente
712 2529 771 2585 in
830 2529 1111 2586 Hebraico
1171 2530 1385 2586 dicitur
1422 2548 1605 2586 NEHEL
1634 2516 1804 2603 (bna),
1836 2535 1895 2587 et

239 2617 435 2675 Graeco
467 2634 736 2675 sermone
764 2616 1102 2693 χειμάῤῥους
1141 2619 1487 2691 appellatur,
1520 2619 1663 2674 LXX
1686 2621 1894 2690 ﬂumen

240 2705 694 2763 transtulerunt.
727 2706 947 2763 Deinde
993 2723 1098 2779 pro
1154 2705 1411 2777 Galilaaa,
1445 2723 1572 2778 quae
1612 2707 1892 2763 Hebraice

243 2793 460 2849 dicitur
484 2810 685 2850 eum
714 2780 946 2865 (aliubi),
975 2794 1188 2866 Aquila
1206 2794 1282 2861 (b)
1307 2791 1455 2854 θίνας
1476 2794 1892 2867 interpretatus

245 2880 505 2951 sit,quod
528 2881 788 2937 tumulos
804 2882 1098 2954 significat
1120 2898 1430 2937 arenarum
1457 2900 1469 2948 ;
1503 2882 1890 2953 Symmachus

248 2965 520 3041 μεθόριον,
554 2970 709 3040 quod
744 2985 1062 3041 possumus
1084 2971 1403 3026 transferre
1430 2972 1756 3041 conﬁnium.
1780 2975 1890 3026 Pro

242 3055 459 3112 Arabia
486 3072 718 3128 quoque
740 3056 1572 3129 Symmachus,inhabitabilem
1589 3076 1611 3121 ;
1642 3058 1889 3131 Aquilae,

244 3146 487 3200 humilia
512 3144 601 3201 vel
625 3146 798 3217 plana
816 3163 840 3210 ;
868 3144 1206 3215 Theodotio,
1256 3145 1326 3217 (c)
1372 3146 1552 3201 Araba
1579 3147 1891 3204 transtule-

1999 574 2070 629 de
2100 591 2217 645 quo
2247 575 2306 629 in
2340 575 2629 647 praeterita
2675 574 2929 632 diximus
2970 575 3235 645 lectione,
3268 575 3393 647 ipse
3422 590 3456 629 a
3505 573 3648 630 LXX

1946 678 1955 685 '
1998 663 2152 719 592
2175 663 2503 736 appellatur
2519 664 2822 733 ﬂuvius,eo
2847 665 3001 736 quod
3018 666 3327 736 perpetuas
3339 680 3522 735 aquas
3538 662 3645 718 ha-

1999 751 2132 806 beat
2146 768 2273 807 :nec
2290 752 2361 807 de
2381 752 2594 824 pluviis
2605 753 2745 809 hinc
2764 753 2897 808 inde
2917 753 3209 818 collectas,
3225 752 3326 808 sed
3349 751 3419 806 de
3438 750 3564 807 vivo
3589 753 3651 806 et

2000 844 2281 911 perpetuo
2314 841 2470 897 fonte
2500 846 2825 898 manantes.
2876 841 2956 897 De
3004 856 3120 912 quo
3165 839 3343 895 ﬂuvio
3373 839 3560 894 multa
3586 838 3649 893 in

2000 928 2318 1001 Scripturis
2371 929 2590 986 sanctis
2635 929 2924 1002 legimus;
2976 930 3078 986 sed
3108 928 3167 984 in
3200 928 3650 1001 praesentiarum

1998 1034 2187 1090 pauca
2216 1017 2463 1074 dicenda
2515 1023 2676 1085 sunt,
2726 1035 2791 1073 ac
2838 1017 3095 1089 primum
3127 1016 3312 1072 illud:
3363 1016 3652 1073 Fluminis

2001 1106 2255 1178 impetus
2286 1106 2541 1162 laetificat
2591 1106 2880 1163 civitatem
2922 1107 3021 1162 Dei
3074 1108 3185 1178 (Ps.
3216 1124 3340 1173 ην,
3376 1106 3450 1177 4).
3488 1106 3557 1161 Et
3588 1105 3649 1161 in

2001 1194 2114 1251 alio
2139 1195 2298 1251 loco:
2336 1195 2579 1251 Flumen
2625 1196 2725 1251 Dei
2764 1195 3045 1267 repletum
3073 1200 3163 1251 est
3192 1195 3381 1266 aquis,
3415 1212 3652 1267 praapa-

1999 1285 2139 1341 rasti
2153 1284 2349 1339 cibum
2362 1300 2561 1340 eorum
2572 1284 2730 1355 ,quia
2744 1284 2828 1339 sic
2845 1288 2936 1339 est
2948 1284 3292 1355 praeparatio
3315 1283 3391 1354 (d)
3413 1287 3514 1338 tua
3529 1285 3648 1350 (Ps.

2000 1390 2143 1438 LXIV,
2194 1372 2300 1444 10).
2337 1372 2711 1444 Rursumque
2753 1372 3093 1444 pluraliter:
3127 1371 3507 1428 Elevaverunt
3534 1372 3651 1428 flu-

2000 1461 2180 1532 mina,
2212 1461 2476 1531 Domine,
2500 1460 2868 1517 elevaverunt
2888 1460 3136 1516 ﬂumina
3163 1476 3330 1516 voces
3347 1461 3588 1531 suas,(e)
3617 1477 3655 1515 a

1996 1551 2235 1606 vocibus
2295 1564 2581 1621 aquarum
2628 1548 2947 1603 multarum
2985 1546 3319 1603 :Mirabiles
3367 1545 3654 1603 elationes

1999 1638 2180 1694 maris
2224 1638 2335 1709 (Ps.
2375 1653 2509 1706 xcu,
2557 1636 2699 1708 2-4).
2751 1638 2821 1692 Et
2868 1635 2927 1690 in
2960 1635 3153 1691 Isaia:
3191 1635 3425 1691 Faciam
3453 1636 3514 1690 in
3544 1635 3650 1690 de-

1999 1732 2154 1782 serto
2195 1727 2371 1797 viam,
2399 1730 2457 1781 et
2486 1725 2544 1780 in
2576 1725 2731 1781 invio
2775 1724 3021 1780 ﬂumina
3068 1725 3218 1794 (lsai.
3251 1741 3409 1790 XLIII,
3440 1724 3552 1790 19).
3583 1725 3659 1781 Et

1919 1847 1969 1914 B
1996 1815 2058 1871 in
2089 1815 2201 1871 alio
2222 1815 2487 1887 ejusdem
2514 1813 2641 1870 loco
2664 1813 3037 1914 manifestius
3062 1829 3074 1868 :
3098 1813 3418 1912 Apparebit
3444 1813 3657 1914 in’ﬂion

1999 1904 2216 1960 ﬂuvius
2263 1904 2578 1959 decurrens
2623 1901 2918 1975 gloriosus
2967 1901 3026 1956 in
3057 1905 3213 1957 terra
3242 1901 3461 1957 sitienti
3494 1902 3655 1974 (Isai.

1998 2010 2146 2059 κων,
2201 1992 2277 2063 3).
2309 1992 2496 2064 Super
2526 1991 2682 2047 hunc
2734 1991 2974 2047 ﬂuvium
3029 1995 3198 2046 erant
3227 1990 3465 2046 arbores
3513 1990 3657 2064 plu-

2000 2082 2159 2136 rimae
2189 2097 2259 2136 ex
2287 2083 2535 2153 utraque
2565 2083 2728 2151 parte
2759 2080 2896 2152 ripae
2921 2104 2936 2147 ;
2987 2083 3053 2135 ut
3096 2078 3248 2134 inter
3274 2080 3389 2135 duo
3426 2077 3665 2136 scilicet

1999 2171 2413 2236 Instrumenta,
2434 2172 2599 2225 vetus
2626 2173 2684 2225 et
2713 2184 2948 2240 novum,
2979 2166 3219 2224 clausus
3250 2172 3510 2224 curreret
3536 2169 3657 2224 ﬂu-

1996 2260 2145 2315 vius.
2180 2258 2357 2331 Ligna
2398 2262 2597 2314 autem
2644 2257 2854 2325 multa,
2882 2256 2970 2313 vel
3001 2257 3242 2313 arbores
3272 2257 3563 2330 plurimas
3595 2261 3660 2314 et

2000 2347 2216 2404 multas
2247 2345 2446 2415 nimis,
2477 2345 2611 2402 illas
2641 2346 2894 2402 arbitror
2924 2362 3073 2418 quas
3107 2346 3167 2400 in
3195 2346 3466 2418 paradiso
3493 2346 3658 2403 Scri-

1999 2441 2172 2509 ptura
2187 2438 2606 2492 commemorat
2620 2434 2812 2506 pomis
2827 2434 3005 2490 variis
3021 2434 3345 2502 abundare;
3360 2434 3663 2507 docetque

2000 2526 2344 2599 prophetam
2375 2525 2582 2581 ductor
2609 2523 2855 2596 praevius
2911 2528 2970 2579 et
3022 2522 3320 2596 magister,
3374 2528 3432 2579 et
3461 2524 3655 2581 dicit:

1996 2617 2174 2686 Aquae
2204 2615 2329 2670 ista:
2377 2631 2504 2686 quis
2535 2613 2934 2686 egrediuntur,
2967 2612 3057 2668 vel
3087 2612 3146 2666 in
3178 2610 3473 2668 Galilmam
3503 2628 3665 2686 gen-

1998 2703 2170 2768 tium,
2220 2706 2391 2775 juxta
2442 2702 2597 2765 LXX,
2643 2702 2731 2757 vel
2760 2705 2851 2770 (ut
2878 2700 3069 2757 verius
3100 2701 3159 2755 in
3188 2701 3426 2757 Hebraeo
3455 2703 3662 2759 conti-

1998 2795 2196 2862 netur)
2228 2794 2299 2847 ad
2332 2791 2590 2848 tumulos
2620 2790 2811 2846 sabuli
2834 2788 3169 2859 Orientalis,
3195 2795 3254 2846 et
3282 2790 3659 2847 descendunt

2000 2881 2071 2936 ad
2095 2882 2269 2953 plana
2289 2881 2523 2947 deserti,
2555 2878 2644 2934 vel
2697 2880 2768 2934 ad
2810 2880 3107 2944 Arabiam,
3137 2878 3440 2935 intrabunt
3458 2895 3649 2951 mare,

1997 2969 2086 3026 vel
2120 2970 2189 3026 ad
2214 2969 2403 3025 exitus
2429 2970 2695 3035 maris,et
2723 2970 3093 3024 sanabuntur
3121 2984 3308 3038 aquas.
3340 2974 3534 3039 Aquas
3556 2970 3659 3025 vel

1997 3058 2275 3130 baptismi
2308 3058 2675 3130 gratiam,vel
2705 3056 3111 3129 Evangelicam
3143 3056 3473 3130 signiﬁcem
3501 3057 3660 3114 doc-

1998 3146 2233 3216 trinam,
2259 3148 2483 3203 dudum
2516 3146 2795 3202 diximus.
2825 3145 2960 3209 Quae
2992 3146 3042 3201 si
3073 3145 3450 3218 egrediantur
3476 3145 3552 3201 de
3581 3145 3659 3201 li-

245 3209 689 3290 runt.Dicamus
710 3249 848 3305 ergo
879 3234 1020 3305 quid
1042 3209 1212 3290 nobis
1230 3209 1497 3291 videatur
1522 3235 1583 3290 in
1617 3235 1886 3309 singulis.
1920 3209 1963 3277 (ἶ
2006 3235 2160 3291 mine
2187 3209 2389 3308 templi
2421 3235 2674 3303 Domini,
2701 3239 2759 3290 et
2784 3209 3178 3307 Apostolicain
3208 3237 3446 3289 teneant
3468 3233 3660 3290 disci-

244 3320 349 3375 Vir
379 3320 476 3377 ille
505 3321 605 3386 qui
657 3326 782 3378 erat
801 3322 1009 3378 ductor
1036 3321 1369 3390 Ezechielis,
1399 3329 1731 3380 commonet
1759 3341 1899 3397 pro-

250 3410 509 3482 phetam,
567 3416 634 3466 ut
690 3410 1031 3484 diligentius
1069 3411 1368 3468 intueatur
1395 3416 1453 3468 et
1478 3413 1688 3479 videat,
1715 3418 1771 3469 et
1799 3430 1893 3469 oc-

246 3498 404 3555 culta
433 3499 711 3573 mysteria
737 3498 922 3556 oculis
952 3501 1166 3561 mentis
1188 3502 1466 3557 attendat.
1490 3502 1672 3558 Vocat
1699 3507 1893 3560 autem

243 3586 431 3643 ﬁlium
474 3588 753 3660 hominis,
787 3588 877 3645 vel
905 3588 966 3644 in
996 3589 1247 3661 ﬁguram
1290 3589 1521 3646 Domini
1552 3590 1893 3661 Salvatoris;

242 3680 300 3732 et
324 3676 479 3735 enim
511 3679 768 3735 Ezechiel
816 3678 1251 3750 interpretatur,
1281 3679 1565 3750 fortitudo,
1597 3679 1685 3736 vel
1717 3682 1895 3753 impe-

240 3766 391 3822 rium
418 3767 550 3823 Dei:
572 3767 662 3824 vel
683 3771 834 3823 certe
852 3766 922 3822 ad
947 3768 1397 3823 commotionem
1430 3767 1763 3840 fragilitatis
1794 3770 1897 3826 hu-

239 3869 428 3910 mana;
452 3872 466 3923 ;
492 3872 564 3912 ne
584 3854 964 3912 obliviscatur
983 3855 1338 3912 conditionis
1358 3873 1499 3927 suae,
1519 3859 1661 3914 dum
1684 3859 1737 3914 ei
1770 3875 1893 3916 ma-

239 3958 355 4013 gna
377 3947 808 4000 monstrantur:
845 3947 904 3998 et
925 3945 1350 4001 communitum
1376 3945 1743 4019 ducit,atque
1767 3964 1897 4004 con-

237 4031 410 4086 vertit
435 4034 507 4087 ad
540 4031 727 4104 ripam
758 4025 1054 4098 torrentis,
1082 4037 1147 4088 ut
1169 4033 1446 4104 quoniam
1476 4035 1730 4091 mediam
1755 4053 1893 4108 pro-

238 4117 587 4174 funditatem
610 4118 861 4175 transire
893 4136 1008 4176 non
1040 4125 1307 4192 potuerat
1338 4123 1456 4192 [Αι.
1485 4126 1753 4195 poterat],
1775 4124 1891 4181 sal-

237 4209 356 4262 tem
378 4221 447 4262 sa
467 4222 595 4277 qum
616 4206 678 4262 in
702 4207 846 4278 ripis
875 4212 1015 4264 sunt
1043 4215 1437 4281 recognoscat.
1471 4212 1753 4284 Cumque,
1789 4214 1889 4282 ait,

239 4311 333 4352 me
344 4294 778 4360 convertissem,
788 4295 907 4352 sive
927 4295 1024 4351 ille
1038 4312 1130 4353 me
1143 4298 1542 4367 convertisset,
1563 4302 1663 4371 qui
1685 4302 1892 4358 ductor

237 4388 439 4441 eratet
466 4383 755 4451 monitor;
788 4400 921 4441 ecce
951 4385 1009 4440 in
1055 4385 1182 4457 ripa
1225 4387 1521 4453 torrentis,
1556 4388 1676 4443 sive
1706 4389 1888 4460 ﬂuvii,

235 4472 397 4548 ligna
426 4472 724 4541 multa,vel
756 4475 992 4531 arbores
1022 4472 1287 4546 plurimas
1318 4474 1496 4531 nimis
1524 4491 1593 4531 ex
1636 4480 1886 4548 utraque

2004 3324 2246 3396 plinam,
2278 3323 2538 3380 tumulos
2570 3322 2781 3387 sabuli,
2809 3322 3036 3379 steriles
3067 3322 3251 3394 prius,
3280 3330 3335 3378 et
3364 3322 3662 3380 infertiles

2002 3412 2226 3468 faciunt
2252 3429 2381 3468 esse
2402 3412 2794 3484 frugiferos,et
2812 3410 3193 3484 omniaplana
3216 3415 3394 3483 atque
3415 3411 3663 3469 deserta

2001 3500 2084 3556 ita
2113 3501 2451 3573 irrigantur,
2475 3506 2539 3555 ut
2557 3501 2889 3572 exprimant
2906 3501 2966 3555 in
2989 3517 3052 3556 se
3070 3499 3453 3556 Jerichontini
3484 3500 3663 3556 ﬂuvii

2002 3595 2433 3646 sacramentum
2457 3590 2548 3661 (IV
2572 3590 2700 3661 Reg.
2722 3593 2821 3657 Ii):
2847 3605 3021 3661 quem
3042 3588 3285 3645 Elisaaus
3304 3588 3667 3660 Evangelico

2002 3684 2060 3734 et
2077 3678 2406 3752 Apostolico
2427 3678 2799 3745 curavitsale,
2823 3678 3117 3734 intantum
3141 3683 3208 3734 ut
3226 3677 3323 3733 ubi
3342 3677 3503 3749 prius
3525 3682 3667 3734 ste-

2004 3767 2191 3824 rilitas
2218 3768 2408 3824 fuerat
2434 3772 2492 3824 et
2520 3784 2702 3835 mors,
2733 3766 2814 3822 ibi
2845 3768 3079 3822 ubertas
3103 3771 3259 3822 esset
3306 3770 3364 3821 et
3386 3764 3667 3822 vita.Nec

2004 3857 2197 3914 solum
2248 3858 2477 3914 deserta
2524 3861 2829 3925 sanarunt,
2872 3856 2974 3912 sed
3006 3856 3230 3912 intrant
3258 3869 3417 3910 mare
3447 3852 3673 3911 Orien-

2002 3946 2141 4013 tale,
2172 3963 2331 4002 mare
2360 3945 2625 4002 videlicet
2655 3948 2955 4001 mortuum
3006 3944 3065 3998 in
3098 3960 3214 4016 quo
3245 3942 3397 3998 nihil
3425 3946 3678 4014 poterat

2002 4052 2132 4090 esse
2161 4035 2355 4102 vitale,
2413 4038 2470 4089 et
2526 4051 2685 4090 mare
2741 4032 3202 4102 amarissimum,
3255 4032 3411 4103 quod
3454 4035 3676 4090 Graece

2002 4118 2197 4195 λίγνην
2225 4123 2296 4193 (f)
2324 4118 2660 4197 ἀσφαλτῖτιν,
2691 4120 2750 4176 id
2800 4127 2907 4189 est,
2939 4130 3199 4192 stagnum
3231 4120 3522 4176 bituminis
3553 4137 3675 4178 vo-

2000 4215 2154 4266 cant.
2179 4210 2332 4267 593
2364 4208 2695 4281 Mirumque
2723 4209 2784 4265 in
2814 4211 3056 4266 modum
3087 4208 3257 4281 aquis
3286 4206 3672 4281 Evangelicis

2000 4314 2163 4368 aqua:
2182 4302 2468 4352 sanantur
2488 4302 2752 4365 mortuas,
2784 4315 2911 4371 quae
2932 4298 3004 4354 ab
3027 4315 3093 4354 eo
3119 4298 3274 4371 quod
3300 4296 3445 4353 nihil
3490 4298 3553 4352 in
3593 4316 3673 4357 se

1996 4385 2167 4441 vitale
2184 4385 2678 4454 habeant,nomen
2705 4388 2911 4443 mortis
2924 4387 3140 4444 sortitae
3162 4391 3321 4443 sunt.
3343 4386 3468 4442 Non
3487 4388 3667 4444 enim

1999 4479 2276 4531 noverant
2301 4491 2438 4530 eum
2469 4475 2569 4546 qui
2625 4474 2803 4531 dicit:
2864 4477 2982 4549 Ego
3029 4492 3162 4533 sum
3193 4475 3315 4532 vita
3341 4479 3401 4531 et
3423 4475 3669 4535 veritas

233 4566 417 4634 parte.
448 4563 701 4620 Torrens
729 4563 838 4620 iste
895 4563 995 4636 qui
1052 4580 1157 4637 pro
1205 4580 1494 4636 aquarum
1526 4565 1886 4625 abundantia
1914 4572 1961 4639 1)
1993 4564 2170 4637 (Joan.
2203 4580 2317 4634 xw,
2370 4564 2448 4636 6).
2481 4564 2551 4620 Et
2582 4581 2779 4621 revera
2798 4566 2970 4636 juxta
3015 4563 3267 4621 litteram
3306 4563 3422 4619 huc
3453 4580 3671 4638 usque

302 4742 379 4816 (a)
400 4739 689 4825 Praaponit
716 4740 854 4797 huic
879 4739 1164 4826 versiculo
1184 4740 1876 4826 Victor.alterum,.quem

230 4813 749 4887 ﬁlerunym'ianum
765 4828 894 4887 esse
911 4813 1117 4887 probat
1127 4828 1196 4868 ex
1215 4813 1478 4887 subnexa
1496 4813 1872 4887 expositione.

229 4884 331 4959 Sic
341 4883 488 4959 _ver'o
519 4883 696 4959 legit_:
728 4885 802 4959 I_n_
823 4883 1100 4939 littoribus
1155 4892 1333 4959 autem
1376 4886 1516 4959 ejus,
1546 4883 1602 4943 et
1618 4889 1688 4959 in
1714 4889 1875 4959 palu-

226 4955 451 5027 stribus,
485 4955 604 5011 sive
651 4956 714 5010 In
743 4956 829 5011 his
859 4963 1061 5024 autem,
1108 4959 1216 5009 etc.
1247 4956 1381 5027 Quae
1402 4955 1405 4956 ⁷
1430 4957 1591 5027 prior
1617 4955 1788 5015 lectio
1820 4966 1878 5016 et

2057 4743 2134 4815 (d)
2164 4742 2381 4799 Victor.
2411 4744 2530 4815 ejus
2558 4760 2661 4815 pro
2687 4746 2785 4799 tua
2815 4744 2897 4815 ad
2918 4741 3197 4815 Vulgata
3225 4740 3545 4815 exemplar.
3585 4743 3669 4801 In

1985 4814 2179 4888 graeco
2237 4814 2513 4870 neutrum
2562 4814 2799 4888 legitur.
2856 4814 2990 4871 Vid.
3050 4814 3221 4887 epist.
3281 4814 3356 4870 ad
3397 4817 3542 4869 Sun.
3593 4821 3669 4873 et

1989 4885 2390 5030 Flagegupplet
2416 4955 2511 5030 hic
2536 4956 2748 5012 iterum
2799 4955 3092 5012 Victorius
3123 4955 3467 5030 integrando
3498 4960 3652 5014 tex-

228 5024 289 5101 in
314 5023 565 5101 Yulgata
605 5030 695 5081 est
718 5050 733 5093 ;
759 5023 1070 5101 utramque
1098 5025 1367 5101 verorabs
1396 5023 1747 5101 Hieronymo
1779 5047 1874 5087 re-
1982 5023 2440 5099 tui,elevdverunt
2464 5027 2709 5101 ﬂumina
2728 5031 2926 5100 ﬂuctus
2954 5043 3097 5101 suos.

228 5093 367 5171 ferri
397 5093 720 5171 aigt_t_1_rpa_t_,_
747 5093 1150 5171 quippe:_cum_
1193 5100 1439 5169 utraque
1469 5100 1598 5171 ejus
1615 5093 1724 5167 'sit,
1755 5119 1873 5158 non

227 5165 412 5223 altera
442 5164 606 5232 LXX,
638 5165 723 5221 illi
754 5164 914 5223 enim
941 5167 1109 5224 aliter
1136 5166 1328 5223 locum
1344 5164 1799 5228 transtulerunt.

2150 5102 2336 5182 A‘nt'ea
2364 5094 2500 5182 erat.
2518 5094 2816 5182 ἀσφάλιιὲῃγ
2860 5116 2964 5182 pro
2995 5094 3475 5182 &G?ti)\:tttt\t.J8..Hl‘
3495 5114 3661 5158 veno

1985 5168 2115 5228 huic
2145 5168 2414 5224 αὐτόπτου
2436 5168 3127 5242 Hieronymiteslimonio
3156 5170 3441 5242 denimia
3460 5168 3657 5229 lacus

300 5238 375 5316 (b)
423 5241 700 5308 Corrupte
732 5244 855 5316 erat
901 5237 1078 5316 Οειγᾲς
1112 5255 1215 5316 pro
1246 5237 1417 5305 θίνας,
1450 5246 1507 5296 et
1536 5242 1832 5316 paulo‘pog

2055 5242 2375 5316 lenitudine
2408 5242 2554 5316 adde
2582 5237 3117 5316 luculentissimum
3148 5240 3346 5316 Galeni
3376 5240 3521 5296 lib.v
3543 5242 3655 5316 _de

224 5306 637 5434 ἕὲξόῐριοὲορῐδὸ
672 5306 940 5389 μεθόρξον.
965 5310 1083 5392 ΜΒ.
1112 5306 1568 5382 ἒαηεθτῐῐὶᾶηθῐῖ.
1599 5306 1866 5387 castigat.

369 5398 431 5434 er
543 5382 923 5434 mmentarios
963 5397 1020 5434 In
1054 5381 1198 5434 Osee
1227 5398 1326 5434 xu.
1363 5383 1446 5434 11.

269 5353 431 5436 onl'er
461 5353 923 5435 do'mmgntarios
963 5380 1020 5434 in
1054 5381 1198 5437 Osee
1227 5353 1326 5447 ξιι,
1363 5383 1446 5436 11.

295 5451 365 5522 (c)
385 5452 685 5536 ‘Hagt‘enus
704 5449 907 5505 vitiose
937 5450 1628 5536 leuetum‘estﬂlrab‘aspro
1657 5456 1866 5536 Arata,

224 5515 569 5596 sive'dpzSa‘i,
613 5540 730 5596 qua
782 5536 916 5575 voce
961 5515 1331 5596 Theodotidn
1390 5515 1714 5596 planitiem,
1748 5515 1866 5585 sive

222 5590 549 5665 plana'loca
577 5590 667 5665 est
695 5593 1127 5665 interpretatus.
1157 5595 1305 5652 Vide
1343 5590 1482 5651 to'm.
1518 5597 1614 5664 ΙΙΙ,
1645 5590 1864 5656 librum

222 5661 294 5720 de
331 5661 594 5731 Locis,ad
607 5661 859 5722 nomina
872 5663 1114 5721 Araboth
1141 5668 1327 5739 moab,
1359 5671 1416 5724 et
1443 5661 1646 5741 Araba,
1679 5675 1787 5728 etc.

1979 5313 2346 5386 Simplicium
2382 5312 2936 5386 medicamentorum
2971 5312 3650 5386 falcutatib_us,cap._19.

1977 5383 2160 5456 Atque
2203 5384 2303 5440 ubi
2334 5388 2505 5456 negat
2534 5384 2591 5439 S.
2624 5383 2850 5456 Doctor,
2912 5400 2982 5440 ne
3028 5383 3353 5441 cochleolas
3382 5383 3654 5456 quidem

1976 5455 2127 5527 inter
2199 5457 2327 5527 ejus
2384 5455 2567 5526 aquas
2622 5455 2846 5527 ,vivere,
2904 5456 3054 5511 scias
3105 5455 3531 5511 Maundrelium
3609 5475 3658 5515 ιι

1976 5524 2559 5609 Retandolaudatum
2582 5524 2804 5599 aliquot
2833 5528 3060 5584 tradere
3081 5529 3152 5584 ad
3184 5527 3350 5584 littus
3377 5527 3507 5598 ejus
3537 5543 3656 5585 re~

1976 5614 2173 5670 periri.
