  <div class='ocr_page' id='page_1' title='image "/cluster/home/n/w/nwhite01/storage/ocr_20150623/25/hvd.32044096580493/242.png"; bbox 0 0 3996 6184; ppageno 0'>
   <div class='ocr_carea' id='block_1_1' title="bbox 173 361 283 426">
    <p class='ocr_par' dir='ltr' id='par_1_1' title="bbox 173 361 283 426">
     <span class='ocr_line' id='line_1_1' title="bbox 173 361 283 426; baseline 0.009 -2"><span class='ocrx_word' id='word_1_1' title='bbox 173 361 283 426; x_wconf 68' lang='grc'>473</span> 
     </span>
    </p>
   </div>
   <div class='ocr_carea' id='block_1_2' title="bbox 708 352 3026 429">
    <p class='ocr_par' dir='ltr' id='par_1_2' title="bbox 708 352 3026 429">
     <span class='ocr_line' id='line_1_2' title="bbox 708 352 3026 429; baseline -0.003 -2"><span class='ocrx_word' id='word_1_2' title='bbox 708 358 1446 429; x_wconf 79' lang='lat' dir='ltr'>COMMENTARIORUM</span> <span class='ocrx_word' id='word_1_3' title='bbox 1494 362 1573 424; x_wconf 86' lang='lat' dir='ltr'>IN</span> <span class='ocrx_word' id='word_1_4' title='bbox 1619 356 2120 424; x_wconf 80' lang='lat' dir='ltr'>EZEGHIELEM</span> <span class='ocrx_word' id='word_1_5' title='bbox 2163 356 2312 418; x_wconf 89' lang='lat' dir='ltr'>LIB.</span> <span class='ocrx_word' id='word_1_6' title='bbox 2361 352 2518 419; x_wconf 83' lang='lat' dir='ltr'>XIV.</span> <span class='ocrx_word' id='word_1_7' title='bbox 2565 354 2742 421; x_wconf 77' lang='lat' dir='ltr'>CAP.</span> <span class='ocrx_word' id='word_1_8' title='bbox 2786 353 3026 424; x_wconf 78' lang='lat' dir='ltr'>XLVII.</span> 
     </span>
    </p>
   </div>
   <div class='ocr_carea' id='block_1_3' title="bbox 3453 357 3575 423">
    <p class='ocr_par' dir='ltr' id='par_1_3' title="bbox 3453 357 3575 423">
     <span class='ocr_line' id='line_1_3' title="bbox 3453 357 3575 423; baseline 0.025 -2"><span class='ocrx_word' id='word_1_9' title='bbox 3453 357 3575 423; x_wconf 68' lang='grc'>4⁸74</span> 
     </span>
    </p>
   </div>
   <div class='ocr_carea' id='block_1_4' title="bbox 173 490 3570 572">
    <p class='ocr_par' dir='ltr' id='par_1_4' title="bbox 173 490 3570 572">
     <span class='ocr_line' id='line_1_4' title="bbox 173 490 3570 572; baseline -0.001 -16"><span class='ocrx_word' id='word_1_10' title='bbox 173 496 312 556; x_wconf 85' lang='lat' dir='ltr'>nihil</span> <span class='ocrx_word' id='word_1_11' title='bbox 338 498 498 572; x_wconf 86' lang='lat' dir='ltr'>quod</span> <span class='ocrx_word' id='word_1_12' title='bbox 523 497 722 572; x_wconf 88' lang='lat' dir='ltr'>spiret,</span> <span class='ocrx_word' id='word_1_13' title='bbox 752 504 809 556; x_wconf 88' lang='lat' dir='ltr'>et</span> <span class='ocrx_word' id='word_1_14' title='bbox 835 498 1020 571; x_wconf 79' lang='lat' dir='ltr'>possit</span> <span class='ocrx_word' id='word_1_15' title='bbox 1047 498 1332 565; x_wconf 80' lang='lat' dir='ltr'>incedere,</span> <span class='ocrx_word' id='word_1_16' title='bbox 1380 515 1494 570; x_wconf 65' lang='lat' dir='ltr'>prae</span> <span class='ocrx_word' id='word_1_17' title='bbox 1528 497 1812 553; x_wconf 81' lang='lat' dir='ltr'>amaritu-</span> <span class='ocrx_word' id='word_1_18' title='bbox 1841 498 1897 564; x_wconf 72' lang='grc' dir='ltr'>Α</span> <span class='ocrx_word' id='word_1_19' title='bbox 1927 510 2011 561; x_wconf 76' lang='grc' dir='ltr'>ιιι,</span> <span class='ocrx_word' id='word_1_20' title='bbox 2037 492 2148 563; x_wconf 90' lang='grc'>22).</span> <span class='ocrx_word' id='word_1_21' title='bbox 2182 490 2331 547; x_wconf 81' lang='lat' dir='ltr'>Dixit</span> <span class='ocrx_word' id='word_1_22' title='bbox 2363 491 2518 547; x_wconf 89' lang='lat' dir='ltr'>enim</span> <span class='ocrx_word' id='word_1_23' title='bbox 2554 491 2803 564; x_wconf 89' lang='lat' dir='ltr'>populus</span> <span class='ocrx_word' id='word_1_24' title='bbox 2841 491 3175 566; x_wconf 87' lang='lat' dir='ltr'>impatiens,</span> <span class='ocrx_word' id='word_1_25' title='bbox 3224 496 3282 550; x_wconf 92' lang='lat' dir='ltr'>et</span> <span class='ocrx_word' id='word_1_26' title='bbox 3309 493 3570 553; x_wconf 86' lang='lat' dir='ltr'>dolorem</span> 
     </span>
    </p>
   </div>
   <div class='ocr_carea' id='block_1_5' title="bbox 168 586 1817 658">
    <p class='ocr_par' dir='ltr' id='par_1_5' title="bbox 168 586 1817 658">
     <span class='ocr_line' id='line_1_5' title="bbox 168 586 1817 658; baseline -0.001 -14"><span class='ocrx_word' id='word_1_27' title='bbox 168 590 297 646; x_wconf 86' lang='lat' dir='ltr'>dine</span> <span class='ocrx_word' id='word_1_28' title='bbox 331 589 541 653; x_wconf 87' lang='lat' dir='ltr'>nimia,</span> <span class='ocrx_word' id='word_1_29' title='bbox 577 589 635 643; x_wconf 92' lang='lat' dir='ltr'>in</span> <span class='ocrx_word' id='word_1_30' title='bbox 668 589 775 643; x_wconf 88' lang='lat' dir='ltr'>hoc</span> <span class='ocrx_word' id='word_1_31' title='bbox 825 587 970 642; x_wconf 89' lang='lat' dir='ltr'>mari</span> <span class='ocrx_word' id='word_1_32' title='bbox 1031 586 1270 658; x_wconf 88' lang='lat' dir='ltr'>reperiri</span> <span class='ocrx_word' id='word_1_33' title='bbox 1328 591 1553 658; x_wconf 82' lang='lat' dir='ltr'>potest:</span> <span class='ocrx_word' id='word_1_34' title='bbox 1589 602 1693 642; x_wconf 89' lang='lat' dir='ltr'>nec</span> <span class='ocrx_word' id='word_1_35' title='bbox 1723 602 1817 642; x_wconf 89' lang='lat' dir='ltr'>co-</span> 
     </span>
    </p>
   </div>
   <div class='ocr_carea' id='block_1_6' title="bbox 164 673 1820 748">
    <p class='ocr_par' dir='ltr' id='par_1_6' title="bbox 164 673 1820 748">
     <span class='ocr_line' id='line_1_6' title="bbox 164 673 1820 748; baseline -0.002 -15"><span class='ocrx_word' id='word_1_36' title='bbox 164 677 422 733; x_wconf 75' lang='lat' dir='ltr'>chleodze</span> <span class='ocrx_word' id='word_1_37' title='bbox 455 677 693 748; x_wconf 88' lang='lat' dir='ltr'>quidem</span> <span class='ocrx_word' id='word_1_38' title='bbox 729 676 1007 748; x_wconf 81' lang='lat' dir='ltr'>parvique</span> <span class='ocrx_word' id='word_1_39' title='bbox 1037 673 1336 730; x_wconf 90' lang='lat' dir='ltr'>vermiculi</span> <span class='ocrx_word' id='word_1_40' title='bbox 1371 680 1427 730; x_wconf 91' lang='lat' dir='ltr'>et</span> <span class='ocrx_word' id='word_1_41' title='bbox 1448 674 1740 747; x_wconf 79' lang='lat' dir='ltr'>anguillas,</span> <span class='ocrx_word' id='word_1_42' title='bbox 1764 678 1820 729; x_wconf 89' lang='lat' dir='ltr'>et</span> 
     </span>
    </p>
   </div>
   <div class='ocr_carea' id='block_1_7' title="bbox 165 764 1816 836">
    <p class='ocr_par' dir='ltr' id='par_1_7' title="bbox 165 764 1816 836">
     <span class='ocr_line' id='line_1_7' title="bbox 165 764 1816 836; baseline -0.002 -15"><span class='ocrx_word' id='word_1_43' title='bbox 165 771 374 821; x_wconf 64' lang='lat' dir='ltr'>cetera</span> <span class='ocrx_word' id='word_1_44' title='bbox 393 765 787 820; x_wconf 86' lang='lat' dir='ltr'>animantium</span> <span class='ocrx_word' id='word_1_45' title='bbox 803 765 921 820; x_wconf 86' lang='lat' dir='ltr'>sive</span> <span class='ocrx_word' id='word_1_46' title='bbox 938 764 1295 835; x_wconf 82' lang='lat' dir='ltr'>serpentium</span> <span class='ocrx_word' id='word_1_47' title='bbox 1312 781 1544 836; x_wconf 88' lang='lat' dir='ltr'>genera,</span> <span class='ocrx_word' id='word_1_48' title='bbox 1566 780 1816 835; x_wconf 91' lang='lat' dir='ltr'>quorum</span> 
     </span>
    </p>
   </div>
   <div class='ocr_carea' id='block_1_8' title="bbox 165 853 1815 926">
    <p class='ocr_par' dir='ltr' id='par_1_8' title="bbox 165 853 1815 926">
     <span class='ocr_line' id='line_1_8' title="bbox 165 853 1815 926; baseline -0.002 -16"><span class='ocrx_word' id='word_1_49' title='bbox 165 856 360 925; x_wconf 85' lang='lat' dir='ltr'>magis</span> <span class='ocrx_word' id='word_1_50' title='bbox 390 853 743 926; x_wconf 88' lang='lat' dir='ltr'>corpuscula</span> <span class='ocrx_word' id='word_1_51' title='bbox 776 870 1094 925; x_wconf 85' lang='lat' dir='ltr'>possumus</span> <span class='ocrx_word' id='word_1_52' title='bbox 1142 869 1312 909; x_wconf 88' lang='lat' dir='ltr'>nosse</span> <span class='ocrx_word' id='word_1_53' title='bbox 1353 871 1526 922; x_wconf 85' lang='lat' dir='ltr'>quam</span> <span class='ocrx_word' id='word_1_54' title='bbox 1555 853 1815 908; x_wconf 88' lang='lat' dir='ltr'>nomina.</span> 
     </span>
    </p>
   </div>
   <div class='ocr_carea' id='block_1_9' title="bbox 161 942 1818 1014">
    <p class='ocr_par' dir='ltr' id='par_1_9' title="bbox 161 942 1818 1014">
     <span class='ocr_line' id='line_1_9' title="bbox 161 942 1818 1014; baseline -0.001 -16"><span class='ocrx_word' id='word_1_55' title='bbox 161 942 429 1014; x_wconf 85' lang='lat' dir='ltr'>Denique</span> <span class='ocrx_word' id='word_1_56' title='bbox 451 943 499 998; x_wconf 87' lang='lat' dir='ltr'>si</span> <span class='ocrx_word' id='word_1_57' title='bbox 517 943 794 998; x_wconf 88' lang='lat' dir='ltr'>Jordanis</span> <span class='ocrx_word' id='word_1_58' title='bbox 815 947 1024 997; x_wconf 90' lang='lat' dir='ltr'>auctus</span> <span class='ocrx_word' id='word_1_59' title='bbox 1043 942 1331 997; x_wconf 83' lang='lat' dir='ltr'>imbribus</span> <span class='ocrx_word' id='word_1_60' title='bbox 1354 943 1544 1013; x_wconf 88' lang='lat' dir='ltr'>pisces</span> <span class='ocrx_word' id='word_1_61' title='bbox 1569 942 1706 996; x_wconf 92' lang='lat' dir='ltr'>illuc</span> <span class='ocrx_word' id='word_1_62' title='bbox 1728 942 1818 996; x_wconf 82' lang='lat' dir='ltr'>in-</span> 
     </span>
    </p>
   </div>
   <div class='ocr_carea' id='block_1_10' title="bbox 161 1031 1818 1103">
    <p class='ocr_par' dir='ltr' id='par_1_10' title="bbox 161 1031 1818 1103">
     <span class='ocr_line' id='line_1_10' title="bbox 161 1031 1818 1103; baseline 0 -18"><span class='ocrx_word' id='word_1_63' title='bbox 161 1031 357 1087; x_wconf 86' lang='lat' dir='ltr'>ﬂuens</span> <span class='ocrx_word' id='word_1_64' title='bbox 384 1032 669 1103; x_wconf 82' lang='lat' dir='ltr'>rapuerit,</span> <span class='ocrx_word' id='word_1_65' title='bbox 699 1031 899 1086; x_wconf 83' lang='lat' dir='ltr'>statim</span> <span class='ocrx_word' id='word_1_66' title='bbox 934 1032 1284 1095; x_wconf 91' lang='lat' dir='ltr'>moriuntur,</span> <span class='ocrx_word' id='word_1_67' title='bbox 1321 1036 1377 1086; x_wconf 88' lang='lat' dir='ltr'>et</span> <span class='ocrx_word' id='word_1_68' title='bbox 1410 1031 1727 1102; x_wconf 85' lang='lat' dir='ltr'>pinguibus</span> <span class='ocrx_word' id='word_1_69' title='bbox 1756 1048 1818 1085; x_wconf 92' lang='lat' dir='ltr'>a-</span> 
     </span>
    </p>
   </div>
   <div class='ocr_carea' id='block_1_11' title="bbox 159 1118 1817 1191">
    <p class='ocr_par' dir='ltr' id='par_1_11' title="bbox 159 1118 1817 1191">
     <span class='ocr_line' id='line_1_11' title="bbox 159 1118 1817 1191; baseline -0.001 -17"><span class='ocrx_word' id='word_1_70' title='bbox 159 1121 294 1191; x_wconf 88' lang='lat' dir='ltr'>quis</span> <span class='ocrx_word' id='word_1_71' title='bbox 314 1123 726 1190; x_wconf 88' lang='lat' dir='ltr'>supernataut.</span> <span class='ocrx_word' id='word_1_72' title='bbox 752 1121 894 1175; x_wconf 79' lang='lat' dir='ltr'>Cum</span> <span class='ocrx_word' id='word_1_73' title='bbox 919 1119 1036 1173; x_wconf 68' lang='lat' dir='ltr'>haec</span> <span class='ocrx_word' id='word_1_74' title='bbox 1051 1119 1247 1190; x_wconf 83' lang='lat' dir='ltr'>itaque</span> <span class='ocrx_word' id='word_1_75' title='bbox 1267 1118 1410 1174; x_wconf 85' lang='lat' dir='ltr'>nihil</span> <span class='ocrx_word' id='word_1_76' title='bbox 1430 1119 1699 1174; x_wconf 76' lang='lat' dir='ltr'>utilitatis</span> <span class='ocrx_word' id='word_1_77' title='bbox 1716 1119 1817 1173; x_wconf 90' lang='lat' dir='ltr'>ha-</span> 
     </span>
    </p>
   </div>
   <div class='ocr_carea' id='block_1_12' title="bbox 158 1207 1821 1280">
    <p class='ocr_par' dir='ltr' id='par_1_12' title="bbox 158 1207 1821 1280">
     <span class='ocr_line' id='line_1_12' title="bbox 158 1207 1821 1280; baseline -0.001 -17"><span class='ocrx_word' id='word_1_78' title='bbox 158 1211 368 1276; x_wconf 86' lang='lat' dir='ltr'>beant,</span> <span class='ocrx_word' id='word_1_79' title='bbox 401 1213 466 1263; x_wconf 89' lang='lat' dir='ltr'>ut</span> <span class='ocrx_word' id='word_1_80' title='bbox 494 1207 748 1280; x_wconf 81' lang='lat' dir='ltr'>simplex</span> <span class='ocrx_word' id='word_1_81' title='bbox 803 1223 996 1263; x_wconf 86' lang='lat' dir='ltr'>sermo</span> <span class='ocrx_word' id='word_1_82' title='bbox 1053 1213 1320 1271; x_wconf 82' lang='lat' dir='ltr'>testatur,</span> <span class='ocrx_word' id='word_1_83' title='bbox 1383 1208 1557 1262; x_wconf 85' lang='lat' dir='ltr'>etiam</span> <span class='ocrx_word' id='word_1_84' title='bbox 1589 1207 1633 1264; x_wconf 90' lang='lat' dir='ltr'>si</span> <span class='ocrx_word' id='word_1_85' title='bbox 1671 1208 1821 1262; x_wconf 83' lang='lat' dir='ltr'>facta</span> 
     </span>
    </p>
   </div>
   <div class='ocr_carea' id='block_1_13' title="bbox 157 1295 1815 1368">
    <p class='ocr_par' dir='ltr' id='par_1_13' title="bbox 157 1295 1815 1368">
     <span class='ocr_line' id='line_1_13' title="bbox 157 1295 1815 1368; baseline -0.003 -15"><span class='ocrx_word' id='word_1_86' title='bbox 157 1297 406 1362; x_wconf 83' lang='lat' dir='ltr'>fuerint,</span> <span class='ocrx_word' id='word_1_87' title='bbox 439 1297 595 1368; x_wconf 90' lang='lat' dir='ltr'>quod</span> <span class='ocrx_word' id='word_1_88' title='bbox 623 1295 808 1352; x_wconf 88' lang='lat' dir='ltr'>stulta</span> <span class='ocrx_word' id='word_1_89' title='bbox 849 1297 1186 1352; x_wconf 69' lang='lat' dir='ltr'>Judzeorum</span> <span class='ocrx_word' id='word_1_90' title='bbox 1245 1295 1581 1368; x_wconf 81' lang='lat' dir='ltr'>superstitio</span> <span class='ocrx_word' id='word_1_91' title='bbox 1613 1295 1815 1364; x_wconf 79' lang='lat' dir='ltr'>credit,</span> 
     </span>
    </p>
   </div>
   <div class='ocr_carea' id='block_1_14' title="bbox 147 1384 1818 1458">
    <p class='ocr_par' dir='ltr' id='par_1_14' title="bbox 147 1384 1818 1458">
     <span class='ocr_line' id='line_1_14' title="bbox 147 1384 1818 1458; baseline 0 -18"><span class='ocrx_word' id='word_1_92' title='bbox 147 1389 326 1458; x_wconf 85' lang='lat' dir='ltr'>juxta</span> <span class='ocrx_word' id='word_1_93' title='bbox 359 1384 806 1458; x_wconf 86' lang='lat' dir='ltr'>intelligentiam</span> <span class='ocrx_word' id='word_1_94' title='bbox 833 1384 1154 1456; x_wconf 88' lang='lat' dir='ltr'>spiritalem</span> <span class='ocrx_word' id='word_1_95' title='bbox 1188 1385 1418 1440; x_wconf 86' lang='lat' dir='ltr'>Domini</span> <span class='ocrx_word' id='word_1_96' title='bbox 1446 1389 1696 1439; x_wconf 86' lang='lat' dir='ltr'>torrente</span> <span class='ocrx_word' id='word_1_97' title='bbox 1717 1401 1818 1440; x_wconf 91' lang='lat' dir='ltr'>cu-</span> 
     </span>
    </p>
   </div>
   <div class='ocr_carea' id='block_1_15' title="bbox 153 1472 1814 1545">
    <p class='ocr_par' dir='ltr' id='par_1_15' title="bbox 153 1472 1814 1545">
     <span class='ocr_line' id='line_1_15' title="bbox 153 1472 1814 1545; baseline -0.002 -15"><span class='ocrx_word' id='word_1_98' title='bbox 153 1482 325 1542; x_wconf 65' lang='lat' dir='ltr'>ratae,</span> <span class='ocrx_word' id='word_1_99' title='bbox 352 1473 652 1529; x_wconf 89' lang='lat' dir='ltr'>habebunt</span> <span class='ocrx_word' id='word_1_100' title='bbox 673 1472 862 1545; x_wconf 87' lang='lat' dir='ltr'>pisces</span> <span class='ocrx_word' id='word_1_101' title='bbox 883 1473 1196 1545; x_wconf 87' lang='lat' dir='ltr'>plurimos,</span> <span class='ocrx_word' id='word_1_102' title='bbox 1217 1478 1273 1528; x_wconf 90' lang='lat' dir='ltr'>et</span> <span class='ocrx_word' id='word_1_103' title='bbox 1307 1474 1497 1528; x_wconf 90' lang='lat' dir='ltr'>vivent</span> <span class='ocrx_word' id='word_1_104' title='bbox 1518 1473 1715 1528; x_wconf 74' lang='lat' dir='ltr'>omnia</span> <span class='ocrx_word' id='word_1_105' title='bbox 1747 1473 1814 1527; x_wconf 89' lang='lat' dir='ltr'>ad</span> 
     </span>
    </p>
   </div>
   <div class='ocr_carea' id='block_1_16' title="bbox 154 1561 1822 1635">
    <p class='ocr_par' dir='ltr' id='par_1_16' title="bbox 154 1561 1822 1635">
     <span class='ocr_line' id='line_1_16' title="bbox 154 1561 1822 1635; baseline -0.001 -17"><span class='ocrx_word' id='word_1_106' title='bbox 154 1581 287 1635; x_wconf 66' lang='lat' dir='ltr'>qua</span> <span class='ocrx_word' id='word_1_107' title='bbox 321 1568 552 1618; x_wconf 87' lang='lat' dir='ltr'>torrens</span> <span class='ocrx_word' id='word_1_108' title='bbox 583 1561 696 1617; x_wconf 87' lang='lat' dir='ltr'>iste</span> <span class='ocrx_word' id='word_1_109' title='bbox 722 1563 1083 1632; x_wconf 86' lang='lat' dir='ltr'>pervenerit;</span> <span class='ocrx_word' id='word_1_110' title='bbox 1109 1563 1188 1616; x_wconf 90' lang='lat' dir='ltr'>ita</span> <span class='ocrx_word' id='word_1_111' title='bbox 1227 1567 1290 1616; x_wconf 91' lang='lat' dir='ltr'>ut</span> <span class='ocrx_word' id='word_1_112' title='bbox 1327 1563 1643 1633; x_wconf 88' lang='lat' dir='ltr'>piscatores</span> <span class='ocrx_word' id='word_1_113' title='bbox 1666 1566 1822 1617; x_wconf 88' lang='lat' dir='ltr'>stent</span> 
     </span>
    </p>
   </div>
   <div class='ocr_carea' id='block_1_17' title="bbox 155 1649 1820 1724">
    <p class='ocr_par' dir='ltr' id='par_1_17' title="bbox 155 1649 1820 1724">
     <span class='ocr_line' id='line_1_17' title="bbox 155 1649 1820 1724; baseline -0.001 -16"><span class='ocrx_word' id='word_1_114' title='bbox 155 1669 348 1724; x_wconf 84' lang='lat' dir='ltr'>super</span> <span class='ocrx_word' id='word_1_115' title='bbox 381 1651 538 1723; x_wconf 83' lang='lat' dir='ltr'>ripas</span> <span class='ocrx_word' id='word_1_116' title='bbox 568 1650 641 1705; x_wconf 91' lang='lat' dir='ltr'>ab</span> <span class='ocrx_word' id='word_1_117' title='bbox 674 1649 942 1720; x_wconf 78' lang='lat' dir='ltr'>Engaddi,</span> <span class='ocrx_word' id='word_1_118' title='bbox 989 1666 1175 1722; x_wconf 91' lang='lat' dir='ltr'>usque</span> <span class='ocrx_word' id='word_1_119' title='bbox 1207 1651 1278 1705; x_wconf 91' lang='lat' dir='ltr'>ad</span> <span class='ocrx_word' id='word_1_120' title='bbox 1328 1653 1603 1722; x_wconf 78' lang='lat' dir='ltr'>Engatlim</span> <span class='ocrx_word' id='word_1_121' title='bbox 1623 1671 1641 1704; x_wconf 90' lang='lat'><strong><em>:</em></strong></span> <span class='ocrx_word' id='word_1_122' title='bbox 1674 1668 1820 1723; x_wconf 89' lang='lat' dir='ltr'>quo-</span> 
     </span>
    </p>
   </div>
   <div class='ocr_carea' id='block_1_18' title="bbox 152 1738 1818 1812">
    <p class='ocr_par' dir='ltr' id='par_1_18' title="bbox 152 1738 1818 1812">
     <span class='ocr_line' id='line_1_18' title="bbox 152 1738 1818 1812; baseline -0.001 -16"><span class='ocrx_word' id='word_1_123' title='bbox 152 1757 290 1796; x_wconf 89' lang='lat' dir='ltr'>rum</span> <span class='ocrx_word' id='word_1_124' title='bbox 326 1741 499 1812; x_wconf 85' lang='lat' dir='ltr'>prius</span> <span class='ocrx_word' id='word_1_125' title='bbox 526 1742 752 1808; x_wconf 73' lang='lat' dir='ltr'>fontem,</span> <span class='ocrx_word' id='word_1_126' title='bbox 784 1739 902 1794; x_wconf 87' lang='lat' dir='ltr'>sive</span> <span class='ocrx_word' id='word_1_127' title='bbox 929 1739 1148 1794; x_wconf 85' lang='lat' dir='ltr'>oculum</span> <span class='ocrx_word' id='word_1_128' title='bbox 1177 1738 1326 1796; x_wconf 58' lang='lat' dir='ltr'>lardi</span> <span class='ocrx_word' id='word_1_129' title='bbox 1345 1757 1365 1794; x_wconf 89' lang='lat'><strong><em>:</em></strong></span> <span class='ocrx_word' id='word_1_130' title='bbox 1409 1757 1662 1811; x_wconf 90' lang='lat' dir='ltr'>sequens</span> <span class='ocrx_word' id='word_1_131' title='bbox 1691 1743 1818 1810; x_wconf 81' lang='lat' dir='ltr'>fon—</span> 
     </span>
    </p>
   </div>
   <div class='ocr_carea' id='block_1_19' title="bbox 154 1827 1904 1930">
    <p class='ocr_par' dir='ltr' id='par_1_19' title="bbox 154 1827 1904 1930">
     <span class='ocr_line' id='line_1_19' title="bbox 154 1827 1904 1930; baseline -0.002 -45"><span class='ocrx_word' id='word_1_132' title='bbox 154 1841 260 1885; x_wconf 71' lang='lat' dir='ltr'>tem</span> <span class='ocrx_word' id='word_1_133' title='bbox 292 1830 586 1884; x_wconf 81' lang='lat' dir='ltr'>oculumve</span> <span class='ocrx_word' id='word_1_134' title='bbox 617 1829 920 1883; x_wconf 74' lang='lat' dir='ltr'>vitulorum</span> <span class='ocrx_word' id='word_1_135' title='bbox 975 1833 1164 1882; x_wconf 89' lang='lat' dir='ltr'>sonat.</span> <span class='ocrx_word' id='word_1_136' title='bbox 1223 1827 1511 1900; x_wconf 84' lang='lat' dir='ltr'>Engallim</span> <span class='ocrx_word' id='word_1_137' title='bbox 1570 1829 1726 1884; x_wconf 92' lang='lat' dir='ltr'>enim</span> <span class='ocrx_word' id='word_1_138' title='bbox 1759 1829 1817 1882; x_wconf 92' lang='lat' dir='ltr'>in</span> <span class='ocrx_word' id='word_1_139' title='bbox 1857 1865 1904 1930; x_wconf 76' lang='grc' dir='ltr'><strong><em>Β</em></strong></span> 
     </span>
    </p>
   </div>
   <div class='ocr_carea' id='block_1_20' title="bbox 154 1915 1814 1990">
    <p class='ocr_par' dir='ltr' id='par_1_20' title="bbox 154 1915 1814 1990">
     <span class='ocr_line' id='line_1_20' title="bbox 154 1915 1814 1990; baseline 0 -17"><span class='ocrx_word' id='word_1_140' title='bbox 154 1918 458 1990; x_wconf 88' lang='lat' dir='ltr'>principio</span> <span class='ocrx_word' id='word_1_141' title='bbox 484 1923 570 1972; x_wconf 90' lang='lat' dir='ltr'>est</span> <span class='ocrx_word' id='word_1_142' title='bbox 591 1917 771 1972; x_wconf 88' lang='lat' dir='ltr'>maris</span> <span class='ocrx_word' id='word_1_143' title='bbox 795 1915 1025 1981; x_wconf 80' lang='lat' dir='ltr'>Mortui,</span> <span class='ocrx_word' id='word_1_144' title='bbox 1053 1916 1151 1970; x_wconf 93' lang='lat' dir='ltr'>ubi</span> <span class='ocrx_word' id='word_1_145' title='bbox 1175 1916 1450 1972; x_wconf 87' lang='lat' dir='ltr'>Jordanis</span> <span class='ocrx_word' id='word_1_146' title='bbox 1467 1917 1814 1989; x_wconf 88' lang='lat' dir='ltr'>ingreditur.</span> 
     </span>
    </p>
   </div>
   <div class='ocr_carea' id='block_1_21' title="bbox 150 2003 1820 2078">
    <p class='ocr_par' dir='ltr' id='par_1_21' title="bbox 150 2003 1820 2078">
     <span class='ocr_line' id='line_1_21' title="bbox 150 2003 1820 2078; baseline 0.001 -17"><span class='ocrx_word' id='word_1_147' title='bbox 150 2005 436 2078; x_wconf 79' lang='lat' dir='ltr'>Engaddi</span> <span class='ocrx_word' id='word_1_148' title='bbox 462 2021 614 2074; x_wconf 84' lang='lat' dir='ltr'>vero,</span> <span class='ocrx_word' id='word_1_149' title='bbox 650 2004 748 2060; x_wconf 92' lang='lat' dir='ltr'>ubi</span> <span class='ocrx_word' id='word_1_150' title='bbox 781 2003 982 2058; x_wconf 81' lang='lat' dir='ltr'>linitur</span> <span class='ocrx_word' id='word_1_151' title='bbox 1023 2009 1196 2075; x_wconf 88' lang='lat' dir='ltr'>atque</span> <span class='ocrx_word' id='word_1_152' title='bbox 1246 2007 1634 2060; x_wconf 90' lang='lat' dir='ltr'>consumitur.</span> <span class='ocrx_word' id='word_1_153' title='bbox 1672 2011 1820 2062; x_wconf 88' lang='lat' dir='ltr'>Mare</span> 
     </span>
    </p>
   </div>
   <div class='ocr_carea' id='block_1_22' title="bbox 151 2091 1820 2165">
    <p class='ocr_par' dir='ltr' id='par_1_22' title="bbox 151 2091 1820 2165">
     <span class='ocr_line' id='line_1_22' title="bbox 151 2091 1820 2165; baseline 0.001 -15"><span class='ocrx_word' id='word_1_154' title='bbox 151 2101 370 2150; x_wconf 85' lang='lat' dir='ltr'>autem</span> <span class='ocrx_word' id='word_1_155' title='bbox 404 2093 696 2148; x_wconf 85' lang='lat' dir='ltr'>Mortuum</span> <span class='ocrx_word' id='word_1_156' title='bbox 729 2091 874 2147; x_wconf 91' lang='lat' dir='ltr'>illud</span> <span class='ocrx_word' id='word_1_157' title='bbox 905 2097 1046 2164; x_wconf 91' lang='lat' dir='ltr'>puto</span> <span class='ocrx_word' id='word_1_158' title='bbox 1075 2109 1223 2161; x_wconf 90' lang='lat' dir='ltr'>esse,</span> <span class='ocrx_word' id='word_1_159' title='bbox 1257 2093 1329 2148; x_wconf 92' lang='lat' dir='ltr'>de</span> <span class='ocrx_word' id='word_1_160' title='bbox 1370 2110 1485 2165; x_wconf 91' lang='lat' dir='ltr'>quo</span> <span class='ocrx_word' id='word_1_161' title='bbox 1513 2095 1820 2151; x_wconf 85' lang='lat' dir='ltr'>Zacharias</span> 
     </span>
    </p>
   </div>
   <div class='ocr_carea' id='block_1_23' title="bbox 150 2180 1819 2255">
    <p class='ocr_par' dir='ltr' id='par_1_23' title="bbox 150 2180 1819 2255">
     <span class='ocr_line' id='line_1_23' title="bbox 150 2180 1819 2255; baseline 0.001 -17"><span class='ocrx_word' id='word_1_162' title='bbox 150 2184 440 2255; x_wconf 85' lang='lat' dir='ltr'>loquitur</span> <span class='ocrx_word' id='word_1_163' title='bbox 467 2199 480 2236; x_wconf 95' lang='lat'>:</span> <span class='ocrx_word' id='word_1_164' title='bbox 512 2183 573 2236; x_wconf 91' lang='lat' dir='ltr'>In</span> <span class='ocrx_word' id='word_1_165' title='bbox 605 2181 697 2237; x_wconf 93' lang='lat' dir='ltr'>die</span> <span class='ocrx_word' id='word_1_166' title='bbox 726 2180 828 2236; x_wconf 90' lang='lat' dir='ltr'>illa</span> <span class='ocrx_word' id='word_1_167' title='bbox 858 2181 1188 2253; x_wconf 86' lang='lat' dir='ltr'>egredietur</span> <span class='ocrx_word' id='word_1_168' title='bbox 1215 2199 1370 2252; x_wconf 91' lang='lat' dir='ltr'>aqua</span> <span class='ocrx_word' id='word_1_169' title='bbox 1399 2184 1597 2239; x_wconf 85' lang='lat' dir='ltr'>vivens</span> <span class='ocrx_word' id='word_1_170' title='bbox 1631 2185 1701 2240; x_wconf 92' lang='lat' dir='ltr'>de</span> <span class='ocrx_word' id='word_1_171' title='bbox 1721 2185 1819 2240; x_wconf 89' lang='lat' dir='ltr'>Je-</span> 
     </span>
    </p>
   </div>
   <div class='ocr_carea' id='block_1_24' title="bbox 153 2270 1818 2343">
    <p class='ocr_par' dir='ltr' id='par_1_24' title="bbox 153 2270 1818 2343">
     <span class='ocr_line' id='line_1_24' title="bbox 153 2270 1818 2343; baseline 0 -15"><span class='ocrx_word' id='word_1_172' title='bbox 153 2272 452 2337; x_wconf 78' lang='lat' dir='ltr'>rusalem,</span> <span class='ocrx_word' id='word_1_173' title='bbox 485 2277 542 2326; x_wconf 88' lang='lat' dir='ltr'>et</span> <span class='ocrx_word' id='word_1_174' title='bbox 570 2270 826 2326; x_wconf 91' lang='lat' dir='ltr'>medium</span> <span class='ocrx_word' id='word_1_175' title='bbox 860 2271 988 2341; x_wconf 84' lang='lat' dir='ltr'>ejus</span> <span class='ocrx_word' id='word_1_176' title='bbox 1022 2270 1082 2325; x_wconf 92' lang='lat' dir='ltr'>in</span> <span class='ocrx_word' id='word_1_177' title='bbox 1135 2287 1296 2326; x_wconf 89' lang='lat' dir='ltr'>mare</span> <span class='ocrx_word' id='word_1_178' title='bbox 1346 2271 1602 2342; x_wconf 90' lang='lat' dir='ltr'>primum</span> <span class='ocrx_word' id='word_1_179' title='bbox 1634 2275 1818 2343; x_wconf 88' lang='lat' dir='ltr'>(Zach.</span> 
     </span>
    </p>
   </div>
   <div class='ocr_carea' id='block_1_25' title="bbox 151 2359 1820 2430">
    <p class='ocr_par' dir='ltr' id='par_1_25' title="bbox 151 2359 1820 2430">
     <span class='ocr_line' id='line_1_25' title="bbox 151 2359 1820 2430; baseline -0.002 -13"><span class='ocrx_word' id='word_1_180' title='bbox 151 2379 268 2428; x_wconf 73' lang='lat' dir='ltr'>xw,</span> <span class='ocrx_word' id='word_1_181' title='bbox 302 2363 396 2430; x_wconf 89' lang='lat'>8).</span> <span class='ocrx_word' id='word_1_182' title='bbox 425 2359 615 2414; x_wconf 87' lang='lat' dir='ltr'>Daniel</span> <span class='ocrx_word' id='word_1_183' title='bbox 640 2375 873 2430; x_wconf 91' lang='lat' dir='ltr'>quoque</span> <span class='ocrx_word' id='word_1_184' title='bbox 904 2359 964 2412; x_wconf 92' lang='lat' dir='ltr'>in</span> <span class='ocrx_word' id='word_1_185' title='bbox 993 2359 1115 2414; x_wconf 67' lang='lat' dir='ltr'>haec</span> <span class='ocrx_word' id='word_1_186' title='bbox 1144 2361 1319 2414; x_wconf 86' lang='lat' dir='ltr'>verba</span> <span class='ocrx_word' id='word_1_187' title='bbox 1365 2362 1689 2416; x_wconf 88' lang='lat' dir='ltr'>consentit:</span> <span class='ocrx_word' id='word_1_188' title='bbox 1723 2362 1820 2415; x_wconf 84' lang='lat' dir='ltr'>Vi-</span> 
     </span>
    </p>
   </div>
   <div class='ocr_carea' id='block_1_26' title="bbox 155 2446 1823 2518">
    <p class='ocr_par' dir='ltr' id='par_1_26' title="bbox 155 2446 1823 2518">
     <span class='ocr_line' id='line_1_26' title="bbox 155 2446 1823 2518; baseline -0.001 -12"><span class='ocrx_word' id='word_1_189' title='bbox 155 2451 413 2515; x_wconf 81' lang='lat' dir='ltr'>debam,</span> <span class='ocrx_word' id='word_1_190' title='bbox 449 2452 507 2503; x_wconf 90' lang='lat' dir='ltr'>et</span> <span class='ocrx_word' id='word_1_191' title='bbox 533 2464 661 2503; x_wconf 91' lang='lat' dir='ltr'>ecce</span> <span class='ocrx_word' id='word_1_192' title='bbox 694 2452 945 2518; x_wconf 88' lang='lat' dir='ltr'>quatuor</span> <span class='ocrx_word' id='word_1_193' title='bbox 972 2447 1126 2502; x_wconf 91' lang='lat' dir='ltr'>venti</span> <span class='ocrx_word' id='word_1_194' title='bbox 1159 2446 1285 2502; x_wconf 62' lang='lat' dir='ltr'>caeli</span> <span class='ocrx_word' id='word_1_195' title='bbox 1333 2447 1734 2505; x_wconf 90' lang='lat' dir='ltr'>innitebantur</span> <span class='ocrx_word' id='word_1_196' title='bbox 1764 2451 1823 2506; x_wconf 92' lang='lat' dir='ltr'>in</span> 
     </span>
    </p>
   </div>
   <div class='ocr_carea' id='block_1_27' title="bbox 153 2536 1820 2608">
    <p class='ocr_par' dir='ltr' id='par_1_27' title="bbox 153 2536 1820 2608">
     <span class='ocr_line' id='line_1_27' title="bbox 153 2536 1820 2608; baseline 0.001 -15"><span class='ocrx_word' id='word_1_197' title='bbox 153 2538 312 2594; x_wconf 82' lang='lat' dir='ltr'>mari</span> <span class='ocrx_word' id='word_1_198' title='bbox 343 2553 565 2608; x_wconf 86' lang='lat' dir='ltr'>magno</span> <span class='ocrx_word' id='word_1_199' title='bbox 595 2537 755 2603; x_wconf 88' lang='lat' dir='ltr'>(Dan.</span> <span class='ocrx_word' id='word_1_200' title='bbox 791 2553 891 2606; x_wconf 87' lang='lat' dir='ltr'>v11,</span> <span class='ocrx_word' id='word_1_201' title='bbox 923 2537 1001 2608; x_wconf 88' lang='lat'>2).</span> <span class='ocrx_word' id='word_1_202' title='bbox 1034 2537 1104 2590; x_wconf 90' lang='lat' dir='ltr'>Et</span> <span class='ocrx_word' id='word_1_203' title='bbox 1134 2536 1312 2592; x_wconf 89' lang='lat' dir='ltr'>David</span> <span class='ocrx_word' id='word_1_204' title='bbox 1340 2554 1352 2591; x_wconf 92' lang='lat'><strong>:</strong></span> <span class='ocrx_word' id='word_1_205' title='bbox 1394 2537 1684 2594; x_wconf 81' lang='lat' dir='ltr'>Mirabiles</span> <span class='ocrx_word' id='word_1_206' title='bbox 1706 2538 1820 2594; x_wconf 87' lang='lat' dir='ltr'>ela-</span> 
     </span>
    </p>
   </div>
   <div class='ocr_carea' id='block_1_28' title="bbox 149 2626 1824 2697">
    <p class='ocr_par' dir='ltr' id='par_1_28' title="bbox 149 2626 1824 2697">
     <span class='ocr_line' id='line_1_28' title="bbox 149 2626 1824 2697; baseline 0 -14"><span class='ocrx_word' id='word_1_207' title='bbox 149 2630 360 2683; x_wconf 84' lang='lat' dir='ltr'>tiones</span> <span class='ocrx_word' id='word_1_208' title='bbox 400 2627 578 2680; x_wconf 88' lang='lat' dir='ltr'>maris</span> <span class='ocrx_word' id='word_1_209' title='bbox 602 2627 773 2692; x_wconf 84' lang='lat' dir='ltr'>(Psal.</span> <span class='ocrx_word' id='word_1_210' title='bbox 808 2642 944 2690; x_wconf 85' lang='lat' dir='ltr'>xcu,</span> <span class='ocrx_word' id='word_1_211' title='bbox 979 2626 1052 2695; x_wconf 85' lang='grc'>4).</span> <span class='ocrx_word' id='word_1_212' title='bbox 1084 2626 1151 2679; x_wconf 84' lang='lat' dir='ltr'>Et</span> <span class='ocrx_word' id='word_1_213' title='bbox 1179 2641 1249 2680; x_wconf 84' lang='lat' dir='ltr'>ex</span> <span class='ocrx_word' id='word_1_214' title='bbox 1289 2642 1538 2697; x_wconf 90' lang='lat' dir='ltr'>persona</span> <span class='ocrx_word' id='word_1_215' title='bbox 1566 2627 1824 2683; x_wconf 91' lang='lat' dir='ltr'>Salvato-</span> 
     </span>
    </p>
   </div>
   <div class='ocr_carea' id='block_1_29' title="bbox 152 2713 1824 2786">
    <p class='ocr_par' dir='ltr' id='par_1_29' title="bbox 152 2713 1824 2786">
     <span class='ocr_line' id='line_1_29' title="bbox 152 2713 1824 2786; baseline -0.001 -14"><span class='ocrx_word' id='word_1_216' title='bbox 152 2719 237 2772; x_wconf 85' lang='lat' dir='ltr'>ris</span> <span class='ocrx_word' id='word_1_217' title='bbox 271 2716 340 2770; x_wconf 89' lang='lat' dir='ltr'>in</span> <span class='ocrx_word' id='word_1_218' title='bbox 377 2715 607 2786; x_wconf 88' lang='lat' dir='ltr'>psalmo</span> <span class='ocrx_word' id='word_1_219' title='bbox 636 2731 648 2768; x_wconf 91' lang='lat'>:</span> <span class='ocrx_word' id='word_1_220' title='bbox 682 2713 824 2768; x_wconf 89' lang='lat' dir='ltr'>Veni</span> <span class='ocrx_word' id='word_1_221' title='bbox 858 2713 916 2768; x_wconf 91' lang='lat' dir='ltr'>in</span> <span class='ocrx_word' id='word_1_222' title='bbox 961 2713 1318 2784; x_wconf 79' lang='lat' dir='ltr'>profundum</span> <span class='ocrx_word' id='word_1_223' title='bbox 1365 2715 1546 2770; x_wconf 90' lang='lat' dir='ltr'>maris</span> <span class='ocrx_word' id='word_1_224' title='bbox 1593 2720 1651 2770; x_wconf 92' lang='lat' dir='ltr'>et</span> <span class='ocrx_word' id='word_1_225' title='bbox 1678 2721 1824 2771; x_wconf 90' lang='lat' dir='ltr'>tem-</span> 
     </span>
    </p>
   </div>
   <div class='ocr_carea' id='block_1_30' title="bbox 155 2803 1826 2877">
    <p class='ocr_par' dir='ltr' id='par_1_30' title="bbox 155 2803 1826 2877">
     <span class='ocr_line' id='line_1_30' title="bbox 155 2803 1826 2877; baseline 0 -17"><span class='ocrx_word' id='word_1_226' title='bbox 155 2813 371 2877; x_wconf 82' lang='lat' dir='ltr'>pestas</span> <span class='ocrx_word' id='word_1_227' title='bbox 403 2803 688 2858; x_wconf 84' lang='lat' dir='ltr'>demersit</span> <span class='ocrx_word' id='word_1_228' title='bbox 717 2819 809 2857; x_wconf 92' lang='lat' dir='ltr'>me</span> <span class='ocrx_word' id='word_1_229' title='bbox 840 2803 1015 2872; x_wconf 83' lang='lat' dir='ltr'>(Psal.</span> <span class='ocrx_word' id='word_1_230' title='bbox 1070 2819 1262 2868; x_wconf 81' lang='lat' dir='ltr'>vam,</span> <span class='ocrx_word' id='word_1_231' title='bbox 1321 2804 1398 2869; x_wconf 76' lang='lat'>2).</span> <span class='ocrx_word' id='word_1_232' title='bbox 1446 2804 1563 2858; x_wconf 83' lang='lat' dir='ltr'>Rex</span> <span class='ocrx_word' id='word_1_233' title='bbox 1593 2821 1826 2876; x_wconf 91' lang='lat' dir='ltr'>quoque</span> 
     </span>
    </p>
   </div>
   <div class='ocr_carea' id='block_1_31' title="bbox 155 2889 1830 2966">
    <p class='ocr_par' dir='ltr' id='par_1_31' title="bbox 155 2889 1830 2966">
     <span class='ocr_line' id='line_1_31' title="bbox 155 2889 1830 2966; baseline 0.001 -19"><span class='ocrx_word' id='word_1_234' title='bbox 155 2892 594 2966; x_wconf 67' lang='lat' dir='ltr'>.Egyptijuxta</span> <span class='ocrx_word' id='word_1_235' title='bbox 619 2891 899 2946; x_wconf 90' lang='lat' dir='ltr'>eumdum</span> <span class='ocrx_word' id='word_1_236' title='bbox 922 2889 1282 2946; x_wconf 82' lang='lat' dir='ltr'>Ezechielem</span> <span class='ocrx_word' id='word_1_237' title='bbox 1307 2892 1479 2947; x_wconf 91' lang='lat' dir='ltr'>draco</span> <span class='ocrx_word' id='word_1_238' title='bbox 1497 2893 1830 2964; x_wconf 88' lang='lat' dir='ltr'>appellatur</span> 
     </span>
    </p>
   </div>
   <div class='ocr_carea' id='block_1_32' title="bbox 155 2979 1827 3053">
    <p class='ocr_par' dir='ltr' id='par_1_32' title="bbox 155 2979 1827 3053">
     <span class='ocr_line' id='line_1_32' title="bbox 155 2979 1827 3053; baseline -0.001 -15"><span class='ocrx_word' id='word_1_239' title='bbox 155 2981 394 3053; x_wconf 59' lang='lat' dir='ltr'>iEzcch.</span> <span class='ocrx_word' id='word_1_240' title='bbox 427 2981 626 3049; x_wconf 81' lang='lat' dir='ltr'>xxxu),</span> <span class='ocrx_word' id='word_1_241' title='bbox 660 2980 761 3050; x_wconf 89' lang='lat' dir='ltr'>qui</span> <span class='ocrx_word' id='word_1_242' title='bbox 794 2979 1019 3034; x_wconf 87' lang='lat' dir='ltr'>habitat</span> <span class='ocrx_word' id='word_1_243' title='bbox 1046 2979 1103 3034; x_wconf 90' lang='lat' dir='ltr'>in</span> <span class='ocrx_word' id='word_1_244' title='bbox 1137 2980 1305 3047; x_wconf 87' lang='lat' dir='ltr'>mari,</span> <span class='ocrx_word' id='word_1_245' title='bbox 1358 2986 1415 3036; x_wconf 88' lang='lat' dir='ltr'>et</span> <span class='ocrx_word' id='word_1_246' title='bbox 1446 2982 1688 3037; x_wconf 87' lang='lat' dir='ltr'>ventilat</span> <span class='ocrx_word' id='word_1_247' title='bbox 1720 2982 1827 3037; x_wconf 85' lang='lat' dir='ltr'>flu-</span> 
     </span>
    </p>
   </div>
   <div class='ocr_carea' id='block_1_33' title="bbox 155 3067 1828 3139">
    <p class='ocr_par' dir='ltr' id='par_1_33' title="bbox 155 3067 1828 3139">
     <span class='ocr_line' id='line_1_33' title="bbox 155 3067 1828 3139; baseline -0.001 -12"><span class='ocrx_word' id='word_1_248' title='bbox 155 3070 442 3128; x_wconf 86' lang='lat' dir='ltr'>minibus</span> <span class='ocrx_word' id='word_1_249' title='bbox 474 3069 640 3138; x_wconf 86' lang='lat' dir='ltr'>quasi</span> <span class='ocrx_word' id='word_1_250' title='bbox 673 3067 950 3123; x_wconf 90' lang='lat' dir='ltr'>cornibus</span> <span class='ocrx_word' id='word_1_251' title='bbox 971 3067 1115 3123; x_wconf 88' lang='lat' dir='ltr'>suis.</span> <span class='ocrx_word' id='word_1_252' title='bbox 1154 3069 1222 3122; x_wconf 86' lang='lat' dir='ltr'>Et</span> <span class='ocrx_word' id='word_1_253' title='bbox 1260 3067 1495 3139; x_wconf 88' lang='lat' dir='ltr'>iterum,</span> <span class='ocrx_word' id='word_1_254' title='bbox 1531 3074 1647 3125; x_wconf 85' lang='lat' dir='ltr'>Iloc</span> <span class='ocrx_word' id='word_1_255' title='bbox 1669 3087 1828 3126; x_wconf 87' lang='lat' dir='ltr'>mare</span> 
     </span>
    </p>
   </div>
   <div class='ocr_carea' id='block_1_34' title="bbox 153 3157 1826 3232">
    <p class='ocr_par' dir='ltr' id='par_1_34' title="bbox 153 3157 1826 3232">
     <span class='ocr_line' id='line_1_34' title="bbox 153 3157 1826 3232; baseline -0.001 -16"><span class='ocrx_word' id='word_1_256' title='bbox 153 3174 462 3232; x_wconf 83' lang='lat' dir='ltr'>magnum</span> <span class='ocrx_word' id='word_1_257' title='bbox 489 3162 544 3211; x_wconf 90' lang='lat' dir='ltr'>et</span> <span class='ocrx_word' id='word_1_258' title='bbox 572 3157 898 3228; x_wconf 88' lang='lat' dir='ltr'>spatiosum</span> <span class='ocrx_word' id='word_1_259' title='bbox 932 3158 1108 3227; x_wconf 85' lang='lat' dir='ltr'>(Psal.</span> <span class='ocrx_word' id='word_1_260' title='bbox 1148 3173 1269 3221; x_wconf 85' lang='lat' dir='ltr'>cm,</span> <span class='ocrx_word' id='word_1_261' title='bbox 1301 3159 1411 3229; x_wconf 86' lang='grc'>25).</span> <span class='ocrx_word' id='word_1_262' title='bbox 1438 3159 1599 3222; x_wconf 88' lang='lat' dir='ltr'>Quod</span> <span class='ocrx_word' id='word_1_263' title='bbox 1624 3177 1826 3231; x_wconf 89' lang='lat' dir='ltr'>quam-</span> 
     </span>
    </p>
   </div>
   <div class='ocr_carea' id='block_1_35' title="bbox 1928 581 3569 642">
    <p class='ocr_par' dir='ltr' id='par_1_35' title="bbox 1928 581 3569 642">
     <span class='ocr_line' id='line_1_35' title="bbox 1928 581 3569 642; baseline 0.004 -6"><span class='ocrx_word' id='word_1_264' title='bbox 1928 581 2235 636; x_wconf 90' lang='lat' dir='ltr'>vulnerum</span> <span class='ocrx_word' id='word_1_265' title='bbox 2296 598 2537 636; x_wconf 90' lang='lat' dir='ltr'>suorum</span> <span class='ocrx_word' id='word_1_266' title='bbox 2579 581 2800 638; x_wconf 90' lang='lat' dir='ltr'>diutius</span> <span class='ocrx_word' id='word_1_267' title='bbox 2860 584 3005 639; x_wconf 82' lang='lat' dir='ltr'>ferre</span> <span class='ocrx_word' id='word_1_268' title='bbox 3063 599 3177 638; x_wconf 90' lang='lat' dir='ltr'>non</span> <span class='ocrx_word' id='word_1_269' title='bbox 3236 584 3569 642; x_wconf 86' lang='lat' dir='ltr'>sustinens:</span> 
     </span>
    </p>
   </div>
   <div class='ocr_carea' id='block_1_36' title="bbox 1929 669 3572 741">
    <p class='ocr_par' dir='ltr' id='par_1_36' title="bbox 1929 669 3572 741">
     <span class='ocr_line' id='line_1_36' title="bbox 1929 669 3572 741; baseline 0.002 -15"><span class='ocrx_word' id='word_1_270' title='bbox 1929 669 2223 726; x_wconf 89' lang='lat' dir='ltr'>Transivit</span> <span class='ocrx_word' id='word_1_271' title='bbox 2252 675 2445 736; x_wconf 67' lang='lat' dir='ltr'>testas,</span> <span class='ocrx_word' id='word_1_272' title='bbox 2477 671 2812 741; x_wconf 85' lang='lat' dir='ltr'>pertransiit</span> <span class='ocrx_word' id='word_1_273' title='bbox 2857 673 3087 737; x_wconf 90' lang='lat' dir='ltr'>messis,</span> <span class='ocrx_word' id='word_1_274' title='bbox 3121 677 3178 727; x_wconf 89' lang='lat' dir='ltr'>et</span> <span class='ocrx_word' id='word_1_275' title='bbox 3227 691 3332 729; x_wconf 90' lang='lat' dir='ltr'>nos</span> <span class='ocrx_word' id='word_1_276' title='bbox 3364 673 3572 730; x_wconf 89' lang='lat' dir='ltr'>salvati</span> 
     </span>
    </p>
   </div>
   <div class='ocr_carea' id='block_1_37' title="bbox 1930 758 3572 831">
    <p class='ocr_par' dir='ltr' id='par_1_37' title="bbox 1930 758 3572 831">
     <span class='ocr_line' id='line_1_37' title="bbox 1930 758 3572 831; baseline 0.002 -17"><span class='ocrx_word' id='word_1_277' title='bbox 1930 777 2044 814; x_wconf 91' lang='lat' dir='ltr'>non</span> <span class='ocrx_word' id='word_1_278' title='bbox 2074 775 2303 814; x_wconf 89' lang='lat' dir='ltr'>sumus.</span> <span class='ocrx_word' id='word_1_279' title='bbox 2329 758 2489 814; x_wconf 88' lang='lat' dir='ltr'>Unde</span> <span class='ocrx_word' id='word_1_280' title='bbox 2512 759 2811 831; x_wconf 88' lang='lat' dir='ltr'>respondit</span> <span class='ocrx_word' id='word_1_281' title='bbox 2831 759 2912 814; x_wconf 91' lang='lat' dir='ltr'>eis</span> <span class='ocrx_word' id='word_1_282' title='bbox 2940 759 3253 816; x_wconf 91' lang='lat' dir='ltr'>Dominus:</span> <span class='ocrx_word' id='word_1_283' title='bbox 3277 761 3572 831; x_wconf 88' lang='lat' dir='ltr'>Numquid</span> 
     </span>
    </p>
   </div>
   <div class='ocr_carea' id='block_1_38' title="bbox 1929 847 3576 912">
    <p class='ocr_par' dir='ltr' id='par_1_38' title="bbox 1929 847 3576 912">
     <span class='ocr_line' id='line_1_38' title="bbox 1929 847 3576 912; baseline 0.002 -10"><span class='ocrx_word' id='word_1_284' title='bbox 1929 848 2121 904; x_wconf 88' lang='lat' dir='ltr'>resina</span> <span class='ocrx_word' id='word_1_285' title='bbox 2146 865 2256 902; x_wconf 92' lang='lat' dir='ltr'>non</span> <span class='ocrx_word' id='word_1_286' title='bbox 2282 848 2446 902; x_wconf 90' lang='lat' dir='ltr'>estin</span> <span class='ocrx_word' id='word_1_287' title='bbox 2472 847 2709 912; x_wconf 84' lang='lat' dir='ltr'>Galaad,</span> <span class='ocrx_word' id='word_1_288' title='bbox 2748 852 2848 902; x_wconf 88' lang='lat' dir='ltr'>aut</span> <span class='ocrx_word' id='word_1_289' title='bbox 2883 849 3091 904; x_wconf 86' lang='lat' dir='ltr'>medici</span> <span class='ocrx_word' id='word_1_290' title='bbox 3133 867 3248 905; x_wconf 90' lang='lat' dir='ltr'>non</span> <span class='ocrx_word' id='word_1_291' title='bbox 3278 856 3417 906; x_wconf 92' lang='lat' dir='ltr'>sunt</span> <span class='ocrx_word' id='word_1_292' title='bbox 3447 851 3576 905; x_wconf 84' lang='lat' dir='ltr'>ibi?</span> 
     </span>
    </p>
   </div>
   <div class='ocr_carea' id='block_1_39' title="bbox 1927 937 3571 1010">
    <p class='ocr_par' dir='ltr' id='par_1_39' title="bbox 1927 937 3571 1010">
     <span class='ocr_line' id='line_1_39' title="bbox 1927 937 3571 1010; baseline 0.002 -18"><span class='ocrx_word' id='word_1_293' title='bbox 1927 938 2113 1000; x_wconf 88' lang='lat' dir='ltr'>Quare</span> <span class='ocrx_word' id='word_1_294' title='bbox 2137 954 2251 992; x_wconf 90' lang='lat' dir='ltr'>non</span> <span class='ocrx_word' id='word_1_295' title='bbox 2273 937 2535 992; x_wconf 89' lang='lat' dir='ltr'>ascendit</span> <span class='ocrx_word' id='word_1_296' title='bbox 2562 938 2790 992; x_wconf 86' lang='lat' dir='ltr'>sanatio</span> <span class='ocrx_word' id='word_1_297' title='bbox 2813 937 2943 992; x_wconf 71' lang='lat' dir='ltr'>ﬁlia:</span> <span class='ocrx_word' id='word_1_298' title='bbox 2974 937 3175 1010; x_wconf 89' lang='lat' dir='ltr'>populi</span> <span class='ocrx_word' id='word_1_299' title='bbox 3205 940 3317 994; x_wconf 90' lang='lat' dir='ltr'>mei</span> <span class='ocrx_word' id='word_1_300' title='bbox 3351 939 3571 1010; x_wconf 82' lang='lat' dir='ltr'>(Jerem.</span> 
     </span>
    </p>
   </div>
   <div class='ocr_carea' id='block_1_40' title="bbox 1926 1025 3570 1096">
    <p class='ocr_par' dir='ltr' id='par_1_40' title="bbox 1926 1025 3570 1096">
     <span class='ocr_line' id='line_1_40' title="bbox 1926 1025 3570 1096; baseline 0.005 -18"><span class='ocrx_word' id='word_1_301' title='bbox 1926 1044 2053 1093; x_wconf 81' lang='lat' dir='ltr'>vui,</span> <span class='ocrx_word' id='word_1_302' title='bbox 2083 1027 2172 1094; x_wconf 80' lang='grc'>22)</span> <span class='ocrx_word' id='word_1_303' title='bbox 2199 1025 2226 1079; x_wconf 84' lang='lat'>‘?</span> <span class='ocrx_word' id='word_1_304' title='bbox 2260 1025 2324 1079; x_wconf 85' lang='lat' dir='ltr'>Et</span> <span class='ocrx_word' id='word_1_305' title='bbox 2365 1026 2488 1096; x_wconf 84' lang='lat' dir='ltr'>ipse</span> <span class='ocrx_word' id='word_1_306' title='bbox 2545 1025 2826 1082; x_wconf 85' lang='lat' dir='ltr'>Jeremias</span> <span class='ocrx_word' id='word_1_307' title='bbox 2888 1027 3251 1094; x_wconf 85' lang='lat' dir='ltr'>vociferatur,</span> <span class='ocrx_word' id='word_1_308' title='bbox 3305 1034 3362 1084; x_wconf 90' lang='lat' dir='ltr'>et</span> <span class='ocrx_word' id='word_1_309' title='bbox 3392 1030 3570 1086; x_wconf 90' lang='lat' dir='ltr'>dicit:</span> 
     </span>
    </p>
   </div>
   <div class='ocr_carea' id='block_1_41' title="bbox 1928 1115 3576 1186">
    <p class='ocr_par' dir='ltr' id='par_1_41' title="bbox 1928 1115 3576 1186">
     <span class='ocr_line' id='line_1_41' title="bbox 1928 1115 3576 1186; baseline 0.002 -16"><span class='ocrx_word' id='word_1_310' title='bbox 1928 1116 2081 1170; x_wconf 83' lang='lat' dir='ltr'>Sana</span> <span class='ocrx_word' id='word_1_311' title='bbox 2115 1131 2230 1180; x_wconf 88' lang='lat' dir='ltr'>me,</span> <span class='ocrx_word' id='word_1_312' title='bbox 2267 1115 2530 1186; x_wconf 83' lang='lat' dir='ltr'>Domine,</span> <span class='ocrx_word' id='word_1_313' title='bbox 2566 1120 2622 1170; x_wconf 90' lang='lat' dir='ltr'>et</span> <span class='ocrx_word' id='word_1_314' title='bbox 2653 1116 2943 1171; x_wconf 77' lang='lat' dir='ltr'>sanabor:</span> <span class='ocrx_word' id='word_1_315' title='bbox 2978 1117 3205 1172; x_wconf 90' lang='lat' dir='ltr'>salvum</span> <span class='ocrx_word' id='word_1_316' title='bbox 3252 1135 3343 1174; x_wconf 90' lang='lat' dir='ltr'>me</span> <span class='ocrx_word' id='word_1_317' title='bbox 3376 1119 3486 1182; x_wconf 83' lang='lat' dir='ltr'>fac,</span> <span class='ocrx_word' id='word_1_318' title='bbox 3520 1123 3576 1174; x_wconf 91' lang='lat' dir='ltr'>et</span> 
     </span>
    </p>
   </div>
   <div class='ocr_carea' id='block_1_42' title="bbox 1928 1203 3574 1279">
    <p class='ocr_par' dir='ltr' id='par_1_42' title="bbox 1928 1203 3574 1279">
     <span class='ocr_line' id='line_1_42' title="bbox 1928 1203 3574 1279; baseline 0.002 -19"><span class='ocrx_word' id='word_1_319' title='bbox 1928 1203 2124 1260; x_wconf 88' lang='lat' dir='ltr'>salvus</span> <span class='ocrx_word' id='word_1_320' title='bbox 2153 1220 2251 1258; x_wconf 91' lang='lat' dir='ltr'>ero</span> <span class='ocrx_word' id='word_1_321' title='bbox 2279 1207 2505 1271; x_wconf 86' lang='lat' dir='ltr'>(Jerem.</span> <span class='ocrx_word' id='word_1_322' title='bbox 2540 1222 2711 1268; x_wconf 81' lang='lat' dir='ltr'>xxvu,</span> <span class='ocrx_word' id='word_1_323' title='bbox 2773 1205 2883 1273; x_wconf 73' lang='grc'>44).</span> <span class='ocrx_word' id='word_1_324' title='bbox 2944 1205 3202 1277; x_wconf 89' lang='lat' dir='ltr'>Denique</span> <span class='ocrx_word' id='word_1_325' title='bbox 3258 1207 3448 1278; x_wconf 86' lang='lat' dir='ltr'>angeli</span> <span class='ocrx_word' id='word_1_326' title='bbox 3475 1209 3574 1279; x_wconf 92' lang='lat' dir='ltr'>qui</span> 
     </span>
    </p>
   </div>
   <div class='ocr_carea' id='block_1_43' title="bbox 1928 1293 3576 1368">
    <p class='ocr_par' dir='ltr' id='par_1_43' title="bbox 1928 1293 3576 1368">
     <span class='ocr_line' id='line_1_43' title="bbox 1928 1293 3576 1368; baseline 0.002 -21"><span class='ocrx_word' id='word_1_327' title='bbox 1928 1293 2202 1365; x_wconf 60' lang='lat' dir='ltr'>praesides</span> <span class='ocrx_word' id='word_1_328' title='bbox 2225 1297 2391 1348; x_wconf 88' lang='lat' dir='ltr'>erant</span> <span class='ocrx_word' id='word_1_329' title='bbox 2415 1293 2614 1365; x_wconf 82' lang='lat' dir='ltr'>pepuli</span> <span class='ocrx_word' id='word_1_330' title='bbox 2634 1294 2969 1349; x_wconf 69' lang='lat' dir='ltr'>Judaaorum</span> <span class='ocrx_word' id='word_1_331' title='bbox 2987 1311 3054 1350; x_wconf 93' lang='lat' dir='ltr'>eo</span> <span class='ocrx_word' id='word_1_332' title='bbox 3068 1299 3327 1366; x_wconf 89' lang='lat' dir='ltr'>tempore</span> <span class='ocrx_word' id='word_1_333' title='bbox 3342 1297 3576 1368; x_wconf 91' lang='lat' dir='ltr'>quando</span> 
     </span>
    </p>
   </div>
   <div class='ocr_carea' id='block_1_44' title="bbox 1929 1381 3577 1457">
    <p class='ocr_par' dir='ltr' id='par_1_44' title="bbox 1929 1381 3577 1457">
     <span class='ocr_line' id='line_1_44' title="bbox 1929 1381 3577 1457; baseline 0.003 -21"><span class='ocrx_word' id='word_1_334' title='bbox 1929 1381 2202 1436; x_wconf 88' lang='lat' dir='ltr'>clamavit</span> <span class='ocrx_word' id='word_1_335' title='bbox 2234 1381 2548 1437; x_wconf 90' lang='lat' dir='ltr'>multitudo</span> <span class='ocrx_word' id='word_1_336' title='bbox 2581 1382 2900 1454; x_wconf 89' lang='lat' dir='ltr'>insipiens,.</span> <span class='ocrx_word' id='word_1_337' title='bbox 2929 1388 2985 1438; x_wconf 91' lang='lat' dir='ltr'>et</span> <span class='ocrx_word' id='word_1_338' title='bbox 3031 1383 3130 1449; x_wconf 85' lang='lat' dir='ltr'>ait,</span> <span class='ocrx_word' id='word_1_339' title='bbox 3166 1385 3418 1457; x_wconf 88' lang='lat' dir='ltr'>Sanguis</span> <span class='ocrx_word' id='word_1_340' title='bbox 3449 1387 3577 1456; x_wconf 83' lang='lat' dir='ltr'>ejus</span> 
     </span>
    </p>
   </div>
   <div class='ocr_carea' id='block_1_45' title="bbox 1929 1470 3574 1543">
    <p class='ocr_par' dir='ltr' id='par_1_45' title="bbox 1929 1470 3574 1543">
     <span class='ocr_line' id='line_1_45' title="bbox 1929 1470 3574 1543; baseline 0.003 -19"><span class='ocrx_word' id='word_1_341' title='bbox 1929 1486 2104 1540; x_wconf 89' lang='lat' dir='ltr'>super</span> <span class='ocrx_word' id='word_1_342' title='bbox 2130 1487 2257 1534; x_wconf 90' lang='lat' dir='ltr'>nos,</span> <span class='ocrx_word' id='word_1_343' title='bbox 2281 1475 2338 1524; x_wconf 90' lang='lat' dir='ltr'>et</span> <span class='ocrx_word' id='word_1_344' title='bbox 2361 1487 2537 1542; x_wconf 90' lang='lat' dir='ltr'>super</span> <span class='ocrx_word' id='word_1_345' title='bbox 2567 1470 2718 1526; x_wconf 83' lang='lat' dir='ltr'>filios</span> <span class='ocrx_word' id='word_1_346' title='bbox 2757 1476 2986 1527; x_wconf 86' lang='lat' dir='ltr'>nostros</span> <span class='ocrx_word' id='word_1_347' title='bbox 3007 1474 3210 1537; x_wconf 79' lang='lat' dir='ltr'>(Matth.</span> <span class='ocrx_word' id='word_1_348' title='bbox 3248 1491 3422 1541; x_wconf 86' lang='lat' dir='ltr'>xxvn,</span> <span class='ocrx_word' id='word_1_349' title='bbox 3444 1475 3534 1543; x_wconf 89' lang='grc'>25)</span> <span class='ocrx_word' id='word_1_350' title='bbox 3560 1493 3574 1542; x_wconf 89' lang='lat'><strong>;</strong></span> 
     </span>
    </p>
   </div>
   <div class='ocr_carea' id='block_1_46' title="bbox 1929 1558 3576 1630">
    <p class='ocr_par' dir='ltr' id='par_1_46' title="bbox 1929 1558 3576 1630">
     <span class='ocr_line' id='line_1_46' title="bbox 1929 1558 3576 1630; baseline 0.004 -17"><span class='ocrx_word' id='word_1_351' title='bbox 1929 1562 2003 1625; x_wconf 90' lang='lat' dir='ltr'>et,</span> <span class='ocrx_word' id='word_1_352' title='bbox 2027 1558 2232 1614; x_wconf 85' lang='lat' dir='ltr'>Velum</span> <span class='ocrx_word' id='word_1_353' title='bbox 2262 1558 2460 1630; x_wconf 91' lang='lat' dir='ltr'>templi</span> <span class='ocrx_word' id='word_1_354' title='bbox 2486 1559 2738 1615; x_wconf 90' lang='lat' dir='ltr'>scissum</span> <span class='ocrx_word' id='word_1_355' title='bbox 2771 1565 2879 1625; x_wconf 88' lang='lat' dir='ltr'>est,</span> <span class='ocrx_word' id='word_1_356' title='bbox 2908 1565 2963 1615; x_wconf 92' lang='lat' dir='ltr'>et</span> <span class='ocrx_word' id='word_1_357' title='bbox 2988 1561 3186 1617; x_wconf 86' lang='lat' dir='ltr'>omnia</span> <span class='ocrx_word' id='word_1_358' title='bbox 3209 1563 3576 1619; x_wconf 69' lang='lat' dir='ltr'>Hebraeorum</span> 
     </span>
    </p>
   </div>
   <div class='ocr_carea' id='block_1_47' title="bbox 1930 1650 3578 1723">
    <p class='ocr_par' dir='ltr' id='par_1_47' title="bbox 1930 1650 3578 1723">
     <span class='ocr_line' id='line_1_47' title="bbox 1930 1650 3578 1723; baseline 0.005 -22"><span class='ocrx_word' id='word_1_359' title='bbox 1930 1653 2298 1703; x_wconf 89' lang='lat' dir='ltr'>sacramenta</span> <span class='ocrx_word' id='word_1_360' title='bbox 2323 1653 2596 1715; x_wconf 87' lang='lat' dir='ltr'>reserata,</span> <span class='ocrx_word' id='word_1_361' title='bbox 2631 1650 3054 1720; x_wconf 82' lang='lat' dir='ltr'>responderunt</span> <span class='ocrx_word' id='word_1_362' title='bbox 3077 1652 3435 1723; x_wconf 63' lang='lat' dir='ltr'>praecipienti</span> <span class='ocrx_word' id='word_1_363' title='bbox 3465 1653 3578 1708; x_wconf 89' lang='lat' dir='ltr'>Do-</span> 
     </span>
    </p>
   </div>
   <div class='ocr_carea' id='block_1_48' title="bbox 1931 1737 3582 1812">
    <p class='ocr_par' dir='ltr' id='par_1_48' title="bbox 1931 1737 3582 1812">
     <span class='ocr_line' id='line_1_48' title="bbox 1931 1737 3582 1812; baseline 0.004 -22"><span class='ocrx_word' id='word_1_364' title='bbox 1931 1737 2114 1803; x_wconf 90' lang='lat' dir='ltr'>mino,</span> <span class='ocrx_word' id='word_1_365' title='bbox 2144 1743 2320 1807; x_wconf 91' lang='lat' dir='ltr'>atque</span> <span class='ocrx_word' id='word_1_366' title='bbox 2369 1737 2678 1793; x_wconf 88' lang='lat' dir='ltr'>dixerunt:</span> <span class='ocrx_word' id='word_1_367' title='bbox 2724 1737 3066 1794; x_wconf 88' lang='lat' dir='ltr'>Curavimus</span> <span class='ocrx_word' id='word_1_368' title='bbox 3115 1739 3491 1812; x_wconf 87' lang='lat' dir='ltr'>Babylonem,</span> <span class='ocrx_word' id='word_1_369' title='bbox 3523 1746 3582 1797; x_wconf 89' lang='lat' dir='ltr'>et</span> 
     </span>
    </p>
   </div>
   <div class='ocr_carea' id='block_1_49' title="bbox 1930 1825 3578 1902">
    <p class='ocr_par' dir='ltr' id='par_1_49' title="bbox 1930 1825 3578 1902">
     <span class='ocr_line' id='line_1_49' title="bbox 1930 1825 3578 1902; baseline 0.003 -23"><span class='ocrx_word' id='word_1_370' title='bbox 1930 1841 2045 1880; x_wconf 90' lang='lat' dir='ltr'>non</span> <span class='ocrx_word' id='word_1_371' title='bbox 2077 1831 2164 1880; x_wconf 90' lang='lat' dir='ltr'>est</span> <span class='ocrx_word' id='word_1_372' title='bbox 2215 1830 2457 1881; x_wconf 89' lang='lat' dir='ltr'>sanata:</span> <span class='ocrx_word' id='word_1_373' title='bbox 2510 1825 2914 1898; x_wconf 88' lang='lat' dir='ltr'>relinquamus</span> <span class='ocrx_word' id='word_1_374' title='bbox 2963 1845 3092 1884; x_wconf 91' lang='lat' dir='ltr'>eam</span> <span class='ocrx_word' id='word_1_375' title='bbox 3146 1833 3372 1892; x_wconf 67' lang='lat' dir='ltr'>(larem.</span> <span class='ocrx_word' id='word_1_376' title='bbox 3409 1848 3478 1898; x_wconf 81' lang='lat' dir='ltr'>Li,</span> <span class='ocrx_word' id='word_1_377' title='bbox 3501 1831 3578 1902; x_wconf 89' lang='lat'>9),</span> 
     </span>
    </p>
   </div>
   <div class='ocr_carea' id='block_1_50' title="bbox 1930 1914 3582 1988">
    <p class='ocr_par' dir='ltr' id='par_1_50' title="bbox 1930 1914 3582 1988">
     <span class='ocr_line' id='line_1_50' title="bbox 1930 1914 3582 1988; baseline 0.004 -21"><span class='ocrx_word' id='word_1_378' title='bbox 1930 1914 2133 1968; x_wconf 89' lang='lat' dir='ltr'>urbem</span> <span class='ocrx_word' id='word_1_379' title='bbox 2163 1914 2428 1970; x_wconf 91' lang='lat' dir='ltr'>videlicet</span> <span class='ocrx_word' id='word_1_380' title='bbox 2457 1914 2818 1970; x_wconf 81' lang='lat' dir='ltr'>confusionis</span> <span class='ocrx_word' id='word_1_381' title='bbox 2867 1921 3044 1988; x_wconf 86' lang='lat' dir='ltr'>atque</span> <span class='ocrx_word' id='word_1_382' title='bbox 3085 1917 3382 1974; x_wconf 90' lang='lat' dir='ltr'>vitiorum.</span> <span class='ocrx_word' id='word_1_383' title='bbox 3419 1918 3582 1974; x_wconf 89' lang='lat' dir='ltr'>Unde</span> 
     </span>
    </p>
   </div>
   <div class='ocr_carea' id='block_1_51' title="bbox 1929 2003 3579 2079">
    <p class='ocr_par' dir='ltr' id='par_1_51' title="bbox 1929 2003 3579 2079">
     <span class='ocr_line' id='line_1_51' title="bbox 1929 2003 3579 2079; baseline 0.004 -22"><span class='ocrx_word' id='word_1_384' title='bbox 1929 2008 1988 2057; x_wconf 90' lang='lat' dir='ltr'>et</span> <span class='ocrx_word' id='word_1_385' title='bbox 2007 2003 2300 2074; x_wconf 83' lang='lat' dir='ltr'>Josephus</span> <span class='ocrx_word' id='word_1_386' title='bbox 2330 2003 2385 2057; x_wconf 90' lang='lat' dir='ltr'>in</span> <span class='ocrx_word' id='word_1_387' title='bbox 2417 2021 2526 2059; x_wconf 88' lang='lat' dir='ltr'>sua</span> <span class='ocrx_word' id='word_1_388' title='bbox 2557 2009 2755 2059; x_wconf 89' lang='lat' dir='ltr'>narrat</span> <span class='ocrx_word' id='word_1_389' title='bbox 2775 2005 3048 2071; x_wconf 88' lang='lat' dir='ltr'>Historia,</span> <span class='ocrx_word' id='word_1_390' title='bbox 3075 2007 3230 2078; x_wconf 89' lang='lat' dir='ltr'>quod</span> <span class='ocrx_word' id='word_1_391' title='bbox 3263 2011 3579 2079; x_wconf 89' lang='lat' dir='ltr'>postquam</span> 
     </span>
    </p>
   </div>
   <div class='ocr_carea' id='block_1_52' title="bbox 1930 2091 3581 2167">
    <p class='ocr_par' dir='ltr' id='par_1_52' title="bbox 1930 2091 3581 2167">
     <span class='ocr_line' id='line_1_52' title="bbox 1930 2091 3581 2167; baseline 0.002 -21"><span class='ocrx_word' id='word_1_392' title='bbox 1930 2091 2214 2147; x_wconf 88' lang='lat' dir='ltr'>Dominus</span> <span class='ocrx_word' id='word_1_393' title='bbox 2245 2093 2558 2148; x_wconf 79' lang='lat' dir='ltr'>cruciﬁxus</span> <span class='ocrx_word' id='word_1_394' title='bbox 2583 2097 2690 2156; x_wconf 91' lang='lat' dir='ltr'>est,</span> <span class='ocrx_word' id='word_1_395' title='bbox 2743 2097 2802 2148; x_wconf 90' lang='lat' dir='ltr'>et</span> <span class='ocrx_word' id='word_1_396' title='bbox 2860 2094 3057 2149; x_wconf 90' lang='lat' dir='ltr'>velum</span> <span class='ocrx_word' id='word_1_397' title='bbox 3093 2094 3296 2167; x_wconf 89' lang='lat' dir='ltr'>templi</span> <span class='ocrx_word' id='word_1_398' title='bbox 3327 2095 3581 2150; x_wconf 87' lang='lat' dir='ltr'>scissum</span> 
     </span>
    </p>
   </div>
   <div class='ocr_carea' id='block_1_53' title="bbox 1930 2179 3585 2253">
    <p class='ocr_par' dir='ltr' id='par_1_53' title="bbox 1930 2179 3585 2253">
     <span class='ocr_line' id='line_1_53' title="bbox 1930 2179 3585 2253; baseline 0.004 -19"><span class='ocrx_word' id='word_1_399' title='bbox 1930 2184 2037 2248; x_wconf 87' lang='lat' dir='ltr'>est,</span> <span class='ocrx_word' id='word_1_400' title='bbox 2058 2180 2176 2236; x_wconf 90' lang='lat' dir='ltr'>sive</span> <span class='ocrx_word' id='word_1_401' title='bbox 2201 2179 2470 2236; x_wconf 91' lang='lat' dir='ltr'>liminare</span> <span class='ocrx_word' id='word_1_402' title='bbox 2491 2181 2692 2253; x_wconf 90' lang='lat' dir='ltr'>templi</span> <span class='ocrx_word' id='word_1_403' title='bbox 2733 2181 2980 2238; x_wconf 79' lang='lat' dir='ltr'>fractum</span> <span class='ocrx_word' id='word_1_404' title='bbox 3021 2183 3259 2250; x_wconf 89' lang='lat' dir='ltr'>corruit,</span> <span class='ocrx_word' id='word_1_405' title='bbox 3285 2183 3485 2239; x_wconf 91' lang='lat' dir='ltr'>audita</span> <span class='ocrx_word' id='word_1_406' title='bbox 3506 2183 3585 2240; x_wconf 88' lang='lat' dir='ltr'>sit</span> 
     </span>
    </p>
   </div>
   <div class='ocr_carea' id='block_1_54' title="bbox 1933 2267 3586 2341">
    <p class='ocr_par' dir='ltr' id='par_1_54' title="bbox 1933 2267 3586 2341">
     <span class='ocr_line' id='line_1_54' title="bbox 1933 2267 3586 2341; baseline 0.005 -20"><span class='ocrx_word' id='word_1_407' title='bbox 1933 2267 2131 2338; x_wconf 85' lang='lat' dir='ltr'>(b)vox</span> <span class='ocrx_word' id='word_1_408' title='bbox 2154 2269 2210 2322; x_wconf 93' lang='lat' dir='ltr'>in</span> <span class='ocrx_word' id='word_1_409' title='bbox 2236 2269 2424 2340; x_wconf 82' lang='lat' dir='ltr'>adytis</span> <span class='ocrx_word' id='word_1_410' title='bbox 2448 2270 3304 2341; x_wconf 80' lang='lat' dir='ltr'>templivirtutumcmlestium,</span> <span class='ocrx_word' id='word_1_411' title='bbox 3328 2275 3586 2329; x_wconf 84' lang='lat' dir='ltr'>Transea-</span> 
     </span>
    </p>
   </div>
   <div class='ocr_carea' id='block_1_55' title="bbox 1930 2359 3575 2432">
    <p class='ocr_par' dir='ltr' id='par_1_55' title="bbox 1930 2359 3575 2432">
     <span class='ocr_line' id='line_1_55' title="bbox 1930 2359 3575 2432; baseline 0.004 -20"><span class='ocrx_word' id='word_1_412' title='bbox 1930 2374 2053 2412; x_wconf 87' lang='lat' dir='ltr'>mus</span> <span class='ocrx_word' id='word_1_413' title='bbox 2072 2374 2140 2412; x_wconf 66' lang='lat' dir='ltr'>ex</span> <span class='ocrx_word' id='word_1_414' title='bbox 2160 2359 2243 2413; x_wconf 75' lang='lat' dir='ltr'>his</span> <span class='ocrx_word' id='word_1_415' title='bbox 2263 2359 2500 2414; x_wconf 79' lang='lat' dir='ltr'>sedibus.</span> <span class='ocrx_word' id='word_1_416' title='bbox 2521 2364 2637 2414; x_wconf 87' lang='lat' dir='ltr'>Hoc</span> <span class='ocrx_word' id='word_1_417' title='bbox 2661 2365 2848 2414; x_wconf 89' lang='lat' dir='ltr'>totum</span> <span class='ocrx_word' id='word_1_418' title='bbox 2872 2377 2985 2416; x_wconf 90' lang='lat' dir='ltr'>non</span> <span class='ocrx_word' id='word_1_419' title='bbox 3010 2362 3329 2432; x_wconf 88' lang='lat' dir='ltr'>superﬂuo,</span> <span class='ocrx_word' id='word_1_420' title='bbox 3358 2363 3460 2418; x_wconf 91' lang='lat' dir='ltr'>sed</span> <span class='ocrx_word' id='word_1_421' title='bbox 3484 2379 3575 2418; x_wconf 89' lang='lat' dir='ltr'>ne-</span> 
     </span>
    </p>
   </div>
   <div class='ocr_carea' id='block_1_56' title="bbox 1933 2445 3584 2518">
    <p class='ocr_par' dir='ltr' id='par_1_56' title="bbox 1933 2445 3584 2518">
     <span class='ocr_line' id='line_1_56' title="bbox 1933 2445 3584 2518; baseline 0.004 -19"><span class='ocrx_word' id='word_1_422' title='bbox 1933 2445 2186 2500; x_wconf 90' lang='lat' dir='ltr'>cessario</span> <span class='ocrx_word' id='word_1_423' title='bbox 2213 2446 2436 2500; x_wconf 88' lang='lat' dir='ltr'>dictum</span> <span class='ocrx_word' id='word_1_424' title='bbox 2476 2447 2573 2516; x_wconf 90' lang='lat' dir='ltr'>sit,</span> <span class='ocrx_word' id='word_1_425' title='bbox 2607 2447 2746 2517; x_wconf 86' lang='lat' dir='ltr'>quia</span> <span class='ocrx_word' id='word_1_426' title='bbox 2777 2464 2937 2503; x_wconf 82' lang='lat' dir='ltr'>mare</span> <span class='ocrx_word' id='word_1_427' title='bbox 2958 2449 3276 2518; x_wconf 90' lang='lat' dir='ltr'>Mortuum,</span> <span class='ocrx_word' id='word_1_428' title='bbox 3306 2450 3584 2506; x_wconf 86' lang='lat' dir='ltr'>inﬂuente</span> 
     </span>
    </p>
   </div>
   <div class='ocr_carea' id='block_1_57' title="bbox 1939 2533 3588 2610">
    <p class='ocr_par' dir='ltr' id='par_1_57' title="bbox 1939 2533 3588 2610">
     <span class='ocr_line' id='line_1_57' title="bbox 1939 2533 3588 2610; baseline 0.004 -23"><span class='ocrx_word' id='word_1_429' title='bbox 1939 2533 1997 2587; x_wconf 94' lang='lat' dir='ltr'>in</span> <span class='ocrx_word' id='word_1_430' title='bbox 2032 2550 2093 2590; x_wconf 90' lang='lat' dir='ltr'>se</span> <span class='ocrx_word' id='word_1_431' title='bbox 2127 2535 2368 2590; x_wconf 88' lang='lat' dir='ltr'>flumine</span> <span class='ocrx_word' id='word_1_432' title='bbox 2399 2535 2652 2600; x_wconf 90' lang='lat' dir='ltr'>Domini,</span> <span class='ocrx_word' id='word_1_433' title='bbox 2685 2536 2902 2590; x_wconf 89' lang='lat' dir='ltr'>dicitur</span> <span class='ocrx_word' id='word_1_434' title='bbox 2931 2553 3058 2592; x_wconf 85' lang='lat' dir='ltr'>esse</span> <span class='ocrx_word' id='word_1_435' title='bbox 3085 2542 3375 2594; x_wconf 88' lang='lat' dir='ltr'>curatum.</span> <span class='ocrx_word' id='word_1_436' title='bbox 3400 2539 3588 2610; x_wconf 91' lang='lat' dir='ltr'>Super</span> 
     </span>
    </p>
   </div>
   <div class='ocr_carea' id='block_1_58' title="bbox 1943 2622 3584 2698">
    <p class='ocr_par' dir='ltr' id='par_1_58' title="bbox 1943 2622 3584 2698">
     <span class='ocr_line' id='line_1_58' title="bbox 1943 2622 3584 2698; baseline 0.004 -22"><span class='ocrx_word' id='word_1_437' title='bbox 1943 2622 2052 2676; x_wconf 89' lang='lat' dir='ltr'>hoc</span> <span class='ocrx_word' id='word_1_438' title='bbox 2092 2640 2254 2678; x_wconf 90' lang='lat' dir='ltr'>mare</span> <span class='ocrx_word' id='word_1_439' title='bbox 2282 2624 2354 2678; x_wconf 92' lang='lat' dir='ltr'>ab</span> <span class='ocrx_word' id='word_1_440' title='bbox 2385 2624 2670 2695; x_wconf 87' lang='lat' dir='ltr'>Engaddi,</span> <span class='ocrx_word' id='word_1_441' title='bbox 2721 2626 2874 2680; x_wconf 86' lang='lat' dir='ltr'>oculo</span> <span class='ocrx_word' id='word_1_442' title='bbox 2902 2633 2953 2680; x_wconf 84' lang='lat' dir='ltr'>et</span> <span class='ocrx_word' id='word_1_443' title='bbox 2978 2627 3130 2696; x_wconf 80' lang='lat' dir='ltr'>fonte</span> <span class='ocrx_word' id='word_1_444' title='bbox 3157 2627 3321 2696; x_wconf 64' lang='lat' dir='ltr'>haedi,</span> <span class='ocrx_word' id='word_1_445' title='bbox 3353 2627 3449 2696; x_wconf 90' lang='lat' dir='ltr'>qui</span> <span class='ocrx_word' id='word_1_446' title='bbox 3482 2644 3584 2698; x_wconf 89' lang='lat' dir='ltr'>pro</span> 
     </span>
    </p>
   </div>
   <div class='ocr_carea' id='block_1_59' title="bbox 1935 2713 3589 2785">
    <p class='ocr_par' dir='ltr' id='par_1_59' title="bbox 1935 2713 3589 2785">
     <span class='ocr_line' id='line_1_59' title="bbox 1935 2713 3589 2785; baseline 0.002 -19"><span class='ocrx_word' id='word_1_447' title='bbox 1935 2717 2171 2782; x_wconf 86' lang='lat' dir='ltr'>peccato</span> <span class='ocrx_word' id='word_1_448' title='bbox 2203 2729 2434 2783; x_wconf 75' lang='lat' dir='ltr'>semper</span> <span class='ocrx_word' id='word_1_449' title='bbox 2461 2713 2701 2767; x_wconf 69' lang='lat' dir='ltr'>offertur</span> <span class='ocrx_word' id='word_1_450' title='bbox 2727 2715 2798 2768; x_wconf 92' lang='lat' dir='ltr'>ad</span> <span class='ocrx_word' id='word_1_451' title='bbox 2835 2713 3140 2785; x_wconf 84' lang='lat' dir='ltr'>Engallim,</span> <span class='ocrx_word' id='word_1_452' title='bbox 3163 2717 3369 2785; x_wconf 80' lang='lat' dir='ltr'>fontem</span> <span class='ocrx_word' id='word_1_453' title='bbox 3390 2716 3589 2771; x_wconf 80' lang='lat' dir='ltr'>vitulo-</span> 
     </span>
    </p>
   </div>
   <div class='ocr_carea' id='block_1_60' title="bbox 1937 2801 3584 2871">
    <p class='ocr_par' dir='ltr' id='par_1_60' title="bbox 1937 2801 3584 2871">
     <span class='ocr_line' id='line_1_60' title="bbox 1937 2801 3584 2871; baseline 0.003 -17"><span class='ocrx_word' id='word_1_454' title='bbox 1937 2817 2081 2867; x_wconf 88' lang='lat' dir='ltr'>rum,</span> <span class='ocrx_word' id='word_1_455' title='bbox 2113 2801 2213 2871; x_wconf 91' lang='lat' dir='ltr'>qui</span> <span class='ocrx_word' id='word_1_456' title='bbox 2248 2806 2583 2856; x_wconf 88' lang='lat' dir='ltr'>mactantur</span> <span class='ocrx_word' id='word_1_457' title='bbox 2613 2802 2879 2868; x_wconf 90' lang='lat' dir='ltr'>Domino,</span> <span class='ocrx_word' id='word_1_458' title='bbox 2909 2810 2965 2858; x_wconf 91' lang='lat' dir='ltr'>et</span> <span class='ocrx_word' id='word_1_459' title='bbox 2995 2803 3304 2859; x_wconf 89' lang='lat' dir='ltr'>imitantur</span> <span class='ocrx_word' id='word_1_460' title='bbox 3332 2803 3584 2859; x_wconf 89' lang='lat' dir='ltr'>vitulum</span> 
     </span>
    </p>
   </div>
   <div class='ocr_carea' id='block_1_61' title="bbox 1939 2891 3587 2964">
    <p class='ocr_par' dir='ltr' id='par_1_61' title="bbox 1939 2891 3587 2964">
     <span class='ocr_line' id='line_1_61' title="bbox 1939 2891 3587 2964; baseline 0.003 -21"><span class='ocrx_word' id='word_1_461' title='bbox 1939 2906 2160 2944; x_wconf 87' lang='lat' dir='ltr'>cornua</span> <span class='ocrx_word' id='word_1_462' title='bbox 2179 2891 2512 2946; x_wconf 74' lang='lat' dir='ltr'>efferentem</span> <span class='ocrx_word' id='word_1_463' title='bbox 2535 2896 2591 2946; x_wconf 91' lang='lat' dir='ltr'>et</span> <span class='ocrx_word' id='word_1_464' title='bbox 2613 2891 2884 2963; x_wconf 88' lang='lat' dir='ltr'>ungulas,</span> <span class='ocrx_word' id='word_1_465' title='bbox 2911 2892 3008 2963; x_wconf 91' lang='lat' dir='ltr'>qui</span> <span class='ocrx_word' id='word_1_466' title='bbox 3031 2891 3091 2946; x_wconf 89' lang='lat' dir='ltr'>in</span> <span class='ocrx_word' id='word_1_467' title='bbox 3116 2897 3250 2964; x_wconf 87' lang='lat' dir='ltr'>typo</span> <span class='ocrx_word' id='word_1_468' title='bbox 3272 2892 3587 2948; x_wconf 89' lang='lat' dir='ltr'>Salvatoris</span> 
     </span>
    </p>
   </div>
   <div class='ocr_carea' id='block_1_62' title="bbox 1939 2977 3590 3054">
    <p class='ocr_par' dir='ltr' id='par_1_62' title="bbox 1939 2977 3590 3054">
     <span class='ocr_line' id='line_1_62' title="bbox 1939 2977 3590 3054; baseline 0.003 -21"><span class='ocrx_word' id='word_1_469' title='bbox 1939 2979 2011 3033; x_wconf 90' lang='lat' dir='ltr'>ad</span> <span class='ocrx_word' id='word_1_470' title='bbox 2035 2977 2214 3034; x_wconf 85' lang='lat' dir='ltr'>altare</span> <span class='ocrx_word' id='word_1_471' title='bbox 2248 2984 2558 3049; x_wconf 88' lang='lat' dir='ltr'>mactatur,</span> <span class='ocrx_word' id='word_1_472' title='bbox 2593 2985 2765 3036; x_wconf 90' lang='lat' dir='ltr'>erunt</span> <span class='ocrx_word' id='word_1_473' title='bbox 2797 2981 3135 3052; x_wconf 89' lang='lat' dir='ltr'>piscatores,</span> <span class='ocrx_word' id='word_1_474' title='bbox 3170 2981 3590 3054; x_wconf 89' lang='lat' dir='ltr'>quibusloqui-</span> 
     </span>
    </p>
   </div>
   <div class='ocr_carea' id='block_1_63' title="bbox 1939 3066 3588 3136">
    <p class='ocr_par' dir='ltr' id='par_1_63' title="bbox 1939 3066 3588 3136">
     <span class='ocr_line' id='line_1_63' title="bbox 1939 3066 3588 3136; baseline 0.004 -15"><span class='ocrx_word' id='word_1_475' title='bbox 1939 3070 2037 3121; x_wconf 90' lang='lat' dir='ltr'>tur</span> <span class='ocrx_word' id='word_1_476' title='bbox 2065 3066 2346 3123; x_wconf 89' lang='lat' dir='ltr'>Dominus</span> <span class='ocrx_word' id='word_1_477' title='bbox 2376 3069 2544 3124; x_wconf 82' lang='lat' dir='ltr'>Iesus</span> <span class='ocrx_word' id='word_1_478' title='bbox 2579 3087 2590 3124; x_wconf 93' lang='lat'>:</span> <span class='ocrx_word' id='word_1_479' title='bbox 2625 3069 2830 3124; x_wconf 89' lang='lat' dir='ltr'>Venite</span> <span class='ocrx_word' id='word_1_480' title='bbox 2881 3069 2951 3124; x_wconf 88' lang='lat' dir='ltr'>ad</span> <span class='ocrx_word' id='word_1_481' title='bbox 2999 3087 3112 3136; x_wconf 89' lang='lat' dir='ltr'>me,</span> <span class='ocrx_word' id='word_1_482' title='bbox 3163 3075 3220 3125; x_wconf 88' lang='lat' dir='ltr'>et</span> <span class='ocrx_word' id='word_1_483' title='bbox 3248 3070 3457 3126; x_wconf 81' lang='lat' dir='ltr'>faciam</span> <span class='ocrx_word' id='word_1_484' title='bbox 3487 3088 3588 3128; x_wconf 92' lang='lat' dir='ltr'>vos</span> 
     </span>
    </p>
   </div>
   <div class='ocr_carea' id='block_1_64' title="bbox 1941 3154 3591 3231">
    <p class='ocr_par' dir='ltr' id='par_1_64' title="bbox 1941 3154 3591 3231">
     <span class='ocr_line' id='line_1_64' title="bbox 1941 3154 3591 3231; baseline 0.004 -22"><span class='ocrx_word' id='word_1_485' title='bbox 1941 3154 2260 3226; x_wconf 87' lang='lat' dir='ltr'>piscatores</span> <span class='ocrx_word' id='word_1_486' title='bbox 2291 3155 2598 3212; x_wconf 88' lang='lat' dir='ltr'>hominum</span> <span class='ocrx_word' id='word_1_487' title='bbox 2632 3158 2836 3229; x_wconf 81' lang='lat' dir='ltr'>(Matth.</span> <span class='ocrx_word' id='word_1_488' title='bbox 2897 3175 2972 3226; x_wconf 85' lang='grc' dir='ltr'>ιν,</span> <span class='ocrx_word' id='word_1_489' title='bbox 3024 3157 3152 3229; x_wconf 81' lang='grc'>19);</span> <span class='ocrx_word' id='word_1_490' title='bbox 3187 3158 3257 3214; x_wconf 93' lang='lat' dir='ltr'>de</span> <span class='ocrx_word' id='word_1_491' title='bbox 3286 3159 3504 3231; x_wconf 89' lang='lat' dir='ltr'>quibus</span> <span class='ocrx_word' id='word_1_492' title='bbox 3533 3163 3591 3216; x_wconf 89' lang='lat' dir='ltr'>et</span> 
     </span>
    </p>
   </div>
   <div class='ocr_carea' id='block_1_65' title="bbox 153 3234 3585 3319">
    <p class='ocr_par' dir='ltr' id='par_1_65' title="bbox 153 3234 3585 3319">
     <span class='ocr_line' id='line_1_65' title="bbox 153 3234 3585 3319; baseline -0 -15"><span class='ocrx_word' id='word_1_493' title='bbox 153 3251 258 3304; x_wconf 87' lang='lat' dir='ltr'>diu</span> <span class='ocrx_word' id='word_1_494' title='bbox 297 3263 427 3302; x_wconf 89' lang='lat' dir='ltr'>non</span> <span class='ocrx_word' id='word_1_495' title='bbox 461 3245 782 3317; x_wconf 88' lang='lat' dir='ltr'>susceperit</span> <span class='ocrx_word' id='word_1_496' title='bbox 811 3245 869 3300; x_wconf 91' lang='lat' dir='ltr'>in</span> <span class='ocrx_word' id='word_1_497' title='bbox 903 3262 965 3300; x_wconf 92' lang='lat' dir='ltr'>se</span> <span class='ocrx_word' id='word_1_498' title='bbox 995 3262 1181 3316; x_wconf 90' lang='lat' dir='ltr'>aquas</span> <span class='ocrx_word' id='word_1_499' title='bbox 1232 3245 1514 3311; x_wconf 79' lang='lat' dir='ltr'>fluminis,</span> <span class='ocrx_word' id='word_1_500' title='bbox 1556 3247 1675 3303; x_wconf 90' lang='lat' dir='ltr'>sive</span> <span class='ocrx_word' id='word_1_501' title='bbox 1705 3253 1828 3304; x_wconf 87' lang='lat' dir='ltr'>tor-</span> <span class='ocrx_word' id='word_1_502' title='bbox 1859 3234 1900 3299; x_wconf 90' lang='lat' dir='ltr'>C</span> <span class='ocrx_word' id='word_1_503' title='bbox 1938 3244 2256 3299; x_wconf 82' lang='lat' dir='ltr'>Jeremias:</span> <span class='ocrx_word' id='word_1_504' title='bbox 2293 3249 2431 3301; x_wconf 89' lang='lat' dir='ltr'>Ecce</span> <span class='ocrx_word' id='word_1_505' title='bbox 2461 3263 2586 3318; x_wconf 83' lang='lat' dir='ltr'>ego,</span> <span class='ocrx_word' id='word_1_506' title='bbox 2622 3245 2836 3318; x_wconf 89' lang='lat' dir='ltr'>inquit,</span> <span class='ocrx_word' id='word_1_507' title='bbox 2862 3248 3088 3302; x_wconf 88' lang='lat' dir='ltr'>mittam</span> <span class='ocrx_word' id='word_1_508' title='bbox 3112 3247 3434 3319; x_wconf 90' lang='lat' dir='ltr'>piscatores</span> <span class='ocrx_word' id='word_1_509' title='bbox 3453 3251 3585 3319; x_wconf 85' lang='lat' dir='ltr'>(Jer.</span> 
     </span>
    </p>
   </div>
   <div class='ocr_carea' id='block_1_66' title="bbox 159 3334 1829 3406">
    <p class='ocr_par' dir='ltr' id='par_1_66' title="bbox 159 3334 1829 3406">
     <span class='ocr_line' id='line_1_66' title="bbox 159 3334 1829 3406; baseline 0 -12"><span class='ocrx_word' id='word_1_510' title='bbox 159 3339 384 3404; x_wconf 73' lang='lat' dir='ltr'>remis,</span> <span class='ocrx_word' id='word_1_511' title='bbox 417 3349 592 3390; x_wconf 88' lang='lat' dir='ltr'>omne</span> <span class='ocrx_word' id='word_1_512' title='bbox 622 3335 777 3406; x_wconf 90' lang='lat' dir='ltr'>quod</span> <span class='ocrx_word' id='word_1_513' title='bbox 813 3335 869 3388; x_wconf 87' lang='lat' dir='ltr'>in</span> <span class='ocrx_word' id='word_1_514' title='bbox 901 3351 962 3389; x_wconf 89' lang='lat' dir='ltr'>se</span> <span class='ocrx_word' id='word_1_515' title='bbox 994 3334 1190 3401; x_wconf 90' lang='lat' dir='ltr'>habet,</span> <span class='ocrx_word' id='word_1_516' title='bbox 1226 3335 1540 3390; x_wconf 83' lang='lat' dir='ltr'>mortiﬁcat</span> <span class='ocrx_word' id='word_1_517' title='bbox 1565 3362 1578 3402; x_wconf 82' lang='grc'><strong>;</strong></span> <span class='ocrx_word' id='word_1_518' title='bbox 1602 3338 1700 3392; x_wconf 90' lang='lat' dir='ltr'>sed</span> <span class='ocrx_word' id='word_1_519' title='bbox 1726 3338 1829 3394; x_wconf 91' lang='lat' dir='ltr'>Do-</span> 
     </span>
    </p>
   </div>
   <div class='ocr_carea' id='block_1_67' title="bbox 163 3423 1832 3497">
    <p class='ocr_par' dir='ltr' id='par_1_67' title="bbox 163 3423 1832 3497">
     <span class='ocr_line' id='line_1_67' title="bbox 163 3423 1832 3497; baseline 0 -15"><span class='ocrx_word' id='word_1_520' title='bbox 163 3429 381 3482; x_wconf 85' lang='lat' dir='ltr'>minus</span> <span class='ocrx_word' id='word_1_521' title='bbox 402 3425 474 3478; x_wconf 88' lang='lat' dir='ltr'>de</span> <span class='ocrx_word' id='word_1_522' title='bbox 503 3439 617 3495; x_wconf 89' lang='lat' dir='ltr'>quo</span> <span class='ocrx_word' id='word_1_523' title='bbox 643 3423 864 3478; x_wconf 87' lang='lat' dir='ltr'>dictum</span> <span class='ocrx_word' id='word_1_524' title='bbox 889 3427 994 3492; x_wconf 89' lang='lat' dir='ltr'>est,</span> <span class='ocrx_word' id='word_1_525' title='bbox 1020 3423 1330 3488; x_wconf 86' lang='lat' dir='ltr'>Percutiet,</span> <span class='ocrx_word' id='word_1_526' title='bbox 1353 3428 1410 3478; x_wconf 89' lang='lat' dir='ltr'>et</span> <span class='ocrx_word' id='word_1_527' title='bbox 1443 3426 1670 3480; x_wconf 90' lang='lat' dir='ltr'>curabit</span> <span class='ocrx_word' id='word_1_528' title='bbox 1701 3431 1832 3497; x_wconf 87' lang='lat' dir='ltr'>post</span> 
     </span>
    </p>
   </div>
   <div class='ocr_carea' id='block_1_68' title="bbox 162 3513 1830 3584">
    <p class='ocr_par' dir='ltr' id='par_1_68' title="bbox 162 3513 1830 3584">
     <span class='ocr_line' id='line_1_68' title="bbox 162 3513 1830 3584; baseline 0.001 -14"><span class='ocrx_word' id='word_1_529' title='bbox 162 3518 315 3572; x_wconf 88' lang='lat' dir='ltr'>duos</span> <span class='ocrx_word' id='word_1_530' title='bbox 349 3516 505 3580; x_wconf 87' lang='lat' dir='ltr'>dies,</span> <span class='ocrx_word' id='word_1_531' title='bbox 537 3518 593 3569; x_wconf 86' lang='lat' dir='ltr'>et</span> <span class='ocrx_word' id='word_1_532' title='bbox 612 3513 671 3567; x_wconf 91' lang='lat' dir='ltr'>in</span> <span class='ocrx_word' id='word_1_533' title='bbox 703 3513 796 3568; x_wconf 91' lang='lat' dir='ltr'>die</span> <span class='ocrx_word' id='word_1_534' title='bbox 828 3513 996 3568; x_wconf 90' lang='lat' dir='ltr'>tertio</span> <span class='ocrx_word' id='word_1_535' title='bbox 1037 3528 1370 3584; x_wconf 87' lang='lat' dir='ltr'>surgemus,</span> <span class='ocrx_word' id='word_1_536' title='bbox 1405 3518 1461 3568; x_wconf 90' lang='lat' dir='ltr'>et</span> <span class='ocrx_word' id='word_1_537' title='bbox 1488 3514 1749 3570; x_wconf 89' lang='lat' dir='ltr'>vivemus</span> <span class='ocrx_word' id='word_1_538' title='bbox 1770 3515 1830 3571; x_wconf 93' lang='lat' dir='ltr'>in</span> 
     </span>
    </p>
   </div>
   <div class='ocr_carea' id='block_1_69' title="bbox 160 3601 1829 3676">
    <p class='ocr_par' dir='ltr' id='par_1_69' title="bbox 160 3601 1829 3676">
     <span class='ocr_line' id='line_1_69' title="bbox 160 3601 1829 3676; baseline 0.001 -16"><span class='ocrx_word' id='word_1_539' title='bbox 160 3609 486 3676; x_wconf 87' lang='lat' dir='ltr'>conspectu</span> <span class='ocrx_word' id='word_1_540' title='bbox 512 3603 639 3672; x_wconf 90' lang='lat' dir='ltr'>ejus</span> <span class='ocrx_word' id='word_1_541' title='bbox 663 3601 815 3669; x_wconf 85' lang='lat' dir='ltr'>(Osee</span> <span class='ocrx_word' id='word_1_542' title='bbox 860 3619 936 3672; x_wconf 85' lang='lat' dir='ltr'>v1,</span> <span class='ocrx_word' id='word_1_543' title='bbox 959 3602 1072 3672; x_wconf 88' lang='lat'>23),</span> <span class='ocrx_word' id='word_1_544' title='bbox 1099 3602 1225 3673; x_wconf 90' lang='lat' dir='ltr'>ipse</span> <span class='ocrx_word' id='word_1_545' title='bbox 1247 3601 1508 3672; x_wconf 90' lang='lat' dir='ltr'>loquitur</span> <span class='ocrx_word' id='word_1_546' title='bbox 1546 3603 1605 3658; x_wconf 92' lang='lat' dir='ltr'>in</span> <span class='ocrx_word' id='word_1_547' title='bbox 1628 3605 1829 3661; x_wconf 92' lang='lat' dir='ltr'>eodem</span> 
     </span>
    </p>
   </div>
   <div class='ocr_carea' id='block_1_70' title="bbox 163 3689 1829 3766">
    <p class='ocr_par' dir='ltr' id='par_1_70' title="bbox 163 3689 1829 3766">
     <span class='ocr_line' id='line_1_70' title="bbox 163 3689 1829 3766; baseline 0.002 -20"><span class='ocrx_word' id='word_1_548' title='bbox 163 3693 469 3764; x_wconf 80' lang='lat' dir='ltr'>Propheta</span> <span class='ocrx_word' id='word_1_549' title='bbox 497 3690 677 3745; x_wconf 83' lang='lat' dir='ltr'>Osee:</span> <span class='ocrx_word' id='word_1_550' title='bbox 738 3695 854 3761; x_wconf 75' lang='lat' dir='ltr'>Ego</span> <span class='ocrx_word' id='word_1_551' title='bbox 919 3689 1184 3762; x_wconf 87' lang='lat' dir='ltr'>colligavi</span> <span class='ocrx_word' id='word_1_552' title='bbox 1247 3691 1548 3762; x_wconf 89' lang='lat' dir='ltr'>Ephraim,</span> <span class='ocrx_word' id='word_1_553' title='bbox 1599 3695 1829 3766; x_wconf 89' lang='lat' dir='ltr'>suscepi</span> 
     </span>
    </p>
   </div>
   <div class='ocr_carea' id='block_1_71' title="bbox 161 3779 1829 3853">
    <p class='ocr_par' dir='ltr' id='par_1_71' title="bbox 161 3779 1829 3853">
     <span class='ocr_line' id='line_1_71' title="bbox 161 3779 1829 3853; baseline 0.002 -16"><span class='ocrx_word' id='word_1_554' title='bbox 161 3799 296 3837; x_wconf 81' lang='lat' dir='ltr'>eum</span> <span class='ocrx_word' id='word_1_555' title='bbox 334 3782 398 3834; x_wconf 86' lang='lat' dir='ltr'>in</span> <span class='ocrx_word' id='word_1_556' title='bbox 432 3779 671 3834; x_wconf 92' lang='lat' dir='ltr'>brachio</span> <span class='ocrx_word' id='word_1_557' title='bbox 704 3794 854 3845; x_wconf 90' lang='lat' dir='ltr'>meo,</span> <span class='ocrx_word' id='word_1_558' title='bbox 890 3783 946 3833; x_wconf 88' lang='lat' dir='ltr'>et</span> <span class='ocrx_word' id='word_1_559' title='bbox 977 3795 1093 3834; x_wconf 93' lang='lat' dir='ltr'>non</span> <span class='ocrx_word' id='word_1_560' title='bbox 1125 3786 1544 3851; x_wconf 87' lang='lat' dir='ltr'>cognoverunt,</span> <span class='ocrx_word' id='word_1_561' title='bbox 1571 3783 1710 3853; x_wconf 88' lang='lat' dir='ltr'>quia</span> <span class='ocrx_word' id='word_1_562' title='bbox 1737 3801 1829 3840; x_wconf 85' lang='lat' dir='ltr'>sa-</span> 
     </span>
    </p>
   </div>
   <div class='ocr_carea' id='block_1_72' title="bbox 161 3867 1829 3942">
    <p class='ocr_par' dir='ltr' id='par_1_72' title="bbox 161 3867 1829 3942">
     <span class='ocr_line' id='line_1_72' title="bbox 161 3867 1829 3942; baseline 0.001 -17"><span class='ocrx_word' id='word_1_563' title='bbox 161 3873 294 3926; x_wconf 82' lang='lat' dir='ltr'>navi</span> <span class='ocrx_word' id='word_1_564' title='bbox 319 3885 423 3924; x_wconf 88' lang='lat' dir='ltr'>eos</span> <span class='ocrx_word' id='word_1_565' title='bbox 444 3868 505 3922; x_wconf 89' lang='lat' dir='ltr'>in</span> <span class='ocrx_word' id='word_1_566' title='bbox 528 3869 609 3939; x_wconf 91' lang='lat' dir='ltr'>(a)</span> <span class='ocrx_word' id='word_1_567' title='bbox 635 3867 1012 3939; x_wconf 89' lang='lat' dir='ltr'>corruptione</span> <span class='ocrx_word' id='word_1_568' title='bbox 1035 3867 1293 3923; x_wconf 86' lang='lat' dir='ltr'>hominis</span> <span class='ocrx_word' id='word_1_569' title='bbox 1317 3869 1470 3939; x_wconf 77' lang='lat' dir='ltr'>(Osee</span> <span class='ocrx_word' id='word_1_570' title='bbox 1499 3887 1574 3940; x_wconf 81' lang='lat' dir='ltr'>x1,</span> <span class='ocrx_word' id='word_1_571' title='bbox 1601 3871 1656 3938; x_wconf 87' lang='grc'>9)</span> <span class='ocrx_word' id='word_1_572' title='bbox 1683 3889 1695 3937; x_wconf 90' lang='grc'>;</span> <span class='ocrx_word' id='word_1_573' title='bbox 1731 3871 1829 3942; x_wconf 92' lang='lat' dir='ltr'>qui</span> 
     </span>
    </p>
   </div>
   <div class='ocr_carea' id='block_1_73' title="bbox 159 3957 1826 4028">
    <p class='ocr_par' dir='ltr' id='par_1_73' title="bbox 159 3957 1826 4028">
     <span class='ocr_line' id='line_1_73' title="bbox 159 3957 1826 4028; baseline 0 -14"><span class='ocrx_word' id='word_1_574' title='bbox 159 3959 511 4014; x_wconf 74' lang='lat' dir='ltr'>vulneratus</span> <span class='ocrx_word' id='word_1_575' title='bbox 535 3962 624 4011; x_wconf 89' lang='lat' dir='ltr'>est</span> <span class='ocrx_word' id='word_1_576' title='bbox 645 3961 884 4028; x_wconf 89' lang='lat' dir='ltr'>propter</span> <span class='ocrx_word' id='word_1_577' title='bbox 912 3961 1146 4027; x_wconf 89' lang='lat' dir='ltr'>peccata</span> <span class='ocrx_word' id='word_1_578' title='bbox 1199 3961 1417 4028; x_wconf 77' lang='lat' dir='ltr'>nostra,</span> <span class='ocrx_word' id='word_1_579' title='bbox 1465 3959 1620 4014; x_wconf 72' lang='lat'>594</span> <span class='ocrx_word' id='word_1_580' title='bbox 1651 3963 1708 4014; x_wconf 91' lang='lat' dir='ltr'>et</span> <span class='ocrx_word' id='word_1_581' title='bbox 1738 3957 1826 4014; x_wconf 86' lang='lat' dir='ltr'>in-</span> 
     </span>
    </p>
   </div>
   <div class='ocr_carea' id='block_1_74' title="bbox 161 4045 1824 4119">
    <p class='ocr_par' dir='ltr' id='par_1_74' title="bbox 161 4045 1824 4119">
     <span class='ocr_line' id='line_1_74' title="bbox 161 4045 1824 4119; baseline 0 -16"><span class='ocrx_word' id='word_1_582' title='bbox 161 4050 446 4103; x_wconf 85' lang='lat' dir='ltr'>ﬁrmatus</span> <span class='ocrx_word' id='word_1_583' title='bbox 462 4062 563 4117; x_wconf 89' lang='lat' dir='ltr'>pro</span> <span class='ocrx_word' id='word_1_584' title='bbox 595 4045 1013 4116; x_wconf 85' lang='lat' dir='ltr'>iniquitatibus</span> <span class='ocrx_word' id='word_1_585' title='bbox 1045 4046 1284 4101; x_wconf 88' lang='lat' dir='ltr'>nostris.</span> <span class='ocrx_word' id='word_1_586' title='bbox 1316 4045 1636 4118; x_wconf 89' lang='lat' dir='ltr'>Disciplina</span> <span class='ocrx_word' id='word_1_587' title='bbox 1664 4048 1824 4119; x_wconf 89' lang='lat' dir='ltr'>pacis</span> 
     </span>
    </p>
   </div>
   <div class='ocr_carea' id='block_1_75' title="bbox 163 4133 1820 4205">
    <p class='ocr_par' dir='ltr' id='par_1_75' title="bbox 163 4133 1820 4205">
     <span class='ocr_line' id='line_1_75' title="bbox 163 4133 1820 4205; baseline 0 -12"><span class='ocrx_word' id='word_1_588' title='bbox 163 4142 382 4193; x_wconf 60' lang='lat' dir='ltr'>nostra</span> <span class='ocrx_word' id='word_1_589' title='bbox 403 4152 583 4205; x_wconf 87' lang='lat' dir='ltr'>super</span> <span class='ocrx_word' id='word_1_590' title='bbox 603 4150 764 4203; x_wconf 92' lang='lat' dir='ltr'>eum,</span> <span class='ocrx_word' id='word_1_591' title='bbox 788 4138 844 4189; x_wconf 90' lang='lat' dir='ltr'>et</span> <span class='ocrx_word' id='word_1_592' title='bbox 865 4133 1042 4190; x_wconf 86' lang='lat' dir='ltr'>livore</span> <span class='ocrx_word' id='word_1_593' title='bbox 1063 4136 1191 4204; x_wconf 87' lang='lat' dir='ltr'>ejus</span> <span class='ocrx_word' id='word_1_594' title='bbox 1213 4135 1404 4190; x_wconf 87' lang='lat' dir='ltr'>sanati</span> <span class='ocrx_word' id='word_1_595' title='bbox 1437 4153 1646 4192; x_wconf 88' lang='lat' dir='ltr'>sumus</span> <span class='ocrx_word' id='word_1_596' title='bbox 1668 4139 1820 4204; x_wconf 83' lang='lat' dir='ltr'>(lsaz&#39;.</span> 
     </span>
    </p>
   </div>
   <div class='ocr_carea' id='block_1_76' title="bbox 164 4223 1825 4294">
    <p class='ocr_par' dir='ltr' id='par_1_76' title="bbox 164 4223 1825 4294">
     <span class='ocr_line' id='line_1_76' title="bbox 164 4223 1825 4294; baseline 0 -13"><span class='ocrx_word' id='word_1_597' title='bbox 164 4245 277 4290; x_wconf 82' lang='lat' dir='ltr'>LIII,</span> <span class='ocrx_word' id='word_1_598' title='bbox 305 4227 390 4292; x_wconf 83' lang='lat'>5).</span> <span class='ocrx_word' id='word_1_599' title='bbox 424 4225 556 4294; x_wconf 90' lang='lat' dir='ltr'>Ipse</span> <span class='ocrx_word' id='word_1_600' title='bbox 585 4223 746 4279; x_wconf 89' lang='lat' dir='ltr'>istud</span> <span class='ocrx_word' id='word_1_601' title='bbox 779 4239 937 4278; x_wconf 89' lang='lat' dir='ltr'>mare</span> <span class='ocrx_word' id='word_1_602' title='bbox 975 4224 1131 4294; x_wconf 88' lang='lat' dir='ltr'>quod</span> <span class='ocrx_word' id='word_1_603' title='bbox 1182 4229 1271 4278; x_wconf 91' lang='lat' dir='ltr'>est</span> <span class='ocrx_word' id='word_1_604' title='bbox 1320 4223 1734 4293; x_wconf 88' lang='lat' dir='ltr'>salsissimum,</span> <span class='ocrx_word' id='word_1_605' title='bbox 1768 4232 1825 4282; x_wconf 91' lang='lat' dir='ltr'>et</span> 
     </span>
    </p>
   </div>
   <div class='ocr_carea' id='block_1_77' title="bbox 163 4312 1821 4386">
    <p class='ocr_par' dir='ltr' id='par_1_77' title="bbox 163 4312 1821 4386">
     <span class='ocr_line' id='line_1_77' title="bbox 163 4312 1821 4386; baseline 0.001 -17"><span class='ocrx_word' id='word_1_606' title='bbox 163 4315 345 4370; x_wconf 88' lang='lat' dir='ltr'>nimia</span> <span class='ocrx_word' id='word_1_607' title='bbox 361 4312 760 4368; x_wconf 88' lang='lat' dir='ltr'>amaritudine</span> <span class='ocrx_word' id='word_1_608' title='bbox 779 4317 1097 4382; x_wconf 85' lang='lat' dir='ltr'>mortuum,</span> <span class='ocrx_word' id='word_1_609' title='bbox 1123 4329 1227 4366; x_wconf 92' lang='lat' dir='ltr'>sua</span> <span class='ocrx_word' id='word_1_610' title='bbox 1248 4317 1432 4368; x_wconf 91' lang='lat' dir='ltr'>morte</span> <span class='ocrx_word' id='word_1_611' title='bbox 1449 4315 1695 4381; x_wconf 88' lang='lat' dir='ltr'>sanavit,</span> <span class='ocrx_word' id='word_1_612' title='bbox 1719 4315 1821 4386; x_wconf 93' lang='lat' dir='ltr'>qui</span> 
     </span>
    </p>
   </div>
   <div class='ocr_carea' id='block_1_78' title="bbox 167 4401 1821 4476">
    <p class='ocr_par' dir='ltr' id='par_1_78' title="bbox 167 4401 1821 4476">
     <span class='ocr_line' id='line_1_78' title="bbox 167 4401 1821 4476; baseline 0 -18"><span class='ocrx_word' id='word_1_613' title='bbox 167 4404 306 4458; x_wconf 86' lang='lat' dir='ltr'>dicit</span> <span class='ocrx_word' id='word_1_614' title='bbox 348 4418 452 4474; x_wconf 87' lang='lat' dir='ltr'>per</span> <span class='ocrx_word' id='word_1_615' title='bbox 483 4401 697 4456; x_wconf 88' lang='lat' dir='ltr'>Isaiam</span> <span class='ocrx_word' id='word_1_616' title='bbox 724 4419 736 4456; x_wconf 88' lang='lat'>:</span> <span class='ocrx_word' id='word_1_617' title='bbox 771 4401 1025 4473; x_wconf 90' lang='lat' dir='ltr'>Spiritus</span> <span class='ocrx_word' id='word_1_618' title='bbox 1054 4401 1284 4456; x_wconf 87' lang='lat' dir='ltr'>Domini</span> <span class='ocrx_word' id='word_1_619' title='bbox 1319 4418 1496 4472; x_wconf 88' lang='lat' dir='ltr'>super</span> <span class='ocrx_word' id='word_1_620' title='bbox 1517 4420 1627 4471; x_wconf 92' lang='lat' dir='ltr'>me,</span> <span class='ocrx_word' id='word_1_621' title='bbox 1655 4421 1821 4476; x_wconf 86' lang='lat' dir='ltr'>prop-</span> 
     </span>
    </p>
   </div>
   <div class='ocr_carea' id='block_1_79' title="bbox 169 4488 1819 4562">
    <p class='ocr_par' dir='ltr' id='par_1_79' title="bbox 169 4488 1819 4562">
     <span class='ocr_line' id='line_1_79' title="bbox 169 4488 1819 4562; baseline 0 -15"><span class='ocrx_word' id='word_1_622' title='bbox 169 4499 247 4547; x_wconf 87' lang='lat' dir='ltr'>ter</span> <span class='ocrx_word' id='word_1_623' title='bbox 277 4491 434 4562; x_wconf 87' lang='lat' dir='ltr'>quod</span> <span class='ocrx_word' id='word_1_624' title='bbox 474 4489 643 4544; x_wconf 84' lang='lat' dir='ltr'>unxit</span> <span class='ocrx_word' id='word_1_625' title='bbox 674 4505 765 4544; x_wconf 91' lang='lat' dir='ltr'>me</span> <span class='ocrx_word' id='word_1_626' title='bbox 791 4507 802 4556; x_wconf 92' lang='lat'>;</span> <span class='ocrx_word' id='word_1_627' title='bbox 837 4488 1234 4562; x_wconf 88' lang='lat' dir='ltr'>evangelizare</span> <span class='ocrx_word' id='word_1_628' title='bbox 1255 4490 1611 4560; x_wconf 88' lang='lat' dir='ltr'>pauperibus</span> <span class='ocrx_word' id='word_1_629' title='bbox 1658 4492 1819 4547; x_wconf 90' lang='lat' dir='ltr'>misit</span> 
     </span>
    </p>
   </div>
   <div class='ocr_carea' id='block_1_80' title="bbox 1939 3333 3589 3409">
    <p class='ocr_par' dir='ltr' id='par_1_80' title="bbox 1939 3333 3589 3409">
     <span class='ocr_line' id='line_1_80' title="bbox 1939 3333 3589 3409; baseline 0.004 -22"><span class='ocrx_word' id='word_1_630' title='bbox 1939 3350 2049 3402; x_wconf 79' lang='lat' dir='ltr'>xvi,</span> <span class='ocrx_word' id='word_1_631' title='bbox 2083 3333 2192 3400; x_wconf 77' lang='grc'>46).</span> <span class='ocrx_word' id='word_1_632' title='bbox 2228 3334 2296 3387; x_wconf 84' lang='lat' dir='ltr'>Et</span> <span class='ocrx_word' id='word_1_633' title='bbox 2326 3333 2591 3405; x_wconf 70' lang='lat' dir='ltr'>plurimae</span> <span class='ocrx_word' id='word_1_634' title='bbox 2617 3335 2864 3407; x_wconf 88' lang='lat' dir='ltr'>species,</span> <span class='ocrx_word' id='word_1_635' title='bbox 2886 3335 3068 3391; x_wconf 91' lang='lat' dir='ltr'>immo</span> <span class='ocrx_word' id='word_1_636' title='bbox 3098 3352 3312 3407; x_wconf 90' lang='lat' dir='ltr'>genera</span> <span class='ocrx_word' id='word_1_637' title='bbox 3338 3338 3589 3409; x_wconf 91' lang='lat' dir='ltr'>piscium</span> 
     </span>
    </p>
   </div>
   <div class='ocr_carea' id='block_1_81' title="bbox 1939 3421 3590 3496">
    <p class='ocr_par' dir='ltr' id='par_1_81' title="bbox 1939 3421 3590 3496">
     <span class='ocr_line' id='line_1_81' title="bbox 1939 3421 3590 3496; baseline 0.005 -21"><span class='ocrx_word' id='word_1_638' title='bbox 1939 3426 2113 3476; x_wconf 90' lang='lat' dir='ltr'>erunt</span> <span class='ocrx_word' id='word_1_639' title='bbox 2131 3421 2190 3476; x_wconf 92' lang='lat' dir='ltr'>in</span> <span class='ocrx_word' id='word_1_640' title='bbox 2211 3424 2359 3477; x_wconf 90' lang='lat' dir='ltr'>mari</span> <span class='ocrx_word' id='word_1_641' title='bbox 2378 3423 2674 3494; x_wconf 89' lang='lat' dir='ltr'>quondam</span> <span class='ocrx_word' id='word_1_642' title='bbox 2698 3429 2947 3479; x_wconf 90' lang='lat' dir='ltr'>mortuo.</span> <span class='ocrx_word' id='word_1_643' title='bbox 2970 3428 3124 3486; x_wconf 86' lang='lat' dir='ltr'>Quos</span> <span class='ocrx_word' id='word_1_644' title='bbox 3148 3426 3333 3496; x_wconf 90' lang='lat' dir='ltr'>pisces</span> <span class='ocrx_word' id='word_1_645' title='bbox 3349 3427 3420 3480; x_wconf 91' lang='lat' dir='ltr'>ad</span> <span class='ocrx_word' id='word_1_646' title='bbox 3453 3427 3590 3483; x_wconf 86' lang='lat' dir='ltr'>dex-</span> 
     </span>
    </p>
   </div>
   <div class='ocr_carea' id='block_1_82' title="bbox 1938 3512 3591 3583">
    <p class='ocr_par' dir='ltr' id='par_1_82' title="bbox 1938 3512 3591 3583">
     <span class='ocr_line' id='line_1_82' title="bbox 1938 3512 3591 3583; baseline 0.004 -19"><span class='ocrx_word' id='word_1_647' title='bbox 1938 3513 2126 3565; x_wconf 88' lang='lat' dir='ltr'>teram</span> <span class='ocrx_word' id='word_1_648' title='bbox 2162 3516 2386 3583; x_wconf 87' lang='lat' dir='ltr'>partem</span> <span class='ocrx_word' id='word_1_649' title='bbox 2411 3512 2657 3583; x_wconf 88' lang='lat' dir='ltr'>jubente</span> <span class='ocrx_word' id='word_1_650' title='bbox 2694 3512 2938 3568; x_wconf 91' lang='lat' dir='ltr'>Domino</span> <span class='ocrx_word' id='word_1_651' title='bbox 2983 3513 3226 3568; x_wconf 78' lang='lat' dir='ltr'>extraxit</span> <span class='ocrx_word' id='word_1_652' title='bbox 3275 3513 3500 3582; x_wconf 89' lang='lat' dir='ltr'>Petrus,</span> <span class='ocrx_word' id='word_1_653' title='bbox 3533 3519 3591 3571; x_wconf 89' lang='lat' dir='ltr'>et</span> 
     </span>
    </p>
   </div>
   <div class='ocr_carea' id='block_1_83' title="bbox 1941 3601 3588 3675">
    <p class='ocr_par' dir='ltr' id='par_1_83' title="bbox 1941 3601 3588 3675">
     <span class='ocr_line' id='line_1_83' title="bbox 1941 3601 3588 3675; baseline 0.004 -23"><span class='ocrx_word' id='word_1_654' title='bbox 1941 3604 2108 3654; x_wconf 86' lang='lat' dir='ltr'>erant</span> <span class='ocrx_word' id='word_1_655' title='bbox 2137 3601 2290 3657; x_wconf 75' lang='lat'>595</span> <span class='ocrx_word' id='word_1_656' title='bbox 2323 3605 2556 3656; x_wconf 88' lang='lat' dir='ltr'>centum</span> <span class='ocrx_word' id='word_1_657' title='bbox 2607 3601 3034 3674; x_wconf 86' lang='lat' dir='ltr'>quinquaginta</span> <span class='ocrx_word' id='word_1_658' title='bbox 3082 3607 3199 3656; x_wconf 91' lang='lat' dir='ltr'>tres</span> <span class='ocrx_word' id='word_1_659' title='bbox 3229 3619 3241 3657; x_wconf 90' lang='lat'><strong>:</strong></span> <span class='ocrx_word' id='word_1_660' title='bbox 3273 3602 3352 3657; x_wconf 90' lang='lat' dir='ltr'>ita</span> <span class='ocrx_word' id='word_1_661' title='bbox 3378 3607 3442 3658; x_wconf 92' lang='lat' dir='ltr'>ut</span> <span class='ocrx_word' id='word_1_662' title='bbox 3471 3621 3588 3675; x_wconf 62' lang='lat' dir='ltr'>pra</span> 
     </span>
    </p>
   </div>
   <div class='ocr_carea' id='block_1_84' title="bbox 1940 3687 3584 3763">
    <p class='ocr_par' dir='ltr' id='par_1_84' title="bbox 1940 3687 3584 3763">
     <span class='ocr_line' id='line_1_84' title="bbox 1940 3687 3584 3763; baseline 0.002 -21"><span class='ocrx_word' id='word_1_663' title='bbox 1940 3687 2323 3745; x_wconf 87' lang='lat' dir='ltr'>multitudine</span> <span class='ocrx_word' id='word_1_664' title='bbox 2355 3707 2557 3745; x_wconf 86' lang='lat' dir='ltr'>eorum</span> <span class='ocrx_word' id='word_1_665' title='bbox 2589 3691 2732 3745; x_wconf 89' lang='lat' dir='ltr'>retia</span> <span class='ocrx_word' id='word_1_666' title='bbox 2785 3694 3198 3762; x_wconf 89' lang='lat' dir='ltr'>rumperentur</span> <span class='ocrx_word' id='word_1_667' title='bbox 3227 3691 3412 3762; x_wconf 83' lang='lat' dir='ltr'>(Joan.</span> <span class='ocrx_word' id='word_1_668' title='bbox 3445 3694 3584 3763; x_wconf 74' lang='lat' dir='ltr'>xxx).</span> 
     </span>
    </p>
   </div>
   <div class='ocr_carea' id='block_1_85' title="bbox 1937 3777 3587 3850">
    <p class='ocr_par' dir='ltr' id='par_1_85' title="bbox 1937 3777 3587 3850">
     <span class='ocr_line' id='line_1_85' title="bbox 1937 3777 3587 3850; baseline 0.003 -20"><span class='ocrx_word' id='word_1_669' title='bbox 1937 3777 2116 3831; x_wconf 89' lang='lat' dir='ltr'>Aiunt</span> <span class='ocrx_word' id='word_1_670' title='bbox 2141 3782 2334 3832; x_wconf 85' lang='lat' dir='ltr'>autem</span> <span class='ocrx_word' id='word_1_671' title='bbox 2360 3780 2459 3848; x_wconf 90' lang='lat' dir='ltr'>qui</span> <span class='ocrx_word' id='word_1_672' title='bbox 2483 3779 2552 3833; x_wconf 92' lang='lat' dir='ltr'>de</span> <span class='ocrx_word' id='word_1_673' title='bbox 2567 3778 2955 3833; x_wconf 88' lang='lat' dir='ltr'>animantium</span> <span class='ocrx_word' id='word_1_674' title='bbox 2980 3779 3266 3850; x_wconf 90' lang='lat' dir='ltr'>scripsere</span> <span class='ocrx_word' id='word_1_675' title='bbox 3288 3780 3514 3835; x_wconf 88' lang='lat' dir='ltr'>naturis</span> <span class='ocrx_word' id='word_1_676' title='bbox 3531 3785 3587 3835; x_wconf 90' lang='lat' dir='ltr'>et</span> 
     </span>
    </p>
   </div>
   <div class='ocr_carea' id='block_1_86' title="bbox 1940 3863 3586 3938">
    <p class='ocr_par' dir='ltr' id='par_1_86' title="bbox 1940 3863 3586 3938">
     <span class='ocr_line' id='line_1_86' title="bbox 1940 3863 3586 3938; baseline 0.004 -20"><span class='ocrx_word' id='word_1_677' title='bbox 1940 3866 2313 3936; x_wconf 80' lang='lat' dir='ltr'>preprietate,</span> <span class='ocrx_word' id='word_1_678' title='bbox 2347 3865 2444 3937; x_wconf 91' lang='lat' dir='ltr'>qui</span> <span class='ocrx_word' id='word_1_679' title='bbox 2479 3863 2758 3919; x_wconf 79' lang='grc' dir='ltr'>ἁλιευτικά</span> <span class='ocrx_word' id='word_1_680' title='bbox 2787 3871 2904 3922; x_wconf 91' lang='lat' dir='ltr'>tam</span> <span class='ocrx_word' id='word_1_681' title='bbox 2942 3867 3164 3936; x_wconf 86' lang='lat' dir='ltr'>Latino,</span> <span class='ocrx_word' id='word_1_682' title='bbox 3189 3883 3364 3938; x_wconf 88' lang='lat' dir='ltr'>quam</span> <span class='ocrx_word' id='word_1_683' title='bbox 3392 3868 3586 3926; x_wconf 65' lang='lat' dir='ltr'>Graeco</span> 
     </span>
    </p>
   </div>
   <div class='ocr_carea' id='block_1_87' title="bbox 1937 3954 3584 4028">
    <p class='ocr_par' dir='ltr' id='par_1_87' title="bbox 1937 3954 3584 4028">
     <span class='ocr_line' id='line_1_87' title="bbox 1937 3954 3584 4028; baseline 0.004 -20"><span class='ocrx_word' id='word_1_684' title='bbox 1937 3954 2192 4010; x_wconf 90' lang='lat' dir='ltr'>didicere</span> <span class='ocrx_word' id='word_1_685' title='bbox 2222 3971 2510 4022; x_wconf 89' lang='lat' dir='ltr'>sermone,</span> <span class='ocrx_word' id='word_1_686' title='bbox 2547 3956 2617 4011; x_wconf 90' lang='lat' dir='ltr'>de</span> <span class='ocrx_word' id='word_1_687' title='bbox 2648 3955 2863 4026; x_wconf 87' lang='lat' dir='ltr'>quibus</span> <span class='ocrx_word' id='word_1_688' title='bbox 2893 3956 2961 4027; x_wconf 90' lang='lat' dir='ltr'>(c)</span> <span class='ocrx_word' id='word_1_689' title='bbox 2984 3956 3283 4028; x_wconf 89' lang='lat' dir='ltr'>Oppianus</span> <span class='ocrx_word' id='word_1_690' title='bbox 3304 3956 3451 4012; x_wconf 86' lang='lat' dir='ltr'>Cilix</span> <span class='ocrx_word' id='word_1_691' title='bbox 3472 3962 3584 4026; x_wconf 88' lang='lat' dir='ltr'>est,</span> 
     </span>
    </p>
   </div>
   <div class='ocr_carea' id='block_1_88' title="bbox 1936 4042 3586 4118">
    <p class='ocr_par' dir='ltr' id='par_1_88' title="bbox 1936 4042 3586 4118">
     <span class='ocr_line' id='line_1_88' title="bbox 1936 4042 3586 4118; baseline 0.004 -20"><span class='ocrx_word' id='word_1_692' title='bbox 1936 4048 2106 4114; x_wconf 89' lang='lat' dir='ltr'>poeta</span> <span class='ocrx_word' id='word_1_693' title='bbox 2133 4042 2534 4115; x_wconf 81' lang='lat' dir='ltr'>doctissimus,</span> <span class='ocrx_word' id='word_1_694' title='bbox 2567 4050 2802 4100; x_wconf 91' lang='lat' dir='ltr'>centum</span> <span class='ocrx_word' id='word_1_695' title='bbox 2835 4045 3274 4118; x_wconf 88' lang='lat' dir='ltr'>quinquaginta</span> <span class='ocrx_word' id='word_1_696' title='bbox 3316 4047 3429 4103; x_wconf 87' lang='lat' dir='ltr'>tria</span> <span class='ocrx_word' id='word_1_697' title='bbox 3458 4063 3586 4104; x_wconf 89' lang='lat' dir='ltr'>esse</span> 
     </span>
    </p>
   </div>
   <div class='ocr_carea' id='block_1_89' title="bbox 1932 4131 3584 4209">
    <p class='ocr_par' dir='ltr' id='par_1_89' title="bbox 1932 4131 3584 4209">
     <span class='ocr_line' id='line_1_89' title="bbox 1932 4131 3584 4209; baseline 0.004 -23"><span class='ocrx_word' id='word_1_698' title='bbox 1932 4147 2146 4202; x_wconf 86' lang='lat' dir='ltr'>genera</span> <span class='ocrx_word' id='word_1_699' title='bbox 2169 4131 2416 4203; x_wconf 89' lang='lat' dir='ltr'>piscium</span> <span class='ocrx_word' id='word_1_700' title='bbox 2447 4149 2572 4204; x_wconf 65' lang='lat' dir='ltr'>quae</span> <span class='ocrx_word' id='word_1_701' title='bbox 2599 4133 2798 4188; x_wconf 85' lang='lat' dir='ltr'>omnia</span> <span class='ocrx_word' id='word_1_702' title='bbox 2817 4139 2990 4206; x_wconf 83' lang='lat' dir='ltr'>capta</span> <span class='ocrx_word' id='word_1_703' title='bbox 3011 4141 3151 4189; x_wconf 90' lang='lat' dir='ltr'>sunt</span> <span class='ocrx_word' id='word_1_704' title='bbox 3181 4137 3251 4191; x_wconf 91' lang='lat' dir='ltr'>ab</span> <span class='ocrx_word' id='word_1_705' title='bbox 3284 4136 3584 4209; x_wconf 88' lang='lat' dir='ltr'>apostolis,</span> 
     </span>
    </p>
   </div>
   <div class='ocr_carea' id='block_1_90' title="bbox 1931 4220 3586 4298">
    <p class='ocr_par' dir='ltr' id='par_1_90' title="bbox 1931 4220 3586 4298">
     <span class='ocr_line' id='line_1_90' title="bbox 1931 4220 3586 4298; baseline 0.004 -22"><span class='ocrx_word' id='word_1_706' title='bbox 1931 4227 1984 4276; x_wconf 91' lang='lat' dir='ltr'>et</span> <span class='ocrx_word' id='word_1_707' title='bbox 2017 4220 2162 4276; x_wconf 89' lang='lat' dir='ltr'>nihil</span> <span class='ocrx_word' id='word_1_708' title='bbox 2186 4222 2470 4276; x_wconf 88' lang='lat' dir='ltr'>remansit</span> <span class='ocrx_word' id='word_1_709' title='bbox 2493 4221 2812 4293; x_wconf 89' lang='lat' dir='ltr'>incaptum,</span> <span class='ocrx_word' id='word_1_710' title='bbox 2843 4223 2985 4278; x_wconf 90' lang='lat' dir='ltr'>dum</span> <span class='ocrx_word' id='word_1_711' title='bbox 3017 4228 3073 4278; x_wconf 91' lang='lat' dir='ltr'>et</span> <span class='ocrx_word' id='word_1_712' title='bbox 3095 4223 3319 4281; x_wconf 89' lang='lat' dir='ltr'>nobiles</span> <span class='ocrx_word' id='word_1_713' title='bbox 3341 4225 3586 4298; x_wconf 85' lang='lat' dir='ltr'>etigno-</span> 
     </span>
    </p>
   </div>
   <div class='ocr_carea' id='block_1_91' title="bbox 1931 4310 3583 4387">
    <p class='ocr_par' dir='ltr' id='par_1_91' title="bbox 1931 4310 3583 4387">
     <span class='ocr_line' id='line_1_91' title="bbox 1931 4310 3583 4387; baseline 0.002 -21"><span class='ocrx_word' id='word_1_714' title='bbox 1931 4310 2098 4376; x_wconf 89' lang='lat' dir='ltr'>biles,</span> <span class='ocrx_word' id='word_1_715' title='bbox 2131 4311 2339 4366; x_wconf 89' lang='lat' dir='ltr'>divites</span> <span class='ocrx_word' id='word_1_716' title='bbox 2370 4317 2426 4366; x_wconf 91' lang='lat' dir='ltr'>et</span> <span class='ocrx_word' id='word_1_717' title='bbox 2460 4329 2766 4383; x_wconf 90' lang='lat' dir='ltr'>pauperes,</span> <span class='ocrx_word' id='word_1_718' title='bbox 2794 4318 2850 4368; x_wconf 89' lang='lat' dir='ltr'>et</span> <span class='ocrx_word' id='word_1_719' title='bbox 2872 4330 3044 4368; x_wconf 90' lang='lat' dir='ltr'>omne</span> <span class='ocrx_word' id='word_1_720' title='bbox 3065 4330 3250 4387; x_wconf 88' lang='lat' dir='ltr'>genus</span> <span class='ocrx_word' id='word_1_721' title='bbox 3274 4314 3583 4370; x_wconf 90' lang='lat' dir='ltr'>hominum</span> 
     </span>
    </p>
   </div>
   <div class='ocr_carea' id='block_1_92' title="bbox 1930 4399 3576 4472">
    <p class='ocr_par' dir='ltr' id='par_1_92' title="bbox 1930 4399 3576 4472">
     <span class='ocr_line' id='line_1_92' title="bbox 1930 4399 3576 4472; baseline 0.002 -18"><span class='ocrx_word' id='word_1_722' title='bbox 1930 4399 2002 4454; x_wconf 92' lang='lat' dir='ltr'>de</span> <span class='ocrx_word' id='word_1_723' title='bbox 2025 4400 2170 4455; x_wconf 89' lang='lat' dir='ltr'>mari</span> <span class='ocrx_word' id='word_1_724' title='bbox 2197 4400 2376 4472; x_wconf 89' lang='lat' dir='ltr'>hujus</span> <span class='ocrx_word' id='word_1_725' title='bbox 2400 4401 2597 4456; x_wconf 79' lang='lat' dir='ltr'>saeculi</span> <span class='ocrx_word' id='word_1_726' title='bbox 2621 4401 2945 4456; x_wconf 87' lang='lat' dir='ltr'>extrahitur</span> <span class='ocrx_word' id='word_1_727' title='bbox 2983 4403 3056 4457; x_wconf 89' lang='lat' dir='ltr'>ad</span> <span class='ocrx_word' id='word_1_728' title='bbox 3108 4401 3379 4458; x_wconf 89' lang='lat' dir='ltr'>salutem.</span> <span class='ocrx_word' id='word_1_729' title='bbox 3413 4404 3576 4467; x_wconf 92' lang='lat' dir='ltr'>Quod</span> 
     </span>
    </p>
   </div>
   <div class='ocr_carea' id='block_1_93' title="bbox 1929 4489 3578 4562">
    <p class='ocr_par' dir='ltr' id='par_1_93' title="bbox 1929 4489 3578 4562">
     <span class='ocr_line' id='line_1_93' title="bbox 1929 4489 3578 4562; baseline 0.002 -20"><span class='ocrx_word' id='word_1_730' title='bbox 1929 4492 2124 4542; x_wconf 87' lang='lat' dir='ltr'>autem</span> <span class='ocrx_word' id='word_1_731' title='bbox 2159 4489 2462 4560; x_wconf 88' lang='lat' dir='ltr'>sequitur:</span> <span class='ocrx_word' id='word_1_732' title='bbox 2497 4492 2558 4544; x_wconf 84' lang='lat' dir='ltr'>In</span> <span class='ocrx_word' id='word_1_733' title='bbox 2589 4490 2862 4545; x_wconf 74' lang='lat' dir='ltr'>littoribus</span> <span class='ocrx_word' id='word_1_734' title='bbox 2893 4492 3032 4562; x_wconf 81' lang='lat' dir='ltr'>ejus,</span> <span class='ocrx_word' id='word_1_735' title='bbox 3065 4498 3115 4545; x_wconf 86' lang='lat' dir='ltr'>et</span> <span class='ocrx_word' id='word_1_736' title='bbox 3142 4493 3199 4544; x_wconf 81' lang='lat' dir='ltr'>in</span> <span class='ocrx_word' id='word_1_737' title='bbox 3217 4491 3578 4562; x_wconf 81' lang='lat' dir='ltr'>palustribus,</span> 
     </span>
    </p>
   </div>
   <div class='ocr_carea' id='block_1_94' title="bbox 166 4575 3581 4664">
    <p class='ocr_par' dir='ltr' id='par_1_94' title="bbox 166 4575 3581 4664">
     <span class='ocr_line' id='line_1_94' title="bbox 166 4575 3581 4664; baseline 0 -30"><span class='ocrx_word' id='word_1_738' title='bbox 166 4596 250 4636; x_wconf 88' lang='lat' dir='ltr'>me</span> <span class='ocrx_word' id='word_1_739' title='bbox 275 4599 290 4645; x_wconf 88' lang='lat'><strong>;</strong></span> <span class='ocrx_word' id='word_1_740' title='bbox 315 4593 532 4634; x_wconf 87' lang='lat' dir='ltr'>sanare</span> <span class='ocrx_word' id='word_1_741' title='bbox 552 4594 652 4634; x_wconf 90' lang='lat' dir='ltr'>eos</span> <span class='ocrx_word' id='word_1_742' title='bbox 674 4576 774 4648; x_wconf 89' lang='lat' dir='ltr'>qui</span> <span class='ocrx_word' id='word_1_743' title='bbox 795 4577 1029 4633; x_wconf 88' lang='lat' dir='ltr'>contriti</span> <span class='ocrx_word' id='word_1_744' title='bbox 1052 4584 1193 4633; x_wconf 89' lang='lat' dir='ltr'>sunt</span> <span class='ocrx_word' id='word_1_745' title='bbox 1223 4577 1394 4632; x_wconf 89' lang='lat' dir='ltr'>corde</span> <span class='ocrx_word' id='word_1_746' title='bbox 1433 4579 1580 4647; x_wconf 84' lang='lat' dir='ltr'>(lsaz&#39;.</span> <span class='ocrx_word' id='word_1_747' title='bbox 1606 4596 1717 4644; x_wconf 82' lang='lat' dir='ltr'>LXI,</span> <span class='ocrx_word' id='word_1_748' title='bbox 1739 4583 1814 4649; x_wconf 83' lang='lat'>1).</span> <span class='ocrx_word' id='word_1_749' title='bbox 1848 4602 1894 4664; x_wconf 73' lang='grc' dir='ltr'>Ι)</span> <span class='ocrx_word' id='word_1_750' title='bbox 1928 4576 2050 4632; x_wconf 90' lang='lat' dir='ltr'>sive</span> <span class='ocrx_word' id='word_1_751' title='bbox 2082 4577 2139 4631; x_wconf 90' lang='lat' dir='ltr'>in</span> <span class='ocrx_word' id='word_1_752' title='bbox 2172 4575 2264 4632; x_wconf 90' lang='lat' dir='ltr'>his</span> <span class='ocrx_word' id='word_1_753' title='bbox 2294 4594 2422 4648; x_wconf 57' lang='lat' dir='ltr'>quas</span> <span class='ocrx_word' id='word_1_754' title='bbox 2453 4583 2616 4633; x_wconf 88' lang='lat' dir='ltr'>extra</span> <span class='ocrx_word' id='word_1_755' title='bbox 2646 4577 2841 4634; x_wconf 88' lang='lat' dir='ltr'>littora</span> <span class='ocrx_word' id='word_1_756' title='bbox 2869 4579 3266 4651; x_wconf 89' lang='lat' dir='ltr'>egrediuntur,</span> <span class='ocrx_word' id='word_1_757' title='bbox 3290 4593 3451 4648; x_wconf 56' lang='lat' dir='ltr'>aqua</span> <span class='ocrx_word' id='word_1_758' title='bbox 3471 4595 3581 4634; x_wconf 84' lang='lat' dir='ltr'>non</span> 
     </span>
    </p>
   </div>
   <div class='ocr_carea' id='block_1_95' title="bbox 166 4666 1815 4738">
    <p class='ocr_par' dir='ltr' id='par_1_95' title="bbox 166 4666 1815 4738">
     <span class='ocr_line' id='line_1_95' title="bbox 166 4666 1815 4738; baseline 0 -15"><span class='ocrx_word' id='word_1_759' title='bbox 166 4667 320 4723; x_wconf 68' lang='lat' dir='ltr'>{Inde</span> <span class='ocrx_word' id='word_1_760' title='bbox 354 4673 410 4722; x_wconf 90' lang='lat' dir='ltr'>et</span> <span class='ocrx_word' id='word_1_761' title='bbox 443 4683 546 4738; x_wconf 86' lang='lat' dir='ltr'>per</span> <span class='ocrx_word' id='word_1_762' title='bbox 570 4666 886 4722; x_wconf 82' lang='lat' dir='ltr'>Jeremiam</span> <span class='ocrx_word' id='word_1_763' title='bbox 917 4666 1180 4722; x_wconf 89' lang='lat' dir='ltr'>clamitat</span> <span class='ocrx_word' id='word_1_764' title='bbox 1206 4684 1218 4722; x_wconf 91' lang='lat'>:</span> <span class='ocrx_word' id='word_1_765' title='bbox 1246 4666 1682 4732; x_wconf 87' lang='lat' dir='ltr'>Convertimini,</span> <span class='ocrx_word' id='word_1_766' title='bbox 1710 4667 1815 4723; x_wconf 82' lang='lat' dir='ltr'>ﬁlii</span> 
     </span>
    </p>
   </div>
   <div class='ocr_carea' id='block_1_96' title="bbox 164 4754 1811 4827">
    <p class='ocr_par' dir='ltr' id='par_1_96' title="bbox 164 4754 1811 4827">
     <span class='ocr_line' id='line_1_96' title="bbox 164 4754 1811 4827; baseline 0.002 -17"><span class='ocrx_word' id='word_1_767' title='bbox 164 4760 584 4826; x_wconf 85' lang='lat' dir='ltr'>convertentes,</span> <span class='ocrx_word' id='word_1_768' title='bbox 619 4762 676 4811; x_wconf 90' lang='lat' dir='ltr'>et</span> <span class='ocrx_word' id='word_1_769' title='bbox 697 4756 917 4811; x_wconf 87' lang='lat' dir='ltr'>sanabo</span> <span class='ocrx_word' id='word_1_770' title='bbox 942 4754 1327 4812; x_wconf 89' lang='lat' dir='ltr'>contritiones</span> <span class='ocrx_word' id='word_1_771' title='bbox 1348 4761 1574 4812; x_wconf 90' lang='lat' dir='ltr'>vestras</span> <span class='ocrx_word' id='word_1_772' title='bbox 1596 4757 1811 4827; x_wconf 84' lang='lat' dir='ltr'>(Jerem.</span> 
     </span>
    </p>
   </div>
   <div class='ocr_carea' id='block_1_97' title="bbox 228 4896 1810 4969">
    <p class='ocr_par' dir='ltr' id='par_1_97' title="bbox 228 4896 1810 4969">
     <span class='ocr_line' id='line_1_97' title="bbox 228 4896 1810 4969; baseline 0.002 -17"><span class='ocrx_word' id='word_1_773' title='bbox 228 4900 301 4969; x_wconf 61' lang='lat' dir='ltr'>(gf.-</span> <span class='ocrx_word' id='word_1_774' title='bbox 335 4897 482 4952; x_wconf 89' lang='lat' dir='ltr'>Cum</span> <span class='ocrx_word' id='word_1_775' title='bbox 512 4897 754 4953; x_wconf 80' lang='lat' dir='ltr'>Rabano</span> <span class='ocrx_word' id='word_1_776' title='bbox 785 4902 841 4952; x_wconf 91' lang='lat' dir='ltr'>et</span> <span class='ocrx_word' id='word_1_777' title='bbox 867 4897 1120 4953; x_wconf 87' lang='lat' dir='ltr'>Victorio</span> <span class='ocrx_word' id='word_1_778' title='bbox 1143 4896 1395 4969; x_wconf 88' lang='lat' dir='ltr'>legimus</span> <span class='ocrx_word' id='word_1_779' title='bbox 1416 4901 1810 4967; x_wconf 60' lang='lat' dir='ltr'>corruptione:</span> 
     </span>
    </p>
   </div>
   <div class='ocr_carea' id='block_1_98' title="bbox 167 4969 1807 5041">
    <p class='ocr_par' dir='ltr' id='par_1_98' title="bbox 167 4969 1807 5041">
     <span class='ocr_line' id='line_1_98' title="bbox 167 4969 1807 5041; baseline 0.002 -19"><span class='ocrx_word' id='word_1_780' title='bbox 167 4986 258 5040; x_wconf 85' lang='lat' dir='ltr'>pro</span> <span class='ocrx_word' id='word_1_781' title='bbox 278 4986 397 5041; x_wconf 73' lang='lat' dir='ltr'>quo</span> <span class='ocrx_word' id='word_1_782' title='bbox 420 4975 596 5024; x_wconf 86' lang='lat' dir='ltr'>antea</span> <span class='ocrx_word' id='word_1_783' title='bbox 615 4974 740 5024; x_wconf 88' lang='lat' dir='ltr'>erat</span> <span class='ocrx_word' id='word_1_784' title='bbox 758 4971 1116 5041; x_wconf 83' lang='lat' dir='ltr'>correptione.</span> <span class='ocrx_word' id='word_1_785' title='bbox 1143 4969 1202 5023; x_wconf 90' lang='lat' dir='ltr'>In</span> <span class='ocrx_word' id='word_1_786' title='bbox 1229 4969 1424 5041; x_wconf 65' lang='lat' dir='ltr'>Graeco</span> <span class='ocrx_word' id='word_1_787' title='bbox 1441 4975 1633 5025; x_wconf 90' lang='lat' dir='ltr'>autem</span> <span class='ocrx_word' id='word_1_788' title='bbox 1652 4976 1807 5026; x_wconf 84' lang='lat' dir='ltr'>textu</span> 
     </span>
    </p>
   </div>
   <div class='ocr_carea' id='block_1_99' title="bbox 166 5036 1810 5115">
    <p class='ocr_par' dir='ltr' id='par_1_99' title="bbox 166 5036 1810 5115">
     <span class='ocr_line' id='line_1_99' title="bbox 166 5036 1810 5115; baseline 0.002 -20"><span class='ocrx_word' id='word_1_789' title='bbox 166 5036 244 5095; x_wconf 69' lang='lat' dir='ltr'>est</span> <span class='ocrx_word' id='word_1_790' title='bbox 273 5039 326 5115; x_wconf 57' lang='grc' dir='ltr'>ἐγ</span> <span class='ocrx_word' id='word_1_791' title='bbox 364 5036 654 5115; x_wconf 58' lang='grc' dir='ltr'>δεασξθορᾶ,</span> <span class='ocrx_word' id='word_1_792' title='bbox 685 5041 744 5096; x_wconf 91' lang='lat' dir='ltr'>in</span> <span class='ocrx_word' id='word_1_793' title='bbox 785 5036 1151 5112; x_wconf 75' lang='lat' dir='ltr'>corruptione,</span> <span class='ocrx_word' id='word_1_794' title='bbox 1183 5039 1281 5095; x_wconf 91' lang='lat' dir='ltr'>ubi</span> <span class='ocrx_word' id='word_1_795' title='bbox 1313 5045 1370 5096; x_wconf 90' lang='lat' dir='ltr'>et</span> <span class='ocrx_word' id='word_1_796' title='bbox 1391 5038 1684 5113; x_wconf 75' lang='grc' dir='ltr'>ἀνθρώπων</span> <span class='ocrx_word' id='word_1_797' title='bbox 1708 5060 1810 5115; x_wconf 91' lang='lat' dir='ltr'>pro</span> 
     </span>
    </p>
   </div>
   <div class='ocr_carea' id='block_1_100' title="bbox 168 5112 714 5184">
    <p class='ocr_par' dir='ltr' id='par_1_100' title="bbox 168 5112 714 5184">
     <span class='ocr_line' id='line_1_100' title="bbox 168 5112 714 5184; baseline 0.005 -21"><span class='ocrx_word' id='word_1_798' title='bbox 168 5113 440 5184; x_wconf 62' lang='grc' dir='ltr'>ἱιθρώπον</span> <span class='ocrx_word' id='word_1_799' title='bbox 479 5112 714 5184; x_wconf 82' lang='lat' dir='ltr'>legitur.</span> 
     </span>
    </p>
   </div>
   <div class='ocr_carea' id='block_1_101' title="bbox 224 5181 1808 5256">
    <p class='ocr_par' dir='ltr' id='par_1_101' title="bbox 224 5181 1808 5256">
     <span class='ocr_line' id='line_1_101' title="bbox 224 5181 1808 5256; baseline 0.001 -19"><span class='ocrx_word' id='word_1_800' title='bbox 224 5181 294 5256; x_wconf 39' lang='lat' dir='ltr'>3b,-</span> <span class='ocrx_word' id='word_1_801' title='bbox 326 5181 624 5256; x_wconf 57' lang='lat' dir='ltr'>Joseph&#39;us</span> <span class='ocrx_word' id='word_1_802' title='bbox 647 5183 752 5256; x_wconf 91' lang='lat' dir='ltr'>lib,</span> <span class='ocrx_word' id='word_1_803' title='bbox 776 5200 852 5238; x_wconf 83' lang='lat' dir='ltr'>vu</span> <span class='ocrx_word' id='word_1_804' title='bbox 878 5184 948 5238; x_wconf 93' lang='lat' dir='ltr'>de</span> <span class='ocrx_word' id='word_1_805' title='bbox 967 5181 1114 5256; x_wconf 84' lang='lat' dir='ltr'>bello</span> <span class='ocrx_word' id='word_1_806' title='bbox 1137 5181 1402 5256; x_wconf 83' lang='lat' dir='ltr'>Judaico,</span> <span class='ocrx_word' id='word_1_807' title='bbox 1427 5199 1558 5256; x_wconf 59' lang='lat' dir='ltr'>cap,</span> <span class='ocrx_word' id='word_1_808' title='bbox 1576 5184 1662 5250; x_wconf 79' lang='lat' dir='ltr'>l2,</span> <span class='ocrx_word' id='word_1_809' title='bbox 1679 5201 1808 5239; x_wconf 86' lang='lat' dir='ltr'>nar-</span> 
     </span>
    </p>
   </div>
   <div class='ocr_carea' id='block_1_102' title="bbox 165 5233 1809 5325">
    <p class='ocr_par' dir='ltr' id='par_1_102' title="bbox 165 5233 1809 5325">
     <span class='ocr_line' id='line_1_102' title="bbox 165 5233 1809 5325; baseline 0.001 -17"><span class='ocrx_word' id='word_1_810' title='bbox 165 5247 242 5308; x_wconf 75' lang='lat' dir='ltr'>rat</span> <span class='ocrx_word' id='word_1_811' title='bbox 269 5233 423 5309; x_wconf 81' lang='lat' dir='ltr'>hanc</span> <span class='ocrx_word' id='word_1_812' title='bbox 455 5233 654 5310; x_wconf 54' lang='lat' dir='ltr'>vrocem</span> <span class='ocrx_word' id='word_1_813' title='bbox 691 5233 873 5310; x_wconf 67' lang='lat' dir='ltr'>fuisse</span> <span class='ocrx_word' id='word_1_814' title='bbox 903 5255 1199 5309; x_wconf 87' lang='lat' dir='ltr'>auditam:</span> <span class='ocrx_word' id='word_1_815' title='bbox 1247 5254 1346 5308; x_wconf 90' lang='lat' dir='ltr'>sed</span> <span class='ocrx_word' id='word_1_816' title='bbox 1390 5233 1809 5325; x_wconf 23' lang='lat' dir='ltr'>inonrloqhitur</span> 
     </span>
    </p>
   </div>
   <div class='ocr_carea' id='block_1_103' title="bbox 163 5323 1808 5398">
    <p class='ocr_par' dir='ltr' id='par_1_103' title="bbox 163 5323 1808 5398">
     <span class='ocr_line' id='line_1_103' title="bbox 163 5323 1808 5398; baseline 0.001 -19"><span class='ocrx_word' id='word_1_817' title='bbox 163 5328 224 5380; x_wconf 87' lang='lat' dir='ltr'>de</span> <span class='ocrx_word' id='word_1_818' title='bbox 244 5328 519 5398; x_wconf 78' lang='lat' dir='ltr'>passione</span> <span class='ocrx_word' id='word_1_819' title='bbox 542 5327 796 5398; x_wconf 82' lang='lat' dir='ltr'>Domini,</span> <span class='ocrx_word' id='word_1_820' title='bbox 816 5327 968 5380; x_wconf 91' lang='lat' dir='ltr'>unde</span> <span class='ocrx_word' id='word_1_821' title='bbox 991 5326 1239 5398; x_wconf 86' lang='lat' dir='ltr'>benigne</span> <span class='ocrx_word' id='word_1_822' title='bbox 1265 5323 1645 5394; x_wconf 77' lang='lat' dir='ltr'>intelligenda</span> <span class='ocrx_word' id='word_1_823' title='bbox 1670 5332 1808 5381; x_wconf 89' lang='lat' dir='ltr'>sunt</span> 
     </span>
    </p>
   </div>
   <div class='ocr_carea' id='block_1_104' title="bbox 165 5397 1802 5470">
    <p class='ocr_par' dir='ltr' id='par_1_104' title="bbox 165 5397 1802 5470">
     <span class='ocr_line' id='line_1_104' title="bbox 165 5397 1802 5470; baseline 0.002 -21"><span class='ocrx_word' id='word_1_824' title='bbox 165 5397 324 5452; x_wconf 70' lang='lat' dir='ltr'>verba</span> <span class='ocrx_word' id='word_1_825' title='bbox 349 5397 706 5470; x_wconf 84' lang='lat' dir='ltr'>Hieronymi,</span> <span class='ocrx_word' id='word_1_826' title='bbox 731 5414 846 5470; x_wconf 86' lang='lat' dir='ltr'>non</span> <span class='ocrx_word' id='word_1_827' title='bbox 898 5398 976 5470; x_wconf 14' lang='lat' dir='ltr'>ad,</span> <span class='ocrx_word' id='word_1_828' title='bbox 1017 5397 1580 5470; x_wconf 67' lang='lat' dir='ltr'>vivuniresecanda.</span> <span class='ocrx_word' id='word_1_829' title='bbox 1615 5398 1802 5454; x_wconf 74' lang='lat' dir='ltr'>MART.</span> 
     </span>
    </p>
   </div>
   <div class='ocr_carea' id='block_1_105' title="bbox 227 5467 1803 5541">
    <p class='ocr_par' dir='ltr' id='par_1_105' title="bbox 227 5467 1803 5541">
     <span class='ocr_line' id='line_1_105' title="bbox 227 5467 1803 5541; baseline 0 -17"><span class='ocrx_word' id='word_1_830' title='bbox 227 5472 293 5530; x_wconf 61' lang='lat' dir='ltr'>{&#39;c)</span> <span class='ocrx_word' id='word_1_831' title='bbox 315 5469 557 5524; x_wconf 90' lang='lat' dir='ltr'>Codices</span> <span class='ocrx_word' id='word_1_832' title='bbox 570 5467 724 5524; x_wconf 48' lang='lat' dir='ltr'>&#39;mss.</span> <span class='ocrx_word' id='word_1_833' title='bbox 749 5469 950 5541; x_wconf 87' lang='lat' dir='ltr'>legunt</span> <span class='ocrx_word' id='word_1_834' title='bbox 968 5469 1074 5523; x_wconf 91' lang='lat' dir='ltr'>hoc</span> <span class='ocrx_word' id='word_1_835' title='bbox 1096 5467 1287 5541; x_wconf 77' lang='lat' dir='ltr'>modo,</span> <span class='ocrx_word' id='word_1_836' title='bbox 1304 5469 1371 5522; x_wconf 84' lang='lat' dir='ltr'>de</span> <span class='ocrx_word' id='word_1_837' title='bbox 1390 5469 1584 5538; x_wconf 76' lang='lat' dir='ltr'>quibus</span> <span class='ocrx_word' id='word_1_838' title='bbox 1602 5470 1803 5539; x_wconf 79' lang='lat' dir='ltr'>Oppia-</span> 
     </span>
    </p>
   </div>
   <div class='ocr_carea' id='block_1_106' title="bbox 169 5538 1800 5609">
    <p class='ocr_par' dir='ltr' id='par_1_106' title="bbox 169 5538 1800 5609">
     <span class='ocr_line' id='line_1_106' title="bbox 169 5538 1800 5609; baseline 0.001 -17"><span class='ocrx_word' id='word_1_839' title='bbox 169 5545 308 5596; x_wconf 63' lang='lat' dir='ltr'>nicus</span> <span class='ocrx_word' id='word_1_840' title='bbox 323 5541 479 5597; x_wconf 73' lang='lat' dir='ltr'>Cilix</span> <span class='ocrx_word' id='word_1_841' title='bbox 496 5550 576 5595; x_wconf 82' lang='lat' dir='ltr'>est</span> <span class='ocrx_word' id='word_1_842' title='bbox 592 5549 751 5609; x_wconf 80' lang='lat' dir='ltr'>poeta</span> <span class='ocrx_word' id='word_1_843' title='bbox 769 5538 1136 5596; x_wconf 78' lang='lat' dir='ltr'>doctissimus.</span> <span class='ocrx_word' id='word_1_844' title='bbox 1161 5538 1296 5607; x_wconf 83' lang='lat' dir='ltr'>Alii,</span> <span class='ocrx_word' id='word_1_845' title='bbox 1317 5538 1800 5608; x_wconf 76' lang='lat' dir='ltr'>Appianz&#39;cus,etc.</span> 
     </span>
    </p>
   </div>
   <div class='ocr_carea' id='block_1_107' title="bbox 171 5609 1800 5686">
    <p class='ocr_par' dir='ltr' id='par_1_107' title="bbox 171 5609 1800 5686">
     <span class='ocr_line' id='line_1_107' title="bbox 171 5609 1800 5686; baseline 0.001 -21"><span class='ocrx_word' id='word_1_846' title='bbox 171 5611 284 5666; x_wconf 81' lang='lat' dir='ltr'>Fuit</span> <span class='ocrx_word' id='word_1_847' title='bbox 306 5629 481 5686; x_wconf 84' lang='lat' dir='ltr'>porro</span> <span class='ocrx_word' id='word_1_848' title='bbox 500 5612 805 5686; x_wconf 78' lang='lat' dir='ltr'>Oppianus</span> <span class='ocrx_word' id='word_1_849' title='bbox 821 5627 1031 5686; x_wconf 81' lang='lat' dir='ltr'>genere</span> <span class='ocrx_word' id='word_1_850' title='bbox 1047 5629 1081 5668; x_wconf 90' lang='lat' dir='ltr'>a</span> <span class='ocrx_word' id='word_1_851' title='bbox 1094 5611 1281 5686; x_wconf 86' lang='lat' dir='ltr'>_Ze_rbo</span> <span class='ocrx_word' id='word_1_852' title='bbox 1314 5609 1523 5686; x_wconf 71' lang='lat' dir='ltr'>Ciliciae</span> <span class='ocrx_word' id='word_1_853' title='bbox 1550 5611 1800 5676; x_wconf 87' lang='lat' dir='ltr'>civitate,</span> 
     </span>
    </p>
   </div>
   <div class='ocr_carea' id='block_1_108' title="bbox 169 5681 1800 5758">
    <p class='ocr_par' dir='ltr' id='par_1_108' title="bbox 169 5681 1800 5758">
     <span class='ocr_line' id='line_1_108' title="bbox 169 5681 1800 5758; baseline 0.001 -21"><span class='ocrx_word' id='word_1_854' title='bbox 169 5689 214 5739; x_wconf 85' lang='lat' dir='ltr'>et</span> <span class='ocrx_word' id='word_1_855' title='bbox 257 5681 496 5758; x_wconf 66' lang='lat' dir='ltr'>scripsit</span> <span class='ocrx_word' id='word_1_856' title='bbox 527 5681 805 5739; x_wconf 73' lang='grc' dir='ltr'><strong>ἀλίευτικὰ</strong></span> <span class='ocrx_word' id='word_1_857' title='bbox 824 5681 1312 5757; x_wconf 67' lang='grc' dir='ltr'>’θιθεεηιὶεεὶωίε</span> <span class='ocrx_word' id='word_1_858' title='bbox 1353 5681 1640 5754; x_wconf 91' lang='lat' dir='ltr'>versibus,</span> <span class='ocrx_word' id='word_1_859' title='bbox 1673 5700 1800 5755; x_wconf 79' lang='lat' dir='ltr'>quae</span> 
     </span>
    </p>
   </div>
   <div class='ocr_carea' id='block_1_109' title="bbox 1925 4666 3577 4739">
    <p class='ocr_par' dir='ltr' id='par_1_109' title="bbox 1925 4666 3577 4739">
     <span class='ocr_line' id='line_1_109' title="bbox 1925 4666 3577 4739; baseline 0.002 -20"><span class='ocrx_word' id='word_1_860' title='bbox 1925 4667 2294 4734; x_wconf 79' lang='lat' dir='ltr'>sanabuntur,</span> <span class='ocrx_word' id='word_1_861' title='bbox 2325 4666 2470 4722; x_wconf 92' lang='lat' dir='ltr'>illud</span> <span class='ocrx_word' id='word_1_862' title='bbox 2504 4666 2752 4722; x_wconf 87' lang='lat' dir='ltr'>latenter</span> <span class='ocrx_word' id='word_1_863' title='bbox 2779 4667 3052 4738; x_wconf 89' lang='lat' dir='ltr'>ostendit,</span> <span class='ocrx_word' id='word_1_864' title='bbox 3087 4667 3236 4739; x_wconf 92' lang='lat' dir='ltr'>quod</span> <span class='ocrx_word' id='word_1_865' title='bbox 3263 4667 3361 4738; x_wconf 91' lang='lat' dir='ltr'>qui</span> <span class='ocrx_word' id='word_1_866' title='bbox 3386 4667 3443 4722; x_wconf 91' lang='lat' dir='ltr'>in</span> <span class='ocrx_word' id='word_1_867' title='bbox 3459 4667 3577 4723; x_wconf 92' lang='lat' dir='ltr'>Noe</span> 
     </span>
    </p>
   </div>
   <div class='ocr_carea' id='block_1_110' title="bbox 1925 4755 3578 4827">
    <p class='ocr_par' dir='ltr' id='par_1_110' title="bbox 1925 4755 3578 4827">
     <span class='ocr_line' id='line_1_110' title="bbox 1925 4755 3578 4827; baseline 0.001 -17"><span class='ocrx_word' id='word_1_868' title='bbox 1925 4771 2060 4810; x_wconf 89' lang='lat' dir='ltr'>arca</span> <span class='ocrx_word' id='word_1_869' title='bbox 2092 4772 2206 4810; x_wconf 91' lang='lat' dir='ltr'>non</span> <span class='ocrx_word' id='word_1_870' title='bbox 2248 4755 2442 4823; x_wconf 82' lang='lat' dir='ltr'>fuerit,</span> <span class='ocrx_word' id='word_1_871' title='bbox 2496 4761 2692 4827; x_wconf 89' lang='lat' dir='ltr'>pereat</span> <span class='ocrx_word' id='word_1_872' title='bbox 2746 4761 3026 4827; x_wconf 90' lang='lat' dir='ltr'>regnante</span> <span class='ocrx_word' id='word_1_873' title='bbox 3059 4755 3308 4810; x_wconf 89' lang='lat' dir='ltr'>diluvio:</span> <span class='ocrx_word' id='word_1_874' title='bbox 3341 4760 3399 4810; x_wconf 91' lang='lat' dir='ltr'>et</span> <span class='ocrx_word' id='word_1_875' title='bbox 3427 4771 3578 4826; x_wconf 91' lang='lat' dir='ltr'>quos</span> 
     </span>
    </p>
   </div>
   <div class='ocr_carea' id='block_1_111' title="bbox 1924 4896 3575 4968">
    <p class='ocr_par' dir='ltr' id='par_1_111' title="bbox 1924 4896 3575 4968">
     <span class='ocr_line' id='line_1_111' title="bbox 1924 4896 3575 4968; baseline 0.001 -17"><span class='ocrx_word' id='word_1_876' title='bbox 1924 4897 2174 4952; x_wconf 83' lang='lat' dir='ltr'>Antonio</span> <span class='ocrx_word' id='word_1_877' title='bbox 2208 4896 2552 4968; x_wconf 88' lang='lat' dir='ltr'>Imperatori</span> <span class='ocrx_word' id='word_1_878' title='bbox 2612 4897 2807 4952; x_wconf 88' lang='lat' dir='ltr'>Severi</span> <span class='ocrx_word' id='word_1_879' title='bbox 2860 4896 2978 4952; x_wconf 81' lang='lat' dir='ltr'>lilio</span> <span class='ocrx_word' id='word_1_880' title='bbox 3036 4896 3266 4968; x_wconf 87' lang='lat' dir='ltr'>obtulit,</span> <span class='ocrx_word' id='word_1_881' title='bbox 3301 4913 3415 4952; x_wconf 92' lang='lat' dir='ltr'>non</span> <span class='ocrx_word' id='word_1_882' title='bbox 3448 4897 3575 4954; x_wconf 91' lang='lat' dir='ltr'>sine</span> 
     </span>
    </p>
   </div>
   <div class='ocr_carea' id='block_1_112' title="bbox 1921 4967 3567 5025">
    <p class='ocr_par' dir='ltr' id='par_1_112' title="bbox 1921 4967 3567 5025">
     <span class='ocr_line' id='line_1_112' title="bbox 1921 4967 3567 5025; baseline 0.001 -1"><span class='ocrx_word' id='word_1_883' title='bbox 1921 4969 2197 5024; x_wconf 64' lang='lat' dir='ltr'>doctrinae</span> <span class='ocrx_word' id='word_1_884' title='bbox 2255 4967 2375 5022; x_wconf 68' lang='lat' dir='ltr'>suae</span> <span class='ocrx_word' id='word_1_885' title='bbox 2461 4968 2717 5023; x_wconf 86' lang='lat' dir='ltr'>maxima</span> <span class='ocrx_word' id='word_1_886' title='bbox 2801 4967 3324 5024; x_wconf 87' lang='lat' dir='ltr'>commendatione.</span> <span class='ocrx_word' id='word_1_887' title='bbox 3387 4969 3567 5025; x_wconf 79' lang='lat' dir='ltr'>MART.</span> 
     </span>
    </p>
   </div>
   <div class='ocr_carea' id='block_1_113' title="bbox 1922 5040 3568 5111">
    <p class='ocr_par' dir='ltr' id='par_1_113' title="bbox 1922 5040 3568 5111">
     <span class='ocr_line' id='line_1_113' title="bbox 1922 5040 3568 5111; baseline 0 -15"><span class='ocrx_word' id='word_1_888' title='bbox 1922 5041 2060 5096; x_wconf 89' lang='lat' dir='ltr'>Mss.</span> <span class='ocrx_word' id='word_1_889' title='bbox 2095 5056 2300 5096; x_wconf 90' lang='lat' dir='ltr'>omnes</span> <span class='ocrx_word' id='word_1_890' title='bbox 2361 5041 2741 5110; x_wconf 80' lang='lat' dir='ltr'>Oppianicum,</span> <span class='ocrx_word' id='word_1_891' title='bbox 2803 5040 2888 5094; x_wconf 89' lang='lat' dir='ltr'>vel</span> <span class='ocrx_word' id='word_1_892' title='bbox 2948 5041 3314 5111; x_wconf 76' lang='lat' dir='ltr'>Appianicum</span> <span class='ocrx_word' id='word_1_893' title='bbox 3335 5048 3568 5111; x_wconf 82' lang='lat' dir='ltr'>vocant.</span> 
     </span>
    </p>
   </div>
   <div class='ocr_carea' id='block_1_114' title="bbox 1919 5109 3570 5184">
    <p class='ocr_par' dir='ltr' id='par_1_114' title="bbox 1919 5109 3570 5184">
     <span class='ocr_line' id='line_1_114' title="bbox 1919 5109 3570 5184; baseline 0.001 -19"><span class='ocrx_word' id='word_1_894' title='bbox 1919 5111 2106 5184; x_wconf 88' lang='lat' dir='ltr'>Vulgo</span> <span class='ocrx_word' id='word_1_895' title='bbox 2122 5117 2333 5184; x_wconf 84' lang='lat' dir='ltr'>autem</span> <span class='ocrx_word' id='word_1_896' title='bbox 2366 5109 2645 5184; x_wconf 79' lang='lat' dir='ltr'>Oppianus</span> <span class='ocrx_word' id='word_1_897' title='bbox 2663 5111 2827 5165; x_wconf 84' lang='lat' dir='ltr'>audit</span> <span class='ocrx_word' id='word_1_898' title='bbox 2845 5109 3246 5184; x_wconf 67' lang='lat' dir='ltr'>Anaiarbeeus,</span> <span class='ocrx_word' id='word_1_899' title='bbox 3271 5109 3413 5166; x_wconf 86' lang='lat' dir='ltr'>Cilix</span> <span class='ocrx_word' id='word_1_900' title='bbox 3435 5129 3570 5184; x_wconf 88' lang='lat' dir='ltr'>poe-</span> 
     </span>
    </p>
   </div>
   <div class='ocr_carea' id='block_1_115' title="bbox 1920 5181 3571 5264">
    <p class='ocr_par' dir='ltr' id='par_1_115' title="bbox 1920 5181 3571 5264">
     <span class='ocr_line' id='line_1_115' title="bbox 1920 5181 3571 5264; baseline 0 -26"><span class='ocrx_word' id='word_1_901' title='bbox 1920 5188 1978 5264; x_wconf 78' lang='lat' dir='ltr'>ta</span> <span class='ocrx_word' id='word_1_902' title='bbox 2011 5181 2380 5264; x_wconf 61' lang='lat' dir='ltr'>notissimus.</span> <span class='ocrx_word' id='word_1_903' title='bbox 2408 5181 2471 5237; x_wconf 87' lang='lat' dir='ltr'>Id</span> <span class='ocrx_word' id='word_1_904' title='bbox 2501 5199 2944 5264; x_wconf 48' lang='lat' dir='ltr'>vero&#39;perquam</span> <span class='ocrx_word' id='word_1_905' title='bbox 2979 5181 3411 5264; x_wconf 30' lang='lat' dir='ltr'>crudi-te,oquod</span> <span class='ocrx_word' id='word_1_906' title='bbox 3436 5181 3571 5264; x_wconf 51' lang='lat' dir='ltr'>&#39;pis-</span> 
     </span>
    </p>
   </div>
   <div class='ocr_carea' id='block_1_116' title="bbox 1917 5252 3569 5325">
    <p class='ocr_par' dir='ltr' id='par_1_116' title="bbox 1917 5252 3569 5325">
     <span class='ocr_line' id='line_1_116' title="bbox 1917 5252 3569 5325; baseline 0 -16"><span class='ocrx_word' id='word_1_907' title='bbox 1917 5255 2073 5309; x_wconf 90' lang='lat' dir='ltr'>cium</span> <span class='ocrx_word' id='word_1_908' title='bbox 2100 5259 2184 5310; x_wconf 88' lang='lat' dir='ltr'>tot</span> <span class='ocrx_word' id='word_1_909' title='bbox 2206 5269 2420 5325; x_wconf 89' lang='lat' dir='ltr'>genera</span> <span class='ocrx_word' id='word_1_910' title='bbox 2437 5259 2602 5325; x_wconf 87' lang='lat' dir='ltr'>aptat</span> <span class='ocrx_word' id='word_1_911' title='bbox 2621 5252 3005 5324; x_wconf 86' lang='lat' dir='ltr'>Hieronymus</span> <span class='ocrx_word' id='word_1_912' title='bbox 3040 5252 3295 5308; x_wconf 65' lang='lat' dir='ltr'>historia}</span> <span class='ocrx_word' id='word_1_913' title='bbox 3323 5252 3569 5309; x_wconf 80' lang='lat' dir='ltr'>Joannis</span> 
     </span>
    </p>
   </div>
   <div class='ocr_carea' id='block_1_117' title="bbox 1916 5324 3567 5396">
    <p class='ocr_par' dir='ltr' id='par_1_117' title="bbox 1916 5324 3567 5396">
     <span class='ocr_line' id='line_1_117' title="bbox 1916 5324 3567 5396; baseline 0.001 -17"><span class='ocrx_word' id='word_1_914' title='bbox 1916 5343 2031 5392; x_wconf 74' lang='grc' dir='ltr'>χχι,</span> <span class='ocrx_word' id='word_1_915' title='bbox 2057 5329 2143 5396; x_wconf 75' lang='lat' dir='ltr'>il,</span> <span class='ocrx_word' id='word_1_916' title='bbox 2168 5324 2237 5380; x_wconf 83' lang='lat' dir='ltr'>de</span> <span class='ocrx_word' id='word_1_917' title='bbox 2254 5324 2488 5380; x_wconf 89' lang='lat' dir='ltr'>centum</span> <span class='ocrx_word' id='word_1_918' title='bbox 2511 5324 2929 5396; x_wconf 88' lang='lat' dir='ltr'>quinquagista</span> <span class='ocrx_word' id='word_1_919' title='bbox 2958 5326 3147 5379; x_wconf 91' lang='lat' dir='ltr'>tribus</span> <span class='ocrx_word' id='word_1_920' title='bbox 3198 5325 3464 5396; x_wconf 90' lang='lat' dir='ltr'>piscibus</span> <span class='ocrx_word' id='word_1_921' title='bbox 3495 5326 3567 5380; x_wconf 91' lang='lat' dir='ltr'>ab</span> 
     </span>
    </p>
   </div>
   <div class='ocr_carea' id='block_1_118' title="bbox 1917 5372 3568 5468">
    <p class='ocr_par' dir='ltr' id='par_1_118' title="bbox 1917 5372 3568 5468">
     <span class='ocr_line' id='line_1_118' title="bbox 1917 5372 3568 5468; baseline -0.001 -16"><span class='ocrx_word' id='word_1_922' title='bbox 1917 5372 2197 5468; x_wconf 68' lang='lat' dir='ltr'>apostolis</span> <span class='ocrx_word' id='word_1_923' title='bbox 2223 5397 2411 5468; x_wconf 89' lang='lat' dir='ltr'>captis</span> <span class='ocrx_word' id='word_1_924' title='bbox 2441 5372 2551 5450; x_wconf 51' lang='lat' dir='ltr'>et;</span> <span class='ocrx_word' id='word_1_925' title='bbox 2582 5372 2747 5468; x_wconf 51' lang='lat' dir='ltr'>Pet‘ro</span> <span class='ocrx_word' id='word_1_926' title='bbox 2774 5372 3038 5468; x_wconf 22' lang='lat' dir='ltr'>,Dtractis,</span> <span class='ocrx_word' id='word_1_927' title='bbox 3068 5397 3125 5449; x_wconf 89' lang='lat' dir='ltr'>in</span> <span class='ocrx_word' id='word_1_928' title='bbox 3160 5372 3418 5468; x_wconf 68' lang='lat' dir='ltr'>terram;</span> <span class='ocrx_word' id='word_1_929' title='bbox 3451 5412 3568 5468; x_wconf 91' lang='lat' dir='ltr'>quo</span> 
     </span>
    </p>
   </div>
   <div class='ocr_carea' id='block_1_119' title="bbox 1916 5465 3565 5539">
    <p class='ocr_par' dir='ltr' id='par_1_119' title="bbox 1916 5465 3565 5539">
     <span class='ocr_line' id='line_1_119' title="bbox 1916 5465 3565 5539; baseline 0 -17"><span class='ocrx_word' id='word_1_930' title='bbox 1916 5465 2160 5524; x_wconf 81' lang='lat' dir='ltr'>numero</span> <span class='ocrx_word' id='word_1_931' title='bbox 2193 5472 2249 5522; x_wconf 89' lang='lat' dir='ltr'>et</span> <span class='ocrx_word' id='word_1_932' title='bbox 2273 5465 2328 5522; x_wconf 80' lang='lat' dir='ltr'>S.</span> <span class='ocrx_word' id='word_1_933' title='bbox 2359 5466 2747 5539; x_wconf 85' lang='lat' dir='ltr'>Augustinius</span> <span class='ocrx_word' id='word_1_934' title='bbox 2772 5465 2826 5520; x_wconf 88' lang='lat' dir='ltr'>in</span> <span class='ocrx_word' id='word_1_935' title='bbox 2860 5483 2993 5520; x_wconf 88' lang='lat' dir='ltr'>eum</span> <span class='ocrx_word' id='word_1_936' title='bbox 3025 5466 3217 5522; x_wconf 87' lang='lat' dir='ltr'>locum</span> <span class='ocrx_word' id='word_1_937' title='bbox 3247 5465 3565 5539; x_wconf 78' lang='lat' dir='ltr'>signiﬁcari</span> 
     </span>
    </p>
   </div>
   <div class='ocr_carea' id='block_1_120' title="bbox 1915 5537 3564 5610">
    <p class='ocr_par' dir='ltr' id='par_1_120' title="bbox 1915 5537 3564 5610">
     <span class='ocr_line' id='line_1_120' title="bbox 1915 5537 3564 5610; baseline 0 -16"><span class='ocrx_word' id='word_1_938' title='bbox 1915 5542 2101 5604; x_wconf 84' lang='lat' dir='ltr'>docet,</span> <span class='ocrx_word' id='word_1_939' title='bbox 2134 5556 2201 5594; x_wconf 88' lang='lat' dir='ltr'>ex</span> <span class='ocrx_word' id='word_1_940' title='bbox 2233 5539 2390 5594; x_wconf 91' lang='lat' dir='ltr'>omni</span> <span class='ocrx_word' id='word_1_941' title='bbox 2424 5537 2653 5610; x_wconf 71' lang='lat' dir='ltr'>genere,</span> <span class='ocrx_word' id='word_1_942' title='bbox 2717 5544 2873 5610; x_wconf 79' lang='lat' dir='ltr'>sorte</span> <span class='ocrx_word' id='word_1_943' title='bbox 2929 5555 2994 5593; x_wconf 91' lang='lat' dir='ltr'>ac</span> <span class='ocrx_word' id='word_1_944' title='bbox 3053 5544 3209 5594; x_wconf 89' lang='lat' dir='ltr'>statu</span> <span class='ocrx_word' id='word_1_945' title='bbox 3254 5537 3564 5600; x_wconf 84' lang='lat' dir='ltr'>hominum</span> 
     </span>
    </p>
   </div>
   <div class='ocr_carea' id='block_1_121' title="bbox 1911 5608 2998 5682">
    <p class='ocr_par' dir='ltr' id='par_1_121' title="bbox 1911 5608 2998 5682">
     <span class='ocr_line' id='line_1_121' title="bbox 1911 5608 2998 5682; baseline -0.004 -14"><span class='ocrx_word' id='word_1_946' title='bbox 1911 5611 2254 5668; x_wconf 88' lang='lat' dir='ltr'>electionem</span> <span class='ocrx_word' id='word_1_947' title='bbox 2294 5610 2352 5665; x_wconf 91' lang='lat' dir='ltr'>in</span> <span class='ocrx_word' id='word_1_948' title='bbox 2394 5608 2685 5666; x_wconf 69' lang='lat' dir='ltr'>cmlestem</span> <span class='ocrx_word' id='word_1_949' title='bbox 2729 5608 2998 5682; x_wconf 88' lang='lat' dir='ltr'>patriam.</span> 
     </span>
    </p>
   </div>
  </div>
