3996 6184
403 350 523 418 475

1655 355 1730 422 s.
1765 330 2078 421 unseen
2122 351 2565 421 HIERONYMl

3689 343 3814 416 ne
3915 442 3920 447 ἱ

404 487 514 547 iste
537 490 748 547 ﬂuvius
769 506 884 546 non
909 487 1187 564 attigerit,
1214 505 1331 546 non
1353 488 1676 564 suscipiant
1698 492 2044 558 sanitatem;
2078 494 2133 557 Α
2163 491 2338 561 habet,
2375 492 2517 545 LXX
2539 485 2986 559 transtulerunt,
3013 489 3378 559 augmentum
3394 485 3652 560 funiculi.
3674 485 3816 545 Ete-

404 580 505 636 sed
530 579 588 634 in
622 578 860 643 salinas,
889 579 1102 652 inquit,
1146 581 1462 650 dabuntur,
1510 582 1677 653 juxta
1720 581 1865 636 illud
1893 581 2046 652 quod

401 668 687 739 scriptum
704 668 1130 724 estzPestilente
1144 669 1454 741 ﬂagellato,
1475 670 1712 736 stultus,
1729 670 2051 742 sapientior

399 757 509 813 erit
530 759 710 825 (Prov.
733 776 852 823 XIX,
883 759 994 829 25).
1046 759 1332 814 Erudiunt
1382 760 1537 814 enim
1581 761 1764 814 bonos
1786 759 2051 831 exempla

398 847 688 918 pejorum.
713 847 842 902 Sive
865 847 923 902 in
948 847 1168 902 salinas
1192 848 1508 914 dabuntur,
1533 849 1702 918 juxta
1723 848 1866 903 illud
1892 849 2045 919 quod

397 933 460 988 in
480 935 791 1008 Evangelio
813 936 1095 1006 scriptum
1118 942 1205 991 est
1231 953 1244 990 :
1271 936 1494 990 Bonum
1517 942 1603 992 est
1634 935 1719 992 sal
1745 953 1757 990 :
1780 936 1826 992 si
1851 944 2046 991 autem

400 1023 486 1078 sal
510 1023 866 1079 infatuatum
896 1025 1088 1092 fuerit,
1120 1025 1177 1079 in
1195 1023 1442 1079 nihilest
1457 1025 1595 1079 utile
1613 1025 1821 1095 (Matth.
1846 1042 1898 1090 v,
1918 1026 2003 1094 13)
2029 1041 2041 1078 :

399 1115 465 1166 ut
484 1111 544 1167 in
574 1118 922 1184 perpetuum
951 1113 1215 1185 frugibus
1241 1117 1473 1168 careant
1493 1117 1548 1168 et
1581 1113 1786 1167 virore.
1813 1113 1970 1176 Quod
1992 1118 2049 1168 et

400 1201 544 1256 urbs
571 1208 704 1272 post
726 1201 956 1256 ruinam
979 1201 1099 1256 sale
1123 1217 1435 1272 conspersa
1456 1202 1838 1256 demonstrat.
1861 1202 2048 1273 Super

399 1292 718 1345 torrentem
747 1307 878 1346 vero
909 1290 1026 1345 sive
1059 1290 1300 1344 ﬂuvium
1324 1289 1620 1344 orieturin
1663 1290 1806 1361 ripis
1829 1291 1957 1361 ejus
1978 1307 2046 1344 ex

399 1381 652 1451 utraque
677 1383 840 1450 parte
865 1394 1036 1433 omne
1055 1377 1279 1449 lignum
1300 1377 1670 1450 pomiferum,
1694 1379 1814 1434 sive
1837 1384 1898 1432 ut
1919 1395 2042 1433 om-

395 1487 500 1525 nes
520 1485 656 1524 voce
670 1467 1674 1540 consonatranstuleruntﬁptbaapov
1692 1468 1802 1538 [ΑΙ.
1826 1468 2041 1540 βρῶμα]

394 1559 550 1629 quod
579 1557 773 1611 cibum
798 1561 854 1610 et
875 1572 1070 1611 escam
1087 1556 1314 1626 tribuit,
1337 1560 1393 1610 et
1414 1557 1569 1626 quod
1594 1557 1792 1610 mandi
1818 1560 2040 1628 potest:

393 1645 844 1718 appellaturque
895 1644 1098 1716 lingua
1138 1645 1441 1711 Hebraica,
1475 1645 1553 1714 (a)
1585 1662 1810 1700 MACHAL
1838 1631 2043 1715 (52ml?)

391 1739 449 1792 et
471 1734 616 1790 nihil
633 1736 805 1805 juxta
825 1733 1204 1804 Septuaginta
1227 1737 1544 1787 veterascet
1579 1733 1636 1786 in
1661 1750 1747 1803 eo,
1774 1735 1873 1789 sed
1898 1751 2040 1804 quo-

391 1823 987 1880 tidieinnovabuntur
1012 1821 1210 1892 fruges
1232 1822 1380 1892 ejus,
1419 1820 1538 1876 sive
1569 1838 1683 1876 non
1716 1822 1927 1877 deﬂuet
1957 1823 2041 1877 fo-
2071 1859 2117 1923 B

391 1912 538 1968 lium
564 1928 632 1967 ex
655 1928 740 1976 eo,
760 1916 816 1966 et
837 1926 952 1965 non
1001 1909 1230 1965 deﬁciet
1253 1910 1474 1964 fructus
1515 1911 1640 1980 ejus
1668 1935 1681 1977 ;
1704 1911 1874 1980 juxta
1897 1910 2038 1965 illud

392 2002 546 2072 quod
569 2001 629 2054 in
653 1999 840 2071 primo
863 1997 1089 2070 psalmo
1111 1998 1392 2069 scriptum
1420 2003 1526 2053 est.
1547 1999 1616 2053 Et
1630 1999 1740 2054 erit
1760 2003 2038 2070 tanquam

387 2089 617 2161 lignum
633 2089 785 2160 quod
801 2088 1127 2159 plantatum
1150 2091 1238 2141 est
1252 2103 1420 2142 secus
1434 2087 1714 2142 decursus
1729 2105 2037 2159 aquarum,

393 2178 551 2250 quod
575 2177 830 2231 fructum
857 2193 1031 2230 suum
1072 2175 1234 2230 dabit
1257 2175 1314 2230 in
1364 2180 1627 2247 tempore
1673 2192 1800 2242 suo,
1836 2175 2039 2232 folium

391 2267 520 2339 ejus
571 2283 686 2322 non
737 2265 952 2320 defluet
988 2265 1156 2335 (Psai.
1193 2282 1230 2329 ι,
1260 2265 1339 2332 3).
1372 2265 1482 2318 Per
1508 2265 1794 2337 singulos,
1826 2265 2037 2336 inquit,

397 2372 630 2410 menses
660 2354 859 2408 afferet
907 2352 1220 2424 primitiva,
1254 2352 1372 2408 sive
1406 2358 1469 2407 ut
1497 2353 1555 2407 in
1588 2353 1726 2408 LXX
1756 2353 2039 2425 scriptum

391 2448 512 2501 est:
545 2449 778 2500 Fructus
806 2444 923 2514 ejus
952 2443 1011 2496 in
1041 2444 1390 2498 renovatione
1417 2443 1507 2496 sui
1532 2444 1822 2513 primitiva
1849 2442 2039 2505 dabit;

390 2537 670 2588 utomnes
684 2531 1046 2588 credentium
1063 2531 1286 2586 fructus
1300 2529 1571 2602 primitiae
1595 2530 1736 2597 sint,
1756 2532 1868 2587 etsi
1878 2531 2041 2604 nguli

392 2638 628 2677 menses
657 2620 909 2693 singulis
940 2619 1221 2691 apostolis
1273 2620 1644 2690 deputentur.
1692 2619 1810 2674 Hoc
1840 2625 2038 2675 autem

390 2710 635 2777 eveniet,
663 2710 939 2781 quoniam
967 2725 1128 2780 aqua:
1151 2709 1277 2778 ejus
1299 2708 1370 2762 de
1391 2707 1725 2763 sanctuario
1745 2709 2040 2780 egredien-

392 2803 492 2854 tur
523 2815 536 2854 :
569 2799 650 2853 Ne
681 2801 956 2868 putemus
985 2797 1245 2867 riparum
1274 2812 1424 2861 esse,
1475 2795 1562 2851 vel
1610 2797 1906 2865 arborum,
1941 2803 2041 2852 aut

391 2885 708 2955 mensium,
727 2886 1188 2940 596tantarum
1203 2884 1438 2956 frugum
1453 2885 1873 2940 abundantiam
1887 2929 1900 2953 ,
1917 2887 2040 2941 red-

391 2973 478 3028 dit
509 2989 715 3028 causas
745 2971 1049 3038 ubertatis,
1084 2976 1142 3026 et
1173 2971 1384 3026 infert:
1437 2971 1583 3036 Quia
1613 2988 1777 3042 aqua:
1807 2974 1933 3044 ejus
1965 2974 2037 3027 de

391 3061 724 3118 sanctuario
757 3061 1146 3133 egredientur.
1201 3060 1325 3116 Non
1380 3076 1516 3132 ergo
1573 3059 1819 3117 volentis
1848 3077 2035 3132 neque

390 3149 820 3217 currentis,sed
843 3147 1175 3204 miserentis
1207 3147 1304 3203 Dei
1336 3152 1424 3203 est
1452 3148 1624 3218 (Rom.
1663 3167 1735 3215 1x,
1773 3151 1881 3220 16).
1916 3151 2032 3206 Ηυ-

391 3255 524 3294 rum
546 3238 811 3293 omnium
826 3237 1115 3309 lignorum
1133 3236 1524 3309 principatum
1544 3236 1936 3310 tenetlignum
1957 3239 2034 3294 vi-

389 3331 483 3392 tae,
513 3327 666 3398 quod
691 3325 1035 3397 intelligitur
1055 3325 1361 3397 sapientia,
1381 3326 1451 3380 de
1473 3343 1589 3396 qua
1608 3327 1891 3398 scriptum
1913 3332 2029 3384 est:

395 3415 641 3488 Lignum
665 3415 795 3470 vitae
817 3419 908 3470 est
928 3415 1203 3470 omnibus
1223 3414 1596 3470 credentibus
1617 3415 1674 3469 in
1700 3431 1826 3471 eam
1850 3417 2030 3486 (Prov.

390 3508 498 3573 III).
525 3504 790 3576 Illudque
823 3505 977 3575 quod
1009 3503 1260 3559 dicitur:
1299 3505 1366 3559 Et
1395 3513 1551 3560 erant
1580 3506 1795 3576 fructus
1824 3506 1945 3576 ejus
1977 3508 2036 3559 in

388 3594 590 3664 cibum,
621 3601 675 3648 et
689 3594 889 3664 folium
910 3595 1028 3665 ejus
1047 3593 1119 3647 ad
1137 3593 1487 3659 medicinam,
1511 3593 1842 3650 divinorum
1864 3593 2036 3650 libro-

389 3699 520 3738 rum
536 3685 902 3737 sacramenta
917 3682 1313 3737 demonstrat:
1335 3698 1586 3752 quorum
1601 3681 1847 3738 alterum
1867 3684 2036 3754 perti-

389 3776 490 3827 net
509 3771 581 3826 ad
604 3770 880 3836 litteram,
905 3770 1152 3826 alterum
1177 3771 1247 3826 ad
1271 3770 1571 3842 spiritum:
1616 3775 1681 3826 ut
1712 3771 2036 3828 verbasim-

2161 579 2282 633 nim
2311 581 2504 652 Joseph
2533 580 2960 651 interpretatur.
2993 581 3350 647 augmentum
3377 593 3389 632 :
3436 593 3559 632 rem
3591 573 3818 632 intelli-

2159 672 2360 739 gentes
2375 685 2477 740 pro
2493 669 2747 738 nomine,
2764 671 2820 721 et
2832 666 3064 722 lectoris
3080 666 3345 722 animum
3359 666 3812 721 confundentes.

2159 757 2471 812 Subtracta
2501 757 2655 812 enim
2694 755 2935 810 levitica
2965 754 3143 822 tribu,
3179 760 3236 809 et
3267 753 3470 826 templi
3501 754 3816 809 sacrificiis

2158 844 2439 917 delegata,
2475 845 2851 901 remanebant
2884 843 3156 898 undecim
3188 844 3399 911 tribus,
3427 859 3679 914 quarum
3709 842 3814 896 tri-

2158 934 2268 990 bus
2287 935 2504 1006 Josepb
2530 935 2717 989 divisa
2739 937 2828 988 est
2848 932 2910 986 in
2933 933 3099 996 duas,
3124 932 3422 1004 Ephraim,
3448 937 3504 987 et
3519 936 3813 996 Manasse,

2158 1023 2258 1094 qui
2281 1024 2556 1078 dixerunt
2577 1023 2646 1078 ad
2664 1023 2842 1078 Josue
2860 1020 3047 1075 ﬁlium
3066 1021 3197 1076 Nun
3221 1037 3233 1074 :
3268 1023 3456 1087 Quare
3472 1019 3682 1075 dedisti
3702 1021 3816 1075 mi-

2156 1111 2215 1166 hi
2250 1112 2685 1183 possessionem
2719 1111 2892 1166 sortis
2923 1114 2980 1165 et
3011 1109 3252 1164 funiculi
3296 1110 3496 1179 unius,
3527 1125 3661 1164 eum
3694 1108 3812 1163 sim

2154 1205 2326 1255 tantae
2357 1199 2778 1271 multitudinis,
2811 1203 2867 1254 et
2896 1198 3254 1254 benedixerit
3296 1198 3442 1254 mihi
3475 1199 3762 1254 Dominus
3789 1199 3815 1252 ?

2153 1288 2376 1352 Quibus
2410 1290 2710 1361 respondit
2738 1289 2917 1344 Josue
2943 1303 2955 1341 :
2990 1287 3048 1342 Si
3073 1286 3327 1359 populus
3350 1286 3575 1342 multus
3597 1303 3682 1354 es,
3711 1303 3812 1342 as-

2153 1379 2331 1433 cende
2352 1377 2408 1432 in
2433 1378 2662 1446 silvam,
2688 1381 2744 1432 et
2768 1376 3002 1431 succide
3038 1374 3142 1430 tibi
3183 1376 3371 1446 spatia
3401 1375 3460 1430 in
3483 1380 3637 1431 terra
3659 1375 3812 1430 Phe-

2154 1466 2315 1520 rezaei
2347 1472 2404 1521 et
2433 1466 2742 1538 Raphaim,
2775 1464 2914 1536 quia
2963 1468 3214 1535 angusta
3242 1469 3333 1519 est
3371 1464 3478 1519 tibi
3509 1463 3812 1536 possessio

2155 1556 2370 1610 montis
2402 1555 2676 1627 Ephraim
2711 1555 2838 1625 (Jos.
2873 1570 3012 1619 xvu,
3048 1554 3134 1619 14,
3171 1553 3281 1623 15).
3315 1554 3385 1607 Et
3421 1552 3671 1608 iterum:
3707 1552 3812 1606 Di-

2151 1644 2350 1714 xitque
2394 1647 2570 1698 Josue
2623 1643 2695 1698 ad
2756 1643 3000 1696 domum
3058 1639 3333 1711 Ephraim
3389 1644 3448 1696 et
3487 1639 3808 1695 Manasse:

2151 1733 2300 1790 597
2336 1731 2591 1803 Populus
2624 1730 2847 1786 multus
2879 1747 2960 1798 es,
3009 1733 3068 1784 et
3111 1745 3335 1800 magnae
3387 1727 3756 1784 fortitudinis
3790 1747 3806 1784 :

2149 1837 2264 1875 non
2287 1821 2531 1875 habebis
2553 1824 2768 1875 sortem
2803 1835 3003 1886 unam,
3056 1819 3157 1873 sed
3180 1817 3462 1872 transibis
3510 1816 3582 1872 ad
3625 1833 3804 1872 mon-

2149 1913 2288 1975 tem,
2312 1914 2370 1964 et
2391 1909 2658 1964 succides
2680 1907 2785 1962 tibi
2806 1912 2976 1978 atque
2999 1906 3277 1978 purgabis
3314 1906 3386 1960 ad
3409 1905 3807 1960 habitandum

2150 1998 2358 2068 spatia,
2388 2003 2443 2052 et
2465 1999 2681 2069 poteris
2731 1996 2882 2051 ultra
2910 1996 3238 2067 procedere,
3273 2011 3407 2051 cum
3439 1994 3808 2050 subverteris

2148 2086 2562 2150 Cbananreum,
2597 2102 2772 2158 quem
2805 2084 2948 2140 dicis
2981 2084 3196 2140 ferreos
3235 2083 3450 2138 habere
3484 2099 3715 2153 currus,
3747 2088 3814 2137 et

2148 2191 2278 2231 esse
2309 2174 2693 2230 fortissimum
2734 2174 2918 2242 (Ibid.,
2969 2173 3084 2243 27).
3139 2177 3256 2228 Hoc
3289 2174 3596 2244 prepterea
3634 2172 3808 2226 dixe-

2149 2262 2284 2332 rim,
2319 2263 2455 2333 quia
2477 2279 2632 2317 nunc
2654 2263 2955 2334 Scriptura
2977 2265 3396 2316 commemorat
3413 2258 3652 2331 Joseph,
3691 2259 3807 2315 hoc

2149 2355 2258 2417 est,
2295 2351 2569 2423 Ephraim
2601 2356 2658 2405 et
2687 2351 2951 2406 Manasse
2980 2349 3276 2421 duplicem
3308 2348 3524 2404 habere
3554 2347 3804 2403 funicu-

2149 2439 2293 2495 lum.
2328 2439 2577 2512 Singulee
2637 2446 2831 2494 autem
2886 2439 3077 2494 tribus
3125 2439 3298 2508 juxta
3355 2435 3801 2492 multitudinem

2149 2545 2341 2592 suam,
2375 2527 2622 2600 aequalia
2653 2527 2950 2598 accipiunt
2978 2529 3143 2580 terrae
3175 2524 3386 2596 spatia,
3419 2540 3803 2596 nequaquam

2153 2616 2392 2673 arbitrio
2432 2615 2766 2682 dividentis,
2802 2615 2903 2670 sed
2949 2612 3252 2685 sorte'quae
3283 2612 3342 2667 in
3374 2612 3604 2668 Domini
3636 2617 3807 2683 pote-

2150 2710 2295 2762 state
2325 2705 2608 2761 consistit.
2643 2703 2904 2774 Deniquc
2962 2707 3018 2759 et
3070 2703 3195 2775 ipse
3237 2703 3417 2758 Josue
3447 2701 3547 2772 qui
3579 2700 3808 2757 divisor

2147 2799 2312 2850 terra
2344 2794 2474 2861 fuit,
2507 2810 2624 2849 non
2663 2793 2960 2864 propriam
2993 2791 3104 2846 sibi
3139 2789 3432 2863 separavit
3451 2794 3684 2859 terram,
3723 2806 3806 2846 ne

2148 2883 2433 2954 Optimam
2457 2881 2700 2955 elegisse
2718 2881 3012 2937 videretur
3036 2898 3049 2948 ;
3084 2881 3183 2935 sed
3208 2878 3430 2950 accepit
3463 2895 3496 2933 a
3516 2877 3804 2950 principi-

2146 2971 2256 3026 bus
2287 2971 2554 3026 omnium
2603 2971 2864 3026 tribuum
2896 2966 3427 3025 Thamnathsareth
3482 2966 3541 3020 in
3597 2972 3805 3024 monte

2145 3059 2446 3131 Ephraim.

2215 3148 2399 3220 (Vers.
2433 3151 2520 3204 15.
2555 3151 2744 3220 seqq.)
2773 3149 2872 3202 Hic
2897 3150 2974 3202 est
3003 3151 3187 3203 autem
3229 3147 3502 3202 (eminus
3531 3153 3698 3202 terra?
3728 3146 3803 3200 ad

2064 3222 2105 3288 C
2138 3239 2365 3310 plagam
2395 3236 2842 3308 Septentrionali,
2889 3253 2923 3290 a
2965 3239 3110 3291 mari
3161 3250 3382 3303 magno,
3441 3235 3536 3289 via
3563 3235 3804 3290 Ethalon

2141 3329 2488 3382 venientibus
2511 3325 2744 3396 Sadada,
2769 3327 2982 3395 Emath,
3005 3326 3255 3396 Berotha,
3281 3323 3559 3391 Sabarim,
3582 3338 3707 3394 quae
3722 3327 3800 3380 est

2142 3418 2291 3470 inter
2311 3418 2383 3485 (ε)
2402 3415 2646 3470 medium
2659 3415 2929 3483 Damasci,
2949 3419 3003 3469 et
3025 3415 3329 3484 conﬁnium
3346 3413 3542 3468 Επαιιή
3554 3429 3576 3466 .·
3588 3414 3802 3467 atrium

2145 3503 2344 3559 Thicon
2366 3503 2556 3574 [ναις.
2579 3503 2769 3558 domus
2795 3504 3102 3570 Attichon],
3129 3519 3249 3574 quae
3263 3504 3339 3558 est
3348 3503 3516 3572 juacta
3536 3504 3801 3557 terminos

2143 3594 2330 3648 Auran
2364 3592 2506 3663 (sive
2536 3592 2931 3663 Auranitidis).
2994 3594 3057 3646 Et
3113 3593 3221 3647 erit
3276 3593 3545 3646 terminus
3587 3606 3620 3645 a
3649 3593 3803 3645 mari

2142 3697 2314 3752 usque
2328 3681 2400 3736 ad
2418 3683 2628 3736 atrium
2652 3681 2804 3736 Enon
2835 3680 2976 3752 (sive
3007 3680 3343 3750 Seraranan)
3380 3680 3648 3734 terminus
3679 3681 3803 3734 Da-

2142 3765 2335 3837 masci,
2366 3779 2417 3826 et
2446 3770 2516 3825 ab
2541 3770 2806 3841 Aquilone
2831 3770 2901 3825 ad
2935 3770 3252 3840 Aquilonem
3301 3768 3565 3824 terminus
3595 3769 3807 3824 Emath

389 3859 1050 3933 pliciaintelligamusin
1070 3858 1243 3927 foliis,
1266 3858 1324 3914 in
1347 3859 1632 3915 fructibus
1648 3877 2033 3917 verosensum
2138 3861 2307 3932 plaga
2335 3857 2529 3930 [Vulg
2560 3863 2616 3914 et
2665 3860 2932 3913 terminus
2982 3858 3222 3925 Emath;
3266 3859 3434 3929 plaga
3462 3857 3667 3928 autem]
3703 3856 3802 3912 Se-

390 3948 863 4004 latentem.Sicut
883 3948 1039 4004 enim
1064 3948 1308 4004 scientia
1327 3948 1759 4020 Scripturarum
1783 3950 2031 4006 ducitad
2137 3949 2546 4020 ptentrionalis.
2607 3949 2762 4003 Inter
2829 3946 3280 4018 descriptionem
3354 3951 3522 4002 terrae
3579 3950 3800 4001 sanctae

390 4053 573 4107 regna
601 4036 876 4091 ccelorum
907 4054 919 4104 ;
945 4042 1000 4092 et
1020 4038 1234 4108 praebet
1271 4037 1440 4092 nobis
1479 4055 1687 4109 panem
1725 4037 1826 4109 qui
1851 4039 2032 4094 dicit:

395 4125 510 4194 Ego
541 4141 672 4178 sum
695 4125 884 4195 panis,
909 4125 1008 4195 qui
1031 4125 1101 4179 de
1135 4124 1278 4180 cmlo
1300 4126 1574 4181 descendi
1597 4129 1776 4194 (Joan.
1800 4144 1878 4197 v1,
1898 4129 1985 4199 41)
2018 4145 2028 4184 :

393 4211 478 4267 sic
503 4211 640 4267 folia
659 4213 787 4282 ejus
821 4211 1102 4267 moralem
1142 4213 1467 4268 doctrinam
1505 4216 1826 4280 continent,
1851 4220 1907 4271 et
1930 4217 2032 4271 tri-

391 4300 584 4356 buunt
605 4299 935 4367 sanitatem,
963 4304 1027 4354 ut
1043 4300 1406 4372 peccantium
1425 4307 1632 4357 curent
1649 4303 1899 4359 vulnera.
1926 4305 2033 4360 Pro

389 4387 544 4445 foliis
602 4405 729 4460 quae
787 4387 1066 4444 Hebraice
1125 4387 1401 4443 dicuntur
1453 4375 1766 4462 ani-3015?),
1803 4397 2036 4463 propter

389 4477 548 4534 verbi
565 4482 622 4533 et
635 4477 791 4533 vocis
810 4476 1281 4544 similitudinem,
1296 4478 1438 4532 LXX
1458 4482 1826 4535 ascensionem
1845 4484 2034 4537 trans-

2144 4037 2453 4094 duodecim
2477 4036 2740 4092 tribuum
2763 4035 2941 4091 Josue
2970 4035 3075 4090 ﬁlii
3095 4037 3312 4104 Nun,et
3341 4051 3472 4106 qua;
3504 4051 3663 4092 nunc
3695 4051 3802 4106 per

2145 4126 2498 4182 Ezechielem
2553 4125 2676 4179 ﬁeri
2718 4125 3058 4196 imperatur,
3090 4123 3200 4180 hoc
3230 4123 3493 4190 interest,
3523 4123 3678 4195 quod
3713 4123 3801 4178 ibi

2142 4214 2297 4269 inter
2314 4213 2505 4268 tribus
2529 4220 2684 4268 sorte
2705 4217 2861 4268 terra
2883 4213 3188 4280 dividitur,
3216 4212 3312 4268 hic
3334 4211 3565 4268 Domini
3578 4212 3799 4282 juben-

2141 4303 2221 4359 tis
2252 4301 2491 4358 arbitrio
2523 4301 2841 4373 delegatur,
2878 4301 2939 4356 In
2990 4301 3380 4358 Numerorum
3437 4301 3618 4374 igitur
3645 4300 3799 4357 libro

2141 4393 2328 4460 (Num.
2362 4394 2577 4458 xxxrv),
2609 4389 2667 4443 in
2699 4407 2812 4461 quo
2853 4391 3047 4445 omnis
3107 4394 3262 4445 terra
3317 4388 3802 4461 repromissionis

2141 4496 2245 4554 per
2274 4483 2526 4552 quatuor
2579 4478 2781 4550 plagas
2835 4479 2996 4534 brevi
3054 4484 3324 4534 sermone
3382 4477 3679 4547 dividitur,
3723 4477 3800 4534 ab

386 4565 668 4635 tulerunt,
703 4567 858 4636 quod
890 4571 947 4621 et
977 4565 1171 4638 ipsum
1203 4567 1287 4622 sic
1316 4567 1559 4622 edisseri
1586 4571 1795 4638 potest,
1819 4574 1884 4625 ut
1903 4575 2035 4642 post
2068 4588 2110 4652 ι)
2142 4568 2452 4641 Aquilone,
2485 4567 2543 4622 id
2575 4571 2682 4638 est,
2717 4567 2889 4640 plaga
2936 4566 3387 4638 Septentrionali
3425 4567 3540 4622 ista
3568 4566 3800 4622 descri-

389 4654 553 4711 cibos
575 4655 894 4721 fructuum,
936 4655 1245 4711 verborum
1269 4655 1507 4711 monitis
1528 4657 1599 4712 ad
1622 4657 1876 4713 coelestia
1905 4675 2036 4715 con-

385 4744 756 4802 scendamus.
1439 4741 1446 4748 ’

459 4833 644 4905 (Vers.
687 4832 767 4899 l3,
800 4831 915 4904 44.)
946 4834 1073 4890 Haec
1121 4833 1260 4888 dicit
1304 4835 1566 4889 Dominus
1612 4837 1790 4891 Deus:
1826 4841 1931 4892 me
1958 4841 2036 4893 est

386 4923 654 4978 terminus
680 4923 735 4976 in
760 4938 867 4993 quo
881 4922 1229 4992 possidebitis
1250 4926 1454 4976 terram
1469 4926 1527 4976 in
1547 4923 1829 4979 duodecim
1854 4927 2032 4981 tribu-

387 5009 484 5063 bus
512 5010 704 5080 Israel,
757 5012 889 5081 quia
943 5012 1137 5082 Joseph
1188 5011 1462 5082 duplicem
1506 5013 1823 5082 funiculum
1852 5013 2030 5070 habet.

386 5098 738 5154 Possidebilis
757 5102 945 5154 autem
964 5116 1086 5154 eam
1107 5100 1316 5168 singuli
1334 5114 1490 5172 mque
1509 5103 1569 5154 ut
1587 5103 1764 5172 frater
1779 5119 1931 5168 suus,
1957 5105 2037 5175 (b)

388 5188 450 5242 in
469 5202 640 5258 quam
667 5187 848 5243 levavi
871 5205 1101 5244 manum
1129 5205 1324 5257 meam,
1350 5197 1410 5244 ut
1435 5188 1620 5244 darem
1650 5191 1899 5261 patribus
1916 5208 2031 5247 ves-

387 5277 489 5332 tris
511 5294 530 5332 :
553 5281 606 5330 et
627 5275 782 5332 cadet
803 5285 949 5332 terra
971 5277 1091 5334 lia’c
1119 5279 1270 5334 vobis
1311 5280 1368 5332 in
1394 5279 1806 5349 possessionem.
1830 5280 1937 5336 Pro
1969 5296 2034 5335 eo

387 5367 543 5438 quod
575 5381 683 5421 nos
712 5363 988 5437 diximus,
1025 5369 1157 5437 quia
1184 5365 1378 5438 Ioseph
1418 5367 1690 5437 duplicem
1723 5370 2037 5439 funiculum

565 5525 794 5612 I‘n‘a‘l’iis
823 5524 990 5612 libris
1023 5530 1079 5580 et
1108 5525 1600 5612 fortass‘erectius
1631 5543 1910 5584 MAACHAL.

459 5597 538 5669 (b)
567 5599 651 5653 Ad
681 5597 942 5670 Vulgatae
976 5597 1272 5724 exemplar
1317 5597 1607 5652 Victorius
1650 5615 1810 5670 super
1837 5617 2031 5673 quam;

387 5683 526 5725 nam
555 5670 621 5725 in
650 5686 816 5741 quam
845 5671 953 5723 τῶν
986 5669 1126 5725 LXX
1173 5668 1460 5725 ectionem
1493 5668 1617 5726 vult
1647 5686 1796 5728 esse.

2145 4659 2264 4731 ptio
2295 4661 2422 4713 est:
2473 4659 2643 4712 Porro
2689 4656 2760 4710 ad
2802 4656 3290 4727 Septentrionalem
3333 4663 3551 4727 partem
3593 4654 3796 4728 [Vulg.

2139 4745 2382 4819 plagam]
2413 4762 2448 4800 a
2477 4747 2626 4800 mari
2645 4747 3091 4813 magnotermini
3114 4746 3400 4816 incipient,
3419 4747 3800 4816 pervenientes

2142 4851 2315 4907 usque
2342 4834 2412 4889 ad
2439 4838 2676 4890 montem
2705 4835 3054 4903 altissimum,
3077 4851 3111 4888 a
3140 4849 3242 4905 quo
3269 4834 3453 4888 venies
3483 4829 3678 4903 [Vulg.
3704 4846 3799 4886 ve-

2142 4923 2318 4994 nient]
2352 4924 2412 4978 in
2441 4923 2661 4991 Emath,
2704 4939 2876 4993 usque
2920 4923 3000 4978 ad
3045 4923 3308 4978 terminos
3363 4919 3600 4987 Sadada,
3635 4920 3800 4974 ibunt

2142 5012 2384 5082 conﬁnia
2413 5027 2580 5082 usque
2608 5010 2892 5082 Zephrona
2915 5015 2968 5066 et
3020 5012 3216 5066 villam
3266 5012 3462 5077 Enam,
3511 5009 3634 5065 sive
3661 5009 3802 5065 Aser

2143 5103 2318 5158 Enon.
2350 5100 2676 5171 Dicuntque
2724 5099 2942 5155 Hebraei
3000 5098 3524 5171 Septentrionalem
3556 5097 3800 5170 plagam

2143 5189 2398 5262 incipere
2429 5207 2463 5244 a
2485 5188 2631 5244 mari
2655 5204 2890 5261 magno,
2917 5189 3070 5260 quod
3112 5188 3453 5255 Palaestinas,
3477 5185 3798 5257 Pbamicis,

2143 5283 2201 5336 et
2228 5279 2400 5351 Syriae
2434 5294 2558 5349 qua:
2591 5275 2922 5349 appellatur
2971 5276 3144 5345 Caele,
3187 5276 3518 5350 Ciliciaeque
3548 5280 3801 5349 praeten-

2143 5368 2304 5424 ditur
2332 5367 2649 5434 littoribus,
2681 5371 2738 5421 et
2767 5381 2872 5438 per
2890 5367 3201 5440 Egyptum
3222 5367 3412 5424 tendit
3431 5366 3503 5423 ad
3529 5364 3798 5438 Libyam.

2215 5529 2282 5611 (ρ)
2314 5528 2532 5611 Victor,
2567 5531 2712 5583 inter
2740 5529 3043 5611 terminum
3065 5528 3338 5611 Damasci,
3371 5531 3506 5611 etc.,
3529 5541 3598 5583 ex
3617 5509 3800 5600 Vulg.

2145 5599 2449 5671 Hebraice,
2477 5599 2722 5674 ipsoque
2754 5599 3088 5673 Hieronymi
3117 5599 3566 5660 Commentario.
