3944 6178
212 410 306 478 477

723 390 1469 476 oouueummosuu
1515 411 1593 473 1N
1635 407 2133 475 EZEGHIELEM
2177 409 2322 473 LIB.
2368 407 2531 475 xw.
2578 406 2751 473 esp.
2798 408 3038 475 XLVII.

3475 400 3601 472 ne

213 546 345 613 Quod
377 546 577 603 autem
608 544 786 603 dicit:
822 548 1147 601 Pervenient
1168 548 1394 602 termini
1411 544 1657 617 usquead
1680 559 1829 599 mon-
1858 544 1916 609 Α
1945 544 2002 598 in
2046 562 2160 616 quo
2192 550 2247 599 et
2278 543 2577 616 apostolus
2617 545 2834 603 Paulus
2864 545 2999 618 (Act.
3035 544 3113 618 Ix)
3145 561 3180 601 a
3240 544 3430 601 furore
3490 545 3591 600 Ju-

212 646 295 694 tem
343 636 691 692 altissimum
748 636 932 706 (Num.
991 653 1181 705 xxxrv,
1231 636 1308 707 '7),
1363 635 1541 691 iidem
1607 633 1830 690 Hebraei

210 715 271 797 (α)
287 728 618 791 autumant,
653 723 740 779 vel
772 726 1061 780 Amanum
1097 730 1353 780 montem
1388 721 1832 797 significari,vel

207 818 460 884 Taurum,
494 813 652 884 quod
686 812 858 867 nobis
885 814 1115 869 videtur
1171 814 1323 871 598
1370 813 1584 869 verius.
1616 813 1656 867 A
1709 828 1831 882 quo,

206 901 400 974 inquit,
433 903 622 957 venies
646 903 705 956 in
737 901 954 967 Emath,
974 919 1100 973 quae
1133 918 1287 957 nunc
1309 900 1633 973 Epiphania
1653 900 1837 954 nomi-

205 996 371 1058 natur,
400 990 477 1045 ab
512 989 795 1045 Antiocho
833 989 1242 1045 crudelissimo
1298 994 1679 1060 tyrannorum
1737 1004 1835 1043 no-

207 1079 338 1136 mine
368 1084 735 1135 commutato
761 1096 773 1133 :
810 1095 947 1133 nam
978 1082 1431 1150 cognomentum
1463 1078 1831 1133 habuit’Em-

210 1168 375 1245 ῳνῆς.
413 1168 593 1238 Usque
620 1166 690 1221 ad
719 1169 1006 1233 terminos,
1048 1166 1259 1238 inquit,
1292 1166 1526 1234 Sadada,
1551 1166 1649 1237 qui
1672 1166 1834 1221 locus

209 1258 330 1314 etin
359 1254 633 1328 praesenti
688 1255 1005 1311 Ezechielis
1062 1256 1300 1327 ponitur
1354 1254 1618 1325 lectione,
1680 1257 1836 1310 ibunt

208 1345 422 1414 conﬁnia
451 1359 627 1415 usque
654 1344 956 1414 Zephrona,
985 1359 1163 1415 quam
1195 1343 1401 1399 urbem
1435 1342 1606 1399 hodie
1622 1343 1837 1415 Zephy-

213 1434 341 1489 rium
355 1432 639 1505 oppidum
665 1431 874 1487 Ciliciae
895 1431 1333 1502 vocant.(b)Hoc
1350 1437 1544 1488 autem
1568 1433 1718 1503 quod
1745 1448 1837 1487 se-

216 1522 427 1595 quitur:
460 1523 529 1576 Et
556 1522 695 1576 villa
723 1523 917 1587 Enam,
945 1537 1046 1593 pro
1061 1521 1246 1592 quoin
1260 1520 1836 1592 Hebraicoscriptum

218 1616 306 1677 est,
330 1626 465 1665 assa
491 1626 641 1665 suos
664 1608 805 1697 (put
844 1608 1022 1680 ﬁwn),
1081 1609 1201 1664 sive
1240 1611 1418 1676 Enan,
1469 1612 1525 1663 et
1583 1624 1839 1680 praesens

224 1699 450 1754 continet
476 1696 664 1753 locus.
696 1696 1017 1753 Etinterim
1037 1698 1362 1752 secundum
1385 1697 1687 1753 historiam
1710 1698 1838 1752 bre-

224 1789 339 1843 viter
362 1785 666 1842 strinxisse
696 1785 973 1855 sufﬁciat,
998 1790 1056 1841 et
1074 1790 1195 1841 tam
1215 1786 1628 1856 Numerorum,
1662 1803 1839 1858 quam

1942 634 2107 691 daico
2139 638 2196 691 et
2224 635 2504 691 effusione
2538 634 2926 691 Ecclesiastici
2987 634 3316 707 sanguinis,
3385 633 3588 691 lumen

1942 723 2194 779 caecitate
2225 724 2615 795 conspexit,et
2631 730 2933 796 assumpto
2955 724 3141 780 cilicio
3164 723 3590 797 persecutionis

1940 811 2170 867 veteris.
2204 811 2583 885 Evangelium
2627 813 2977 885 przedicavit,
3011 818 3077 868 ut
3130 813 3456 884 perveniret
3513 813 3585 868 ad

1943 902 2156 958 atrium
2184 901 2362 957 fontis
2384 902 2601 969 mterni,
2635 906 2691 957 et
2718 901 2777 955 in
2807 900 3094 973 Aquilone
3116 903 3409 973 quondam
3432 903 3589 974 posi-

1942 993 2058 1055 tus,
2093 989 2555 1061 apprehenderet
2586 990 2905 1046 terminum
2935 989 3217 1045 veritatis.

2013 1078 2198 1150 (Vers.
2231 1080 2347 1147 18.)
2375 1081 2544 1134 Porro
2586 1080 2754 1151 plaga
2812 1078 3108 1134 Orientalis
3135 1078 3200 1134 de
3245 1079 3421 1135 medio
3472 1080 3588 1135 Au-

1942 1184 2066 1237 ran,
2094 1172 2145 1221 et
2170 1167 2233 1223 de
2271 1168 2447 1223 medio
2480 1169 2756 1235 Damasci,
2788 1176 2839 1222 et
2865 1167 2931 1222 de
2957 1167 3134 1224 medio
3167 1167 3394 1233 Galaad,
3425 1173 3477 1224 et
3523 1169 3589 1224 de

1942 1255 2118 1311 medio
2149 1260 2309 1311 terra:
2338 1257 2549 1311 Israel:
2580 1256 2834 1313 Iordanis
2862 1258 3268 1324 disterminans,
3316 1257 3385 1312 ad
3438 1273 3594 1313 mare

1944 1345 2213 1400 orientale
2234 1343 2547 1400 metiemini
2559 1342 2748 1417 [Vulg
2773 1344 2937 1399 addit
2957 1344 3145 1417 etiam]
3166 1345 3389 1416 plagam
3402 1346 3594 1402 Orien-

1946 1433 2135 1487 talem.
2168 1436 2277 1487 Pro
2309 1449 2424 1504 quo
2459 1432 2517 1486 in
2550 1433 2941 1487 Numerorum
2975 1432 3123 1487 libro
3168 1433 3250 1487 ita
3308 1433 3590 1505 scriptum

1946 1520 2134 1592 reperi
2160 1538 2171 1575 :
2207 1520 2337 1576 [nde
2365 1523 2662 1578 metientur
2692 1520 2826 1589 ﬁnes
2858 1524 3047 1576 contra
3076 1522 3412 1578 Orientalem
3460 1524 3586 1595 pla-

1946 1627 2071 1682 gam
2099 1610 2163 1665 de
2191 1611 2329 1665 villa
2348 1612 2523 1679 Enan,
2545 1610 2646 1665 hoc
2672 1618 2769 1674 est,
2802 1610 2935 1665 Aser
2961 1611 3135 1675 Enen,
3185 1626 3353 1682 usque
3381 1610 3590 1683 Sepha-

1945 1715 2071 1753 ma:
2101 1707 2153 1754 et
2179 1699 2246 1754 de
2278 1699 2555 1769 Sephama
2582 1697 2907 1753 descendent
2936 1699 3162 1754 termini
3196 1700 3362 1754 Rebla
3406 1707 3595 1755 contra

1947 1788 2153 1857 fontem
2177 1786 2334 1842 :inde
2357 1788 2676 1858 pervenient
2701 1794 2888 1842 contra
2915 1787 3190 1842 Orientem
3204 1788 3265 1841 in
3288 1804 3442 1843 mare
3462 1788 3595 1843 Che-

228 1873 509 1931 Ezechielis
539 1873 989 1945 descriptionem
1022 1874 1134 1930 sibi
1164 1890 1232 1929 ex
1260 1873 1439 1930 latere
1492 1874 1795 1946 copulasse
1821 1892 1834 1930 :
1872 1909 1920 1973 Β
1948 1877 2159 1941 nereth,
2192 1883 2242 1930 et
2271 1878 2493 1930 tendent
2512 1890 2680 1945 usque
2701 1874 2772 1930 ad
2798 1874 3112 1941 Iordanem,
3139 1883 3190 1931 et
3224 1877 3296 1931 ad
3336 1876 3597 1932 ultimum

233 1968 283 2019 ut
315 1963 563 2036 prudens
586 1962 766 2017 lector
792 1961 1105 2034 intelligat,
1140 1962 1196 2016 in
1228 1961 1466 2032 quibus,
1493 1963 1582 2017 vel
1614 1964 1840 2030 eadem,

234 2052 304 2108 vel
326 2052 522 2117 vicina,
555 2050 643 2106 vel
665 2050 894 2106 diversa
913 2051 1447 2106 eommemorarint.
1475 2052 1641 2107 Nunc
1661 2051 1840 2107 inter-

238 2141 443 2213 pretatis
468 2139 808 2194 nominibus
842 2137 1235 2211 singulorum,
1270 2155 1590 2211 sequamur
1627 2158 1840 2213 anago-

238 2245 344 2301 gen,
372 2233 426 2284 et
452 2228 587 2301 quid
621 2228 791 2284 nobis
821 2226 1089 2283 videatur
1118 2227 1174 2281 in
1221 2227 1493 2300 singulis.
1549 2230 1842 2300 prmbente

237 2318 468 2384 Domino,
489 2316 871 2372 disseramus.
889 2314 1137 2372 Ethalon
1157 2315 1595 2388 interpretatur,
1614 2320 1844 2374 incuna-

243 2408 351 2460 bula
370 2407 628 2461 maeroris:
665 2404 907 2474 Sadada,
971 2405 1114 2459 latus
1170 2405 1307 2475 eius,
1341 2421 1374 2460 a
1403 2404 1600 2475 latere,
1652 2423 1767 2462 non
1810 2424 1845 2462 a

241 2492 511 2549 latitudine
541 2491 803 2565 intellige
832 2510 846 2547 :
883 2493 1103 2563 Emath,
1136 2494 1314 2563 furor,
1347 2493 1446 2564 qui
1479 2492 1673 2549 Graece
1697 2494 1842 2549 dici-

242 2584 323 2636 tur
345 2578 505 2655 χόλος
538 2581 799 2649 Berotha,
830 2582 984 2652 putei
1009 2597 1022 2634 :
1084 2580 1360 2647 Subarim,
1391 2581 1661 2637 circuitus
1688 2598 1843 2637 mon-

237 2671 384 2725 tium:
411 2673 716 2739 Damascus,
748 2671 976 2740 sanguis
1005 2671 1151 2724 sacci
1174 2674 1231 2724 et
1260 2670 1454 2737 osculi,
1490 2670 1609 2725 sive
1636 2671 1842 2742 poculi.

240 2757 453 2813 Domum
484 2764 700 2828 autem,
729 2759 848 2815 sive
906 2758 1121 2813 atrium
1180 2758 1395 2824 Thicon,
1457 2757 1846 2830 Symmachus

247 2846 694 2919 interpretantur,
726 2849 937 2902 atrium
962 2846 1225 2917 medium,
1259 2847 1410 2918 quod
1446 2847 1635 2919 pergit
1654 2848 1725 2903 ad
1740 2851 1849 2903 ter-

244 2934 406 2991 minos
434 2937 650 2991 Auran.
686 2936 870 3008 Igitur
892 2935 1084 2991 Thicon
1113 2934 1351 2990 medium
1398 2940 1603 2990 sonat:
1662 2936 1848 2991 Auran

241 3039 390 3094 quam
419 3024 551 3079 LXX
579 3023 638 3079 in
672 3024 935 3079 Graecum
984 3027 1206 3078 vertere
1236 3039 1588 3091 sermonem,
1619 3024 1852 3079 Aurani—

237 3111 369 3183 tidis,
398 3113 743 3168 iracundiam
778 3119 939 3182 .Jzer,
973 3116 1169 3167 autem
1190 3114 1364 3180 Enon,
1398 3128 1526 3183 quae
1548 3116 1637 3168 est
1657 3113 1854 3169 termi-

234 3217 331 3257 nus
358 3201 639 3268 Damasci,
662 3202 722 3256 in
750 3201 952 3273 lingua
977 3204 1177 3256 nostra
1201 3200 1415 3255 dicitur
1432 3203 1641 3256 atrium
1658 3204 1846 3272 fontis.

1951 1963 2277 2019 claudentur
2303 1965 2470 2019 mari.
2491 1964 2679 2034 Supra
2715 1963 2969 2018 dixerat:
3003 1968 3069 2018 Et
3114 1965 3219 2019 erit
3273 1966 3537 2020 terminus
3562 1983 3597 2021 a

1949 2054 2099 2107 mari
2127 2069 2299 2124 usque
2328 2054 2403 2108 ad
2431 2053 2563 2107 Aser
2589 2054 2764 2122 Enon,
2800 2054 3073 2107 terminus
3117 2053 3361 2108 Damasci
3414 2054 3594 2125 (Num.

1950 2158 2143 2208 xxxxv,
2171 2142 2257 2209 10,
2285 2141 2392 2212 11).
2425 2146 2466 2193 Α
2491 2141 2605 2196 ﬁne
2654 2140 2833 2213 igitur
2860 2140 3339 2212 Septentrionalis
3392 2140 3598 2215 plagae,

1951 2229 2060 2285 hoc
2090 2233 2199 2298 est,
2233 2229 2380 2284 atrio
2412 2231 2595 2293 Euan,
2628 2230 2882 2284 tendunt
2928 2228 3075 2285 ﬁnes
3095 2230 3268 2300 juxta
3312 2230 3602 2287 Numero-

1953 2334 2084 2373 rum
2110 2316 2330 2372 librum
2361 2334 2549 2389 usque
2579 2316 2893 2389 Sephama,
2947 2334 3124 2388 quam
3184 2317 3405 2374 Hebraei
3459 2323 3604 2391 Apa-

1954 2406 2133 2462 miam
2166 2406 2474 2461 nominant
2498 2423 2511 2460 :
2544 2409 2602 2460 et
2628 2406 2699 2460 de
2717 2406 2964 2477 Apamia
2985 2406 3349 2461 descendunt
3370 2406 3601 2462 termini

1956 2495 2017 2550 in
2050 2493 2252 2561 Rebla,
2285 2510 2413 2564 quae
2446 2509 2602 2548 nunc
2630 2494 2803 2565 Syria:
2832 2497 3075 2549 vocatur
3101 2493 3508 2550 Antiochia.Et
3536 2498 3603 2549 ut

1957 2583 2110 2639 scias
2142 2581 2385 2637 Reblam
2411 2581 2563 2637 hanc
2598 2581 2925 2653 signiﬁcare
2955 2582 3181 2652 urbem,
3206 2599 3333 2653 quae
3354 2599 3511 2639 nunc
3541 2582 3602 2637 in

1955 2673 2119 2746 Syrio
2151 2671 2295 2727 Caele
2317 2670 2809 2736 nobillssimaest,
2842 2672 3134 2742 sequitur:
3166 2671 3360 2727 Contra
3374 2675 3600 2747 fontem,

1958 2776 2132 2832 quem
2167 2758 2543 2832 perspicuum
2566 2763 2655 2815 est
2685 2758 3002 2832 signiﬁcari
3025 2759 3331 2831 Daphnem
3355 2777 3368 2815 :
3396 2761 3466 2816 de
3488 2777 3603 2833 quo

1959 2849 2116 2904 fonte
2139 2848 2474 2920 supradicta
2486 2848 2628 2903 urbs
2646 2848 2816 2919 aquis
2828 2847 3355 2904 abundantissimis
3369 2849 3600 2905 fruitur.

1960 2937 2062 2992 Ilio
2084 2942 2279 2991 autem
2309 2936 2472 2992 locus
2503 2953 2537 2991 a
2560 2935 2713 2992 Cneo
2745 2936 3042 3007 Pompeio,
3074 2935 3175 3008 qui
3214 2936 3444 3008 primus
3498 2938 3602 2992 Ju-

1962 3027 2147 3081 dzeam
2164 3026 2426 3081 Romano
2440 3023 3197 3097 subegitimperio,militari
3213 3025 3605 3098 manu(c)con—

1963 3116 2113 3171 situs
2145 3119 2230 3169 est
2252 3132 2265 3182 ;
2298 3119 2355 3169 et
2373 3114 2444 3169 ab
2459 3130 2525 3169 eo
2533 3114 2703 3185 juxta
2721 3112 2978 3169 fabulam
2994 3118 3316 3186 poetarum,
3338 3112 3610 3185 Daphnes

1964 3218 2176 3257 nomen
2211 3202 2453 3274 accepit,
2486 3202 2559 3257 ob
2592 3200 2788 3257 lauros
2818 3205 2874 3256 et
2905 3202 3254 3274 cyparissos,
3288 3218 3414 3274 quae
3446 3203 3610 3258 arbo-

230 3289 691 3362 Septentrionalis
718 3271 897 3362 igitur
926 3287 1101 3361 plaga
1130 3289 1338 3360 incipit
1368 3306 1402 3343 a
1432 3289 1579 3344 mari
1637 3271 1847 3362 magno
1881 3271 1926 3341 Ο
1963 3307 2056 3347 res
2086 3291 2145 3346 in
2178 3291 2305 3363 ipso
2333 3271 2460 3346 loco
2494 3271 2993 3362 frequentissimae
3008 3294 3166 3345 sunt.
3203 3271 3362 3357 Inde,
3397 3289 3609 3363 inquit,

222 3394 315 3449 per
337 3379 484 3435 viam
529 3378 784 3445 Ethalon,
846 3377 1001 3449 quod
1058 3377 1474 3448 interpretatur
1512 3379 1850 3433 incunabula

220 3470 472 3535 mwroris,
505 3472 566 3523 et
598 3483 701 3539 per
722 3466 1128 3538 paenitentiam
1157 3466 1316 3520 venit
1345 3466 1416 3521 ad
1466 3467 1716 3533 Sadada,
1750 3466 1849 3521 ubi

217 3560 295 3611 est
317 3573 383 3612 ex
407 3556 591 3612 latere
621 3554 956 3611 declinatio.
993 3553 1385 3626 Intelligimus
1416 3556 1573 3610 enim
1631 3556 1852 3627 impen-

204 3644 429 3715 ﬁentem
463 3644 637 3700 nobis
668 3644 896 3713 Emath,
930 3643 1038 3698 hoc
1070 3647 1177 3714 est,
1211 3642 1674 3715 indignationem
1707 3644 1806 3700 Dei
1833 3662 1845 3700 :

215 3733 324 3789 sive
354 3734 582 3803 Emath,
627 3732 865 3789 veritate
896 3737 1216 3803 comperta,
1276 3733 1622 3803 aperiuntur
1679 3733 1849 3789 nobis

216 3823 361 3892 putei
392 3822 661 3888 Berotha,
689 3838 837 3891 quos
868 3821 1141 3876 foderunt
1168 3818 1482 3892 principes,
1529 3821 1846 3889 Abraham,

218 3909 383 3974 Isaac,
410 3916 463 3966 et
489 3911 716 3967 Jacob:
751 3909 1042 3982 longoque
1072 3908 1319 3964 circuitu
1361 3909 1735 3981 pervenimus
1777 3910 1853 3967 ad,

221 4003 427 4055 montes
454 3998 752 4066 Sabarim,
785 3997 886 4071 qui
915 3997 1087 4069 positi
1120 4001 1260 4052 sunt
1292 3997 1443 4052 inter
1471 3996 1845 4064 Damascum,

218 4083 320 4141 hoc
346 4092 446 4154 est,
476 4088 829 4161 sanguinem
864 4085 1058 4155 cilicii,
1092 4089 1149 4140 et
1177 4085 1498 4140 conﬁnium
1530 4086 1760 4151 Emath,
1786 4091 1850 4141 ut

216 4190 383 4247 supra
409 4177 689 4243 diximus,
722 4174 1004 4231 veritatis.
1035 4173 1199 4229 Sicut
1227 4173 1383 4228 enim
1407 4190 1511 4245 per
1540 4190 1847 4230 maerorem

214 4263 565 4321 declinamus
593 4263 751 4320 mala
781 4262 1201 4335 impendentia,
1235 4265 1290 4317 et
1319 4278 1389 4317 ex
1419 4261 1599 4318 latere
1632 4262 1847 4318 devita-

213 4365 367 4409 mus:
397 4353 475 4409 sic
507 4357 639 4426 post
667 4350 1038 4424 sanguinem,
1071 4354 1129 4405 et
1158 4349 1414 4405 cilicium
1445 4351 1574 4406 vita:
1604 4351 1847 4422 sangui-

214 4440 723 4513 nariae,antequam
757 4440 1065 4496 veniamus
1087 4440 1156 4494 ad
1181 4438 1436 4494 conﬁnia
1457 4438 1846 4509 Emath,599

215 4527 516 4587 circuimus
546 4535 605 4586 et
617 4528 990 4603 pervenimus
1003 4529 1076 4583 ad
1096 4530 1344 4593 montes,
1366 4527 1437 4583 de
1462 4528 1678 4599 quibus
1702 4530 1846 4585 scri-

214 4620 370 4686 ptum
391 4624 511 4676 est:
547 4620 750 4676 Montes
782 4621 841 4673 in
882 4618 1122 4673 circuitu
1179 4617 1317 4687 ejus,
1357 4617 1423 4671 Et
1476 4618 1735 4673 Dominus
1788 4619 1845 4673 in
1878 4640 1925 4704 D

213 4707 433 4764 circuitu
446 4709 646 4781 populi
671 4710 762 4763 sui
789 4707 962 4779 (Psal.
997 4722 1184 4772 cxxxv,
1214 4706 1290 4777 2).
1325 4704 1431 4771 Qui
1454 4704 1617 4760 locus
1648 4706 1844 4777 appel-

214 4791 378 4865 latur,
402 4797 619 4853 atrium
648 4796 895 4862 Thieon,
928 4794 1038 4850 hoc
1068 4798 1174 4862 est,
1207 4796 1416 4849 atrium
1462 4793 1734 4863 medium,
1779 4799 1845 4851 ut

208 4877 615 4957 lnterpretatus
648 4889 736 4940 est
762 4883 1175 4956 Symmachus,
1199 4883 1371 4953 juxta
1398 4883 1679 4939 terminos
1734 4886 1844 4940 Au-

214 4985 332 5042 ran,
360 4975 512 5045 quod
546 4973 915 5029 iracundiam
940 4975 1133 5042 sonat,
1156 4976 1365 5026 etcum
1386 4971 1667 5044 propheta
1686 4972 1840 5029 dica-

216 5074 373 5117 mus:
400 5065 547 5119 Iram
587 5064 810 5118 Domini
858 5061 1157 5131 sustinebo,
1203 5060 1462 5132 quoniam
1517 5063 1739 5133 peccavi
1792 5064 1845 5117 ci

216 5146 394 5217 (Mica.
415 5170 488 5222 ιν,
521 5153 599 5225 9).
633 5153 702 5207 Et
733 5168 767 5207 a
796 5150 944 5207 mari
974 5166 1158 5220 usque
1187 5152 1470 5205 terminos
1534 5150 1795 5206 Damasci
1827 5169 1839 5207 :

276 5292 352 5363 (a)
379 5293 696 5366 Prorogant
722 5288 1135 5366 enimﬁlebraai
1155 5289 1618 5366 hujuscelateris
1645 5292 1845 5347 termi—

215 5359 343 5434 nos,
362 5363 445 5420 vel
473 5359 790 5432 Amanum,
818 5364 909 5419 vel
960 5359 1669 5434 Taurum‘intelligentes
1729 5366 1839 5419 sub

213 5429 465 5515 altissimi
497 5429 1052 5515 montisvocabulo,
1085 5433 1235 5504 quod
1250 5429 1725 5515 verius-plerique
1756 5435 1842 5489 in-

213 5504 594 5631 terpretantur
622 5508 695 5563 de
723 5508 965 5573 Libano,
997 5502 1357 5577 quamquam
1388 5502 1558 5559 aliter
1588 5502 1681 5559 hic
1713 5522 1840 5560 sen-

209 5574 277 5628 tit
356 5576 706 5631 ieronvmus.

274 5648 350 5719 (b)
369 5645 535 5706 Hunc
555 5650 745 5707 locum
777 5645 1606 5720 depravatum'legimusapud
1625 5646 1838 5720 Maria-

208 5728 364 5791 num,
386 5721 482 5794 qui
495 5720 765 5795 imperite
779 5718 1410 5793 castigaviteditionem
1430 5718 1835 5777 Erasmianam

356 5576 706 5651 ieronymus.

1959 3379 2295 3451 pervenient
2326 3378 2561 3435 termini
2586 3374 2787 3434 contra
2825 3378 3177 3434 Orientalem
3246 3378 3503 3451 plagam'
3537 3379 3608 3433 ad

1959 3484 2120 3525 mare
2142 3467 2484 3533 Chenereth,
2534 3484 2722 3540 usque
2778 3467 2849 3522 ad
2907 3472 3183 3538 stagnum
3242 3466 3604 3538 Tyberiadis.

1956 3561 2110 3614 Mare
2143 3562 2339 3613 autem
2356 3556 2590 3623 dicitur,
2618 3572 2754 3611 cum
2777 3555 2987 3610 habeat
3007 3554 3204 3610 dulces
3229 3554 3384 3609 000
3401 3570 3608 3626 aquas,

1950 3647 2125 3718 juxta
2170 3645 2389 3700 idioma
2437 3645 2902 3716 Scripturarum,
2956 3660 3072 3714 qua
3129 3642 3609 3716 congregationes

1960 3750 2249 3806 aquarum
2279 3732 2652 3805 appellantur
2680 3732 2888 3787 maria.
2950 3732 3019 3786 Et
3075 3732 3336 3798 tendent,
3392 3730 3607 3803 inquit,

1958 3821 2195 3877 termini
2228 3838 2415 3892 usque
2438 3821 2775 3889 Jordanem,
2799 3823 2856 3875 et
2881 3817 3252 3874 adultimum
3266 3818 3612 3874 claudentur

1960 3910 2130 3978 mari,
2163 3908 2247 3964 vel
2283 3908 2427 3964 mari
2462 3914 2713 3979 mortuo,
2742 3907 2831 3963 vel
2860 3912 2926 3962 ut
2966 3906 3065 3962 alii
3115 3910 3345 3979 putant,
3406 3905 3609 3980 lingua

1961 3998 2138 4054 maris
2171 3996 2372 4066 Rubri,
2400 3997 2457 4051 in
2491 3998 2661 4069 cujus
2695 3996 2887 4051 littore
2916 3994 3086 4050 Ahila
3117 3995 3309 4068 posita
3339 4000 3446 4063 est,
3504 3995 3608 4051 ubi

1960 4102 2117 4142 nunc
2149 4090 2413 4141 moratur
2442 4085 2639 4157 Legio,
2670 4089 2727 4140 et
2784 4083 3125 4157 prasidium
3185 4084 3605 4140 Romanorum.

1958 4175 2078 4230 Hoc
2094 4175 2266 4246 juxta
2314 4172 2703 4229 Numerorum
2758 4173 2976 4229 librum
3027 4173 3249 4228 dictum
3295 4172 3392 4228 sit.
3435 4172 3612 4230 Juxta

1959 4261 2315 4317 Ezechielem
2341 4279 2476 4319 vero
2509 4263 2580 4318 de
2611 4262 2803 4318 medio
2831 4263 3060 4317 Auran:
3095 4263 3249 4334 quod
3305 4266 3394 4317 est
3439 4262 3607 4335 oppi-

1961 4350 2102 4406 dum
2133 4351 2403 4407 Damasci
2434 4351 2493 4406 in
2518 4351 2859 4415 solitudine,
2896 4356 2954 4407 et
2983 4352 3054 4407 de
3113 4350 3306 4406 medio
3363 4348 3605 4422 Galaad,

1960 4438 2061 4510 qui
2093 4455 2262 4495 mons
2292 4438 2493 4496 Libani
2526 4439 2773 4496 collibus
2803 4439 3111 4511 cOpulatus
3141 4437 3349 4494 cecidit
3378 4436 3438 4492 in
3482 4454 3607 4494 sor-

1957 4530 2076 4583 tem
2110 4528 2335 4594 Ruben,
2369 4533 2426 4583 et
2451 4529 2597 4595 Gad,
2630 4532 2687 4584 et
2715 4528 2971 4583 dimidiae
3000 4526 3193 4582 tribus
3222 4526 3515 4595 Manasse,
3549 4530 3607 4582 et

1958 4620 2048 4672 est
2077 4633 2111 4671 a
2142 4620 2303 4689 tergo
2336 4616 2628 4672 thnicis
2660 4621 2717 4672 et
2745 4616 2999 4671 Arabiae:
3034 4615 3106 4670 ad
3136 4630 3311 4686 quem
3343 4617 3604 4670 montem

1959 4705 2220 4777 pervenit
2249 4706 2321 4760 de
2351 4705 2586 4760 Charris
2607 4704 2900 4777 profectus
2920 4703 3120 4769 Jacob,
3148 4708 3204 4758 et
3225 4702 3606 4775 comprehen-

1956 4810 2062 4850 sus
2090 4798 2180 4849 est
2210 4813 2244 4848 a
2274 4794 2467 4849 Laban
2498 4792 2650 4864 (Gen.
2683 4793 2860 4864 xxxx),
2893 4793 2964 4848 de
2995 4807 3109 4864 quo
3133 4794 3189 4845 et
3215 4789 3603 4846 Jeremiaslo-

1955 4881 2193 4954 quitur:
2229 4881 2458 4953 Galaad,
2490 4885 2545 4937 tu
2574 4882 2718 4937 mihi
2745 4882 2973 4937 initium
2992 4880 3191 4935 Libani
3200 4879 3418 4950 (Jerem.
3443 4880 3601 4952 xxn),

1955 4986 2131 5042 quam
2159 4970 2313 5041 cepit
2340 4969 2413 5025 de
2442 4971 2909 5026 Amorrhaeorum
2934 4967 3167 5040 regione
3195 4965 3411 5022 Galaad
3445 4965 3605 5025 ﬁlius

1956 5056 2314 5124 Machir,ﬁlii
2346 5061 2610 5114 Manasse
2637 5076 2649 5114 :
2676 5058 2926 5130 ﬁnisque
2958 5056 3138 5127 hujus
3170 5054 3605 5129 plagm,Jorda-

1956 5147 2047 5204 nis
2078 5148 2293 5203 ﬂuvius
2323 5147 2763 5213 disterminans,
2788 5152 3019 5202 etmare
3043 5144 3518 5218 Orientale,quod
3544 5146 3602 5202 in

1951 5290 2062 5346 hoc
2093 5287 2314 5345 schelio
2346 5286 2613 5357 sequenti
2640 5304 2653 5342 :
2683 5303 2783 5359 pro
2813 5304 2918 5359 quo
2946 5288 3005 5342 in
3022 5286 3283 5343 Hebraico
3340 5288 3607 5359 scriptum

1951 5366 2030 5419 est
2062 5370 2180 5451 ’μην
2219 5369 2347 5420 man
2380 5359 2549 5414 Haser
2595 5360 2771 5427 Enan,
2835 5363 2885 5415 ct
2908 5375 3147 5431 presens
3183 5360 3329 5415 locus
3365 5360 3605 5415 continet

1952 5446 2117 5514 olim,
2148 5451 2262 5504 sive
2290 5449 2469 5502 Enan.
2502 5446 2664 5502 Certe
2696 5447 2839 5503 nihil
2872 5447 3163 5520 intelligit.
3199 5447 3384 5520 MART.

2022 5522 2096 5595 (φ)
2126 5523 2199 5574 At
2229 5534 2417 5595 neque
2439 5520 2695 5595 primum
2718 5535 2753 5574 a
2780 5519 3054 5595 Pompeio
3068 5518 3391 5595 consitum,
3415 5533 3605 5595 neque

2022 5535 2096 5595 (φ)
2126 5535 2199 5574 At
2229 5535 2417 5645 neque
2439 5535 2695 5590 primum
2718 5535 2753 5574 a
2781 5535 3054 5592 Pompeio
3078 5535 3391 5585 consitum,
3415 5535 3604 5645 neque

1948 5593 2021 5649 ab
2047 5590 2270 5665 eo,_sed
2303 5611 2314 5641 ι
2343 5588 2403 5647 iu
2435 5605 2620 5665 amen,
2656 5590 2957 5665 Daphuem
2990 5589 3348 5663 appellatum
3369 5605 3505 5646 eum
3545 5607 3604 5647 o-

1951 5681 2090 5723 cum
2112 5662 2388 5719 Votorum
2418 5661 2761 5720 testimonia
2786 5661 3045 5737 probare
3060 5661 3329 5736 possunt.
