3996 6184
343 341 465 414 479

1592 344 1659 411 S.
1702 345 2015 411 EUSEBII
2057 344 2500 413 HIERONYMI

3624 345 3748 412 480

346 480 457 541 hoc
488 482 613 541 loco
644 499 804 540 mare
835 483 1153 553 Mortuum,
1180 497 1296 538 non
1316 474 1582 556 linguam
1604 482 1785 538 maris
1807 481 1990 538 Rubri
2016 482 2072 550 Α
2105 481 2231 539 Gen.
2255 483 2433 555 xun).
2458 482 2668 556 Incipit
2696 485 2892 540 autem
2919 482 3032 541 ista
3060 498 3376 557 possessio,
3398 484 3456 541 et
3504 480 3565 540 hi
3626 486 3747 541 ter-

346 572 1171 645 intelligunt.Dicamusjuxta
1192 571 1571 644 tropologiam
1598 587 1609 625 :
1634 572 1771 627 Post
1786 571 1985 626 termi-

343 676 452 715 nos
467 659 961 733 Aquilonislongo
986 661 1232 717 circuitu
1257 659 1639 733 perEthalon,
1658 664 1715 715 et
1737 659 1985 725 Sadada,

341 752 401 805 et
424 750 690 805 Berotha.
727 750 994 804 Sabarim
1021 766 1274 822 quoque,
1308 748 1549 818 Thicon,
1584 753 1639 803 et
1668 750 1887 817 Auran,
1933 752 1989 802 et

340 837 787 907 Damascum,et
817 839 1029 894 atrium
1052 840 1232 905 Enon,
1268 839 1338 893 ad
1373 837 1576 892 Emath
1610 853 1798 908 usque
1858 854 1985 908 per-

340 927 497 981 venit
527 927 825 983 orientalis
847 928 1055 999 plaga:
1087 929 1157 983 de
1192 927 1381 982 medio
1410 926 1725 981 iracundiae
1766 927 1983 995 Auran,

339 1018 396 1069 et
430 1015 623 1071 medio
656 1014 926 1071 Damasci
961 1015 1248 1087 sanguine
1284 1014 1549 1069 videlicet
1608 1014 1980 1084 poenitentiae,

338 1106 397 1158 et
426 1104 497 1160 de
529 1094 721 1160 medid
756 1103 993 1172 Galaad,
1026 1105 1179 1174 quod
1232 1103 1644 1174 interpretatur
1701 1102 1979 1167 revelatio,

334 1191 424 1247 vel
455 1194 699 1248 tumulus
732 1194 1055 1248 testimonii:
1081 1197 1146 1247 ut
1167 1190 1456 1265 postiram
1480 1194 1536 1244 et
1556 1190 1978 1271 paenitentiam,

342 1296 512 1352 spem
547 1280 753 1336 salutis
786 1282 1093 1337 ostendat:
1128 1286 1185 1336 et
1213 1281 1284 1335 de
1316 1279 1504 1335 medio
1562 1283 1725 1333 terra:
1780 1278 1978 1349 Israel,

344 1386 471 1441 quae
502 1369 783 1426 visionem
814 1370 1073 1425 continet
1101 1370 1282 1441 pacis,
1317 1385 1501 1440 usque
1532 1369 1602 1422 ad
1638 1367 1983 1422 dulcissima

330 1457 606 1513 Jordanis
621 1460 840 1514 ﬂuenta
863 1458 1156 1530 pertingat
1173 1474 1319 1530 :quae
1337 1457 1503 1527 longe
1543 1460 1811 1527 separato
1834 1455 1980 1510 mari

330 1543 531 1601 lumen
564 1546 815 1602 Orientis
846 1546 1247 1618 consequitur,
1283 1547 1364 1601 ita
1394 1551 1457 1600 ut
1488 1544 1661 1599 fluvio
1700 1545 1977 1611 Jordanis,

330 1632 430 1704 qui
461 1632 876 1707 interpretatur
900 1638 1056 1690 rivus
1101 1635 1307 1707 judicii
1361 1638 1418 1688 et
1459 1632 1710 1688 Orientis
1734 1631 1980 1687 termino

327 1721 588 1778 finiatur.
624 1724 787 1788 Quod
819 1728 1017 1779 autem
1040 1725 1099 1778 in
1126 1722 1269 1778 LXX
1299 1723 1536 1794 ponitur
1557 1724 1901 1798 φοινικῶνος,
1922 1722 1979 1775 id

326 1814 435 1878 est,
466 1812 715 1881 palmeti,
737 1813 795 1867 in
827 1812 1105 1867 Hebraico
1128 1829 1243 1867 non
1271 1810 1521 1866 habetur
1551 1826 1683 1881 :pro
1706 1826 1821 1881 quo
1851 1826 1976 1878 nos,

230 1954 257 1973 κ,
326 1901 636 1955 metiemini
656 1900 1021 1972 interpretati
1044 1916 1251 1956 sumus
1278 1899 1588 1969 :Errorque
1605 1897 1971 1966 manifestus,

325 1988 481 2058 quod
513 2005 618 2059 pro
632 2006 946 2043 rnamonou
972 1987 1418 2060 (111Dn)litterae
1446 1986 1674 2056 decepti
1698 1986 1973 2040 similitu-

324 2073 480 2139 dine,
514 2073 708 2131 daleth
742 2080 797 2130 et
826 2092 939 2141 res,
973 2074 1243 2146 legerunt
1273 2074 1689 2144 (0)1‘HAMORRU
1721 2072 1970 2144 (1117311).

394 2160 579 2233 (Vers.
616 2163 726 2235 19.)
775 2163 948 2234 Plaga
1001 2171 1186 2218 autem
1249 2163 1521 2218 Australis
1580 2160 1894 2217 meridiana
1940 2180 1976 2216 a

324 2248 556 2306 Thamar
614 2268 783 2322 usque
838 2251 908 2307 ad
965 2268 1134 2322 aquas
1184 2251 1637 2306 contradictionis
1684 2247 1826 2320 (sive
1902 2249 1973 2304 ad

320 2354 494 2409 aquas
522 2339 829 2396 Mariboth:
863 2340 971 2396 hoc
1001 2340 1158 2396 enim
1188 2340 1572 2404 contradictio,
1631 2339 1751 2394 sive
1804 2333 1973 2390 διαδι-

323 2426 553 2499 κασμός,
586 2429 695 2485 hoc
713 2433 802 2485 est
817 2430 1012 2501 jurgia
1032 2428 1418 2498 sonat).Cazles
1442 2444 1651 2501 quoque
1676 2435 1726 2483 et
1738 2435 1967 2496 torrens,

317 2533 492 2588 usque
519 2519 599 2575 ad
617 2534 773 2574 mare
800 2520 1063 2588 magnum
1075 2517 1265 2590 [Vulg
1284 2520 1466 2590 plaga]
1498 2519 1617 2574 hwc
1634 2525 1713 2572 est
1722 2516 1971 2588 plagaad

318 2605 468 2662 θυι
503 2608 792 2663 meridiem
823 2608 1112 2664 Australis.
1156 2608 1264 2663 Pro
1296 2624 1412 2679 quo
1462 2607 1522 2662 in
1582 2608 1966 2662 Numerorum

315 2692 467 2751 libro
497 2695 579 2751 ita
610 2698 897 2769 scriptum
924 2702 1012 2752 est
1036 2715 1049 2752 :
1084 2698 1310 2769 Incipiet
1338 2715 1372 2752 a
1394 2697 1691 2753 solitudine
1706 2696 1825 2764 Sin,
1844 2710 1971 2766 quae

315 2792 393 2840 est
411 2785 577 2855 juxta
601 2785 787 2853 Edom,
819 2789 871 2841 et
900 2785 1118 2840 habebis
1148 2787 1407 2845 terminos
1448 2789 1638 2841 contra
1697 2785 1971 2840 Orientem

314 2872 562 2943 mare[Al
577 2874 687 2928 add
699 2873 816 2928 itur
826 2873 1648 2946 salsissimum],quicircuibunt
1661 2874 1696 2928 A
1708 2874 1969 2928 ustralem

311 2961 536 3033 plagam
544 2978 646 3033 per
660 2977 944 3017 ascensum
958 2962 1216 3034 Scorpion
1224 2964 1377 3026 is,ita
1392 2968 1453 3017 ut
1468 2966 1749 3016 transeant
1764 2962 1964 3027 Senna,

314 3052 365 3107 et
390 3052 712 3121 pervenient
742 3053 803 3106 in
832 3051 1059 3106 Meridie
1088 3067 1259 3123 usque
1286 3050 1360 3106 ad
1391 3050 1731 3106 Cadesbarne
1758 3067 1770 3105 :
1823 3050 1969 3104 unde

313 3139 669 3207 egredientur
688 3140 925 3209 conﬁnia
938 3139 1008 3195 ad
1026 3140 1222 3195 villam
1232 3142 1454 3195 nomine
1466 3138 1668 3205 Addar,
1677 3147 1731 3194 et
1743 3138 1966 3193 tendent

2101 571 2243 626 mini
2276 571 2551 640 Thamar,
2585 590 2619 628 a
2649 572 2847 644 palma
2873 573 3141 629 videlicet
3159 573 3514 645 victoriaque
3568 572 3748 630 vitio-

2099 677 2250 725 rum,
2284 676 2472 731 usque
2496 662 2565 715 ad
2594 678 2779 733 aquas
2800 662 3300 718 contradictionis.
3327 667 3564 735 Semper
3583 662 3747 718 enim

2095 746 2412 802 virtutibus
2431 749 2873 804 contradicitur.
2895 749 3057 805 Unde
3075 754 3133 804 et
3148 751 3545 822 praedicationi
3562 751 3752 807 Evan-

2094 835 2311 906 gelicae,
2334 837 2517 891 Judaei
2541 843 2741 892 contra
2754 837 3001 893 Paulum
3016 838 3452 909 disserentes,in
3476 844 3597 895 toto
3609 839 3752 896 orbe

2094 931 2365 979 asserunt
2386 925 2703 981 contradici
2735 927 2871 995 (Act.
2900 929 3016 997 xv).
3048 928 3116 982 Et
3144 927 3203 982 in
3238 928 3541 1000 Evangelia
3600 927 3749 1001 legi-

2095 1029 2248 1080 mus,
2283 1014 2553 1069 Simeone
2585 1015 2850 1070 dicente:
2883 1015 2984 1070 Hic
3008 1016 3115 1071 erit
3140 1015 3199 1070 in
3222 1016 3453 1072 ruinam
3478 1022 3533 1072 et
3554 1033 3751 1072 resur-

2093 1100 2406 1156 rectionem
2429 1102 2836 1168 multorum,et
2859 1104 2919 1157 in
2938 1104 3068 1177 sign
3079 1103 3296 1174 um,cui
3315 1105 3751 1161 contradicetur

2092 1192 2239 1256 (Luc.
2278 1208 2334 1259 II,
2366 1192 2479 1257 24).
2513 1191 2716 1247 Omnis
2748 1196 2942 1246 autem
2972 1192 3357 1247 contradictio
3382 1197 3471 1248 est
3517 1192 3742 1248 sancti-

2091 1277 2249 1348 tatis,
2285 1279 2438 1349 quod
2470 1278 2887 1351 interpretatur
2906 1281 3108 1347 Gades,
3137 1280 3364 1336 dicente
3385 1281 3741 1337 Psalmista:

2093 1365 2394 1421 Concutiet
2425 1367 2707 1422 Dominus
2739 1368 3039 1423 desertum
3071 1369 3253 1425 Gades
3285 1372 3400 1437 (Ps.
3424 1370 3699 1443 xxvm,8)
3730 1388 3746 1431 ;

2092 1454 2244 1525 quod
2261 1455 2528 1511 videlicet
2546 1457 2802 1527 primum
2818 1473 2933 1511 non
2956 1457 3207 1511 habebat
3218 1456 3446 1512 Domini
3459 1458 3745 1514 sanctita-

2091 1548 2208 1596 tem
2235 1560 2247 1597 :
2283 1544 2383 1598 sed
2407 1561 2761 1599 concussum
2785 1549 2874 1599 est
2894 1549 3069 1617 atque
3090 1550 3473 1614 commotum,
3496 1550 3561 1601 ut
3591 1546 3745 1601 reci-

2090 1635 2250 1701 peret
2278 1631 2569 1704 hospitem
2602 1633 2810 1701 Deum,
2841 1633 2939 1705 qui
2962 1633 3141 1690 dicit:
3176 1633 3349 1706 Super
3366 1650 3526 1705 quem
3580 1636 3744 1692 602

2091 1722 2381 1790 requiescit
2407 1722 2511 1791 [AL
2547 1721 2891 1793 requiescet]
2911 1723 3137 1794 spiritus
3182 1739 3354 1790 meus,
3410 1725 3525 1778 nisi
3571 1740 3747 1795 super

2096 1809 2362 1864 humilem
2391 1814 2445 1863 et
2465 1811 2726 1880 quietum,
2776 1819 2828 1864 et
2883 1813 3197 1866 trementem
3242 1811 3405 1866 verba
3453 1827 3571 1868 mea
3603 1813 3742 1883 (Isa.

2085 1914 2233 1960 var,
2264 1898 2367 1967 2)?
2398 1902 2536 1953 Post
2565 1899 2864 1953 desertum
2893 1900 3099 1965 Gades,
3120 1915 3307 1971 usque
3327 1900 3398 1955 ad
3426 1916 3585 1956 mare
3608 1917 3744 1958 ma-

2083 2000 2265 2055 gnum
2289 1984 2345 2037 in
2371 1984 2824 2056 meridie,plagae
2846 1985 3135 2041 Australis
3158 1991 3387 2042 torrens
3408 1988 3594 2053 est,de
3615 2004 3740 2060 quo

2083 2088 2263 2143 supra
2292 2072 2548 2128 diximus
2575 2098 2588 2140 ;
2623 2073 2723 2144 qui
2756 2090 2871 2128 non
2902 2075 2973 2130 de
3001 2078 3180 2146 terra,
3211 2076 3311 2131 sed
3345 2076 3417 2131 de
3437 2075 3579 2132 oculo
3602 2077 3743 2148 plu-

2080 2159 2204 2216 vias
2226 2160 2400 2216 habet
2426 2161 2789 2217 diversarum
2813 2162 3098 2218 virtutum
3126 2163 3400 2220 varietate
3422 2163 3735 2223 collectas:
3788 2192 3797 2201 π

2154 2250 2339 2320 (Vers.
2372 2250 2484 2321 20.)
2517 2252 2578 2305 Et
2603 2252 2976 2322 plugamaris,
2999 2269 3474 2321 maremagnuma
3492 2254 3740 2324 conﬁnio

2074 2353 2177 2410 per
2212 2338 2500 2407 directum,
2528 2339 2695 2395 donec
2718 2342 2907 2395 venias
2954 2341 3171 2409 Emath,
3196 2342 3314 2398 haec
3329 2344 3405 2396 est
3410 2342 3580 2412 plaga
3606 2359 3737 2397 ma-

2079 2427 2266 2483 ris.De
2288 2444 2405 2499 qua
2426 2427 2796 2484 manifestius
2808 2432 2864 2483 et
2885 2429 3117 2486 brevius
3130 2429 3382 2484 scribitN
3390 2446 3737 2487 umerorum

2078 2514 2246 2571 liber.
2270 2516 2447 2589 Plaga
2486 2521 2681 2572 autem
2708 2517 3086 2574 occidentalis
3117 2535 3151 2573 a
3174 2518 3327 2573 mari
3351 2534 3564 2591 magno
3587 2518 3741 2575 inci-

2078 2604 2217 2676 piet,
2243 2611 2300 2660 et
2329 2607 2457 2677 ipso
2519 2606 2634 2662 ﬁne
2690 2607 3093 2674 concludetur,
3142 2607 3251 2662 hoc
3307 2611 3417 2673 est,
3449 2608 3521 2663 de
3577 2610 3739 2665 mari

2079 2708 2268 2763 usque
2300 2694 2371 2748 ad
2405 2710 2598 2749 mare:
2636 2693 2707 2748 ad
2738 2699 3057 2750 torrentem
3089 2696 3196 2765 [AL
3230 2697 3738 2768 atorrente]video

2077 2777 2212 2833 licet
2229 2778 2773 2851 Rbinocorurae,qui
2794 2781 2988 2835 inﬂuit
3004 2781 3064 2835 in
3097 2798 3473 2856 mare,usque
3494 2785 3562 2840 ad
3582 2800 3725 2840 eum

2078 2865 2273 2922 locum
2305 2867 2406 2938 qui
2429 2872 2518 2923 est
2556 2873 2754 2925 contra
2779 2869 2986 2925 Emath
3020 2871 3227 2927 urbem
3258 2872 3455 2945 Syriis,
3486 2873 3554 2927 de
3599 2889 3731 2944 qua.

2078 2973 2257 3027 supra
2282 2955 2559 3013 diximus.
2578 2957 2860 3013 Occidens
2884 2963 3079 3014 autem
3094 2960 3265 3031 juxta
3290 2960 3448 3033 leges
3468 2962 3726 3034 tropolo-

2076 3044 2182 3117 giaa
2214 3061 2446 3118 semper
2470 3046 2529 3101 in
2548 3047 2697 3102 mari
2714 3051 2802 3103 est
2824 3066 2841 3101 :
2864 3063 3096 3119 semper
3118 3049 3176 3103 in
3199 3049 3322 3106 salo
3345 3054 3401 3106 et
3421 3050 3725 3121 ﬂuctibus,

2077 3133 2175 3189 ubi
2199 3134 2457 3206 quotidie
2478 3136 2784 3208 naufragia
2799 3137 3605 3206 suscitantur,etmiserorum
3618 3157 3726 3198 ne-

313 3242 483 3298 usque
514 3226 585 3281 ad
613 3227 877 3283 Asemona
897 3245 915 3282 :
946 3229 1151 3299 ibitque
1176 3244 1275 3300 per
1328 3245 1533 3299 gyrum
1579 3229 1847 3283 terminus
1890 3229 1959 3282 ab
1989 3211 2032 3278 C
2073 3238 2188 3291 ces,
2213 3228 2269 3278 et
2298 3223 2632 3279 divitiarum
2661 3228 2717 3280 et
2746 3226 3030 3281 mercium
3091 3227 3359 3294 amissio,
3408 3233 3467 3284 et
3524 3233 3722 3286 tamen

311 3314 579 3372 Asemona
608 3331 778 3388 usque
806 3315 877 3372 ad
904 3320 1202 3372 torrentem
1231 3318 1475 3388 Egypti,
1508 3324 1558 3371 et
1578 3319 1751 3371 maris
1766 3317 1958 3385 magni

311 3405 495 3460 littore
518 3405 749 3475 ﬁnietur
777 3407 960 3473 (Num.
1017 3406 1107 3476 34,
1135 3406 1189 3473 3,
1222 3407 1254 3460 4
1283 3414 1335 3461 et
1359 3406 1437 3478 5).
1492 3405 1654 3471 Quod
1709 3404 1959 3460 breviter

309 3492 420 3549 hoc
451 3492 743 3567 significat
773 3498 868 3563 (ne
888 3511 991 3567 per
1014 3494 1379 3551 occasionem
1400 3492 1737 3561 Ezechielis,
1760 3493 1832 3548 ad
1860 3508 1956 3548 ex-

308 3582 660 3653 positionem
692 3583 998 3639 videamur
1026 3584 1417 3639 Numerorum
1439 3582 1723 3638 transisse
1743 3581 1958 3637 latissi-

308 3675 513 3744 mam),
546 3689 582 3728 a
611 3671 928 3728 solitudine
959 3672 1083 3739 Sin,
1117 3689 1244 3744 quae
1304 3675 1393 3728 est
1431 3671 1606 3742 juxta
1650 3671 1855 3737 Edom,
1900 3674 1959 3725 et

310 3759 461 3816 mari
485 3760 681 3817 Rubro
712 3760 1031 3817 terminum
1062 3759 1324 3827 circuire,
1375 3764 1433 3815 et
1488 3776 1589 3831 per
1644 3774 1956 3815 ascensum

307 3850 659 3922 Scorpionis,
692 3854 750 3906 et
780 3867 881 3922 per
912 3850 1106 3906 Senna
1134 3854 1190 3906 et
1219 3848 1609 3915 Gadesbarne,
1644 3851 1700 3903 et
1739 3847 1954 3901 atrium

305 3939 524 4007 Addar,
554 3943 612 3995 et
640 3939 712 3994 ab
744 3944 1038 3995 Asemona
1069 3938 1371 4011 pervenire
1409 3954 1597 4009 usque
1628 3937 1699 3993 ad
1730 3942 1955 3992 torren-

306 4030 425 4082 tem
456 4026 704 4100 Egypti,
738 4027 837 4098 qui
862 4027 1034 4098 juxta
1065 4028 1271 4082 urbem
1304 4024 1766 4081 Rhinocoruram
1810 4023 1956 4080 mari

307 4114 521 4170 influit.
560 4114 658 4169 llic
676 4130 808 4170 vero
840 4115 1133 4171 terminus
1164 4113 1347 4187 plaga;
1380 4112 1676 4180 australis,
1705 4113 1814 4168 hoc
1871 4116 1960 4168 est

309 4201 881 4274 meridianaeﬁncipit
902 4219 935 4256 a
958 4202 1236 4269 Thamar,
1254 4218 1378 4273 quae
1402 4202 1544 4256 urbs
1568 4200 1626 4255 in
1646 4200 1959 4256 solitudine

228 4284 251 4311 '
309 4295 418 4358 est,
452 4306 631 4363 quam
663 4294 721 4345 et
749 4289 1021 4346 Salomon
1058 4290 1227 4345 miris
1247 4288 1522 4361 operibus
1566 4289 1870 4355 exstruxit,
1902 4293 1959 4343 et

307 4376 480 4434 hodie
509 4376 781 4451 Palmyra
810 4382 1223 4451 nuncupatur:
1274 4377 1630 4447 Hebraaoque
1688 4392 1960 4432 sermone

306 4483 543 4524 THAMAR
574 4467 752 4540 (11:11)
775 4467 1013 4539 dicitur,
1045 4484 1173 4539 qua:
1195 4466 1255 4521 in
1281 4465 1486 4538 lingua
1506 4466 1961 4535 nostrapalmam

2069 3327 2253 3382 quum
2284 3311 2405 3367 hare
2424 3313 2621 3368 omnia
2648 3312 2932 3384 patientia
2953 3314 3595 3387 fregerimus,venimus
3614 3333 3724 3390 per

2066 3399 2352 3455 directum
2387 3402 2458 3456 ad
2489 3400 2723 3468 Emath,
2750 3400 2859 3457 hoc
2880 3408 2986 3473 est,
3020 3405 3092 3459 ad
3124 3403 3354 3460 Domini
3389 3406 3716 3477 veritatem,

2068 3488 2169 3560 qui
2201 3487 2366 3545 victis
2386 3490 2919 3561 persecutionibus,
2943 3497 3158 3549 aeterna
3179 3493 3347 3550 nobis
3367 3496 3608 3567 praemia
3623 3513 3716 3552 re-

2067 3576 2356 3650 promisit.

2138 3666 2323 3738 (Vers.
2353 3667 2414 3723 2i
2455 3673 2642 3742 seqq.)
2666 3670 2731 3724 Et
2778 3667 3032 3725 dividetis
3091 3674 3299 3727 terram
3350 3673 3513 3727 istam
3558 3675 3723 3731 vobis

2062 3771 2163 3826 per
2190 3757 2362 3811 tribus
2391 3756 2639 3823 Israel,et
2666 3758 2892 3813 mittetis
2919 3757 3029 3829 [ΑΙ.
3062 3760 3321 3831 metietis]
3352 3775 3473 3815 eam
3500 3762 3559 3815 in
3591 3760 3722 3819 ha:-

2065 3845 2358 3903 reditatem
2372 3847 2599 3915 vobis,et
2619 3846 2845 3902 advenis
2866 3849 2963 3919 qui
2976 3857 3321 3905 accesserunt
3341 3849 3723 3921 [Vulg.acces-

2064 3938 2260 4006 serint]
2294 3936 2363 3991 ad
2398 3953 2505 4003 vos,
2539 3938 2637 4007 qui
2664 3937 2954 4003 genuerint
2981 3936 3127 4006 ﬁlios
3156 3938 3218 3992 in
3244 3937 3420 3994 medio
3450 3941 3638 4011 vestri,
3670 3950 3729 3997 et

2067 4028 2229 4080 erunt
2264 4025 2408 4080 vobis
2435 4026 2576 4080 sicut
2598 4024 2878 4097 indigenae
2899 4025 3045 4080 inter
3062 4026 3205 4095 ﬁlios
3230 4028 3426 4084 Israel:
3446 4028 3725 4085 vobiscum

2067 4112 2313 4169 divident
2343 4115 2735 4184 possessionem
2760 4114 2820 4168 in
2862 4114 3039 4169 medio
3096 4115 3346 4171 tribuum
3402 4118 3596 4173 Israel.
3660 4120 3727 4175 In

2067 4202 2246 4257 tribus
2269 4204 2451 4256 autem
2476 4204 2995 4274 quacumque/uera
3006 4202 3234 4272 advena,
3249 4206 3344 4260 ubi
3366 4205 3573 4263 dabitis
3589 4223 3723 4280 pos-

2067 4292 2363 4346 sessionem
2394 4290 2503 4355 illi,
2536 4291 2618 4344 ait
2649 4292 2912 4346 Dominus
2937 4292 3096 4348 Deus.
3131 4293 3236 4349 Per
3252 4294 3362 4350 hoc
3391 4294 3723 4368 capitulum

2071 4378 2357 4435 discimus
2377 4380 2456 4451 (et
2476 4379 2769 4434 decutitur
2791 4380 3545 4457 superciliumJudaaorum)
3565 4384 3717 4441 nihil

2072 4467 2222 4524 inter
2251 4466 2427 4523 Israel
2458 4472 2514 4522 et
2542 4467 2805 4539 gentium
2836 4469 3118 4541 populum
3149 4487 3278 4528 esse
3306 4472 3585 4529 divisum.
3643 4474 3710 4529 Si

309 4560 499 4625 sonat,
539 4572 727 4629 usque
754 4556 826 4612 ad
858 4572 1043 4628 aquas
1074 4552 1957 4644 contradictionisGades,quam
1996 4579 2044 4644 D
2077 4556 2231 4612 enim
2266 4555 2504 4612 advenis
2534 4560 2591 4612 et
2617 4555 2964 4630 alienigenis
2986 4576 3122 4615 cum
3143 4558 3235 4615 his
3252 4560 3351 4633 qui
3372 4565 3511 4617 sunt
3529 4561 3600 4617 de
3621 4578 3727 4636 po-

308 4644 370 4701 in
401 4646 628 4702 deserto
650 4661 779 4701 esse
798 4661 913 4701 non
937 4644 1183 4701 dubium
1204 4648 1374 4709 est,et
1386 4648 1612 4699 torrens
1630 4640 1965 4714 ingrediens

224 4802 232 4807 _
311 4750 473 4791 mare
505 4733 927 4808 magnum,hoc
956 4732 1112 4806 quod
1141 4731 1367 4806 [Egypti
1392 4729 1814 4802 Palestinaaque
1829 4748 1967 4803 prae-

310 4823 502 4881 tendit
525 4822 843 4891 littoribus,
878 4827 938 4883 et
966 4821 1087 4877 haec
1116 4825 1208 4877 est
1239 4819 1411 4893 plaga
1439 4818 1727 4875 Australis
1759 4819 1830 4874 ad
1854 4819 1967 4875 Me-

315 4911 545 4968 ridiem.
580 4913 718 4969 Post
748 4910 988 4995 plagam
1022 4926 1159 4983 ergo
1216 4907 1522 4981 Aquilonis
1575 4912 1631 4964 et
1688 4908 1961 4977 Orientis,

312 5001 548 5072 quando
567 5006 729 5057 ortus
746 5000 915 5057 nobis
932 5000 1109 5055 fuerit
1134 4997 1219 5055 sol
1239 4998 1502 5070 iustitiae,
1520 4998 1840 5071 accipimus
1852 5000 1967 5055 Me-

316 5088 608 5145 ridianam
639 5089 895 5163 plagam,
938 5090 1174 5161 quando
1233 5103 1436 5143 eorum
1486 5086 1655 5143 nobis
1712 5088 1966 5160 desuper

313 5176 514 5233 lumen
544 5176 895 5246 infunditur,
928 5184 983 5233 et
1013 5194 1149 5233 cum
1179 5175 1483 5232 Abraham
1514 5174 1735 5231 inimus
1766 5177 1964 5231 convi-

312 5267 474 5321 vium
506 5265 659 5337 (Gen.
702 5272 836 5334 χιχ),
872 5271 930 5322 et
957 5266 1320 5322 inebriamur
1349 5264 1503 5332 vino,
1537 5265 1690 5336 quod
1713 5264 1968 5320 laetiﬁcat

317 5358 415 5413 cbr
442 5354 699 5413 hominis
732 5355 843 5427 (Ps.
878 5358 1020 5427 om),
1044 5372 1178 5411 cum
1209 5353 1426 5426 Joseph
1454 5358 1512 5408 et
1534 5354 1814 5409 fratribus
1837 5354 1966 5425 ejus

391 5517 467 5587 (a)
497 5515 812 5597 Editifalso
834 5514 1037 5597 legunt
1063 5524 1267 5597 rimari
1299 5511 1641 5597 Thqmqroth,
1676 5530 1780 5597 pro
1831 5515 1966 5571 Tha-

316 5584 510 5669 mar-ru
539 5590 870 5669 quodmss.
891 5584 1132 5669 codices
1163 5585 1435 5669 retinent.
1472 5584 1642 5669 E‘rror
1661 5585 1965 5669 enimﬁnon

320 5657 430 5717 fuit
459 5658 521 5717 in
559 5654 816 5733 nomine,
849 5659 951 5718 sed
981 5657 1042 5713 in
1101 5657 1425 5714 mutatione
1471 5654 1746 5714 elementi
1798 5658 1966 5716 Resch

2074 4644 2212 4717 pulo
2246 4644 2441 4717 Israel,
2465 4644 2575 4701 hoc
2598 4650 2686 4701 est
2705 4646 3020 4720 indigenis,
3042 4653 3199 4704 terra
3218 4649 3548 4719 dividatur;
3573 4650 3728 4707 nulli

2074 4734 2322 4790 dubium
2356 4734 2623 4790 eamdem
2654 4751 2782 4791 esse
2803 4735 3202 4793 haereditatem
3227 4738 3427 4811 populi
3451 4739 3726 4812 gentium

2074 4827 2131 4879 et
2158 4822 2360 4896 p0puli
2392 4823 2731 4881 Judaaorum
2762 4824 2848 4880 :si
2880 4828 3077 4881 tamen
3108 4827 3373 4884 conversi
3407 4827 3627 4884 fuerint
3642 4830 3720 4885 ad
3750 4860 3755 4863 τ

2075 4910 2298 4967 cultum
2330 4911 2430 4967 Dei
2463 4911 2664 4982 Israel,
2696 4912 2853 4985 quod
2902 4913 3135 4985 proprie
3192 4930 3408 4971 nomen
3458 4916 3731 4989 possidet

2074 4999 2495 5066 Christianum,
2527 5000 2882 5058 habentibus
2909 5002 3132 5059 Judaeis
3166 5002 3336 5077 Legis
3359 5003 3642 5075 litteram,
3664 5010 3730 5062 et

2075 5090 2245 5147 nobis
2275 5088 2549 5163 spiritum
2573 5105 2587 5145 :
2623 5089 2860 5162 illlsque
2889 5090 3227 5148 tenentibus
3248 5094 3645 5162 membranas,
3664 5100 3731 5152 et

2075 5179 2246 5235 nobis
2277 5195 2412 5235 eum
2444 5178 2544 5251 qui
2575 5179 2829 5251 scriptus
2858 5185 2947 5235 est
2976 5180 3036 5236 in
3068 5182 3448 5240 membranis.
3472 5184 3542 5240 Et
3561 5185 3723 5256 apud

2074 5268 2310 5340 Moysen
2325 5271 2479 5324 sorte
2499 5272 2653 5324 terra
2672 5267 2985 5339 dividitur;
3009 5268 3104 5325 hic
3126 5274 3417 5341 autem,ut
3437 5271 3723 5345 diximus,

2075 5356 2303 5413 Domini
2321 5356 2545 5428 judicio
2567 5356 2867 5429 delegatur
2894 5375 2906 5412 :
2932 5376 3166 5432 unaque
3196 5361 3494 5433 possessio
3513 5365 3604 5417 est
3625 5362 3733 5419 ad-

2116 5532 2178 5573 ro
2202 5516 2630 5592 _l_)_alet_l_t:_un_de
2665 5517 2984 5587 Tltamorru,
3019 5535 3123 5592 pro
3167 5520 3477 5578 Thamoddu
3532 5519 3731 5579 Maa'r.

2102 5606 2136 5645 n
2166 5587 2298 5645 aliis
2329 5588 2505 5646 libris
2539 5588 2862 5646 Thomurru.
