  <div class='ocr_page' id='page_1' title='image "/cluster/home/n/w/nwhite01/storage/ocr_20150623/25/hvd.32044096580493/253.png"; bbox 0 0 3996 6184; ppageno 0'>
   <div class='ocr_carea' id='block_1_1' title="bbox 262 221 398 303">
    <p class='ocr_par' dir='ltr' id='par_1_1' title="bbox 262 221 398 303">
     <span class='ocr_line' id='line_1_1' title="bbox 262 221 398 303; baseline -0.022 -21"><span class='ocrx_word' id='word_1_1' title='bbox 262 221 398 303; x_wconf 50' lang='lat'><strong>4,95</strong></span> 
     </span>
    </p>
   </div>
   <div class='ocr_carea' id='block_1_2' title="bbox 1541 214 2449 283">
    <p class='ocr_par' dir='ltr' id='par_1_2' title="bbox 1541 214 2449 283">
     <span class='ocr_line' id='line_1_2' title="bbox 1541 214 2449 283; baseline -0.001 -4"><span class='ocrx_word' id='word_1_2' title='bbox 1541 221 1605 279; x_wconf 91' lang='lat' dir='ltr'><strong>S.</strong></span> <span class='ocrx_word' id='word_1_3' title='bbox 1650 214 1967 281; x_wconf 81' lang='lat' dir='ltr'><strong>EUSEBII</strong></span> <span class='ocrx_word' id='word_1_4' title='bbox 2010 218 2449 283; x_wconf 77' lang='lat' dir='ltr'><strong>HIERONYMI</strong></span> 
     </span>
    </p>
   </div>
   <div class='ocr_carea' id='block_1_3' title="bbox 1470 472 2489 571">
    <p class='ocr_par' dir='ltr' id='par_1_3' title="bbox 1470 472 2489 571">
     <span class='ocr_line' id='line_1_3' title="bbox 1470 472 2489 571; baseline 0.002 -3"><span class='ocrx_word' id='word_1_5' title='bbox 1470 472 2018 571; x_wconf 86' lang='lat' dir='ltr'><strong>INCIPIT</strong></span> <span class='ocrx_word' id='word_1_6' title='bbox 2070 474 2489 571; x_wconf 85' lang='lat' dir='ltr'><em>LIBER</em></span> 
     </span>
    </p>
   </div>
   <div class='ocr_carea' id='block_1_4' title="bbox 1776 658 2188 675">
    <p class='ocr_par' dir='ltr' id='par_1_4' title="bbox 1776 658 2188 675">
     <span class='ocr_line' id='line_1_4' title="bbox 1776 658 2188 675; baseline 0.002 -3"><span class='ocrx_word' id='word_1_7' title='bbox 1776 658 2188 675; x_wconf 57' lang='lat' dir='ltr'><strong>m</strong></span> 
     </span>
    </p>
   </div>
   <div class='ocr_carea' id='block_1_5' title="bbox 349 757 3672 833">
    <p class='ocr_par' dir='ltr' id='par_1_5' title="bbox 349 757 3672 833">
     <span class='ocr_line' id='line_1_5' title="bbox 349 757 3672 833; baseline -0.001 -15"><span class='ocrx_word' id='word_1_8' title='bbox 349 760 504 818; x_wconf 67' lang='lat'><strong>028</strong></span> <span class='ocrx_word' id='word_1_9' title='bbox 525 760 685 833; x_wconf 72' lang='lat' dir='ltr'><strong>(Cap.</strong></span> <span class='ocrx_word' id='word_1_10' title='bbox 709 764 844 815; x_wconf 82' lang='grc'><strong>1,-</strong></span> <span class='ocrx_word' id='word_1_11' title='bbox 863 763 1028 815; x_wconf 82' lang='lat' dir='ltr'><strong>Vers.</strong></span> <span class='ocrx_word' id='word_1_12' title='bbox 1055 761 1131 825; x_wconf 90' lang='grc'><strong>1.)</strong></span> <span class='ocrx_word' id='word_1_13' title='bbox 1160 760 1313 814; x_wconf 83' lang='grc' dir='ltr'><strong>Αηηο</strong></span> <span class='ocrx_word' id='word_1_14' title='bbox 1343 760 1507 814; x_wconf 84' lang='lat' dir='ltr'><strong>tertio</strong></span> <span class='ocrx_word' id='word_1_15' title='bbox 1537 758 1697 831; x_wconf 80' lang='lat' dir='ltr'><strong>regni</strong></span> <span class='ocrx_word' id='word_1_16' title='bbox 1713 758 1919 814; x_wconf 83' lang='lat' dir='ltr'><strong>Joaci-m</strong></span> <span class='ocrx_word' id='word_1_17' title='bbox 1948 760 2001 825; x_wconf 82' lang='grc' dir='ltr'><strong>Α</strong></span> <span class='ocrx_word' id='word_1_18' title='bbox 2031 758 2181 814; x_wconf 85' lang='lat' dir='ltr'><strong>feros</strong></span> <span class='ocrx_word' id='word_1_19' title='bbox 2203 762 2259 814; x_wconf 91' lang='lat' dir='ltr'><strong>et</strong></span> <span class='ocrx_word' id='word_1_20' title='bbox 2280 757 2642 815; x_wconf 83' lang='lat' dir='ltr'><strong>immortales</strong></span> <span class='ocrx_word' id='word_1_21' title='bbox 2665 758 2914 827; x_wconf 90' lang='lat' dir='ltr'><strong>animas,</strong></span> <span class='ocrx_word' id='word_1_22' title='bbox 2947 761 3006 814; x_wconf 89' lang='lat' dir='ltr'><strong>et</strong></span> <span class='ocrx_word' id='word_1_23' title='bbox 3022 774 3209 815; x_wconf 91' lang='lat' dir='ltr'><strong>unum</strong></span> <span class='ocrx_word' id='word_1_24' title='bbox 3229 758 3472 825; x_wconf 84' lang='lat' dir='ltr'><strong>bonum,</strong></span> <span class='ocrx_word' id='word_1_25' title='bbox 3494 757 3672 816; x_wconf 89' lang='lat' dir='ltr'><strong>hone-</strong></span> 
     </span>
    </p>
   </div>
   <div class='ocr_carea' id='block_1_6' title="bbox 281 844 1921 921">
    <p class='ocr_par' dir='ltr' id='par_1_6' title="bbox 281 844 1921 921">
     <span class='ocr_line' id='line_1_6' title="bbox 281 844 1921 921; baseline -0.002 -16"><span class='ocrx_word' id='word_1_26' title='bbox 281 850 423 921; x_wconf 84' lang='lat' dir='ltr'><strong>regis</strong></span> <span class='ocrx_word' id='word_1_27' title='bbox 449 850 608 917; x_wconf 72' lang='lat' dir='ltr'><strong>Iuda,</strong></span> <span class='ocrx_word' id='word_1_28' title='bbox 656 848 803 905; x_wconf 76' lang='lat' dir='ltr'><strong>venit</strong></span> <span class='ocrx_word' id='word_1_29' title='bbox 844 844 1326 904; x_wconf 78' lang='lat' dir='ltr'><strong>Nabuchodonosor</strong></span> <span class='ocrx_word' id='word_1_30' title='bbox 1368 862 1469 902; x_wconf 72' lang='lat' dir='ltr'><strong>rex</strong></span> <span class='ocrx_word' id='word_1_31' title='bbox 1502 846 1802 920; x_wconf 80' lang='lat' dir='ltr'><strong>Babylonis</strong></span> <span class='ocrx_word' id='word_1_32' title='bbox 1830 848 1921 902; x_wconf 83' lang='lat' dir='ltr'><strong>Je-</strong></span> 
     </span>
    </p>
   </div>
   <div class='ocr_carea' id='block_1_7' title="bbox 277 934 1922 1007">
    <p class='ocr_par' dir='ltr' id='par_1_7' title="bbox 277 934 1922 1007">
     <span class='ocr_line' id='line_1_7' title="bbox 277 934 1922 1007; baseline -0.004 -12"><span class='ocrx_word' id='word_1_33' title='bbox 277 938 541 1007; x_wconf 83' lang='lat' dir='ltr'><strong>rusalem,</strong></span> <span class='ocrx_word' id='word_1_34' title='bbox 589 942 643 994; x_wconf 86' lang='lat' dir='ltr'><strong>et</strong></span> <span class='ocrx_word' id='word_1_35' title='bbox 684 936 887 994; x_wconf 78' lang='lat' dir='ltr'><strong>obsedit</strong></span> <span class='ocrx_word' id='word_1_36' title='bbox 914 953 1055 994; x_wconf 91' lang='lat' dir='ltr'><strong>eam.</strong></span> <span class='ocrx_word' id='word_1_37' title='bbox 1107 934 1329 992; x_wconf 86' lang='lat' dir='ltr'><strong>Joacim</strong></span> <span class='ocrx_word' id='word_1_38' title='bbox 1360 934 1518 991; x_wconf 79' lang='lat' dir='ltr'><strong>illius</strong></span> <span class='ocrx_word' id='word_1_39' title='bbox 1547 934 1719 991; x_wconf 71' lang='lat' dir='ltr'><strong>Josia:</strong></span> <span class='ocrx_word' id='word_1_40' title='bbox 1752 935 1922 1006; x_wconf 85' lang='lat' dir='ltr'><strong>cujus</strong></span> 
     </span>
    </p>
   </div>
   <div class='ocr_carea' id='block_1_8' title="bbox 278 1016 1919 1097">
    <p class='ocr_par' dir='ltr' id='par_1_8' title="bbox 278 1016 1919 1097">
     <span class='ocr_line' id='line_1_8' title="bbox 278 1016 1919 1097; baseline -0.002 -15"><span class='ocrx_word' id='word_1_41' title='bbox 278 1016 449 1084; x_wconf 79' lang='lat' dir='ltr'><strong>tertio</strong></span> <span class='ocrx_word' id='word_1_42' title='bbox 478 1024 705 1083; x_wconf 85' lang='lat' dir='ltr'><strong>decimo</strong></span> <span class='ocrx_word' id='word_1_43' title='bbox 736 1042 887 1082; x_wconf 89' lang='lat' dir='ltr'><strong>anno</strong></span> <span class='ocrx_word' id='word_1_44' title='bbox 917 1022 1264 1097; x_wconf 82' lang='lat' dir='ltr'><strong>prophetare</strong></span> <span class='ocrx_word' id='word_1_45' title='bbox 1295 1038 1465 1079; x_wconf 84' lang='lat' dir='ltr'><strong>orsus</strong></span> <span class='ocrx_word' id='word_1_46' title='bbox 1498 1026 1585 1079; x_wconf 88' lang='lat' dir='ltr'><strong>est</strong></span> <span class='ocrx_word' id='word_1_47' title='bbox 1611 1022 1919 1090; x_wconf 90' lang='lat' dir='ltr'><strong>Jeremias,</strong></span> 
     </span>
    </p>
   </div>
   <div class='ocr_carea' id='block_1_9' title="bbox 280 1110 1922 1188">
    <p class='ocr_par' dir='ltr' id='par_1_9' title="bbox 280 1110 1922 1188">
     <span class='ocr_line' id='line_1_9' title="bbox 280 1110 1922 1188; baseline -0.003 -16"><span class='ocrx_word' id='word_1_48' title='bbox 280 1116 392 1172; x_wconf 89' lang='lat' dir='ltr'><strong>sub</strong></span> <span class='ocrx_word' id='word_1_49' title='bbox 413 1131 528 1188; x_wconf 91' lang='lat' dir='ltr'><strong>quo</strong></span> <span class='ocrx_word' id='word_1_50' title='bbox 549 1118 606 1172; x_wconf 90' lang='lat' dir='ltr'><strong>et</strong></span> <span class='ocrx_word' id='word_1_51' title='bbox 624 1112 772 1171; x_wconf 90' lang='lat' dir='ltr'><strong>Olda</strong></span> <span class='ocrx_word' id='word_1_52' title='bbox 792 1113 1003 1170; x_wconf 82' lang='lat' dir='ltr'><strong>mulier</strong></span> <span class='ocrx_word' id='word_1_53' title='bbox 1024 1112 1406 1185; x_wconf 89' lang='lat' dir='ltr'><strong>prophetavit,</strong></span> <span class='ocrx_word' id='word_1_54' title='bbox 1436 1111 1559 1184; x_wconf 91' lang='lat' dir='ltr'><strong>ipse</strong></span> <span class='ocrx_word' id='word_1_55' title='bbox 1580 1114 1667 1167; x_wconf 90' lang='lat' dir='ltr'><strong>est</strong></span> <span class='ocrx_word' id='word_1_56' title='bbox 1689 1110 1788 1182; x_wconf 89' lang='lat' dir='ltr'><strong>qui</strong></span> <span class='ocrx_word' id='word_1_57' title='bbox 1811 1111 1922 1167; x_wconf 92' lang='lat' dir='ltr'><strong>alio</strong></span> 
     </span>
    </p>
   </div>
   <div class='ocr_carea' id='block_1_10' title="bbox 270 1197 1923 1276">
    <p class='ocr_par' dir='ltr' id='par_1_10' title="bbox 270 1197 1923 1276">
     <span class='ocr_line' id='line_1_10' title="bbox 270 1197 1923 1276; baseline -0.005 -15"><span class='ocrx_word' id='word_1_58' title='bbox 270 1199 518 1261; x_wconf 83' lang='lat' dir='ltr'><strong>nomine</strong></span> <span class='ocrx_word' id='word_1_59' title='bbox 537 1202 864 1276; x_wconf 83' lang='lat' dir='ltr'><strong>appellatur</strong></span> <span class='ocrx_word' id='word_1_60' title='bbox 885 1199 1225 1269; x_wconf 84' lang='lat' dir='ltr'><strong>Heliachim,</strong></span> <span class='ocrx_word' id='word_1_61' title='bbox 1250 1206 1306 1256; x_wconf 90' lang='lat' dir='ltr'><strong>et</strong></span> <span class='ocrx_word' id='word_1_62' title='bbox 1328 1199 1588 1274; x_wconf 81' lang='lat' dir='ltr'><strong>regnavit</strong></span> <span class='ocrx_word' id='word_1_63' title='bbox 1619 1217 1795 1274; x_wconf 84' lang='lat' dir='ltr'><strong>super</strong></span> <span class='ocrx_word' id='word_1_64' title='bbox 1819 1197 1923 1253; x_wconf 84' lang='lat' dir='ltr'><strong>tri-</strong></span> 
     </span>
    </p>
   </div>
   <div class='ocr_carea' id='block_1_11' title="bbox 281 1289 1923 1351">
    <p class='ocr_par' dir='ltr' id='par_1_11' title="bbox 281 1289 1923 1351">
     <span class='ocr_line' id='line_1_11' title="bbox 281 1289 1923 1351; baseline -0.003 -2"><span class='ocrx_word' id='word_1_65' title='bbox 281 1293 423 1350; x_wconf 87' lang='lat' dir='ltr'><strong>bum</strong></span> <span class='ocrx_word' id='word_1_66' title='bbox 451 1293 606 1349; x_wconf 81' lang='lat' dir='ltr'><strong>Juda</strong></span> <span class='ocrx_word' id='word_1_67' title='bbox 636 1296 692 1347; x_wconf 90' lang='lat' dir='ltr'><strong>et</strong></span> <span class='ocrx_word' id='word_1_68' title='bbox 719 1290 1043 1347; x_wconf 82' lang='lat' dir='ltr'><strong>Jerusalem</strong></span> <span class='ocrx_word' id='word_1_69' title='bbox 1092 1290 1260 1345; x_wconf 86' lang='lat' dir='ltr'><strong>annis</strong></span> <span class='ocrx_word' id='word_1_70' title='bbox 1291 1289 1562 1351; x_wconf 81' lang='lat' dir='ltr'>undecim</span> <span class='ocrx_word' id='word_1_71' title='bbox 1592 1305 1604 1345; x_wconf 89' lang='lat'><strong>:</strong></span> <span class='ocrx_word' id='word_1_72' title='bbox 1655 1289 1747 1344; x_wconf 91' lang='lat' dir='ltr'><strong>cui</strong></span> <span class='ocrx_word' id='word_1_73' title='bbox 1791 1305 1923 1344; x_wconf 89' lang='lat' dir='ltr'><strong>suc-</strong></span> 
     </span>
    </p>
   </div>
   <div class='ocr_carea' id='block_1_12' title="bbox 274 1376 1923 1454">
    <p class='ocr_par' dir='ltr' id='par_1_12' title="bbox 274 1376 1923 1454">
     <span class='ocr_line' id='line_1_12' title="bbox 274 1376 1923 1454; baseline -0.002 -17"><span class='ocrx_word' id='word_1_74' title='bbox 274 1378 458 1438; x_wconf 82' lang='lat' dir='ltr'><strong>cessit</strong></span> <span class='ocrx_word' id='word_1_75' title='bbox 485 1382 545 1436; x_wconf 91' lang='lat' dir='ltr'><strong>in</strong></span> <span class='ocrx_word' id='word_1_76' title='bbox 574 1396 822 1454; x_wconf 84' lang='lat' dir='ltr'><strong>regnum</strong></span> <span class='ocrx_word' id='word_1_77' title='bbox 852 1378 1010 1433; x_wconf 77' lang='lat' dir='ltr'><strong>illius</strong></span> <span class='ocrx_word' id='word_1_78' title='bbox 1041 1379 1169 1449; x_wconf 85' lang='lat' dir='ltr'><strong>ejus</strong></span> <span class='ocrx_word' id='word_1_79' title='bbox 1192 1376 1482 1445; x_wconf 85' lang='lat' dir='ltr'><strong>Joachim,</strong></span> <span class='ocrx_word' id='word_1_80' title='bbox 1540 1380 1923 1449; x_wconf 84' lang='lat' dir='ltr'><strong>cognomento</strong></span> 
     </span>
    </p>
   </div>
   <div class='ocr_carea' id='block_1_13' title="bbox 252 1464 1923 1540">
    <p class='ocr_par' dir='ltr' id='par_1_13' title="bbox 252 1464 1923 1540">
     <span class='ocr_line' id='line_1_13' title="bbox 252 1464 1923 1540; baseline -0.003 -14"><span class='ocrx_word' id='word_1_81' title='bbox 252 1470 621 1537; x_wconf 80' lang='lat' dir='ltr'><strong>-Jechonias;</strong></span> <span class='ocrx_word' id='word_1_82' title='bbox 655 1468 755 1540; x_wconf 88' lang='lat' dir='ltr'>qui</span> <span class='ocrx_word' id='word_1_83' title='bbox 783 1468 952 1523; x_wconf 89' lang='lat' dir='ltr'><strong>tertio</strong></span> <span class='ocrx_word' id='word_1_84' title='bbox 984 1482 1185 1524; x_wconf 87' lang='lat' dir='ltr'><strong>mense</strong></span> <span class='ocrx_word' id='word_1_85' title='bbox 1218 1466 1379 1539; x_wconf 85' lang='lat' dir='ltr'><strong>regni</strong></span> <span class='ocrx_word' id='word_1_86' title='bbox 1407 1465 1517 1537; x_wconf 91' lang='lat' dir='ltr'><strong>sui,</strong></span> <span class='ocrx_word' id='word_1_87' title='bbox 1553 1465 1645 1521; x_wconf 87' lang='lat' dir='ltr'><strong>die</strong></span> <span class='ocrx_word' id='word_1_88' title='bbox 1677 1464 1923 1536; x_wconf 88' lang='lat' dir='ltr'><strong>decimo,</strong></span> 
     </span>
    </p>
   </div>
   <div class='ocr_carea' id='block_1_14' title="bbox 254 1554 1927 1631">
    <p class='ocr_par' dir='ltr' id='par_1_14' title="bbox 254 1554 1927 1631">
     <span class='ocr_line' id='line_1_14' title="bbox 254 1554 1927 1631; baseline -0.004 -16"><span class='ocrx_word' id='word_1_89' title='bbox 254 1566 261 1570; x_wconf 68' lang='lat'><em>‘</em></span> <span class='ocrx_word' id='word_1_90' title='bbox 278 1561 484 1631; x_wconf 90' lang='lat' dir='ltr'><strong>captus</strong></span> <span class='ocrx_word' id='word_1_91' title='bbox 502 1560 592 1613; x_wconf 91' lang='lat' dir='ltr'><strong>est</strong></span> <span class='ocrx_word' id='word_1_92' title='bbox 607 1573 640 1613; x_wconf 90' lang='lat' dir='ltr'><strong>a</strong></span> <span class='ocrx_word' id='word_1_93' title='bbox 655 1554 903 1612; x_wconf 89' lang='lat' dir='ltr'><strong>ducibus</strong></span> <span class='ocrx_word' id='word_1_94' title='bbox 916 1555 1473 1622; x_wconf 81' lang='lat' dir='ltr'><strong>Nabuchodonosor,</strong></span> <span class='ocrx_word' id='word_1_95' title='bbox 1489 1556 1816 1628; x_wconf 88' lang='lat' dir='ltr'><strong>ductusque</strong></span> <span class='ocrx_word' id='word_1_96' title='bbox 1838 1559 1927 1610; x_wconf 88' lang='lat' dir='ltr'><strong>est</strong></span> 
     </span>
    </p>
   </div>
   <div class='ocr_carea' id='block_1_15' title="bbox 277 1642 1924 1717">
    <p class='ocr_par' dir='ltr' id='par_1_15' title="bbox 277 1642 1924 1717">
     <span class='ocr_line' id='line_1_15' title="bbox 277 1642 1924 1717; baseline -0.001 -17"><span class='ocrx_word' id='word_1_97' title='bbox 277 1645 338 1700; x_wconf 89' lang='lat' dir='ltr'><strong>in</strong></span> <span class='ocrx_word' id='word_1_98' title='bbox 355 1644 730 1717; x_wconf 76' lang='lat' dir='ltr'><strong>Babylonem,</strong></span> <span class='ocrx_word' id='word_1_99' title='bbox 748 1648 804 1700; x_wconf 89' lang='lat' dir='ltr'><strong>et</strong></span> <span class='ocrx_word' id='word_1_100' title='bbox 818 1642 1022 1699; x_wconf 84' lang='lat' dir='ltr'><strong>inloco</strong></span> <span class='ocrx_word' id='word_1_101' title='bbox 1042 1645 1168 1714; x_wconf 83' lang='lat' dir='ltr'><strong>ejus</strong></span> <span class='ocrx_word' id='word_1_102' title='bbox 1185 1642 1537 1700; x_wconf 87' lang='lat' dir='ltr'><strong>constitutus</strong></span> <span class='ocrx_word' id='word_1_103' title='bbox 1554 1642 1924 1699; x_wconf 68' lang='lat' dir='ltr'><strong>est‘Sedecias</strong></span> 
     </span>
    </p>
   </div>
   <div class='ocr_carea' id='block_1_16' title="bbox 254 1730 1924 1804">
    <p class='ocr_par' dir='ltr' id='par_1_16' title="bbox 254 1730 1924 1804">
     <span class='ocr_line' id='line_1_16' title="bbox 254 1730 1924 1804; baseline 0.001 -17"><span class='ocrx_word' id='word_1_104' title='bbox 254 1731 436 1789; x_wconf 59' lang='lat' dir='ltr'><strong>&#39;ﬂlius</strong></span> <span class='ocrx_word' id='word_1_105' title='bbox 454 1732 628 1789; x_wconf 71' lang='lat' dir='ltr'><strong>Josiaz</strong></span> <span class='ocrx_word' id='word_1_106' title='bbox 649 1735 892 1804; x_wconf 87' lang='lat' dir='ltr'><strong>patruus</strong></span> <span class='ocrx_word' id='word_1_107' title='bbox 918 1732 1067 1803; x_wconf 87' lang='lat' dir='ltr'><strong>ejus,</strong></span> <span class='ocrx_word' id='word_1_108' title='bbox 1102 1731 1273 1802; x_wconf 90' lang='lat' dir='ltr'><strong>cujus</strong></span> <span class='ocrx_word' id='word_1_109' title='bbox 1305 1746 1457 1787; x_wconf 91' lang='lat' dir='ltr'><strong>anno</strong></span> <span class='ocrx_word' id='word_1_110' title='bbox 1485 1730 1794 1787; x_wconf 90' lang='lat' dir='ltr'><strong>undecimo</strong></span> <span class='ocrx_word' id='word_1_111' title='bbox 1822 1730 1924 1788; x_wconf 89' lang='lat' dir='ltr'><strong>Je-</strong></span> 
     </span>
    </p>
   </div>
   <div class='ocr_carea' id='block_1_17' title="bbox 256 1816 1926 1894">
    <p class='ocr_par' dir='ltr' id='par_1_17' title="bbox 256 1816 1926 1894">
     <span class='ocr_line' id='line_1_17' title="bbox 256 1816 1926 1894; baseline -0.002 -17"><span class='ocrx_word' id='word_1_112' title='bbox 256 1816 533 1877; x_wconf 61' lang='lat' dir='ltr'><strong>rusalem</strong></span> <span class='ocrx_word' id='word_1_113' title='bbox 554 1824 723 1894; x_wconf 86' lang='lat' dir='ltr'><strong>capta</strong></span> <span class='ocrx_word' id='word_1_114' title='bbox 743 1823 917 1891; x_wconf 89' lang='lat' dir='ltr'><strong>atque</strong></span> <span class='ocrx_word' id='word_1_115' title='bbox 933 1820 1214 1876; x_wconf 87' lang='lat' dir='ltr'><strong>subversa</strong></span> <span class='ocrx_word' id='word_1_116' title='bbox 1233 1822 1339 1876; x_wconf 87' lang='lat' dir='ltr'><strong>est.</strong></span> <span class='ocrx_word' id='word_1_117' title='bbox 1364 1818 1543 1875; x_wconf 88' lang='lat' dir='ltr'><strong>Nemo</strong></span> <span class='ocrx_word' id='word_1_118' title='bbox 1563 1818 1740 1892; x_wconf 83' lang='lat' dir='ltr'>igitur</span> <span class='ocrx_word' id='word_1_119' title='bbox 1761 1822 1926 1891; x_wconf 90' lang='lat' dir='ltr'><strong>putet</strong></span> 
     </span>
    </p>
   </div>
   <div class='ocr_carea' id='block_1_18' title="bbox 277 1902 1923 1980">
    <p class='ocr_par' dir='ltr' id='par_1_18' title="bbox 277 1902 1923 1980">
     <span class='ocr_line' id='line_1_18' title="bbox 277 1902 1923 1980; baseline -0.002 -15"><span class='ocrx_word' id='word_1_120' title='bbox 277 1902 551 1967; x_wconf 88' lang='lat' dir='ltr'><strong>eumdem</strong></span> <span class='ocrx_word' id='word_1_121' title='bbox 578 1910 641 1965; x_wconf 87' lang='lat' dir='ltr'><strong>in</strong></span> <span class='ocrx_word' id='word_1_122' title='bbox 674 1908 929 1965; x_wconf 87' lang='lat' dir='ltr'><strong>Danielis</strong></span> <span class='ocrx_word' id='word_1_123' title='bbox 959 1907 1244 1980; x_wconf 87' lang='lat' dir='ltr'><strong>principio</strong></span> <span class='ocrx_word' id='word_1_124' title='bbox 1274 1924 1403 1964; x_wconf 90' lang='lat' dir='ltr'><strong>esse</strong></span> <span class='ocrx_word' id='word_1_125' title='bbox 1433 1907 1677 1978; x_wconf 88' lang='lat' dir='ltr'><strong>Joacim,</strong></span> <span class='ocrx_word' id='word_1_126' title='bbox 1728 1907 1828 1977; x_wconf 88' lang='lat' dir='ltr'>qui</span> <span class='ocrx_word' id='word_1_127' title='bbox 1864 1906 1923 1962; x_wconf 91' lang='lat' dir='ltr'><strong>in</strong></span> 
     </span>
    </p>
   </div>
   <div class='ocr_carea' id='block_1_19' title="bbox 274 1992 1922 2065">
    <p class='ocr_par' dir='ltr' id='par_1_19' title="bbox 274 1992 1922 2065">
     <span class='ocr_line' id='line_1_19' title="bbox 274 1992 1922 2065; baseline -0.004 -10"><span class='ocrx_word' id='word_1_128' title='bbox 274 1995 591 2055; x_wconf 85' lang='lat' dir='ltr'><strong>Ezechielis</strong></span> <span class='ocrx_word' id='word_1_129' title='bbox 638 1992 871 2053; x_wconf 84' lang='lat' dir='ltr'><strong>exordio</strong></span> <span class='ocrx_word' id='word_1_130' title='bbox 898 1994 1142 2065; x_wconf 87' lang='lat' dir='ltr'><strong>Joachin</strong></span> <span class='ocrx_word' id='word_1_131' title='bbox 1166 1995 1460 2051; x_wconf 78' lang='lat' dir='ltr'><strong>scribitur.</strong></span> <span class='ocrx_word' id='word_1_132' title='bbox 1495 1994 1608 2050; x_wconf 89' lang='lat' dir='ltr'><strong>Iste</strong></span> <span class='ocrx_word' id='word_1_133' title='bbox 1637 1994 1793 2050; x_wconf 90' lang='lat' dir='ltr'><strong>enim</strong></span> <span class='ocrx_word' id='word_1_134' title='bbox 1825 2011 1922 2050; x_wconf 88' lang='lat' dir='ltr'><strong>ex-</strong></span> 
     </span>
    </p>
   </div>
   <div class='ocr_carea' id='block_1_20' title="bbox 2031 846 3679 920">
    <p class='ocr_par' dir='ltr' id='par_1_20' title="bbox 2031 846 3679 920">
     <span class='ocr_line' id='line_1_20' title="bbox 2031 846 3679 920; baseline 0.001 -19"><span class='ocrx_word' id='word_1_135' title='bbox 2031 850 2281 913; x_wconf 90' lang='lat' dir='ltr'><strong>statem;</strong></span> <span class='ocrx_word' id='word_1_136' title='bbox 2332 847 2434 901; x_wconf 88' lang='lat' dir='ltr'><strong>sed</strong></span> <span class='ocrx_word' id='word_1_137' title='bbox 2467 846 2604 918; x_wconf 83' lang='lat' dir='ltr'><strong>quia</strong></span> <span class='ocrx_word' id='word_1_138' title='bbox 2624 848 2887 920; x_wconf 85' lang='lat' dir='ltr'><strong>jungunt</strong></span> <span class='ocrx_word' id='word_1_139' title='bbox 2916 847 3291 904; x_wconf 89' lang='lat' dir='ltr'><strong>mendacium</strong></span> <span class='ocrx_word' id='word_1_140' title='bbox 3331 847 3577 915; x_wconf 78' lang='lat' dir='ltr'><strong>veritati,</strong></span> <span class='ocrx_word' id='word_1_141' title='bbox 3621 851 3679 904; x_wconf 88' lang='lat' dir='ltr'><strong>et</strong></span> 
     </span>
    </p>
   </div>
   <div class='ocr_carea' id='block_1_21' title="bbox 2033 932 3679 1007">
    <p class='ocr_par' dir='ltr' id='par_1_21' title="bbox 2033 932 3679 1007">
     <span class='ocr_line' id='line_1_21' title="bbox 2033 932 3679 1007; baseline 0.002 -19"><span class='ocrx_word' id='word_1_142' title='bbox 2033 936 2253 989; x_wconf 69' lang='lat' dir='ltr'><strong>natura:</strong></span> <span class='ocrx_word' id='word_1_143' title='bbox 2284 934 2504 989; x_wconf 89' lang='lat' dir='ltr'><strong>bonum</strong></span> <span class='ocrx_word' id='word_1_144' title='bbox 2537 932 2742 990; x_wconf 89' lang='lat' dir='ltr'><strong>multis</strong></span> <span class='ocrx_word' id='word_1_145' title='bbox 2776 933 3027 1007; x_wconf 90' lang='lat' dir='ltr'><strong>perdunt</strong></span> <span class='ocrx_word' id='word_1_146' title='bbox 3057 932 3247 1006; x_wconf 86' lang='lat' dir='ltr'><strong>malis,</strong></span> <span class='ocrx_word' id='word_1_147' title='bbox 3294 932 3424 992; x_wconf 90' lang='lat' dir='ltr'><strong>ideo</strong></span> <span class='ocrx_word' id='word_1_148' title='bbox 3453 938 3679 1007; x_wconf 86' lang='lat' dir='ltr'><strong>partem</strong></span> 
     </span>
    </p>
   </div>
   <div class='ocr_carea' id='block_1_22' title="bbox 2033 1021 3685 1095">
    <p class='ocr_par' dir='ltr' id='par_1_22' title="bbox 2033 1021 3685 1095">
     <span class='ocr_line' id='line_1_22' title="bbox 2033 1021 3685 1095; baseline 0.004 -20"><span class='ocrx_word' id='word_1_149' title='bbox 2033 1038 2305 1077; x_wconf 86' lang='lat' dir='ltr'><strong>vasorum</strong></span> <span class='ocrx_word' id='word_1_150' title='bbox 2330 1021 2540 1077; x_wconf 92' lang='lat' dir='ltr'><strong>domus</strong></span> <span class='ocrx_word' id='word_1_151' title='bbox 2564 1021 2688 1087; x_wconf 90' lang='lat' dir='ltr'><strong>Dei,</strong></span> <span class='ocrx_word' id='word_1_152' title='bbox 2717 1024 2773 1077; x_wconf 90' lang='lat' dir='ltr'><strong>et</strong></span> <span class='ocrx_word' id='word_1_153' title='bbox 2806 1039 2919 1077; x_wconf 91' lang='lat' dir='ltr'><strong>non</strong></span> <span class='ocrx_word' id='word_1_154' title='bbox 2951 1023 3148 1079; x_wconf 88' lang='lat' dir='ltr'><strong>omnia</strong></span> <span class='ocrx_word' id='word_1_155' title='bbox 3176 1039 3314 1080; x_wconf 86' lang='lat' dir='ltr'><strong>vasa</strong></span> <span class='ocrx_word' id='word_1_156' title='bbox 3342 1022 3572 1095; x_wconf 84' lang='lat' dir='ltr'><strong>integra</strong></span> <span class='ocrx_word' id='word_1_157' title='bbox 3597 1026 3685 1081; x_wconf 85' lang='lat' dir='ltr'><strong>at-</strong></span> 
     </span>
    </p>
   </div>
   <div class='ocr_carea' id='block_1_23' title="bbox 2038 1110 3135 1183">
    <p class='ocr_par' dir='ltr' id='par_1_23' title="bbox 2038 1110 3135 1183">
     <span class='ocr_line' id='line_1_23' title="bbox 2038 1110 3135 1183; baseline 0.002 -18"><span class='ocrx_word' id='word_1_158' title='bbox 2038 1126 2150 1181; x_wconf 90' lang='lat' dir='ltr'><strong>que</strong></span> <span class='ocrx_word' id='word_1_159' title='bbox 2178 1110 2436 1181; x_wconf 84' lang='lat' dir='ltr'><strong>perlecta</strong></span> <span class='ocrx_word' id='word_1_160' title='bbox 2465 1110 2691 1183; x_wconf 88' lang='lat' dir='ltr'><strong>cepisse</strong></span> <span class='ocrx_word' id='word_1_161' title='bbox 2716 1115 3135 1169; x_wconf 84' lang='lat' dir='ltr'><strong>memorantur.</strong></span> 
     </span>
    </p>
   </div>
   <div class='ocr_carea' id='block_1_24' title="bbox 2105 1197 3690 1274">
    <p class='ocr_par' dir='ltr' id='par_1_24' title="bbox 2105 1197 3690 1274">
     <span class='ocr_line' id='line_1_24' title="bbox 2105 1197 3690 1274; baseline 0.004 -23"><span class='ocrx_word' id='word_1_162' title='bbox 2105 1198 2290 1269; x_wconf 71' lang='lat' dir='ltr'><strong>(Vere.</strong></span> <span class='ocrx_word' id='word_1_163' title='bbox 2323 1200 2400 1267; x_wconf 89' lang='lat'><strong>3.)</strong></span> <span class='ocrx_word' id='word_1_164' title='bbox 2432 1199 2497 1253; x_wconf 86' lang='lat' dir='ltr'><strong>Et</strong></span> <span class='ocrx_word' id='word_1_165' title='bbox 2525 1199 2605 1253; x_wconf 96' lang='lat' dir='ltr'><strong>ait</strong></span> <span class='ocrx_word' id='word_1_166' title='bbox 2634 1215 2738 1254; x_wconf 70' lang='lat' dir='ltr'><strong>rex</strong></span> <span class='ocrx_word' id='word_1_167' title='bbox 2780 1197 3063 1270; x_wconf 74' lang='lat' dir='ltr'><strong>Asphanez.</strong></span> <span class='ocrx_word' id='word_1_168' title='bbox 3093 1201 3387 1274; x_wconf 66' lang='lat' dir='ltr'><strong>praeposito</strong></span> <span class='ocrx_word' id='word_1_169' title='bbox 3415 1200 3690 1257; x_wconf 83' lang='lat' dir='ltr'><strong>eunucho-</strong></span> 
     </span>
    </p>
   </div>
   <div class='ocr_carea' id='block_1_25' title="bbox 2034 1284 3690 1361">
    <p class='ocr_par' dir='ltr' id='par_1_25' title="bbox 2034 1284 3690 1361">
     <span class='ocr_line' id='line_1_25' title="bbox 2034 1284 3690 1361; baseline 0.001 -19"><span class='ocrx_word' id='word_1_170' title='bbox 2034 1304 2159 1342; x_wconf 89' lang='lat' dir='ltr'><strong>rum</strong></span> <span class='ocrx_word' id='word_1_171' title='bbox 2188 1303 2412 1342; x_wconf 82' lang='lat' dir='ltr'><strong>suorum</strong></span> <span class='ocrx_word' id='word_1_172' title='bbox 2435 1286 2627 1360; x_wconf 76' lang='lat' dir='ltr'><strong>(Vulg.</strong></span> <span class='ocrx_word' id='word_1_173' title='bbox 2652 1288 2805 1344; x_wconf 87' lang='lat' dir='ltr'><strong>tacet</strong></span> <span class='ocrx_word' id='word_1_174' title='bbox 2825 1288 3094 1358; x_wconf 77' lang='lat' dir='ltr'><strong>suorum],</strong></span> <span class='ocrx_word' id='word_1_175' title='bbox 3129 1288 3206 1361; x_wconf 88' lang='lat' dir='ltr'><strong>(d)</strong></span> <span class='ocrx_word' id='word_1_176' title='bbox 3237 1284 3296 1344; x_wconf 80' lang='lat' dir='ltr'><strong>ut</strong></span> <span class='ocrx_word' id='word_1_177' title='bbox 3314 1289 3690 1346; x_wconf 76' lang='lat' dir='ltr'><strong>introduceret</strong></span> 
     </span>
    </p>
   </div>
   <div class='ocr_carea' id='block_1_26' title="bbox 2033 1368 3693 1450">
    <p class='ocr_par' dir='ltr' id='par_1_26' title="bbox 2033 1368 3693 1450">
     <span class='ocr_line' id='line_1_26' title="bbox 2033 1368 3693 1450; baseline 0.004 -21"><span class='ocrx_word' id='word_1_178' title='bbox 2033 1374 2098 1431; x_wconf 87' lang='lat' dir='ltr'><strong>de</strong></span> <span class='ocrx_word' id='word_1_179' title='bbox 2126 1374 2258 1445; x_wconf 84' lang='lat' dir='ltr'><strong>ﬁliis</strong></span> <span class='ocrx_word' id='word_1_180' title='bbox 2286 1376 2460 1432; x_wconf 78' lang='lat' dir='ltr'><strong>Israel</strong></span> <span class='ocrx_word' id='word_1_181' title='bbox 2482 1378 2537 1430; x_wconf 90' lang='lat' dir='ltr'><strong>et</strong></span> <span class='ocrx_word' id='word_1_182' title='bbox 2562 1376 2630 1431; x_wconf 84' lang='lat' dir='ltr'><strong>de</strong></span> <span class='ocrx_word' id='word_1_183' title='bbox 2659 1378 2866 1432; x_wconf 88' lang='lat' dir='ltr'><strong>semine</strong></span> <span class='ocrx_word' id='word_1_184' title='bbox 2895 1378 3044 1445; x_wconf 87' lang='lat' dir='ltr'><strong>regio</strong></span> <span class='ocrx_word' id='word_1_185' title='bbox 3074 1384 3126 1433; x_wconf 87' lang='lat' dir='ltr'><strong>et</strong></span> <span class='ocrx_word' id='word_1_186' title='bbox 3148 1381 3535 1450; x_wconf 78' lang='lat' dir='ltr'><strong>tyrannorum,</strong></span> <span class='ocrx_word' id='word_1_187' title='bbox 3554 1368 3693 1450; x_wconf 78' lang='lat' dir='ltr'><strong>pue-</strong></span> 
     </span>
    </p>
   </div>
   <div class='ocr_carea' id='block_1_27' title="bbox 2034 1454 3691 1538">
    <p class='ocr_par' dir='ltr' id='par_1_27' title="bbox 2034 1454 3691 1538">
     <span class='ocr_line' id='line_1_27' title="bbox 2034 1454 3691 1538; baseline 0.002 -19"><span class='ocrx_word' id='word_1_188' title='bbox 2034 1480 2122 1519; x_wconf 85' lang='lat' dir='ltr'><strong>ros</strong></span> <span class='ocrx_word' id='word_1_189' title='bbox 2152 1466 2212 1518; x_wconf 88' lang='lat' dir='ltr'><strong>in</strong></span> <span class='ocrx_word' id='word_1_190' title='bbox 2241 1464 2436 1535; x_wconf 79' lang='lat' dir='ltr'><strong>quibus</strong></span> <span class='ocrx_word' id='word_1_191' title='bbox 2464 1462 2625 1519; x_wconf 81' lang='lat' dir='ltr'><strong>nulla</strong></span> <span class='ocrx_word' id='word_1_192' title='bbox 2654 1472 2789 1519; x_wconf 80' lang='lat' dir='ltr'><strong>esset</strong></span> <span class='ocrx_word' id='word_1_193' title='bbox 2829 1464 3065 1521; x_wconf 88' lang='lat' dir='ltr'><strong>macula.</strong></span> <span class='ocrx_word' id='word_1_194' title='bbox 3120 1466 3230 1523; x_wconf 90' lang='lat' dir='ltr'><strong>Pro</strong></span> <span class='ocrx_word' id='word_1_195' title='bbox 3277 1454 3585 1538; x_wconf 70' lang='lat' dir='ltr'><strong>Asphanez</strong></span> <span class='ocrx_word' id='word_1_196' title='bbox 3622 1466 3691 1523; x_wconf 87' lang='lat' dir='ltr'><strong>in</strong></span> 
     </span>
    </p>
   </div>
   <div class='ocr_carea' id='block_1_28' title="bbox 2036 1544 3697 1632">
    <p class='ocr_par' dir='ltr' id='par_1_28' title="bbox 2036 1544 3697 1632">
     <span class='ocr_line' id='line_1_28' title="bbox 2036 1544 3697 1632; baseline 0.001 -25"><span class='ocrx_word' id='word_1_197' title='bbox 2036 1552 2287 1608; x_wconf 86' lang='lat' dir='ltr'><strong>editione</strong></span> <span class='ocrx_word' id='word_1_198' title='bbox 2301 1552 2537 1625; x_wconf 87' lang='lat' dir='ltr'><strong>vulgata</strong></span> <span class='ocrx_word' id='word_1_199' title='bbox 2554 1546 2653 1621; x_wconf 80' lang='grc' dir='ltr'>ἀϐρ</span> <span class='ocrx_word' id='word_1_200' title='bbox 2666 1548 2830 1623; x_wconf 79' lang='grc' dir='ltr'><strong>ιεσδρὶ</strong></span> <span class='ocrx_word' id='word_1_201' title='bbox 2849 1554 3134 1626; x_wconf 90' lang='lat' dir='ltr'><strong>scriptum</strong></span> <span class='ocrx_word' id='word_1_202' title='bbox 3148 1544 3426 1627; x_wconf 50' lang='lat' dir='ltr'><strong>reperiet</strong></span> <span class='ocrx_word' id='word_1_203' title='bbox 3440 1571 3544 1631; x_wconf 81' lang='lat' dir='ltr'><strong>pro</strong></span> <span class='ocrx_word' id='word_1_204' title='bbox 3561 1573 3697 1632; x_wconf 76' lang='grc' dir='ltr'>φορ-</span> 
     </span>
    </p>
   </div>
   <div class='ocr_carea' id='block_1_29' title="bbox 2034 1638 3698 1717">
    <p class='ocr_par' dir='ltr' id='par_1_29' title="bbox 2034 1638 3698 1717">
     <span class='ocr_line' id='line_1_29' title="bbox 2034 1638 3698 1717; baseline 0.004 -24"><span class='ocrx_word' id='word_1_205' title='bbox 2034 1638 2261 1714; x_wconf 78' lang='grc' dir='ltr'><strong>Οομμὶν,</strong></span> <span class='ocrx_word' id='word_1_206' title='bbox 2286 1642 2442 1711; x_wconf 91' lang='lat' dir='ltr'><strong>quod</strong></span> <span class='ocrx_word' id='word_1_207' title='bbox 2462 1640 2782 1698; x_wconf 89' lang='lat' dir='ltr'><strong>Theodotio</strong></span> <span class='ocrx_word' id='word_1_208' title='bbox 2799 1644 3016 1715; x_wconf 86' lang='lat' dir='ltr'><strong>posuit,</strong></span> <span class='ocrx_word' id='word_1_209' title='bbox 3033 1643 3167 1700; x_wconf 83' lang='lat' dir='ltr'><strong>LXX</strong></span> <span class='ocrx_word' id='word_1_210' title='bbox 3183 1647 3239 1699; x_wconf 87' lang='lat' dir='ltr'><strong>et</strong></span> <span class='ocrx_word' id='word_1_211' title='bbox 3249 1640 3479 1717; x_wconf 85' lang='lat' dir='ltr'><strong>Aquila,</strong></span> <span class='ocrx_word' id='word_1_212' title='bbox 3498 1644 3698 1702; x_wconf 78' lang='lat' dir='ltr'><strong>electos</strong></span> 
     </span>
    </p>
   </div>
   <div class='ocr_carea' id='block_1_30' title="bbox 2034 1718 3697 1805">
    <p class='ocr_par' dir='ltr' id='par_1_30' title="bbox 2034 1718 3697 1805">
     <span class='ocr_line' id='line_1_30' title="bbox 2034 1718 3697 1805; baseline 0.003 -20"><span class='ocrx_word' id='word_1_213' title='bbox 2034 1730 2478 1797; x_wconf 88' lang='lat' dir='ltr'><strong>transtulerunt,</strong></span> <span class='ocrx_word' id='word_1_214' title='bbox 2513 1728 2905 1800; x_wconf 82' lang='lat' dir='ltr'><strong>Symmachus</strong></span> <span class='ocrx_word' id='word_1_215' title='bbox 2935 1718 3184 1801; x_wconf 80' lang='lat' dir='ltr'><strong>Parthos,</strong></span> <span class='ocrx_word' id='word_1_216' title='bbox 3218 1747 3323 1804; x_wconf 92' lang='lat' dir='ltr'><strong>pro</strong></span> <span class='ocrx_word' id='word_1_217' title='bbox 3355 1732 3547 1805; x_wconf 88' lang='lat' dir='ltr'><strong>verbo,</strong></span> <span class='ocrx_word' id='word_1_218' title='bbox 3579 1749 3697 1791; x_wconf 90' lang='lat' dir='ltr'><strong>no-</strong></span> 
     </span>
    </p>
   </div>
   <div class='ocr_carea' id='block_1_31' title="bbox 2020 1816 3698 1897">
    <p class='ocr_par' dir='ltr' id='par_1_31' title="bbox 2020 1816 3698 1897">
     <span class='ocr_line' id='line_1_31' title="bbox 2020 1816 3698 1897; baseline 0.004 -24"><span class='ocrx_word' id='word_1_219' title='bbox 2020 1833 2168 1897; x_wconf 87' lang='lat' dir='ltr'><strong>men</strong></span> <span class='ocrx_word' id='word_1_220' title='bbox 2201 1820 2394 1892; x_wconf 87' lang='lat' dir='ltr'><strong>gentis</strong></span> <span class='ocrx_word' id='word_1_221' title='bbox 2424 1816 2777 1891; x_wconf 88' lang='lat' dir='ltr'><strong>intelligens,</strong></span> <span class='ocrx_word' id='word_1_222' title='bbox 2828 1819 2983 1891; x_wconf 90' lang='lat' dir='ltr'><strong>quod</strong></span> <span class='ocrx_word' id='word_1_223' title='bbox 3031 1837 3146 1897; x_wconf 86' lang='lat' dir='ltr'><strong>non</strong></span> <span class='ocrx_word' id='word_1_224' title='bbox 3169 1821 3343 1892; x_wconf 85' lang='lat' dir='ltr'><strong>juxta</strong></span> <span class='ocrx_word' id='word_1_225' title='bbox 3371 1820 3698 1879; x_wconf 87' lang='lat' dir='ltr'><strong>editionem</strong></span> 
     </span>
    </p>
   </div>
   <div class='ocr_carea' id='block_1_32' title="bbox 2032 1901 3696 1982">
    <p class='ocr_par' dir='ltr' id='par_1_32' title="bbox 2032 1901 3696 1982">
     <span class='ocr_line' id='line_1_32' title="bbox 2032 1901 3696 1982; baseline 0.002 -20"><span class='ocrx_word' id='word_1_226' title='bbox 2032 1907 2404 1963; x_wconf 73' lang='lat' dir='ltr'><strong>Hebraeorum</strong></span> <span class='ocrx_word' id='word_1_227' title='bbox 2437 1924 2561 1978; x_wconf 81' lang='lat' dir='ltr'><strong>quae</strong></span> <span class='ocrx_word' id='word_1_228' title='bbox 2606 1901 3000 1980; x_wconf 79' lang='grc' dir='ltr'><strong>κατ’ἀκρίϐειαν</strong></span> <span class='ocrx_word' id='word_1_229' title='bbox 3050 1907 3287 1982; x_wconf 87' lang='lat' dir='ltr'><strong>legitur,</strong></span> <span class='ocrx_word' id='word_1_230' title='bbox 3330 1910 3389 1964; x_wconf 89' lang='lat' dir='ltr'><strong>in</strong></span> <span class='ocrx_word' id='word_1_231' title='bbox 3417 1912 3696 1982; x_wconf 78' lang='lat' dir='ltr'><strong>tyrannos</strong></span> 
     </span>
    </p>
   </div>
   <div class='ocr_carea' id='block_1_33' title="bbox 2031 1994 3689 2077">
    <p class='ocr_par' dir='ltr' id='par_1_33' title="bbox 2031 1994 3689 2077">
     <span class='ocr_line' id='line_1_33' title="bbox 2031 1994 3689 2077; baseline 0.004 -29"><span class='ocrx_word' id='word_1_232' title='bbox 2031 1994 2312 2049; x_wconf 89' lang='lat' dir='ltr'><strong>vertimus</strong></span> <span class='ocrx_word' id='word_1_233' title='bbox 2339 2012 2351 2051; x_wconf 77' lang='grc' dir='ltr'>ε</span> <span class='ocrx_word' id='word_1_234' title='bbox 2399 1995 2651 2052; x_wconf 84' lang='lat' dir='ltr'><strong>maxime</strong></span> <span class='ocrx_word' id='word_1_235' title='bbox 2694 1995 2833 2068; x_wconf 88' lang='lat' dir='ltr'><strong>quia</strong></span> <span class='ocrx_word' id='word_1_236' title='bbox 2860 1996 3150 2068; x_wconf 80' lang='lat' dir='ltr'><strong>praecedit,</strong></span> <span class='ocrx_word' id='word_1_237' title='bbox 3182 1996 3248 2053; x_wconf 91' lang='lat' dir='ltr'><strong>de</strong></span> <span class='ocrx_word' id='word_1_238' title='bbox 3276 1999 3423 2069; x_wconf 84' lang='lat' dir='ltr'><strong>regio</strong></span> <span class='ocrx_word' id='word_1_239' title='bbox 3450 2001 3689 2077; x_wconf 78' lang='lat' dir='ltr'><strong>semine.</strong></span> 
     </span>
    </p>
   </div>
   <div class='ocr_carea' id='block_1_34' title="bbox 270 2082 3684 2158">
    <p class='ocr_par' dir='ltr' id='par_1_34' title="bbox 270 2082 3684 2158">
     <span class='ocr_line' id='line_1_34' title="bbox 270 2082 3684 2158; baseline 0 -14"><span class='ocrx_word' id='word_1_240' title='bbox 270 2082 528 2144; x_wconf 73' lang='lat' dir='ltr'><strong>tramam</strong></span> <span class='ocrx_word' id='word_1_241' title='bbox 560 2084 845 2158; x_wconf 87' lang='lat' dir='ltr'><strong>syllabam</strong></span> <span class='ocrx_word' id='word_1_242' title='bbox 877 2086 1015 2142; x_wconf 84' lang='lat' dir='ltr'><strong>Chin</strong></span> <span class='ocrx_word' id='word_1_243' title='bbox 1045 2085 1238 2153; x_wconf 87' lang='lat' dir='ltr'><strong>habet,</strong></span> <span class='ocrx_word' id='word_1_244' title='bbox 1269 2082 1367 2139; x_wconf 90' lang='lat' dir='ltr'><strong>ille</strong></span> <span class='ocrx_word' id='word_1_245' title='bbox 1398 2083 1534 2140; x_wconf 82' lang='lat' dir='ltr'><strong>Cim.</strong></span> <span class='ocrx_word' id='word_1_246' title='bbox 1570 2087 1635 2138; x_wconf 89' lang='lat' dir='ltr'><strong>Et</strong></span> <span class='ocrx_word' id='word_1_247' title='bbox 1664 2083 1736 2138; x_wconf 93' lang='lat' dir='ltr'><strong>ob</strong></span> <span class='ocrx_word' id='word_1_248' title='bbox 1768 2082 1919 2138; x_wconf 91' lang='lat' dir='ltr'><strong>hanc</strong></span> <span class='ocrx_word' id='word_1_249' title='bbox 1949 2130 1994 2158; x_wconf 67' lang='grc' dir='ltr'><strong>η</strong></span> <span class='ocrx_word' id='word_1_250' title='bbox 2032 2082 2193 2138; x_wconf 88' lang='lat' dir='ltr'><strong>Unde</strong></span> <span class='ocrx_word' id='word_1_251' title='bbox 2214 2088 2272 2139; x_wconf 89' lang='lat' dir='ltr'><strong>et</strong></span> <span class='ocrx_word' id='word_1_252' title='bbox 2292 2083 2649 2140; x_wconf 88' lang='lat' dir='ltr'><strong>arbitrantur</strong></span> <span class='ocrx_word' id='word_1_253' title='bbox 2670 2082 2914 2149; x_wconf 64' lang='lat' dir='ltr'><strong>Hebrai,</strong></span> <span class='ocrx_word' id='word_1_254' title='bbox 2937 2084 3257 2155; x_wconf 89' lang='lat' dir='ltr'><strong>Danielem,</strong></span> <span class='ocrx_word' id='word_1_255' title='bbox 3288 2088 3684 2158; x_wconf 88' lang='lat' dir='ltr'><strong>etAnaniam,</strong></span> 
     </span>
    </p>
   </div>
   <div class='ocr_carea' id='block_1_35' title="bbox 268 2163 1916 2245">
    <p class='ocr_par' dir='ltr' id='par_1_35' title="bbox 268 2163 1916 2245">
     <span class='ocr_line' id='line_1_35' title="bbox 268 2163 1916 2245; baseline -0.004 -13"><span class='ocrx_word' id='word_1_256' title='bbox 268 2188 515 2232; x_wconf 80' lang='lat' dir='ltr'><strong>causam</strong></span> <span class='ocrx_word' id='word_1_257' title='bbox 546 2172 606 2229; x_wconf 92' lang='lat' dir='ltr'><strong>in</strong></span> <span class='ocrx_word' id='word_1_258' title='bbox 630 2173 937 2245; x_wconf 80' lang='lat' dir='ltr'><strong>Evangelio</strong></span> <span class='ocrx_word' id='word_1_259' title='bbox 969 2163 1657 2231; x_wconf 16' lang='lat' dir='ltr'><strong>secundum‘Matthaaum</strong></span> <span class='ocrx_word' id='word_1_260' title='bbox 1680 2188 1807 2226; x_wconf 86' lang='lat' dir='ltr'><strong>una</strong></span> <span class='ocrx_word' id='word_1_261' title='bbox 1836 2171 1916 2226; x_wconf 88' lang='lat' dir='ltr'><strong>vi-</strong></span> 
     </span>
    </p>
   </div>
   <div class='ocr_carea' id='block_1_36' title="bbox 273 2254 1914 2335">
    <p class='ocr_par' dir='ltr' id='par_1_36' title="bbox 273 2254 1914 2335">
     <span class='ocr_line' id='line_1_36' title="bbox 273 2254 1914 2335; baseline -0.004 -15"><span class='ocrx_word' id='word_1_262' title='bbox 273 2262 442 2320; x_wconf 84' lang='lat' dir='ltr'><strong>detur</strong></span> <span class='ocrx_word' id='word_1_263' title='bbox 458 2263 659 2319; x_wconf 90' lang='lat' dir='ltr'><strong>deesse</strong></span> <span class='ocrx_word' id='word_1_264' title='bbox 673 2261 989 2335; x_wconf 84' lang='lat' dir='ltr'><strong>generatio,</strong></span> <span class='ocrx_word' id='word_1_265' title='bbox 1008 2262 1147 2333; x_wconf 86' lang='lat' dir='ltr'><strong>quia</strong></span> <span class='ocrx_word' id='word_1_266' title='bbox 1164 2254 1818 2332; x_wconf 68' lang='grc' dir='ltr'><strong>θεουηάἂτεσσαραδὲκας</strong></span> <span class='ocrx_word' id='word_1_267' title='bbox 1838 2258 1914 2333; x_wconf 84' lang='grc' dir='ltr'><strong>(α)</strong></span> 
     </span>
    </p>
   </div>
   <div class='ocr_carea' id='block_1_37' title="bbox 258 2347 1916 2429">
    <p class='ocr_par' dir='ltr' id='par_1_37' title="bbox 258 2347 1916 2429">
     <span class='ocr_line' id='line_1_37' title="bbox 258 2347 1916 2429; baseline -0.002 -22"><span class='ocrx_word' id='word_1_268' title='bbox 258 2348 334 2408; x_wconf 76' lang='lat' dir='ltr'><strong>in</strong></span> <span class='ocrx_word' id='word_1_269' title='bbox 354 2350 577 2409; x_wconf 85' lang='lat' dir='ltr'><strong>Joacim</strong></span> <span class='ocrx_word' id='word_1_270' title='bbox 599 2348 813 2408; x_wconf 88' lang='lat' dir='ltr'><strong>desinit</strong></span> <span class='ocrx_word' id='word_1_271' title='bbox 839 2350 954 2406; x_wconf 81' lang='lat' dir='ltr'><strong>filio</strong></span> <span class='ocrx_word' id='word_1_272' title='bbox 983 2350 1178 2418; x_wconf 82' lang='lat' dir='ltr'><strong>Josiae,</strong></span> <span class='ocrx_word' id='word_1_273' title='bbox 1211 2354 1267 2405; x_wconf 91' lang='lat' dir='ltr'><strong>et</strong></span> <span class='ocrx_word' id='word_1_274' title='bbox 1296 2348 1465 2404; x_wconf 89' lang='lat' dir='ltr'><strong>tertia</strong></span> <span class='ocrx_word' id='word_1_275' title='bbox 1494 2347 1700 2422; x_wconf 85' lang='lat' dir='ltr'><strong>incipit</strong></span> <span class='ocrx_word' id='word_1_276' title='bbox 1729 2366 1763 2404; x_wconf 91' lang='lat' dir='ltr'><strong>a</strong></span> <span class='ocrx_word' id='word_1_277' title='bbox 1786 2347 1916 2429; x_wconf 85' lang='lat' dir='ltr'><strong>Joa-</strong></span> 
     </span>
    </p>
   </div>
   <div class='ocr_carea' id='block_1_38' title="bbox 270 2428 1915 2511">
    <p class='ocr_par' dir='ltr' id='par_1_38' title="bbox 270 2428 1915 2511">
     <span class='ocr_line' id='line_1_38' title="bbox 270 2428 1915 2511; baseline -0.004 -14"><span class='ocrx_word' id='word_1_278' title='bbox 270 2434 409 2497; x_wconf 68' lang='lat' dir='ltr'><strong>‘ohin</strong></span> <span class='ocrx_word' id='word_1_279' title='bbox 430 2440 549 2496; x_wconf 82' lang='lat' dir='ltr'><strong>ﬁlio</strong></span> <span class='ocrx_word' id='word_1_280' title='bbox 562 2439 807 2496; x_wconf 85' lang='lat' dir='ltr'><strong>Joacim.</strong></span> <span class='ocrx_word' id='word_1_281' title='bbox 827 2439 988 2505; x_wconf 87' lang='lat' dir='ltr'><strong>Quod</strong></span> <span class='ocrx_word' id='word_1_282' title='bbox 1012 2428 1289 2511; x_wconf 82' lang='lat' dir='ltr'><strong>ignorans</strong></span> <span class='ocrx_word' id='word_1_283' title='bbox 1308 2437 1680 2510; x_wconf 82' lang='lat' dir='ltr'><strong>Porphyrius,</strong></span> <span class='ocrx_word' id='word_1_284' title='bbox 1700 2436 1915 2492; x_wconf 88' lang='lat' dir='ltr'><strong>calum-</strong></span> 
     </span>
    </p>
   </div>
   <div class='ocr_carea' id='block_1_39' title="bbox 272 2524 1916 2601">
    <p class='ocr_par' dir='ltr' id='par_1_39' title="bbox 272 2524 1916 2601">
     <span class='ocr_line' id='line_1_39' title="bbox 272 2524 1916 2601; baseline -0.002 -17"><span class='ocrx_word' id='word_1_285' title='bbox 272 2530 432 2584; x_wconf 91' lang='lat' dir='ltr'><strong>niam</strong></span> <span class='ocrx_word' id='word_1_286' title='bbox 461 2528 639 2585; x_wconf 90' lang='lat' dir='ltr'><strong>struit</strong></span> <span class='ocrx_word' id='word_1_287' title='bbox 658 2529 795 2601; x_wconf 83' lang='lat' dir='ltr'><strong>(Mss.</strong></span> <span class='ocrx_word' id='word_1_288' title='bbox 822 2526 1084 2597; x_wconf 89' lang='lat' dir='ltr'><strong>instruit)</strong></span> <span class='ocrx_word' id='word_1_289' title='bbox 1111 2524 1574 2593; x_wconf 70' lang='lat' dir='ltr'><strong>Ecclesim,suam</strong></span> <span class='ocrx_word' id='word_1_290' title='bbox 1607 2526 1916 2581; x_wconf 89' lang='lat' dir='ltr'><strong>ostendens</strong></span> 
     </span>
    </p>
   </div>
   <div class='ocr_carea' id='block_1_40' title="bbox 270 2613 1915 2689">
    <p class='ocr_par' dir='ltr' id='par_1_40' title="bbox 270 2613 1915 2689">
     <span class='ocr_line' id='line_1_40' title="bbox 270 2613 1915 2689; baseline -0.002 -17"><span class='ocrx_word' id='word_1_291' title='bbox 270 2617 645 2689; x_wconf 88' lang='lat' dir='ltr'><strong>imperitiam,</strong></span> <span class='ocrx_word' id='word_1_292' title='bbox 673 2617 817 2672; x_wconf 91' lang='lat' dir='ltr'><strong>dum</strong></span> <span class='ocrx_word' id='word_1_293' title='bbox 845 2614 1210 2687; x_wconf 67' lang='lat' dir='ltr'><strong>evangelista:</strong></span> <span class='ocrx_word' id='word_1_294' title='bbox 1236 2613 1493 2670; x_wconf 84' lang='lat' dir='ltr'><strong>Matthaei</strong></span> <span class='ocrx_word' id='word_1_295' title='bbox 1515 2630 1759 2686; x_wconf 89' lang='lat' dir='ltr'><strong>arguere</strong></span> <span class='ocrx_word' id='word_1_296' title='bbox 1779 2613 1915 2669; x_wconf 91' lang='lat' dir='ltr'><strong>niti-</strong></span> 
     </span>
    </p>
   </div>
   <div class='ocr_carea' id='block_1_41' title="bbox 270 2705 735 2779">
    <p class='ocr_par' dir='ltr' id='par_1_41' title="bbox 270 2705 735 2779">
     <span class='ocr_line' id='line_1_41' title="bbox 270 2705 735 2779; baseline -0.011 -14"><span class='ocrx_word' id='word_1_297' title='bbox 270 2709 367 2779; x_wconf 73' lang='lat' dir='ltr'><strong>tur</strong></span> <span class='ocrx_word' id='word_1_298' title='bbox 396 2705 735 2763; x_wconf 81' lang='lat' dir='ltr'><strong>falsitatem.</strong></span> 
     </span>
    </p>
   </div>
   <div class='ocr_carea' id='block_1_42' title="bbox 268 2791 1914 2866">
    <p class='ocr_par' dir='ltr' id='par_1_42' title="bbox 268 2791 1914 2866">
     <span class='ocr_line' id='line_1_42' title="bbox 268 2791 1914 2866; baseline -0.002 -15"><span class='ocrx_word' id='word_1_299' title='bbox 268 2834 281 2839; x_wconf 63' lang='grc' dir='ltr'><em>ι</em></span> <span class='ocrx_word' id='word_1_300' title='bbox 338 2794 525 2866; x_wconf 80' lang='lat' dir='ltr'><strong>(Vere.</strong></span> <span class='ocrx_word' id='word_1_301' title='bbox 555 2796 636 2862; x_wconf 87' lang='lat'><strong>2.)</strong></span> <span class='ocrx_word' id='word_1_302' title='bbox 682 2794 757 2864; x_wconf 89' lang='lat' dir='ltr'><strong>(b)</strong></span> <span class='ocrx_word' id='word_1_303' title='bbox 805 2795 872 2847; x_wconf 85' lang='lat' dir='ltr'><strong>Et</strong></span> <span class='ocrx_word' id='word_1_304' title='bbox 918 2791 1149 2847; x_wconf 79' lang='lat' dir='ltr'><strong>tradidit</strong></span> <span class='ocrx_word' id='word_1_305' title='bbox 1188 2792 1450 2847; x_wconf 82' lang='lat' dir='ltr'><strong>Dominus</strong></span> <span class='ocrx_word' id='word_1_306' title='bbox 1494 2793 1554 2847; x_wconf 87' lang='lat' dir='ltr'><strong>in</strong></span> <span class='ocrx_word' id='word_1_307' title='bbox 1600 2808 1769 2847; x_wconf 75' lang='lat' dir='ltr'><strong>manu</strong></span> <span class='ocrx_word' id='word_1_308' title='bbox 1797 2792 1914 2863; x_wconf 83' lang='lat' dir='ltr'><strong>ejus</strong></span> 
     </span>
    </p>
   </div>
   <div class='ocr_carea' id='block_1_43' title="bbox 269 2876 1915 2952">
    <p class='ocr_par' dir='ltr' id='par_1_43' title="bbox 269 2876 1915 2952">
     <span class='ocr_line' id='line_1_43' title="bbox 269 2876 1915 2952; baseline -0.001 -13"><span class='ocrx_word' id='word_1_309' title='bbox 269 2884 484 2940; x_wconf 79' lang='lat' dir='ltr'><strong>Joacim</strong></span> <span class='ocrx_word' id='word_1_310' title='bbox 510 2896 696 2950; x_wconf 83' lang='lat' dir='ltr'><strong>regem</strong></span> <span class='ocrx_word' id='word_1_311' title='bbox 722 2880 887 2936; x_wconf 85' lang='lat' dir='ltr'><strong>Juda.</strong></span> <span class='ocrx_word' id='word_1_312' title='bbox 912 2881 1193 2952; x_wconf 88' lang='lat' dir='ltr'><strong>Quodque</strong></span> <span class='ocrx_word' id='word_1_313' title='bbox 1214 2876 1465 2935; x_wconf 89' lang='lat' dir='ltr'><strong>traditus</strong></span> <span class='ocrx_word' id='word_1_314' title='bbox 1486 2879 1764 2935; x_wconf 86' lang='lat' dir='ltr'><strong>scribitur</strong></span> <span class='ocrx_word' id='word_1_315' title='bbox 1782 2880 1915 2937; x_wconf 85' lang='lat' dir='ltr'><strong>Joa-</strong></span> 
     </span>
    </p>
   </div>
   <div class='ocr_carea' id='block_1_44' title="bbox 271 2967 1915 3040">
    <p class='ocr_par' dir='ltr' id='par_1_44' title="bbox 271 2967 1915 3040">
     <span class='ocr_line' id='line_1_44' title="bbox 271 2967 1915 3040; baseline -0.002 -12"><span class='ocrx_word' id='word_1_316' title='bbox 271 2968 407 3040; x_wconf 90' lang='lat' dir='ltr'><strong>cim,</strong></span> <span class='ocrx_word' id='word_1_317' title='bbox 425 2972 715 3026; x_wconf 87' lang='lat' dir='ltr'><strong>monstrat</strong></span> <span class='ocrx_word' id='word_1_318' title='bbox 733 2984 849 3024; x_wconf 90' lang='lat' dir='ltr'><strong>non</strong></span> <span class='ocrx_word' id='word_1_319' title='bbox 872 2967 1335 3024; x_wconf 88' lang='lat' dir='ltr'><strong>adversariorum</strong></span> <span class='ocrx_word' id='word_1_320' title='bbox 1358 2967 1715 3023; x_wconf 83' lang='lat' dir='ltr'><strong>fortitudinis</strong></span> <span class='ocrx_word' id='word_1_321' title='bbox 1738 2969 1915 3026; x_wconf 84' lang='lat' dir='ltr'><strong>fuisse</strong></span> 
     </span>
    </p>
   </div>
   <div class='ocr_carea' id='block_1_45' title="bbox 270 3054 1360 3131">
    <p class='ocr_par' dir='ltr' id='par_1_45' title="bbox 270 3054 1360 3131">
     <span class='ocr_line' id='line_1_45' title="bbox 270 3054 1360 3131; baseline -0.005 -16"><span class='ocrx_word' id='word_1_322' title='bbox 270 3054 596 3131; x_wconf 77' lang='lat' dir='ltr'><strong>victoriam,</strong></span> <span class='ocrx_word' id='word_1_323' title='bbox 626 3057 728 3114; x_wconf 87' lang='lat' dir='ltr'><strong>sed</strong></span> <span class='ocrx_word' id='word_1_324' title='bbox 758 3056 991 3115; x_wconf 87' lang='lat' dir='ltr'><strong>Domini</strong></span> <span class='ocrx_word' id='word_1_325' title='bbox 1022 3056 1360 3124; x_wconf 86' lang='lat' dir='ltr'><strong>voluntatis.</strong></span> 
     </span>
    </p>
   </div>
   <div class='ocr_carea' id='block_1_46' title="bbox 344 3145 1918 3219">
    <p class='ocr_par' dir='ltr' id='par_1_46' title="bbox 344 3145 1918 3219">
     <span class='ocr_line' id='line_1_46' title="bbox 344 3145 1918 3219; baseline -0.001 -15"><span class='ocrx_word' id='word_1_326' title='bbox 344 3152 413 3205; x_wconf 83' lang='lat' dir='ltr'><strong>Et</strong></span> <span class='ocrx_word' id='word_1_327' title='bbox 436 3155 651 3219; x_wconf 82' lang='lat' dir='ltr'><strong>partem</strong></span> <span class='ocrx_word' id='word_1_328' title='bbox 674 3162 929 3202; x_wconf 73' lang='lat' dir='ltr'><strong>vasorum</strong></span> <span class='ocrx_word' id='word_1_329' title='bbox 954 3145 1142 3200; x_wconf 87' lang='lat' dir='ltr'><strong>domus</strong></span> <span class='ocrx_word' id='word_1_330' title='bbox 1182 3146 1299 3212; x_wconf 85' lang='lat' dir='ltr'><strong>Dei,</strong></span> <span class='ocrx_word' id='word_1_331' title='bbox 1349 3153 1401 3200; x_wconf 85' lang='lat' dir='ltr'><strong>et</strong></span> <span class='ocrx_word' id='word_1_332' title='bbox 1439 3147 1735 3216; x_wconf 83' lang='lat' dir='ltr'><strong>asportavit</strong></span> <span class='ocrx_word' id='word_1_333' title='bbox 1762 3161 1827 3201; x_wconf 84' lang='lat' dir='ltr'><strong>ea</strong></span> <span class='ocrx_word' id='word_1_334' title='bbox 1854 3149 1918 3202; x_wconf 85' lang='lat' dir='ltr'><strong>in</strong></span> 
     </span>
    </p>
   </div>
   <div class='ocr_carea' id='block_1_47' title="bbox 274 3232 1917 3311">
    <p class='ocr_par' dir='ltr' id='par_1_47' title="bbox 274 3232 1917 3311">
     <span class='ocr_line' id='line_1_47' title="bbox 274 3232 1917 3311; baseline -0.001 -19"><span class='ocrx_word' id='word_1_335' title='bbox 274 3239 479 3293; x_wconf 80' lang='lat' dir='ltr'><strong>terram</strong></span> <span class='ocrx_word' id='word_1_336' title='bbox 500 3234 765 3311; x_wconf 82' lang='lat' dir='ltr'><strong>Sennaar,</strong></span> <span class='ocrx_word' id='word_1_337' title='bbox 783 3234 853 3305; x_wconf 89' lang='lat' dir='ltr'><strong>(c)</strong></span> <span class='ocrx_word' id='word_1_338' title='bbox 869 3232 1171 3289; x_wconf 82' lang='lat' dir='ltr'><strong>indomum</strong></span> <span class='ocrx_word' id='word_1_339' title='bbox 1192 3233 1289 3288; x_wconf 85' lang='lat' dir='ltr'><strong>Dei</strong></span> <span class='ocrx_word' id='word_1_340' title='bbox 1305 3235 1416 3300; x_wconf 85' lang='lat' dir='ltr'><strong>sui,</strong></span> <span class='ocrx_word' id='word_1_341' title='bbox 1438 3238 1489 3289; x_wconf 87' lang='lat' dir='ltr'><strong>et</strong></span> <span class='ocrx_word' id='word_1_342' title='bbox 1504 3250 1630 3290; x_wconf 84' lang='lat' dir='ltr'><strong>vasa</strong></span> <span class='ocrx_word' id='word_1_343' title='bbox 1649 3234 1835 3290; x_wconf 85' lang='lat' dir='ltr'><strong>intulit</strong></span> <span class='ocrx_word' id='word_1_344' title='bbox 1856 3236 1917 3293; x_wconf 88' lang='lat' dir='ltr'><strong>in</strong></span> 
     </span>
    </p>
   </div>
   <div class='ocr_carea' id='block_1_48' title="bbox 272 3321 1916 3394">
    <p class='ocr_par' dir='ltr' id='par_1_48' title="bbox 272 3321 1916 3394">
     <span class='ocr_line' id='line_1_48' title="bbox 272 3321 1916 3394; baseline 0 -13"><span class='ocrx_word' id='word_1_345' title='bbox 272 3322 493 3384; x_wconf 74' lang='lat' dir='ltr'><strong>demum</strong></span> <span class='ocrx_word' id='word_1_346' title='bbox 507 3323 756 3381; x_wconf 82' lang='lat' dir='ltr'><strong>thesauri</strong></span> <span class='ocrx_word' id='word_1_347' title='bbox 767 3323 865 3380; x_wconf 86' lang='lat' dir='ltr'><strong>Dei</strong></span> <span class='ocrx_word' id='word_1_348' title='bbox 876 3322 970 3377; x_wconf 86' lang='lat' dir='ltr'><strong>sui</strong></span> <span class='ocrx_word' id='word_1_349' title='bbox 983 3321 1133 3394; x_wconf 86' lang='lat' dir='ltr'><strong>(Gen.</strong></span> <span class='ocrx_word' id='word_1_350' title='bbox 1154 3323 1251 3394; x_wconf 78' lang='lat' dir='ltr'><strong>xx).</strong></span> <span class='ocrx_word' id='word_1_351' title='bbox 1281 3322 1459 3378; x_wconf 87' lang='lat' dir='ltr'><strong>Terra</strong></span> <span class='ocrx_word' id='word_1_352' title='bbox 1475 3323 1735 3390; x_wconf 85' lang='lat' dir='ltr'><strong>Sennaar</strong></span> <span class='ocrx_word' id='word_1_353' title='bbox 1753 3323 1916 3381; x_wconf 92' lang='lat' dir='ltr'><strong>locus</strong></span> 
     </span>
    </p>
   </div>
   <div class='ocr_carea' id='block_1_49' title="bbox 272 3408 1915 3485">
    <p class='ocr_par' dir='ltr' id='par_1_49' title="bbox 272 3408 1915 3485">
     <span class='ocr_line' id='line_1_49' title="bbox 272 3408 1915 3485; baseline -0.001 -14"><span class='ocrx_word' id='word_1_354' title='bbox 272 3408 364 3473; x_wconf 82' lang='lat' dir='ltr'><strong>est</strong></span> <span class='ocrx_word' id='word_1_355' title='bbox 374 3410 683 3485; x_wconf 84' lang='lat' dir='ltr'><strong>Babylonis</strong></span> <span class='ocrx_word' id='word_1_356' title='bbox 698 3410 759 3468; x_wconf 91' lang='lat' dir='ltr'><strong>in</strong></span> <span class='ocrx_word' id='word_1_357' title='bbox 773 3428 886 3484; x_wconf 90' lang='lat' dir='ltr'><strong>quo</strong></span> <span class='ocrx_word' id='word_1_358' title='bbox 900 3411 1012 3467; x_wconf 85' lang='lat' dir='ltr'><strong>fuit</strong></span> <span class='ocrx_word' id='word_1_359' title='bbox 1026 3410 1458 3483; x_wconf 81' lang='lat' dir='ltr'><strong>campusDura,</strong></span> <span class='ocrx_word' id='word_1_360' title='bbox 1475 3416 1531 3466; x_wconf 86' lang='lat' dir='ltr'><strong>et</strong></span> <span class='ocrx_word' id='word_1_361' title='bbox 1542 3412 1722 3468; x_wconf 88' lang='lat' dir='ltr'><strong>turris</strong></span> <span class='ocrx_word' id='word_1_362' title='bbox 1738 3429 1915 3483; x_wconf 87' lang='lat' dir='ltr'><strong>quam</strong></span> 
     </span>
    </p>
   </div>
   <div class='ocr_carea' id='block_1_50' title="bbox 1947 2130 1995 2195">
    <p class='ocr_par' dir='ltr' id='par_1_50' title="bbox 1947 2130 1995 2195">
     <span class='ocr_line' id='line_1_50' title="bbox 1947 2130 1995 2195; baseline 0 0"><span class='ocrx_word' id='word_1_363' title='bbox 1947 2130 1995 2195; x_wconf 93' lang='lat' dir='ltr'><strong>B</strong></span> 
     </span>
    </p>
   </div>
   <div class='ocr_carea' id='block_1_51' title="bbox 2026 2170 3690 2251">
    <p class='ocr_par' dir='ltr' id='par_1_51' title="bbox 2026 2170 3690 2251">
     <span class='ocr_line' id='line_1_51' title="bbox 2026 2170 3690 2251; baseline 0.005 -25"><span class='ocrx_word' id='word_1_364' title='bbox 2026 2174 2081 2226; x_wconf 90' lang='lat' dir='ltr'><strong>et</strong></span> <span class='ocrx_word' id='word_1_365' title='bbox 2112 2170 2331 2240; x_wconf 88' lang='lat' dir='ltr'><strong>Misael,</strong></span> <span class='ocrx_word' id='word_1_366' title='bbox 2365 2176 2427 2228; x_wconf 90' lang='lat' dir='ltr'><strong>et</strong></span> <span class='ocrx_word' id='word_1_367' title='bbox 2454 2172 2722 2228; x_wconf 84' lang='lat' dir='ltr'><strong>Azariam</strong></span> <span class='ocrx_word' id='word_1_368' title='bbox 2755 2173 2937 2229; x_wconf 88' lang='lat' dir='ltr'><strong>fuisse</strong></span> <span class='ocrx_word' id='word_1_369' title='bbox 2957 2173 3280 2244; x_wconf 88' lang='lat' dir='ltr'><strong>eunuchos,</strong></span> <span class='ocrx_word' id='word_1_370' title='bbox 3311 2174 3557 2251; x_wconf 85' lang='lat' dir='ltr'><strong>impleta</strong></span> <span class='ocrx_word' id='word_1_371' title='bbox 3576 2175 3690 2234; x_wconf 73' lang='lat' dir='ltr'><strong>illa</strong></span> 
     </span>
    </p>
   </div>
   <div class='ocr_carea' id='block_1_52' title="bbox 2024 2259 3679 2339">
    <p class='ocr_par' dir='ltr' id='par_1_52' title="bbox 2024 2259 3679 2339">
     <span class='ocr_line' id='line_1_52' title="bbox 2024 2259 3679 2339; baseline 0.005 -25"><span class='ocrx_word' id='word_1_372' title='bbox 2024 2259 2327 2335; x_wconf 86' lang='lat' dir='ltr'><strong>prophetia</strong></span> <span class='ocrx_word' id='word_1_373' title='bbox 2357 2277 2483 2333; x_wconf 68' lang='lat' dir='ltr'><strong>quas</strong></span> <span class='ocrx_word' id='word_1_374' title='bbox 2518 2261 2589 2317; x_wconf 91' lang='lat' dir='ltr'><strong>ad</strong></span> <span class='ocrx_word' id='word_1_375' title='bbox 2616 2260 2920 2317; x_wconf 89' lang='lat' dir='ltr'><strong>Ezechiam</strong></span> <span class='ocrx_word' id='word_1_376' title='bbox 2953 2278 3056 2335; x_wconf 87' lang='lat' dir='ltr'><strong>per</strong></span> <span class='ocrx_word' id='word_1_377' title='bbox 3084 2262 3297 2339; x_wconf 81' lang='lat' dir='ltr'><strong>Isaiam</strong></span> <span class='ocrx_word' id='word_1_378' title='bbox 3322 2264 3679 2339; x_wconf 86' lang='lat' dir='ltr'><strong>prophetam</strong></span> 
     </span>
    </p>
   </div>
   <div class='ocr_carea' id='block_1_53' title="bbox 2023 2338 3682 2423">
    <p class='ocr_par' dir='ltr' id='par_1_53' title="bbox 2023 2338 3682 2423">
     <span class='ocr_line' id='line_1_53' title="bbox 2023 2338 3682 2423; baseline 0.005 -21"><span class='ocrx_word' id='word_1_379' title='bbox 2023 2346 2271 2404; x_wconf 86' lang='lat' dir='ltr'><strong>dicitur:</strong></span> <span class='ocrx_word' id='word_1_380' title='bbox 2304 2349 2367 2403; x_wconf 86' lang='lat' dir='ltr'><strong>Et</strong></span> <span class='ocrx_word' id='word_1_381' title='bbox 2395 2346 2696 2405; x_wconf 53' lang='lat' dir='ltr'><strong>de&#39;semine</strong></span> <span class='ocrx_word' id='word_1_382' title='bbox 2724 2357 2814 2406; x_wconf 89' lang='lat' dir='ltr'><strong>tuo</strong></span> <span class='ocrx_word' id='word_1_383' title='bbox 2843 2351 3051 2419; x_wconf 88' lang='lat' dir='ltr'><strong>tollent,</strong></span> <span class='ocrx_word' id='word_1_384' title='bbox 3085 2359 3136 2407; x_wconf 92' lang='lat' dir='ltr'><strong>et</strong></span> <span class='ocrx_word' id='word_1_385' title='bbox 3158 2338 3365 2423; x_wconf 75' lang='lat' dir='ltr'><strong>facient</strong></span> <span class='ocrx_word' id='word_1_386' title='bbox 3394 2338 3682 2410; x_wconf 79' lang='lat' dir='ltr'><strong>eunuchos</strong></span> 
     </span>
    </p>
   </div>
   <div class='ocr_carea' id='block_1_54' title="bbox 2026 2436 3678 2517">
    <p class='ocr_par' dir='ltr' id='par_1_54' title="bbox 2026 2436 3678 2517">
     <span class='ocr_line' id='line_1_54' title="bbox 2026 2436 3678 2517; baseline 0.005 -26"><span class='ocrx_word' id='word_1_387' title='bbox 2026 2438 2085 2491; x_wconf 91' lang='lat' dir='ltr'><strong>in</strong></span> <span class='ocrx_word' id='word_1_388' title='bbox 2104 2436 2259 2492; x_wconf 87' lang='lat' dir='ltr'><strong>domo</strong></span> <span class='ocrx_word' id='word_1_389' title='bbox 2280 2440 2423 2508; x_wconf 85' lang='lat' dir='ltr'><strong>regis</strong></span> <span class='ocrx_word' id='word_1_390' title='bbox 2443 2438 2513 2510; x_wconf 90' lang='lat' dir='ltr'><strong>(e)</strong></span> <span class='ocrx_word' id='word_1_391' title='bbox 2536 2438 2830 2510; x_wconf 79' lang='lat' dir='ltr'><strong>Babylonis</strong></span> <span class='ocrx_word' id='word_1_392' title='bbox 2858 2441 3007 2511; x_wconf 90' lang='lat' dir='ltr'><strong>(Isai.</strong></span> <span class='ocrx_word' id='word_1_393' title='bbox 3034 2457 3249 2509; x_wconf 78' lang='lat' dir='ltr'><strong>xxxvu,</strong></span> <span class='ocrx_word' id='word_1_394' title='bbox 3272 2442 3352 2513; x_wconf 89' lang='lat'><strong>7).</strong></span> <span class='ocrx_word' id='word_1_395' title='bbox 3376 2442 3441 2505; x_wconf 45' lang='lat' dir='ltr'><strong>,Si</strong></span> <span class='ocrx_word' id='word_1_396' title='bbox 3468 2446 3678 2517; x_wconf 78' lang='lat' dir='ltr'><strong>autem</strong></span> 
     </span>
    </p>
   </div>
   <div class='ocr_carea' id='block_1_55' title="bbox 2025 2514 3683 2607">
    <p class='ocr_par' dir='ltr' id='par_1_55' title="bbox 2025 2514 3683 2607">
     <span class='ocr_line' id='line_1_55' title="bbox 2025 2514 3683 2607; baseline 0.005 -28"><span class='ocrx_word' id='word_1_397' title='bbox 2025 2525 2095 2580; x_wconf 92' lang='lat' dir='ltr'><strong>de</strong></span> <span class='ocrx_word' id='word_1_398' title='bbox 2126 2524 2348 2581; x_wconf 89' lang='lat' dir='ltr'><strong>semine</strong></span> <span class='ocrx_word' id='word_1_399' title='bbox 2378 2524 2535 2599; x_wconf 87' lang='lat' dir='ltr'><strong>regio</strong></span> <span class='ocrx_word' id='word_1_400' title='bbox 2568 2525 2822 2592; x_wconf 85' lang='lat' dir='ltr'><strong>fuerunt,</strong></span> <span class='ocrx_word' id='word_1_401' title='bbox 2856 2525 3003 2587; x_wconf 87' lang='lat' dir='ltr'><strong>nulli</strong></span> <span class='ocrx_word' id='word_1_402' title='bbox 3036 2528 3281 2607; x_wconf 86' lang='lat' dir='ltr'><strong>dubium</strong></span> <span class='ocrx_word' id='word_1_403' title='bbox 3308 2514 3557 2607; x_wconf 28' lang='lat' dir='ltr'><strong>quin-de</strong></span> 
     </span>
    </p>
   </div>
   <div class='ocr_carea' id='block_1_56' title="bbox 2026 2612 3677 2674">
    <p class='ocr_par' dir='ltr' id='par_1_56' title="bbox 2026 2612 3677 2674">
     <span class='ocr_line' id='line_1_56' title="bbox 2026 2612 3677 2674; baseline 0.004 -7"><span class='ocrx_word' id='word_1_404' title='bbox 2026 2630 2161 2669; x_wconf 88' lang='lat' dir='ltr'><strong>nere</strong></span> <span class='ocrx_word' id='word_1_405' title='bbox 2193 2613 2408 2668; x_wconf 86' lang='lat' dir='ltr'><strong>fuerint</strong></span> <span class='ocrx_word' id='word_1_406' title='bbox 2441 2613 2637 2669; x_wconf 91' lang='lat' dir='ltr'><strong>David.</strong></span> <span class='ocrx_word' id='word_1_407' title='bbox 2662 2612 2785 2670; x_wconf 89' lang='lat' dir='ltr'><strong>Nisi</strong></span> <span class='ocrx_word' id='word_1_408' title='bbox 2807 2613 2952 2671; x_wconf 88' lang='lat' dir='ltr'><strong>forte</strong></span> <span class='ocrx_word' id='word_1_409' title='bbox 2982 2614 3116 2671; x_wconf 91' lang='lat' dir='ltr'><strong>huic</strong></span> <span class='ocrx_word' id='word_1_410' title='bbox 3137 2616 3337 2672; x_wconf 90' lang='lat' dir='ltr'><strong>sensui</strong></span> <span class='ocrx_word' id='word_1_411' title='bbox 3359 2615 3505 2672; x_wconf 91' lang='lat' dir='ltr'><strong>illud</strong></span> <span class='ocrx_word' id='word_1_412' title='bbox 3531 2634 3677 2674; x_wconf 90' lang='lat' dir='ltr'><strong>con-</strong></span> 
     </span>
    </p>
   </div>
   <div class='ocr_carea' id='block_1_57' title="bbox 2024 2702 3682 2777">
    <p class='ocr_par' dir='ltr' id='par_1_57' title="bbox 2024 2702 3682 2777">
     <span class='ocr_line' id='line_1_57' title="bbox 2024 2702 3682 2777; baseline 0.004 -22"><span class='ocrx_word' id='word_1_413' title='bbox 2024 2702 2273 2759; x_wconf 84' lang='lat' dir='ltr'><strong>trariam</strong></span> <span class='ocrx_word' id='word_1_414' title='bbox 2318 2703 2399 2758; x_wconf 89' lang='lat' dir='ltr'><strong>sit</strong></span> <span class='ocrx_word' id='word_1_415' title='bbox 2428 2702 2585 2773; x_wconf 88' lang='lat' dir='ltr'><strong>quod</strong></span> <span class='ocrx_word' id='word_1_416' title='bbox 2612 2702 2917 2773; x_wconf 88' lang='lat' dir='ltr'><strong>sequitur:</strong></span> <span class='ocrx_word' id='word_1_417' title='bbox 2950 2705 3175 2771; x_wconf 79' lang='lat' dir='ltr'><strong>Pueros,</strong></span> <span class='ocrx_word' id='word_1_418' title='bbox 3208 2704 3329 2761; x_wconf 90' lang='lat' dir='ltr'><strong>sive</strong></span> <span class='ocrx_word' id='word_1_419' title='bbox 3338 2706 3591 2777; x_wconf 74' lang='lat' dir='ltr'><strong>juvenes,</strong></span> <span class='ocrx_word' id='word_1_420' title='bbox 3610 2708 3682 2761; x_wconf 84' lang='lat' dir='ltr'><strong>in</strong></span> 
     </span>
    </p>
   </div>
   <div class='ocr_carea' id='block_1_58' title="bbox 2025 2791 3679 2862">
    <p class='ocr_par' dir='ltr' id='par_1_58' title="bbox 2025 2791 3679 2862">
     <span class='ocr_line' id='line_1_58' title="bbox 2025 2791 3679 2862; baseline 0.002 -16"><span class='ocrx_word' id='word_1_421' title='bbox 2025 2791 2221 2862; x_wconf 86' lang='lat' dir='ltr'><strong>quibus</strong></span> <span class='ocrx_word' id='word_1_422' title='bbox 2261 2792 2419 2846; x_wconf 86' lang='lat' dir='ltr'><strong>nulla</strong></span> <span class='ocrx_word' id='word_1_423' title='bbox 2445 2797 2582 2846; x_wconf 85' lang='lat' dir='ltr'><strong>esset</strong></span> <span class='ocrx_word' id='word_1_424' title='bbox 2607 2791 2858 2861; x_wconf 85' lang='lat' dir='ltr'><strong>macula,</strong></span> <span class='ocrx_word' id='word_1_425' title='bbox 2902 2800 2966 2849; x_wconf 88' lang='lat' dir='ltr'><strong>ut</strong></span> <span class='ocrx_word' id='word_1_426' title='bbox 3007 2792 3216 2850; x_wconf 84' lang='lat' dir='ltr'><strong>doceret</strong></span> <span class='ocrx_word' id='word_1_427' title='bbox 3257 2795 3588 2850; x_wconf 79' lang='lat' dir='ltr'><strong>eos‘litteras</strong></span> <span class='ocrx_word' id='word_1_428' title='bbox 3616 2799 3679 2851; x_wconf 81' lang='lat' dir='ltr'><strong>et</strong></span> 
     </span>
    </p>
   </div>
   <div class='ocr_carea' id='block_1_59' title="bbox 2027 2878 3681 2958">
    <p class='ocr_par' dir='ltr' id='par_1_59' title="bbox 2027 2878 3681 2958">
     <span class='ocr_line' id='line_1_59' title="bbox 2027 2878 3681 2958; baseline 0.005 -25"><span class='ocrx_word' id='word_1_429' title='bbox 2027 2880 2273 2951; x_wconf 85' lang='lat' dir='ltr'><strong>linguam</strong></span> <span class='ocrx_word' id='word_1_430' title='bbox 2306 2879 2706 2937; x_wconf 59' lang='lat' dir='ltr'><strong>Chamorum.</strong></span> <span class='ocrx_word' id='word_1_431' title='bbox 2739 2878 2906 2937; x_wconf 90' lang='lat' dir='ltr'><strong>Philo</strong></span> <span class='ocrx_word' id='word_1_432' title='bbox 2937 2880 3253 2941; x_wconf 86' lang='lat' dir='ltr'><strong>arbitratur</strong></span> <span class='ocrx_word' id='word_1_433' title='bbox 3282 2878 3547 2958; x_wconf 86' lang='lat' dir='ltr'><strong>linguam</strong></span> <span class='ocrx_word' id='word_1_434' title='bbox 3568 2882 3681 2941; x_wconf 86' lang='lat' dir='ltr'><strong>He-</strong></span> 
     </span>
    </p>
   </div>
   <div class='ocr_carea' id='block_1_60' title="bbox 2026 2958 3678 3042">
    <p class='ocr_par' dir='ltr' id='par_1_60' title="bbox 2026 2958 3678 3042">
     <span class='ocr_line' id='line_1_60' title="bbox 2026 2958 3678 3042; baseline 0.004 -17"><span class='ocrx_word' id='word_1_435' title='bbox 2026 2968 2313 3025; x_wconf 81' lang='lat' dir='ltr'><strong>braeorum</strong></span> <span class='ocrx_word' id='word_1_436' title='bbox 2336 2967 2524 3040; x_wconf 88' lang='lat' dir='ltr'><strong>ipsam</strong></span> <span class='ocrx_word' id='word_1_437' title='bbox 2547 2985 2675 3029; x_wconf 81' lang='lat' dir='ltr'><strong>esse</strong></span> <span class='ocrx_word' id='word_1_438' title='bbox 2696 2967 3091 3040; x_wconf 85' lang='lat' dir='ltr'><strong>Chaldaicam,</strong></span> <span class='ocrx_word' id='word_1_439' title='bbox 3125 2970 3263 3042; x_wconf 86' lang='lat' dir='ltr'><strong>quia</strong></span> <span class='ocrx_word' id='word_1_440' title='bbox 3282 2970 3578 3031; x_wconf 82' lang='lat' dir='ltr'><strong>Abraham</strong></span> <span class='ocrx_word' id='word_1_441' title='bbox 3592 2958 3678 3031; x_wconf 21' lang='lat' dir='ltr'><strong>Ide</strong></span> 
     </span>
    </p>
   </div>
   <div class='ocr_carea' id='block_1_61' title="bbox 1964 3052 3676 3132">
    <p class='ocr_par' dir='ltr' id='par_1_61' title="bbox 1964 3052 3676 3132">
     <span class='ocr_line' id='line_1_61' title="bbox 1964 3052 3676 3132; baseline 0.005 -23"><span class='ocrx_word' id='word_1_442' title='bbox 1964 3104 1965 3109; x_wconf 46' lang='grc' dir='ltr'><strong>η</strong></span> <span class='ocrx_word' id='word_1_443' title='bbox 2025 3056 2308 3113; x_wconf 68' lang='lat' dir='ltr'><strong>Chaldaeis</strong></span> <span class='ocrx_word' id='word_1_444' title='bbox 2326 3052 2513 3113; x_wconf 84' lang='lat' dir='ltr'><strong>fuerit.</strong></span> <span class='ocrx_word' id='word_1_445' title='bbox 2542 3058 2705 3122; x_wconf 87' lang='lat' dir='ltr'><strong>Quod</strong></span> <span class='ocrx_word' id='word_1_446' title='bbox 2728 3057 2777 3113; x_wconf 90' lang='lat' dir='ltr'><strong>si</strong></span> <span class='ocrx_word' id='word_1_447' title='bbox 2800 3058 3137 3131; x_wconf 86' lang='lat' dir='ltr'><strong>recipimus,</strong></span> <span class='ocrx_word' id='word_1_448' title='bbox 3159 3060 3536 3132; x_wconf 72' lang='lat' dir='ltr'><strong>quaerendum</strong></span> <span class='ocrx_word' id='word_1_449' title='bbox 3556 3062 3676 3129; x_wconf 81' lang='lat' dir='ltr'><strong>est,</strong></span> 
     </span>
    </p>
   </div>
   <div class='ocr_carea' id='block_1_62' title="bbox 2026 3146 3675 3220">
    <p class='ocr_par' dir='ltr' id='par_1_62' title="bbox 2026 3146 3675 3220">
     <span class='ocr_line' id='line_1_62' title="bbox 2026 3146 3675 3220; baseline 0.003 -20"><span class='ocrx_word' id='word_1_450' title='bbox 2026 3147 2319 3216; x_wconf 86' lang='lat' dir='ltr'><strong>quomodo</strong></span> <span class='ocrx_word' id='word_1_451' title='bbox 2349 3162 2504 3202; x_wconf 88' lang='lat' dir='ltr'><strong>nunc</strong></span> <span class='ocrx_word' id='word_1_452' title='bbox 2533 3147 2758 3204; x_wconf 82' lang='lat' dir='ltr'><strong>Hebraei</strong></span> <span class='ocrx_word' id='word_1_453' title='bbox 2789 3148 2951 3219; x_wconf 89' lang='lat' dir='ltr'><strong>pueri</strong></span> <span class='ocrx_word' id='word_1_454' title='bbox 2992 3146 3255 3220; x_wconf 86' lang='lat' dir='ltr'><strong>linguam</strong></span> <span class='ocrx_word' id='word_1_455' title='bbox 3286 3162 3465 3219; x_wconf 88' lang='lat' dir='ltr'><strong>quam</strong></span> <span class='ocrx_word' id='word_1_456' title='bbox 3497 3164 3675 3205; x_wconf 87' lang='lat' dir='ltr'><strong>nove-</strong></span> 
     </span>
    </p>
   </div>
   <div class='ocr_carea' id='block_1_63' title="bbox 2027 3234 3676 3315">
    <p class='ocr_par' dir='ltr' id='par_1_63' title="bbox 2027 3234 3676 3315">
     <span class='ocr_line' id='line_1_63' title="bbox 2027 3234 3676 3315; baseline 0.005 -27"><span class='ocrx_word' id='word_1_457' title='bbox 2027 3237 2175 3304; x_wconf 88' lang='lat' dir='ltr'><strong>rant,</strong></span> <span class='ocrx_word' id='word_1_458' title='bbox 2200 3235 2392 3290; x_wconf 88' lang='lat' dir='ltr'><strong>doceri</strong></span> <span class='ocrx_word' id='word_1_459' title='bbox 2406 3234 2725 3305; x_wconf 84' lang='lat' dir='ltr'><strong>jubeantur</strong></span> <span class='ocrx_word' id='word_1_460' title='bbox 2749 3253 2761 3290; x_wconf 88' lang='lat'><strong>:</strong></span> <span class='ocrx_word' id='word_1_461' title='bbox 2797 3234 2910 3291; x_wconf 90' lang='lat' dir='ltr'><strong>nisi</strong></span> <span class='ocrx_word' id='word_1_462' title='bbox 2934 3235 3261 3306; x_wconf 80' lang='lat' dir='ltr'><strong>fortejuxta</strong></span> <span class='ocrx_word' id='word_1_463' title='bbox 3279 3236 3676 3315; x_wconf 84' lang='lat' dir='ltr'><strong>quorumdam</strong></span> 
     </span>
    </p>
   </div>
   <div class='ocr_carea' id='block_1_64' title="bbox 2026 3321 3672 3396">
    <p class='ocr_par' dir='ltr' id='par_1_64' title="bbox 2026 3321 3672 3396">
     <span class='ocr_line' id='line_1_64' title="bbox 2026 3321 3672 3396; baseline 0.005 -19"><span class='ocrx_word' id='word_1_464' title='bbox 2026 3321 2360 3395; x_wconf 88' lang='lat' dir='ltr'><strong>opinionem</strong></span> <span class='ocrx_word' id='word_1_465' title='bbox 2391 3324 2537 3380; x_wconf 91' lang='lat' dir='ltr'><strong>duas</strong></span> <span class='ocrx_word' id='word_1_466' title='bbox 2566 3322 2858 3380; x_wconf 82' lang='lat' dir='ltr'><strong>Abraham</strong></span> <span class='ocrx_word' id='word_1_467' title='bbox 2886 3323 3140 3396; x_wconf 89' lang='lat' dir='ltr'><strong>linguas,</strong></span> <span class='ocrx_word' id='word_1_468' title='bbox 3190 3329 3249 3380; x_wconf 90' lang='lat' dir='ltr'><strong>et</strong></span> <span class='ocrx_word' id='word_1_469' title='bbox 3290 3323 3672 3385; x_wconf 68' lang='lat' dir='ltr'><strong>Hebraaorum</strong></span> 
     </span>
    </p>
   </div>
   <div class='ocr_carea' id='block_1_65' title="bbox 2025 3411 3445 3470">
    <p class='ocr_par' dir='ltr' id='par_1_65' title="bbox 2025 3411 3445 3470">
     <span class='ocr_line' id='line_1_65' title="bbox 2025 3411 3445 3470; baseline 0.001 -4"><span class='ocrx_word' id='word_1_470' title='bbox 2025 3416 2084 3466; x_wconf 89' lang='lat' dir='ltr'><strong>et</strong></span> <span class='ocrx_word' id='word_1_471' title='bbox 2108 3411 2513 3469; x_wconf 70' lang='lat' dir='ltr'><strong>Chaldaeorum</strong></span> <span class='ocrx_word' id='word_1_472' title='bbox 2542 3414 2727 3470; x_wconf 87' lang='lat' dir='ltr'><strong>scisse</strong></span> <span class='ocrx_word' id='word_1_473' title='bbox 2754 3414 3040 3468; x_wconf 88' lang='lat' dir='ltr'><strong>dicamus.</strong></span> <span class='ocrx_word' id='word_1_474' title='bbox 3442 3432 3445 3437; x_wconf 55' lang='lat'><em>‘</em></span> 
     </span>
    </p>
   </div>
   <div class='ocr_carea' id='block_1_66' title="bbox 271 3493 3675 3576">
    <p class='ocr_par' dir='ltr' id='par_1_66' title="bbox 271 3493 3675 3576">
     <span class='ocr_line' id='line_1_66' title="bbox 271 3493 3675 3576; baseline -0 -15"><span class='ocrx_word' id='word_1_475' title='bbox 271 3518 459 3576; x_wconf 81' lang='lat' dir='ltr'><strong>usque</strong></span> <span class='ocrx_word' id='word_1_476' title='bbox 488 3504 561 3558; x_wconf 84' lang='lat' dir='ltr'><strong>ad</strong></span> <span class='ocrx_word' id='word_1_477' title='bbox 594 3502 805 3558; x_wconf 65' lang='lat' dir='ltr'><strong>caelum</strong></span> <span class='ocrx_word' id='word_1_478' title='bbox 838 3501 898 3556; x_wconf 90' lang='lat' dir='ltr'><strong>hi</strong></span> <span class='ocrx_word' id='word_1_479' title='bbox 928 3500 1029 3572; x_wconf 89' lang='lat' dir='ltr'><strong>qui</strong></span> <span class='ocrx_word' id='word_1_480' title='bbox 1060 3501 1133 3556; x_wconf 91' lang='lat' dir='ltr'><strong>ah</strong></span> <span class='ocrx_word' id='word_1_481' title='bbox 1163 3500 1399 3556; x_wconf 86' lang='lat' dir='ltr'><strong>Oriente</strong></span> <span class='ocrx_word' id='word_1_482' title='bbox 1416 3506 1717 3559; x_wconf 85' lang='lat' dir='ltr'><strong>moverant</strong></span> <span class='ocrx_word' id='word_1_483' title='bbox 1738 3502 1912 3573; x_wconf 87' lang='lat' dir='ltr'><strong>pedes</strong></span> <span class='ocrx_word' id='word_1_484' title='bbox 1944 3493 1986 3560; x_wconf 87' lang='lat' dir='ltr'>C</span> <span class='ocrx_word' id='word_1_485' title='bbox 2097 3503 2284 3567; x_wconf 87' lang='lat' dir='ltr'><strong>(Vers.</strong></span> <span class='ocrx_word' id='word_1_486' title='bbox 2315 3501 2396 3571; x_wconf 91' lang='lat'><strong>7.)</strong></span> <span class='ocrx_word' id='word_1_487' title='bbox 2446 3503 2511 3555; x_wconf 81' lang='lat' dir='ltr'><strong>Et</strong></span> <span class='ocrx_word' id='word_1_488' title='bbox 2536 3503 2799 3573; x_wconf 85' lang='lat' dir='ltr'><strong>imposuit</strong></span> <span class='ocrx_word' id='word_1_489' title='bbox 2826 3502 2905 3556; x_wconf 88' lang='lat' dir='ltr'><strong>eis</strong></span> <span class='ocrx_word' id='word_1_490' title='bbox 2931 3502 3263 3573; x_wconf 66' lang='lat' dir='ltr'><strong>pre-Epasitus</strong></span> <span class='ocrx_word' id='word_1_491' title='bbox 3291 3502 3675 3563; x_wconf 75' lang='lat' dir='ltr'><strong>eunuchomm</strong></span> 
     </span>
    </p>
   </div>
   <div class='ocr_carea' id='block_1_67' title="bbox 272 3584 1912 3665">
    <p class='ocr_par' dir='ltr' id='par_1_67' title="bbox 272 3584 1912 3665">
     <span class='ocr_line' id='line_1_67' title="bbox 272 3584 1912 3665; baseline -0.002 -15"><span class='ocrx_word' id='word_1_492' title='bbox 272 3608 431 3665; x_wconf 86' lang='lat' dir='ltr'><strong>suos,</strong></span> <span class='ocrx_word' id='word_1_493' title='bbox 465 3584 748 3648; x_wconf 66' lang='lat' dir='ltr'><strong>mdificare</strong></span> <span class='ocrx_word' id='word_1_494' title='bbox 793 3589 984 3647; x_wconf 87' lang='lat' dir='ltr'><strong>conati</strong></span> <span class='ocrx_word' id='word_1_495' title='bbox 1028 3593 1185 3645; x_wconf 90' lang='lat' dir='ltr'><strong>sunt.</strong></span> <span class='ocrx_word' id='word_1_496' title='bbox 1236 3588 1397 3645; x_wconf 90' lang='lat' dir='ltr'><strong>Unde</strong></span> <span class='ocrx_word' id='word_1_497' title='bbox 1426 3594 1483 3645; x_wconf 88' lang='lat' dir='ltr'><strong>et</strong></span> <span class='ocrx_word' id='word_1_498' title='bbox 1511 3605 1544 3643; x_wconf 92' lang='lat' dir='ltr'><strong>a</strong></span> <span class='ocrx_word' id='word_1_499' title='bbox 1574 3590 1912 3646; x_wconf 72' lang='lat' dir='ltr'><strong>confusione</strong></span> 
     </span>
    </p>
   </div>
   <div class='ocr_carea' id='block_1_68' title="bbox 268 3672 1911 3763">
    <p class='ocr_par' dir='ltr' id='par_1_68' title="bbox 268 3672 1911 3763">
     <span class='ocr_line' id='line_1_68' title="bbox 268 3672 1911 3763; baseline -0.004 -22"><span class='ocrx_word' id='word_1_500' title='bbox 268 3672 605 3763; x_wconf 76' lang='lat' dir='ltr'><strong>linguarum</strong></span> <span class='ocrx_word' id='word_1_501' title='bbox 628 3680 791 3737; x_wconf 90' lang='lat' dir='ltr'><strong>locus</strong></span> <span class='ocrx_word' id='word_1_502' title='bbox 814 3677 1267 3749; x_wconf 76' lang='lat' dir='ltr'><strong>nomen’accepit</strong></span> <span class='ocrx_word' id='word_1_503' title='bbox 1282 3678 1549 3750; x_wconf 85' lang='lat' dir='ltr'><strong>Babylon,</strong></span> <span class='ocrx_word' id='word_1_504' title='bbox 1570 3696 1697 3751; x_wconf 67' lang='lat' dir='ltr'><strong>quae</strong></span> <span class='ocrx_word' id='word_1_505' title='bbox 1719 3679 1777 3734; x_wconf 92' lang='lat' dir='ltr'><strong>in</strong></span> <span class='ocrx_word' id='word_1_506' title='bbox 1798 3678 1911 3739; x_wconf 78' lang='lat' dir='ltr'><strong>lin-</strong></span> 
     </span>
    </p>
   </div>
   <div class='ocr_carea' id='block_1_69' title="bbox 268 3764 1913 3845">
    <p class='ocr_par' dir='ltr' id='par_1_69' title="bbox 268 3764 1913 3845">
     <span class='ocr_line' id='line_1_69' title="bbox 268 3764 1913 3845; baseline -0.005 -12"><span class='ocrx_word' id='word_1_507' title='bbox 268 3764 446 3845; x_wconf 73' lang='lat' dir='ltr'><strong>suam</strong></span> <span class='ocrx_word' id='word_1_508' title='bbox 469 3774 730 3829; x_wconf 90' lang='lat' dir='ltr'><strong>nostram</strong></span> <span class='ocrx_word' id='word_1_509' title='bbox 752 3769 1068 3827; x_wconf 88' lang='lat' dir='ltr'><strong>tranfertur</strong></span> <span class='ocrx_word' id='word_1_510' title='bbox 1083 3768 1348 3837; x_wconf 81' lang='lat' dir='ltr'><strong>confusio.</strong></span> <span class='ocrx_word' id='word_1_511' title='bbox 1365 3764 1553 3823; x_wconf 82' lang='lat' dir='ltr'><strong>Simul</strong></span> <span class='ocrx_word' id='word_1_512' title='bbox 1576 3772 1632 3822; x_wconf 90' lang='lat' dir='ltr'><strong>et</strong></span> <span class='ocrx_word' id='word_1_513' title='bbox 1652 3767 1913 3825; x_wconf 85' lang='lat' dir='ltr'><strong>animad-</strong></span> 
     </span>
    </p>
   </div>
   <div class='ocr_carea' id='block_1_70' title="bbox 262 3852 1913 3929">
    <p class='ocr_par' dir='ltr' id='par_1_70' title="bbox 262 3852 1913 3929">
     <span class='ocr_line' id='line_1_70' title="bbox 262 3852 1913 3929; baseline -0.002 -13"><span class='ocrx_word' id='word_1_514' title='bbox 262 3852 607 3916; x_wconf 81' lang='lat' dir='ltr'><strong>vertendum</strong></span> <span class='ocrx_word' id='word_1_515' title='bbox 628 3857 953 3915; x_wconf 87' lang='lat' dir='ltr'><strong>secundum</strong></span> <span class='ocrx_word' id='word_1_516' title='bbox 975 3871 1296 3929; x_wconf 87' lang='lat' dir='ltr'><strong>anagogen,</strong></span> <span class='ocrx_word' id='word_1_517' title='bbox 1313 3856 1468 3927; x_wconf 89' lang='lat' dir='ltr'><strong>quod</strong></span> <span class='ocrx_word' id='word_1_518' title='bbox 1489 3870 1585 3910; x_wconf 85' lang='lat' dir='ltr'><strong>rex</strong></span> <span class='ocrx_word' id='word_1_519' title='bbox 1603 3855 1913 3929; x_wconf 82' lang='lat' dir='ltr'><strong>Babylonis</strong></span> 
     </span>
    </p>
   </div>
   <div class='ocr_carea' id='block_1_71' title="bbox 263 3944 1909 4031">
    <p class='ocr_par' dir='ltr' id='par_1_71' title="bbox 263 3944 1909 4031">
     <span class='ocr_line' id='line_1_71' title="bbox 263 3944 1909 4031; baseline -0.003 -25"><span class='ocrx_word' id='word_1_520' title='bbox 263 3962 378 4031; x_wconf 79' lang='lat' dir='ltr'><strong>non</strong></span> <span class='ocrx_word' id='word_1_521' title='bbox 399 3948 654 4023; x_wconf 87' lang='lat' dir='ltr'><strong>potuerit</strong></span> <span class='ocrx_word' id='word_1_522' title='bbox 668 3946 941 4005; x_wconf 83' lang='lat' dir='ltr'><strong>universa</strong></span> <span class='ocrx_word' id='word_1_523' title='bbox 955 3944 1055 4000; x_wconf 90' lang='lat' dir='ltr'><strong>Dei</strong></span> <span class='ocrx_word' id='word_1_524' title='bbox 1073 3960 1211 4000; x_wconf 86' lang='lat' dir='ltr'><strong>vasa</strong></span> <span class='ocrx_word' id='word_1_525' title='bbox 1231 3944 1567 4013; x_wconf 79' lang='lat' dir='ltr'><strong>transferre,</strong></span> <span class='ocrx_word' id='word_1_526' title='bbox 1585 3947 1641 3999; x_wconf 89' lang='lat' dir='ltr'><strong>et</strong></span> <span class='ocrx_word' id='word_1_527' title='bbox 1657 3945 1714 3999; x_wconf 89' lang='lat' dir='ltr'><strong>in</strong></span> <span class='ocrx_word' id='word_1_528' title='bbox 1730 3944 1909 4001; x_wconf 88' lang='lat' dir='ltr'><strong>idolio</strong></span> 
     </span>
    </p>
   </div>
   <div class='ocr_carea' id='block_1_72' title="bbox 263 4032 1909 4109">
    <p class='ocr_par' dir='ltr' id='par_1_72' title="bbox 263 4032 1909 4109">
     <span class='ocr_line' id='line_1_72' title="bbox 263 4032 1909 4109; baseline -0.002 -16"><span class='ocrx_word' id='word_1_529' title='bbox 263 4036 419 4109; x_wconf 86' lang='lat' dir='ltr'><strong>quod</strong></span> <span class='ocrx_word' id='word_1_530' title='bbox 449 4035 562 4095; x_wconf 89' lang='lat' dir='ltr'><strong>sibi</strong></span> <span class='ocrx_word' id='word_1_531' title='bbox 593 4035 840 4092; x_wconf 83' lang='lat' dir='ltr'><strong>ﬁnxerat</strong></span> <span class='ocrx_word' id='word_1_532' title='bbox 870 4032 1172 4102; x_wconf 90' lang='lat' dir='ltr'><strong>collocare,</strong></span> <span class='ocrx_word' id='word_1_533' title='bbox 1224 4032 1325 4089; x_wconf 91' lang='lat' dir='ltr'><strong>sed</strong></span> <span class='ocrx_word' id='word_1_534' title='bbox 1373 4038 1597 4105; x_wconf 89' lang='lat' dir='ltr'><strong>partem</strong></span> <span class='ocrx_word' id='word_1_535' title='bbox 1636 4049 1909 4090; x_wconf 88' lang='lat' dir='ltr'><strong>vasorum</strong></span> 
     </span>
    </p>
   </div>
   <div class='ocr_carea' id='block_1_73' title="bbox 262 4120 1913 4193">
    <p class='ocr_par' dir='ltr' id='par_1_73' title="bbox 262 4120 1913 4193">
     <span class='ocr_line' id='line_1_73' title="bbox 262 4120 1913 4193; baseline -0.001 -12"><span class='ocrx_word' id='word_1_536' title='bbox 262 4126 420 4191; x_wconf 64' lang='grc'><strong>624</strong></span> <span class='ocrx_word' id='word_1_537' title='bbox 469 4125 680 4180; x_wconf 90' lang='lat' dir='ltr'><strong>domus</strong></span> <span class='ocrx_word' id='word_1_538' title='bbox 730 4123 851 4193; x_wconf 86' lang='lat' dir='ltr'><strong>Dei,</strong></span> <span class='ocrx_word' id='word_1_539' title='bbox 898 4138 1026 4192; x_wconf 63' lang='lat' dir='ltr'><strong>quae</strong></span> <span class='ocrx_word' id='word_1_540' title='bbox 1057 4120 1438 4193; x_wconf 87' lang='lat' dir='ltr'><strong>intelligenda</strong></span> <span class='ocrx_word' id='word_1_541' title='bbox 1466 4124 1605 4177; x_wconf 87' lang='lat' dir='ltr'><strong>sunt</strong></span> <span class='ocrx_word' id='word_1_542' title='bbox 1632 4122 1913 4192; x_wconf 86' lang='lat' dir='ltr'><strong>dogmata</strong></span> 
     </span>
    </p>
   </div>
   <div class='ocr_carea' id='block_1_74' title="bbox 260 4209 1912 4281">
    <p class='ocr_par' dir='ltr' id='par_1_74' title="bbox 260 4209 1912 4281">
     <span class='ocr_line' id='line_1_74' title="bbox 260 4209 1912 4281; baseline -0.001 -11"><span class='ocrx_word' id='word_1_543' title='bbox 260 4212 541 4270; x_wconf 82' lang='lat' dir='ltr'><strong>veritatis.</strong></span> <span class='ocrx_word' id='word_1_544' title='bbox 581 4210 642 4267; x_wconf 86' lang='lat' dir='ltr'><strong>Si</strong></span> <span class='ocrx_word' id='word_1_545' title='bbox 670 4210 828 4266; x_wconf 88' lang='lat' dir='ltr'><strong>enim</strong></span> <span class='ocrx_word' id='word_1_546' title='bbox 860 4214 1102 4266; x_wconf 87' lang='lat' dir='ltr'><strong>cunctos</strong></span> <span class='ocrx_word' id='word_1_547' title='bbox 1133 4209 1618 4281; x_wconf 81' lang='lat' dir='ltr'><strong>philosophorum</strong></span> <span class='ocrx_word' id='word_1_548' title='bbox 1651 4209 1912 4268; x_wconf 85' lang='lat' dir='ltr'><strong>revolvas</strong></span> 
     </span>
    </p>
   </div>
   <div class='ocr_carea' id='block_1_75' title="bbox 1999 3590 3672 3662">
    <p class='ocr_par' dir='ltr' id='par_1_75' title="bbox 1999 3590 3672 3662">
     <span class='ocr_line' id='line_1_75' title="bbox 1999 3590 3672 3662; baseline 0.006 -21"><span class='ocrx_word' id='word_1_549' title='bbox 1999 3590 2271 3658; x_wconf 56' lang='lat' dir='ltr'><strong>nomina,</strong></span> <span class='ocrx_word' id='word_1_550' title='bbox 2321 3590 2561 3657; x_wconf 88' lang='lat' dir='ltr'><strong>Dauieli,</strong></span> <span class='ocrx_word' id='word_1_551' title='bbox 2616 3590 2945 3645; x_wconf 81' lang='lat' dir='ltr'><strong>Ballhasar:</strong></span> <span class='ocrx_word' id='word_1_552' title='bbox 2998 3593 3049 3647; x_wconf 86' lang='lat' dir='ltr'><strong>et</strong></span> <span class='ocrx_word' id='word_1_553' title='bbox 3089 3592 3343 3662; x_wconf 71' lang='lat' dir='ltr'><strong>Ananiae,</strong></span> <span class='ocrx_word' id='word_1_554' title='bbox 3394 3590 3672 3651; x_wconf 80' lang='lat' dir='ltr'><strong>Sedrach:</strong></span> 
     </span>
    </p>
   </div>
   <div class='ocr_carea' id='block_1_76' title="bbox 2019 3675 3671 3750">
    <p class='ocr_par' dir='ltr' id='par_1_76' title="bbox 2019 3675 3671 3750">
     <span class='ocr_line' id='line_1_76' title="bbox 2019 3675 3671 3750; baseline 0.004 -19"><span class='ocrx_word' id='word_1_555' title='bbox 2019 3675 2248 3745; x_wconf 75' lang='lat' dir='ltr'><strong>Misaeli,</strong></span> <span class='ocrx_word' id='word_1_556' title='bbox 2298 3676 2495 3735; x_wconf 66' lang='lat' dir='ltr'><strong>Nisae:</strong></span> <span class='ocrx_word' id='word_1_557' title='bbox 2537 3686 2589 3735; x_wconf 89' lang='lat' dir='ltr'><strong>et</strong></span> <span class='ocrx_word' id='word_1_558' title='bbox 2617 3680 2851 3749; x_wconf 62' lang='lat' dir='ltr'><strong>Azariaz,</strong></span> <span class='ocrx_word' id='word_1_559' title='bbox 2895 3680 3044 3738; x_wconf 74' lang='lat'><strong>025</strong></span> <span class='ocrx_word' id='word_1_560' title='bbox 3080 3680 3380 3750; x_wconf 80' lang='lat' dir='ltr'><strong>Abdenago.</strong></span> <span class='ocrx_word' id='word_1_561' title='bbox 3413 3679 3538 3737; x_wconf 89' lang='lat' dir='ltr'><strong>Non</strong></span> <span class='ocrx_word' id='word_1_562' title='bbox 3566 3696 3671 3738; x_wconf 87' lang='lat' dir='ltr'><strong>so-</strong></span> 
     </span>
    </p>
   </div>
   <div class='ocr_carea' id='block_1_77' title="bbox 2021 3765 3672 3841">
    <p class='ocr_par' dir='ltr' id='par_1_77' title="bbox 2021 3765 3672 3841">
     <span class='ocr_line' id='line_1_77' title="bbox 2021 3765 3672 3841; baseline 0.002 -18"><span class='ocrx_word' id='word_1_563' title='bbox 2021 3765 2145 3823; x_wconf 89' lang='lat' dir='ltr'><strong>lum</strong></span> <span class='ocrx_word' id='word_1_564' title='bbox 2179 3767 2525 3839; x_wconf 70' lang='lat' dir='ltr'><strong>prtepositus</strong></span> <span class='ocrx_word' id='word_1_565' title='bbox 2553 3768 2983 3833; x_wconf 82' lang='lat' dir='ltr'><strong>cunuchorum,</strong></span> <span class='ocrx_word' id='word_1_566' title='bbox 3033 3768 3154 3824; x_wconf 90' lang='lat' dir='ltr'><strong>sive</strong></span> <span class='ocrx_word' id='word_1_567' title='bbox 3184 3767 3483 3841; x_wconf 83' lang='lat' dir='ltr'><strong>magister,</strong></span> <span class='ocrx_word' id='word_1_568' title='bbox 3514 3772 3573 3825; x_wconf 78' lang='lat' dir='ltr'><strong>et</strong></span> <span class='ocrx_word' id='word_1_569' title='bbox 3597 3772 3672 3826; x_wconf 78' lang='lat' dir='ltr'><strong>ut</strong></span> 
     </span>
    </p>
   </div>
   <div class='ocr_carea' id='block_1_78' title="bbox 2020 3852 3674 3932">
    <p class='ocr_par' dir='ltr' id='par_1_78' title="bbox 2020 3852 3674 3932">
     <span class='ocr_line' id='line_1_78' title="bbox 2020 3852 3674 3932; baseline 0.002 -23"><span class='ocrx_word' id='word_1_570' title='bbox 2020 3852 2118 3910; x_wconf 91' lang='lat' dir='ltr'><strong>alii</strong></span> <span class='ocrx_word' id='word_1_571' title='bbox 2151 3856 2597 3923; x_wconf 87' lang='lat' dir='ltr'><strong>transtulerunt,</strong></span> <span class='ocrx_word' id='word_1_572' title='bbox 2648 3856 2675 3909; x_wconf 78' lang='grc' dir='ltr'><strong>ὁ</strong></span> <span class='ocrx_word' id='word_1_573' title='bbox 2710 3855 3109 3932; x_wconf 71' lang='grc' dir='ltr'><strong>ἀρχιευνοῦχος</strong></span> <span class='ocrx_word' id='word_1_574' title='bbox 3140 3857 3361 3914; x_wconf 87' lang='lat' dir='ltr'><strong>sanctis</strong></span> <span class='ocrx_word' id='word_1_575' title='bbox 3392 3856 3674 3914; x_wconf 84' lang='lat' dir='ltr'><strong>immutat</strong></span> 
     </span>
    </p>
   </div>
   <div class='ocr_carea' id='block_1_79' title="bbox 2020 3934 3674 4020">
    <p class='ocr_par' dir='ltr' id='par_1_79' title="bbox 2020 3934 3674 4020">
     <span class='ocr_line' id='line_1_79' title="bbox 2020 3934 3674 4020; baseline 0.003 -21"><span class='ocrx_word' id='word_1_576' title='bbox 2020 3934 2277 4014; x_wconf 85' lang='lat' dir='ltr'><strong>nomina,</strong></span> <span class='ocrx_word' id='word_1_577' title='bbox 2303 3945 2403 4001; x_wconf 88' lang='lat' dir='ltr'><strong>sed</strong></span> <span class='ocrx_word' id='word_1_578' title='bbox 2427 3949 2482 4000; x_wconf 90' lang='lat' dir='ltr'><strong>et</strong></span> <span class='ocrx_word' id='word_1_579' title='bbox 2504 3944 2726 4002; x_wconf 87' lang='lat' dir='ltr'><strong>Pharao</strong></span> <span class='ocrx_word' id='word_1_580' title='bbox 2746 3945 2963 4018; x_wconf 87' lang='lat' dir='ltr'><strong>Joseph</strong></span> <span class='ocrx_word' id='word_1_581' title='bbox 2993 3946 3054 4002; x_wconf 89' lang='lat' dir='ltr'><strong>in</strong></span> <span class='ocrx_word' id='word_1_582' title='bbox 3084 3946 3325 4019; x_wconf 59' lang='lat' dir='ltr'><strong>[Egypto</strong></span> <span class='ocrx_word' id='word_1_583' title='bbox 3357 3944 3674 4020; x_wconf 74' lang='lat' dir='ltr'><strong>appellavit</strong></span> 
     </span>
    </p>
   </div>
   <div class='ocr_carea' id='block_1_80' title="bbox 2020 4024 3673 4106">
    <p class='ocr_par' dir='ltr' id='par_1_80' title="bbox 2020 4024 3673 4106">
     <span class='ocr_line' id='line_1_80' title="bbox 2020 4024 3673 4106; baseline 0.003 -17"><span class='ocrx_word' id='word_1_584' title='bbox 2020 4032 2170 4104; x_wconf 85' lang='lat' dir='ltr'><strong>(Gen.</strong></span> <span class='ocrx_word' id='word_1_585' title='bbox 2204 4034 2316 4105; x_wconf 86' lang='grc'><strong>41),</strong></span> <span class='ocrx_word' id='word_1_586' title='bbox 2345 4035 2410 4106; x_wconf 81' lang='lat' dir='ltr'><strong>(f)</strong></span> <span class='ocrx_word' id='word_1_587' title='bbox 2443 4033 2890 4106; x_wconf 80' lang='lat' dir='ltr'><strong>Somtonphauec,</strong></span> <span class='ocrx_word' id='word_1_588' title='bbox 2942 4024 3205 4092; x_wconf 88' lang='lat' dir='ltr'><strong>nolentes</strong></span> <span class='ocrx_word' id='word_1_589' title='bbox 3254 4051 3354 4092; x_wconf 90' lang='lat' dir='ltr'><strong>eos</strong></span> <span class='ocrx_word' id='word_1_590' title='bbox 3403 4036 3466 4091; x_wconf 88' lang='lat' dir='ltr'><strong>in</strong></span> <span class='ocrx_word' id='word_1_591' title='bbox 3511 4040 3673 4094; x_wconf 81' lang='lat' dir='ltr'><strong>terra</strong></span> 
     </span>
    </p>
   </div>
   <div class='ocr_carea' id='block_1_81' title="bbox 2018 4121 3664 4197">
    <p class='ocr_par' dir='ltr' id='par_1_81' title="bbox 2018 4121 3664 4197">
     <span class='ocr_line' id='line_1_81' title="bbox 2018 4121 3664 4197; baseline 0.002 -20"><span class='ocrx_word' id='word_1_592' title='bbox 2018 4121 2368 4194; x_wconf 81' lang='lat' dir='ltr'><strong>captivitatis</strong></span> <span class='ocrx_word' id='word_1_593' title='bbox 2390 4123 2668 4179; x_wconf 85' lang='lat' dir='ltr'><strong>vocabula</strong></span> <span class='ocrx_word' id='word_1_594' title='bbox 2686 4123 2899 4180; x_wconf 86' lang='lat' dir='ltr'><strong>habere</strong></span> <span class='ocrx_word' id='word_1_595' title='bbox 2912 4123 3251 4181; x_wconf 74' lang='lat' dir='ltr'><strong>Judasorum</strong></span> <span class='ocrx_word' id='word_1_596' title='bbox 3270 4123 3384 4197; x_wconf 82' lang='grc' dir='ltr'><strong>[Αι.</strong></span> <span class='ocrx_word' id='word_1_597' title='bbox 3400 4122 3664 4197; x_wconf 61' lang='lat' dir='ltr'><strong>Judaei].</strong></span> 
     </span>
    </p>
   </div>
   <div class='ocr_carea' id='block_1_82' title="bbox 2019 4210 3669 4283">
    <p class='ocr_par' dir='ltr' id='par_1_82' title="bbox 2019 4210 3669 4283">
     <span class='ocr_line' id='line_1_82' title="bbox 2019 4210 3669 4283; baseline 0.002 -18"><span class='ocrx_word' id='word_1_598' title='bbox 2019 4210 2181 4266; x_wconf 87' lang='lat' dir='ltr'><strong>Unde</strong></span> <span class='ocrx_word' id='word_1_599' title='bbox 2211 4211 2492 4283; x_wconf 86' lang='lat' dir='ltr'><strong>pr0pheta</strong></span> <span class='ocrx_word' id='word_1_600' title='bbox 2519 4212 2661 4267; x_wconf 88' lang='lat' dir='ltr'><strong>dicit</strong></span> <span class='ocrx_word' id='word_1_601' title='bbox 2690 4212 2747 4267; x_wconf 92' lang='lat' dir='ltr'><strong>in</strong></span> <span class='ocrx_word' id='word_1_602' title='bbox 2778 4212 3011 4270; x_wconf 88' lang='lat' dir='ltr'><strong>Psalmo</strong></span> <span class='ocrx_word' id='word_1_603' title='bbox 3039 4230 3051 4268; x_wconf 90' lang='lat'>:</span> <span class='ocrx_word' id='word_1_604' title='bbox 3105 4213 3383 4283; x_wconf 82' lang='lat' dir='ltr'><strong>Quomodo</strong></span> <span class='ocrx_word' id='word_1_605' title='bbox 3411 4212 3669 4269; x_wconf 81' lang='lat' dir='ltr'><strong>cantabi-</strong></span> 
     </span>
    </p>
   </div>
   <div class='ocr_carea' id='block_1_83' title="bbox 260 4296 3672 4376">
    <p class='ocr_par' dir='ltr' id='par_1_83' title="bbox 260 4296 3672 4376">
     <span class='ocr_line' id='line_1_83' title="bbox 260 4296 3672 4376; baseline 0 -18"><span class='ocrx_word' id='word_1_606' title='bbox 260 4300 461 4373; x_wconf 86' lang='lat' dir='ltr'><strong>libros,</strong></span> <span class='ocrx_word' id='word_1_607' title='bbox 488 4315 722 4356; x_wconf 86' lang='lat' dir='ltr'><strong>necesse</strong></span> <span class='ocrx_word' id='word_1_608' title='bbox 745 4302 836 4355; x_wconf 90' lang='lat' dir='ltr'><strong>est</strong></span> <span class='ocrx_word' id='word_1_609' title='bbox 854 4301 920 4354; x_wconf 91' lang='lat' dir='ltr'><strong>ut</strong></span> <span class='ocrx_word' id='word_1_610' title='bbox 938 4298 999 4355; x_wconf 91' lang='lat' dir='ltr'><strong>in</strong></span> <span class='ocrx_word' id='word_1_611' title='bbox 1020 4296 1103 4353; x_wconf 86' lang='lat' dir='ltr'><strong>eis</strong></span> <span class='ocrx_word' id='word_1_612' title='bbox 1126 4296 1381 4371; x_wconf 88' lang='lat' dir='ltr'><strong>reperias</strong></span> <span class='ocrx_word' id='word_1_613' title='bbox 1402 4296 1660 4370; x_wconf 89' lang='lat' dir='ltr'><strong>aliquam</strong></span> <span class='ocrx_word' id='word_1_614' title='bbox 1680 4303 1906 4372; x_wconf 90' lang='lat' dir='ltr'><strong>partem</strong></span> <span class='ocrx_word' id='word_1_615' title='bbox 2014 4316 2139 4355; x_wconf 86' lang='lat' dir='ltr'><strong>mus</strong></span> <span class='ocrx_word' id='word_1_616' title='bbox 2163 4302 2435 4356; x_wconf 84' lang='lat' dir='ltr'><strong>canticum</strong></span> <span class='ocrx_word' id='word_1_617' title='bbox 2465 4301 2688 4357; x_wconf 88' lang='lat' dir='ltr'><strong>Domini</strong></span> <span class='ocrx_word' id='word_1_618' title='bbox 2706 4303 2764 4357; x_wconf 88' lang='lat' dir='ltr'><strong>in</strong></span> <span class='ocrx_word' id='word_1_619' title='bbox 2787 4308 2935 4358; x_wconf 83' lang='lat' dir='ltr'><strong>terra</strong></span> <span class='ocrx_word' id='word_1_620' title='bbox 2954 4303 3140 4359; x_wconf 86' lang='lat' dir='ltr'><strong>aliena</strong></span> <span class='ocrx_word' id='word_1_621' title='bbox 3169 4303 3283 4375; x_wconf 87' lang='lat' dir='ltr'><strong>(Ps.</strong></span> <span class='ocrx_word' id='word_1_622' title='bbox 3315 4320 3539 4369; x_wconf 78' lang='lat' dir='ltr'><strong>cxxxvi,</strong></span> <span class='ocrx_word' id='word_1_623' title='bbox 3565 4302 3618 4376; x_wconf 77' lang='grc'><strong>4)</strong></span> <span class='ocrx_word' id='word_1_624' title='bbox 3635 4301 3672 4359; x_wconf 81' lang='lat'><strong>?</strong></span> 
     </span>
    </p>
   </div>
   <div class='ocr_carea' id='block_1_84' title="bbox 257 4384 3674 4469">
    <p class='ocr_par' dir='ltr' id='par_1_84' title="bbox 257 4384 3674 4469">
     <span class='ocr_line' id='line_1_84' title="bbox 257 4384 3674 4469; baseline 0.001 -21"><span class='ocrx_word' id='word_1_625' title='bbox 257 4384 533 4450; x_wconf 83' lang='lat' dir='ltr'><strong>vasorum</strong></span> <span class='ocrx_word' id='word_1_626' title='bbox 545 4388 667 4449; x_wconf 90' lang='lat' dir='ltr'><strong>Dei.</strong></span> <span class='ocrx_word' id='word_1_627' title='bbox 683 4388 922 4462; x_wconf 89' lang='lat' dir='ltr'><strong>Utapud</strong></span> <span class='ocrx_word' id='word_1_628' title='bbox 938 4384 1258 4463; x_wconf 87' lang='lat' dir='ltr'><strong>Platonem,</strong></span> <span class='ocrx_word' id='word_1_629' title='bbox 1274 4385 1681 4469; x_wconf 84' lang='lat' dir='ltr'><strong>fabricatorem</strong></span> <span class='ocrx_word' id='word_1_630' title='bbox 1700 4387 1907 4445; x_wconf 91' lang='lat' dir='ltr'><strong>mundi</strong></span> <span class='ocrx_word' id='word_1_631' title='bbox 2015 4389 2186 4446; x_wconf 87' lang='lat' dir='ltr'><strong>Porro</strong></span> <span class='ocrx_word' id='word_1_632' title='bbox 2208 4389 2493 4449; x_wconf 87' lang='lat' dir='ltr'><strong>Dominus</strong></span> <span class='ocrx_word' id='word_1_633' title='bbox 2515 4388 2573 4445; x_wconf 92' lang='lat' dir='ltr'><strong>in</strong></span> <span class='ocrx_word' id='word_1_634' title='bbox 2596 4389 2809 4447; x_wconf 88' lang='lat' dir='ltr'><strong>bonam</strong></span> <span class='ocrx_word' id='word_1_635' title='bbox 2834 4396 3061 4464; x_wconf 88' lang='lat' dir='ltr'><strong>partem</strong></span> <span class='ocrx_word' id='word_1_636' title='bbox 3084 4392 3326 4449; x_wconf 89' lang='lat' dir='ltr'><strong>nomina</strong></span> <span class='ocrx_word' id='word_1_637' title='bbox 3346 4396 3537 4449; x_wconf 88' lang='lat' dir='ltr'><strong>mutat</strong></span> <span class='ocrx_word' id='word_1_638' title='bbox 3555 4409 3674 4451; x_wconf 83' lang='lat' dir='ltr'><strong>an-</strong></span> 
     </span>
    </p>
   </div>
   <div class='ocr_carea' id='block_1_85' title="bbox 256 4475 1906 4553">
    <p class='ocr_par' dir='ltr' id='par_1_85' title="bbox 256 4475 1906 4553">
     <span class='ocr_line' id='line_1_85' title="bbox 256 4475 1906 4553; baseline -0.004 -14"><span class='ocrx_word' id='word_1_639' title='bbox 256 4482 465 4551; x_wconf 86' lang='lat' dir='ltr'><strong>Deum,</strong></span> <span class='ocrx_word' id='word_1_640' title='bbox 496 4485 562 4537; x_wconf 90' lang='lat' dir='ltr'><strong>ut</strong></span> <span class='ocrx_word' id='word_1_641' title='bbox 592 4479 749 4553; x_wconf 82' lang='lat' dir='ltr'><strong>apud</strong></span> <span class='ocrx_word' id='word_1_642' title='bbox 772 4479 1062 4535; x_wconf 87' lang='lat' dir='ltr'><strong>Zenonem</strong></span> <span class='ocrx_word' id='word_1_643' title='bbox 1091 4475 1417 4533; x_wconf 86' lang='lat' dir='ltr'><strong>Stoicorum</strong></span> <span class='ocrx_word' id='word_1_644' title='bbox 1444 4475 1790 4549; x_wconf 87' lang='lat' dir='ltr'><strong>principem,</strong></span> <span class='ocrx_word' id='word_1_645' title='bbox 1822 4476 1906 4533; x_wconf 89' lang='lat' dir='ltr'><strong>in-</strong></span> 
     </span>
    </p>
   </div>
   <div class='ocr_carea' id='block_1_86' title="bbox 325 4651 1903 4735">
    <p class='ocr_par' dir='ltr' id='par_1_86' title="bbox 325 4651 1903 4735">
     <span class='ocr_line' id='line_1_86' title="bbox 325 4651 1903 4735; baseline -0.011 -19"><span class='ocrx_word' id='word_1_646' title='bbox 325 4660 402 4735; x_wconf 86' lang='lat' dir='ltr'><strong>(a)</strong></span> <span class='ocrx_word' id='word_1_647' title='bbox 418 4656 604 4735; x_wconf 65' lang='lat' dir='ltr'><strong>Palat.</strong></span> <span class='ocrx_word' id='word_1_648' title='bbox 627 4651 1426 4735; x_wconf 58' lang='lat' dir='ltr'><strong>rscsapamz&#39;étmc._llotatum</strong></span> <span class='ocrx_word' id='word_1_649' title='bbox 1447 4670 1580 4735; x_wconf 75' lang='lat' dir='ltr'><strong>vero</strong></span> <span class='ocrx_word' id='word_1_650' title='bbox 1606 4659 1694 4735; x_wconf 69' lang='lat' dir='ltr'><strong>est</strong></span> <span class='ocrx_word' id='word_1_651' title='bbox 1714 4655 1903 4735; x_wconf 44' lang='lat' dir='ltr'><strong>vieto-</strong></span> 
     </span>
    </p>
   </div>
   <div class='ocr_carea' id='block_1_87' title="bbox 256 4726 1897 4800">
    <p class='ocr_par' dir='ltr' id='par_1_87' title="bbox 256 4726 1897 4800">
     <span class='ocr_line' id='line_1_87' title="bbox 256 4726 1897 4800; baseline -0.003 -12"><span class='ocrx_word' id='word_1_652' title='bbox 256 4726 756 4800; x_wconf 46' lang='lat' dir='ltr'><strong>rideechoniam</strong></span> <span class='ocrx_word' id='word_1_653' title='bbox 791 4726 1003 4800; x_wconf 56' lang='lat' dir='ltr'><strong>&#39;vocari</strong></span> <span class='ocrx_word' id='word_1_654' title='bbox 1040 4743 1079 4784; x_wconf 87' lang='lat' dir='ltr'><strong>a</strong></span> <span class='ocrx_word' id='word_1_655' title='bbox 1127 4726 1411 4800; x_wconf 56' lang='lat' dir='ltr'><strong>Matthiae</strong></span> <span class='ocrx_word' id='word_1_656' title='bbox 1440 4727 1897 4800; x_wconf 79' lang='lat' dir='ltr'><strong>tam_Joachim,</strong></span> 
     </span>
    </p>
   </div>
   <div class='ocr_carea' id='block_1_88' title="bbox 256 4797 1900 4878">
    <p class='ocr_par' dir='ltr' id='par_1_88' title="bbox 256 4797 1900 4878">
     <span class='ocr_line' id='line_1_88' title="bbox 256 4797 1900 4878; baseline -0.002 -20"><span class='ocrx_word' id='word_1_657' title='bbox 256 4804 316 4878; x_wconf 67' lang='lat' dir='ltr'><strong>in</strong></span> <span class='ocrx_word' id='word_1_658' title='bbox 339 4797 454 4878; x_wconf 83' lang='lat' dir='ltr'><strong>quo</strong></span> <span class='ocrx_word' id='word_1_659' title='bbox 476 4798 1123 4878; x_wconf 45' lang='lat' dir='ltr'><strong>subtransmigratigne</strong></span> <span class='ocrx_word' id='word_1_660' title='bbox 1136 4797 1447 4878; x_wconf 67' lang='lat' dir='ltr'><strong>Babylonis</strong></span> <span class='ocrx_word' id='word_1_661' title='bbox 1468 4798 1685 4878; x_wconf 68' lang='lat' dir='ltr'><strong>desinit</strong></span> <span class='ocrx_word' id='word_1_662' title='bbox 1700 4815 1900 4878; x_wconf 78' lang='lat' dir='ltr'><strong>secun-</strong></span> 
     </span>
    </p>
   </div>
   <div class='ocr_carea' id='block_1_89' title="bbox 2014 4478 3671 4553">
    <p class='ocr_par' dir='ltr' id='par_1_89' title="bbox 2014 4478 3671 4553">
     <span class='ocr_line' id='line_1_89' title="bbox 2014 4478 3671 4553; baseline 0.002 -19"><span class='ocrx_word' id='word_1_663' title='bbox 2014 4478 2198 4551; x_wconf 85' lang='lat' dir='ltr'><strong>tiqua,</strong></span> <span class='ocrx_word' id='word_1_664' title='bbox 2247 4482 2304 4535; x_wconf 91' lang='lat' dir='ltr'><strong>et</strong></span> <span class='ocrx_word' id='word_1_665' title='bbox 2347 4495 2416 4534; x_wconf 82' lang='lat' dir='ltr'><strong>ex</strong></span> <span class='ocrx_word' id='word_1_666' title='bbox 2444 4479 2620 4535; x_wconf 88' lang='lat' dir='ltr'><strong>rebus</strong></span> <span class='ocrx_word' id='word_1_667' title='bbox 2650 4480 2901 4553; x_wconf 90' lang='lat' dir='ltr'><strong>imponit</strong></span> <span class='ocrx_word' id='word_1_668' title='bbox 2928 4481 3213 4537; x_wconf 82' lang='lat' dir='ltr'><strong>virtutum</strong></span> <span class='ocrx_word' id='word_1_669' title='bbox 3244 4480 3564 4538; x_wconf 83' lang='lat' dir='ltr'><strong>vocabula:</strong></span> <span class='ocrx_word' id='word_1_670' title='bbox 3598 4486 3671 4538; x_wconf 77' lang='lat' dir='ltr'><strong>ut</strong></span> 
     </span>
    </p>
   </div>
   <div class='ocr_carea' id='block_1_90' title="bbox 2011 4657 3658 4740">
    <p class='ocr_par' dir='ltr' id='par_1_90' title="bbox 2011 4657 3658 4740">
     <span class='ocr_line' id='line_1_90' title="bbox 2011 4657 3658 4740; baseline 0.002 -28"><span class='ocrx_word' id='word_1_671' title='bbox 2011 4657 2303 4740; x_wconf 36' lang='lat' dir='ltr'><strong>gatfnkse‘d</strong></span> <span class='ocrx_word' id='word_1_672' title='bbox 2327 4658 2396 4713; x_wconf 91' lang='lat' dir='ltr'><strong>ad</strong></span> <span class='ocrx_word' id='word_1_673' title='bbox 2421 4657 2600 4740; x_wconf 62' lang='lat' dir='ltr'><strong>trium</strong></span> <span class='ocrx_word' id='word_1_674' title='bbox 2627 4672 2858 4740; x_wconf 79' lang='lat' dir='ltr'><strong>quoque</strong></span> <span class='ocrx_word' id='word_1_675' title='bbox 2883 4675 3025 4740; x_wconf 84' lang='lat' dir='ltr'><strong>mss.</strong></span> <span class='ocrx_word' id='word_1_676' title='bbox 3057 4676 3204 4740; x_wconf 77' lang='lat' dir='ltr'><strong>quos</strong></span> <span class='ocrx_word' id='word_1_677' title='bbox 3232 4658 3435 4735; x_wconf 87' lang='lat' dir='ltr'><strong>laudat</strong></span> <span class='ocrx_word' id='word_1_678' title='bbox 3456 4658 3658 4740; x_wconf 64' lang='lat' dir='ltr'><strong>fidem:</strong></span> 
     </span>
    </p>
   </div>
   <div class='ocr_carea' id='block_1_91' title="bbox 2075 4727 3673 4810">
    <p class='ocr_par' dir='ltr' id='par_1_91' title="bbox 2075 4727 3673 4810">
     <span class='ocr_line' id='line_1_91' title="bbox 2075 4727 3673 4810; baseline 0.002 -26"><span class='ocrx_word' id='word_1_679' title='bbox 2075 4728 2153 4800; x_wconf 85' lang='lat' dir='ltr'><strong>(b)</strong></span> <span class='ocrx_word' id='word_1_680' title='bbox 2177 4727 2483 4810; x_wconf 76' lang='lat' dir='ltr'><strong>Reliquum</strong></span> <span class='ocrx_word' id='word_1_681' title='bbox 2506 4727 3005 4810; x_wconf 61' lang='lat' dir='ltr'><strong>Danielis&#39;textum</strong></span> <span class='ocrx_word' id='word_1_682' title='bbox 3026 4727 3297 4810; x_wconf 56' lang='lat' dir='ltr'><strong>subnexa:</strong></span> <span class='ocrx_word' id='word_1_683' title='bbox 3313 4730 3673 4810; x_wconf 70' lang='lat' dir='ltr'><strong>expositioni</strong></span> 
     </span>
    </p>
   </div>
   <div class='ocr_carea' id='block_1_92' title="bbox 2011 4801 3663 4877">
    <p class='ocr_par' dir='ltr' id='par_1_92' title="bbox 2011 4801 3663 4877">
     <span class='ocr_line' id='line_1_92' title="bbox 2011 4801 3663 4877; baseline 0.004 -23"><span class='ocrx_word' id='word_1_684' title='bbox 2011 4801 2435 4877; x_wconf 43' lang='lat' dir='ltr'><strong>negesarium,</strong></span> <span class='ocrx_word' id='word_1_685' title='bbox 2461 4816 2603 4877; x_wconf 84' lang='lat' dir='ltr'><strong>mss.</strong></span> <span class='ocrx_word' id='word_1_686' title='bbox 2637 4801 2824 4858; x_wconf 88' lang='lat' dir='ltr'><strong>nostri</strong></span> <span class='ocrx_word' id='word_1_687' title='bbox 2854 4806 3163 4877; x_wconf 65' lang='lat' dir='ltr'><strong>peragunt.</strong></span> <span class='ocrx_word' id='word_1_688' title='bbox 3198 4802 3373 4860; x_wconf 85' lang='lat' dir='ltr'><strong>Porro</strong></span> <span class='ocrx_word' id='word_1_689' title='bbox 3390 4801 3663 4860; x_wconf 76' lang='lat' dir='ltr'><strong>Vatican.</strong></span> 
     </span>
    </p>
   </div>
   <div class='ocr_carea' id='block_1_93' title="bbox 257 4859 3419 4946">
    <p class='ocr_par' dir='ltr' id='par_1_93' title="bbox 257 4859 3419 4946">
     <span class='ocr_line' id='line_1_93' title="bbox 257 4859 3419 4946; baseline 0 -17"><span class='ocrx_word' id='word_1_690' title='bbox 257 4868 331 4930; x_wconf 79' lang='lat' dir='ltr'><strong>da</strong></span> <span class='ocrx_word' id='word_1_691' title='bbox 357 4859 770 4946; x_wconf 62' lang='grc' dir='ltr'><strong>τεεᾳᾳαραδέκας,</strong></span> <span class='ocrx_word' id='word_1_692' title='bbox 805 4859 981 4946; x_wconf 66' lang='grc' dir='ltr'><strong>ᾳιῖᾳω</strong></span> <span class='ocrx_word' id='word_1_693' title='bbox 1012 4859 1284 4946; x_wconf 59' lang='lat' dir='ltr'><strong>Joachini</strong></span> <span class='ocrx_word' id='word_1_694' title='bbox 1309 4869 1444 4946; x_wconf 81' lang='lat' dir='ltr'><strong>ejus</strong></span> <span class='ocrx_word' id='word_1_695' title='bbox 1460 4867 1668 4946; x_wconf 85' lang='lat' dir='ltr'><strong>ﬁlium,</strong></span> <span class='ocrx_word' id='word_1_696' title='bbox 1699 4870 1757 4925; x_wconf 92' lang='lat' dir='ltr'><strong>in</strong></span> <span class='ocrx_word' id='word_1_697' title='bbox 1786 4887 1902 4946; x_wconf 71' lang='lat' dir='ltr'><strong>quo</strong></span> <span class='ocrx_word' id='word_1_698' title='bbox 1934 4859 1979 4923; x_wconf 89' lang='lat' dir='ltr'><strong>D</strong></span> <span class='ocrx_word' id='word_1_699' title='bbox 2013 4870 2345 4946; x_wconf 30' lang='grc' dir='ltr'><strong>ἐΧΑΒῌΙῼΔΡΙ,</strong></span> <span class='ocrx_word' id='word_1_700' title='bbox 2380 4859 2699 4946; x_wconf 55' lang='lat' dir='ltr'><strong>Palatinus</strong></span> <span class='ocrx_word' id='word_1_701' title='bbox 2753 4859 2884 4946; x_wconf 77' lang='lat' dir='ltr'><strong>cum</strong></span> <span class='ocrx_word' id='word_1_702' title='bbox 2907 4944 2913 4946; x_wconf 80' lang='lat'><strong><em>_</em></strong></span> <span class='ocrx_word' id='word_1_703' title='bbox 2936 4859 3419 4946; x_wconf 49' lang='lat' dir='ltr'><strong>Savngermanem.</strong></span> 
     </span>
    </p>
   </div>
   <div class='ocr_carea' id='block_1_94' title="bbox 3520 4891 3663 4933">
    <p class='ocr_par' dir='ltr' id='par_1_94' title="bbox 3520 4891 3663 4933">
     <span class='ocr_line' id='line_1_94' title="bbox 3520 4891 3663 4933; baseline 0.014 -2"><span class='ocrx_word' id='word_1_704' title='bbox 3520 4891 3663 4933; x_wconf 73' lang='lat'><strong>81169</strong></span> 
     </span>
    </p>
   </div>
   <div class='ocr_carea' id='block_1_95' title="bbox 299 4940 3653 5017">
    <p class='ocr_par' dir='ltr' id='par_1_95' title="bbox 299 4940 3653 5017">
     <span class='ocr_line' id='line_1_95' title="bbox 299 4940 3653 5017; baseline 0.001 -16"><span class='ocrx_word' id='word_1_705' title='bbox 299 4940 635 5017; x_wconf 23' lang='lat' dir='ltr'><strong>ostidictam</strong></span> <span class='ocrx_word' id='word_1_706' title='bbox 666 4940 1239 5017; x_wconf 49' lang='lat' dir='ltr'><strong>trans—migrationem</strong></span> <span class='ocrx_word' id='word_1_707' title='bbox 1268 4940 1475 5017; x_wconf 80' lang='lat' dir='ltr'><strong>incipit</strong></span> <span class='ocrx_word' id='word_1_708' title='bbox 1504 4942 1706 5017; x_wconf 57' lang='lat' dir='ltr'><strong>tertiis,</strong></span> <span class='ocrx_word' id='word_1_709' title='bbox 1751 4940 1901 5017; x_wconf 78' lang='lat' dir='ltr'><strong>sicut</strong></span> <span class='ocrx_word' id='word_1_710' title='bbox 2013 4942 2327 5017; x_wconf 84' lang='lat' dir='ltr'><strong>Montfauc.</strong></span> <span class='ocrx_word' id='word_1_711' title='bbox 2380 4941 2600 4998; x_wconf 89' lang='lat' dir='ltr'><strong>Latinis</strong></span> <span class='ocrx_word' id='word_1_712' title='bbox 2640 4942 2849 5017; x_wconf 81' lang='lat' dir='ltr'><strong>litteris</strong></span> <span class='ocrx_word' id='word_1_713' title='bbox 2880 4940 3145 5002; x_wconf 71' lang='lat' dir='ltr'><strong>Abiesdri.</strong></span> <span class='ocrx_word' id='word_1_714' title='bbox 3172 4945 3271 5017; x_wconf 3' lang='lat' dir='ltr'><strong>(Sic</strong></span> <span class='ocrx_word' id='word_1_715' title='bbox 3304 4963 3439 5002; x_wconf 80' lang='lat' dir='ltr'><strong>mox</strong></span> <span class='ocrx_word' id='word_1_716' title='bbox 3465 4940 3653 5013; x_wconf 81' lang='lat' dir='ltr'><strong>Vatic,</strong></span> 
     </span>
    </p>
   </div>
   <div class='ocr_carea' id='block_1_96' title="bbox 268 5009 1894 5089">
    <p class='ocr_par' dir='ltr' id='par_1_96' title="bbox 268 5009 1894 5089">
     <span class='ocr_line' id='line_1_96' title="bbox 268 5009 1894 5089; baseline 0.002 -21"><span class='ocrx_word' id='word_1_717' title='bbox 268 5009 341 5087; x_wconf 80' lang='grc' dir='ltr'><strong>[ν</strong></span> <span class='ocrx_word' id='word_1_718' title='bbox 380 5016 519 5089; x_wconf 66' lang='lat' dir='ltr'><strong>Reg.</strong></span> <span class='ocrx_word' id='word_1_719' title='bbox 568 5014 708 5089; x_wconf 64' lang='lat' dir='ltr'><strong>nili</strong></span> <span class='ocrx_word' id='word_1_720' title='bbox 743 5009 985 5089; x_wconf 68' lang='lat' dir='ltr'><strong>uterque</strong></span> <span class='ocrx_word' id='word_1_721' title='bbox 1016 5029 1050 5069; x_wconf 89' lang='lat' dir='ltr'><strong>a</strong></span> <span class='ocrx_word' id='word_1_722' title='bbox 1088 5009 1592 5089; x_wconf 56' lang='lat' dir='ltr'><strong>pxxappéllatur</strong></span> <span class='ocrx_word' id='word_1_723' title='bbox 1634 5012 1894 5089; x_wconf 81' lang='lat' dir='ltr'><strong>Jpacim:</strong></span> 
     </span>
    </p>
   </div>
   <div class='ocr_carea' id='block_1_97' title="bbox 300 5082 1899 5156">
    <p class='ocr_par' dir='ltr' id='par_1_97' title="bbox 300 5082 1899 5156">
     <span class='ocr_line' id='line_1_97' title="bbox 300 5082 1899 5156; baseline -0.001 -15"><span class='ocrx_word' id='word_1_724' title='bbox 300 5087 414 5141; x_wconf 87' lang='lat' dir='ltr'><strong>uod</strong></span> <span class='ocrx_word' id='word_1_725' title='bbox 447 5082 562 5141; x_wconf 67' lang='lat' dir='ltr'><strong>rion</strong></span> <span class='ocrx_word' id='word_1_726' title='bbox 586 5082 1053 5142; x_wconf 71' lang='lat' dir='ltr'><strong>animadvertetis</strong></span> <span class='ocrx_word' id='word_1_727' title='bbox 1084 5082 1463 5156; x_wconf 75' lang='lat' dir='ltr'><strong>Porphyrius,</strong></span> <span class='ocrx_word' id='word_1_728' title='bbox 1493 5083 1727 5156; x_wconf 80' lang='lat' dir='ltr'><strong>domin</strong></span> <span class='ocrx_word' id='word_1_729' title='bbox 1758 5088 1899 5140; x_wconf 83' lang='lat' dir='ltr'><strong>Mat-</strong></span> 
     </span>
    </p>
   </div>
   <div class='ocr_carea' id='block_1_98' title="bbox 258 5154 1897 5231">
    <p class='ocr_par' dir='ltr' id='par_1_98' title="bbox 258 5154 1897 5231">
     <span class='ocr_line' id='line_1_98' title="bbox 258 5154 1897 5231; baseline -0.001 -18"><span class='ocrx_word' id='word_1_730' title='bbox 258 5154 409 5213; x_wconf 62' lang='grc' dir='ltr'><strong>ἢ]ωο</strong></span> <span class='ocrx_word' id='word_1_731' title='bbox 451 5156 788 5231; x_wconf 67' lang='grc' dir='ltr'><strong>ιῙεοὶιοῐιίαω</strong></span> <span class='ocrx_word' id='word_1_732' title='bbox 819 5172 940 5231; x_wconf 66' lang='lat' dir='ltr'><strong>pro</strong></span> <span class='ocrx_word' id='word_1_733' title='bbox 991 5166 1107 5211; x_wconf 88' lang='lat' dir='ltr'><strong>uno</strong></span> <span class='ocrx_word' id='word_1_734' title='bbox 1144 5154 1374 5231; x_wconf 77' lang='lat' dir='ltr'><strong>tantum</strong></span> <span class='ocrx_word' id='word_1_735' title='bbox 1405 5155 1611 5231; x_wconf 77' lang='lat' dir='ltr'><strong>accipit</strong></span> <span class='ocrx_word' id='word_1_736' title='bbox 1633 5154 1897 5231; x_wconf 80' lang='lat' dir='ltr'><strong>homine,</strong></span> 
     </span>
    </p>
   </div>
   <div class='ocr_carea' id='block_1_99' title="bbox 260 5226 1901 5301">
    <p class='ocr_par' dir='ltr' id='par_1_99' title="bbox 260 5226 1901 5301">
     <span class='ocr_line' id='line_1_99' title="bbox 260 5226 1901 5301; baseline -0.002 -14"><span class='ocrx_word' id='word_1_737' title='bbox 260 5244 335 5287; x_wconf 87' lang='lat' dir='ltr'><strong>un</strong></span> <span class='ocrx_word' id='word_1_738' title='bbox 346 5242 439 5286; x_wconf 88' lang='lat' dir='ltr'><strong>am</strong></span> <span class='ocrx_word' id='word_1_739' title='bbox 458 5228 661 5301; x_wconf 81' lang='lat' dir='ltr'><strong>deesse</strong></span> <span class='ocrx_word' id='word_1_740' title='bbox 682 5226 1024 5301; x_wconf 44' lang='lat' dir='ltr'><strong>apud‘illum</strong></span> <span class='ocrx_word' id='word_1_741' title='bbox 1046 5226 1481 5301; x_wconf 77' lang='lat' dir='ltr'><strong>generationem</strong></span> <span class='ocrx_word' id='word_1_742' title='bbox 1504 5226 1751 5295; x_wconf 87' lang='lat' dir='ltr'><strong>dicebat,</strong></span> <span class='ocrx_word' id='word_1_743' title='bbox 1774 5244 1901 5301; x_wconf 87' lang='lat' dir='ltr'><strong>pro—</strong></span> 
     </span>
    </p>
   </div>
   <div class='ocr_carea' id='block_1_100' title="bbox 259 5296 1613 5373">
    <p class='ocr_par' dir='ltr' id='par_1_100' title="bbox 259 5296 1613 5373">
     <span class='ocr_line' id='line_1_100' title="bbox 259 5296 1613 5373; baseline -0.004 -18"><span class='ocrx_word' id='word_1_744' title='bbox 259 5305 524 5373; x_wconf 72' lang='lat' dir='ltr'><strong>ptereave</strong></span> <span class='ocrx_word' id='word_1_745' title='bbox 554 5296 829 5373; x_wconf 76' lang='lat' dir='ltr'><strong>falsitatis</strong></span> <span class='ocrx_word' id='word_1_746' title='bbox 865 5314 994 5355; x_wconf 88' lang='lat' dir='ltr'><strong>eum</strong></span> <span class='ocrx_word' id='word_1_747' title='bbox 1027 5296 1269 5370; x_wconf 70' lang='lat' dir='ltr'><strong>arguere</strong></span> <span class='ocrx_word' id='word_1_748' title='bbox 1294 5297 1613 5373; x_wconf 79' lang='lat' dir='ltr'><strong>nitebatur.</strong></span> 
     </span>
    </p>
   </div>
   <div class='ocr_carea' id='block_1_101' title="bbox 332 5368 1898 5444">
    <p class='ocr_par' dir='ltr' id='par_1_101' title="bbox 332 5368 1898 5444">
     <span class='ocr_line' id='line_1_101' title="bbox 332 5368 1898 5444; baseline -0.001 -17"><span class='ocrx_word' id='word_1_749' title='bbox 332 5372 407 5444; x_wconf 89' lang='lat' dir='ltr'><strong>(b)</strong></span> <span class='ocrx_word' id='word_1_750' title='bbox 443 5370 742 5444; x_wconf 86' lang='lat' dir='ltr'><strong>Versiculo</strong></span> <span class='ocrx_word' id='word_1_751' title='bbox 789 5369 965 5426; x_wconf 92' lang='lat' dir='ltr'><strong>hocce</strong></span> <span class='ocrx_word' id='word_1_752' title='bbox 1011 5368 1431 5444; x_wconf 58' lang='lat' dir='ltr'><strong>Printermisso,</strong></span> <span class='ocrx_word' id='word_1_753' title='bbox 1481 5368 1898 5440; x_wconf 83' lang='lat' dir='ltr'><strong>expositionem</strong></span> 
     </span>
    </p>
   </div>
   <div class='ocr_carea' id='block_1_102' title="bbox 258 5438 1557 5528">
    <p class='ocr_par' dir='ltr' id='par_1_102' title="bbox 258 5438 1557 5528">
     <span class='ocr_line' id='line_1_102' title="bbox 258 5438 1557 5528; baseline -0.005 -27"><span class='ocrx_word' id='word_1_754' title='bbox 258 5438 781 5528; x_wconf 36' lang='lat' dir='ltr'><strong>Hieronymiaonam.</strong></span> <span class='ocrx_word' id='word_1_755' title='bbox 800 5456 945 5528; x_wconf 52' lang='lat' dir='ltr'><strong>m&#39;ss:</strong></span> <span class='ocrx_word' id='word_1_756' title='bbox 973 5440 1161 5528; x_wconf 72' lang='lat' dir='ltr'><strong>nostri</strong></span> <span class='ocrx_word' id='word_1_757' title='bbox 1193 5438 1557 5528; x_wconf 46' lang='lat' dir='ltr'><strong>continuant:</strong></span> 
     </span>
    </p>
   </div>
   <div class='ocr_carea' id='block_1_103' title="bbox 328 5510 1903 5592">
    <p class='ocr_par' dir='ltr' id='par_1_103' title="bbox 328 5510 1903 5592">
     <span class='ocr_line' id='line_1_103' title="bbox 328 5510 1903 5592; baseline 0.001 -21"><span class='ocrx_word' id='word_1_758' title='bbox 328 5513 398 5592; x_wconf 84' lang='lat' dir='ltr'><strong>(e)</strong></span> <span class='ocrx_word' id='word_1_759' title='bbox 422 5510 735 5586; x_wconf 81' lang='lat' dir='ltr'><strong>Victorius,</strong></span> <span class='ocrx_word' id='word_1_760' title='bbox 753 5514 819 5575; x_wconf 88' lang='lat' dir='ltr'><strong>in</strong></span> <span class='ocrx_word' id='word_1_761' title='bbox 839 5512 938 5571; x_wconf 84' lang='lat' dir='ltr'><strong>Dei</strong></span> <span class='ocrx_word' id='word_1_762' title='bbox 952 5510 1171 5570; x_wconf 84' lang='lat' dir='ltr'><strong>domum</strong></span> <span class='ocrx_word' id='word_1_763' title='bbox 1193 5511 1291 5570; x_wconf 82' lang='lat' dir='ltr'><strong>Dei</strong></span> <span class='ocrx_word' id='word_1_764' title='bbox 1309 5512 1418 5579; x_wconf 82' lang='lat' dir='ltr'><strong>sui,</strong></span> <span class='ocrx_word' id='word_1_765' title='bbox 1437 5511 1655 5569; x_wconf 87' lang='lat' dir='ltr'><strong>nedum</strong></span> <span class='ocrx_word' id='word_1_766' title='bbox 1677 5511 1749 5570; x_wconf 87' lang='lat' dir='ltr'><strong>ad</strong></span> <span class='ocrx_word' id='word_1_767' title='bbox 1764 5510 1903 5572; x_wconf 86' lang='lat' dir='ltr'><strong>Vul-</strong></span> 
     </span>
    </p>
   </div>
   <div class='ocr_carea' id='block_1_104' title="bbox 2011 5014 3661 5141">
    <p class='ocr_par' dir='ltr' id='par_1_104' title="bbox 2011 5014 3661 5141">
     <span class='ocr_line' id='line_1_104' title="bbox 2011 5014 3661 5141; baseline 0.006 -78"><span class='ocrx_word' id='word_1_768' title='bbox 2011 5014 2380 5141; x_wconf 49' lang='lat' dir='ltr'><strong>gOPBOMIM,</strong></span> <span class='ocrx_word' id='word_1_769' title='bbox 2441 5018 2497 5068; x_wconf 88' lang='lat' dir='ltr'><strong>et</strong></span> <span class='ocrx_word' id='word_1_770' title='bbox 2548 5031 2681 5070; x_wconf 90' lang='lat' dir='ltr'><strong>cum</strong></span> <span class='ocrx_word' id='word_1_771' title='bbox 2728 5015 3110 5088; x_wconf 86' lang='lat' dir='ltr'><strong>Sangerman.</strong></span> <span class='ocrx_word' id='word_1_772' title='bbox 3166 5015 3471 5075; x_wconf 88' lang='lat' dir='ltr'><strong>Palatinus</strong></span> <span class='ocrx_word' id='word_1_773' title='bbox 3523 5020 3661 5075; x_wconf 85' lang='lat' dir='ltr'><strong>Por-</strong></span> 
     </span>
     <span class='ocr_line' id='line_1_105' title="bbox 2071 5099 2312 5139; baseline -0.004 0"><span class='ocrx_word' id='word_1_774' title='bbox 2071 5099 2312 5139; x_wconf 82' lang='lat' dir='ltr'><strong>ommzm.</strong></span> 
     </span>
    </p>
   </div>
   <div class='ocr_carea' id='block_1_105' title="bbox 2071 5099 2312 5139">
    <p class='ocr_par' dir='ltr' id='par_1_105' title="bbox 2071 5099 2312 5139">
     <span class='ocr_line' id='line_1_106' title="bbox 2071 5099 2312 5139; baseline -0.004 0"><span class='ocrx_word' id='word_1_775' title='bbox 2071 5099 2312 5139; x_wconf 68' lang='lat'><strong>07717711771.</strong></span> 
     </span>
    </p>
   </div>
   <div class='ocr_carea' id='block_1_106' title="bbox 2081 5154 3516 5298">
    <p class='ocr_par' dir='ltr' id='par_1_106' title="bbox 2081 5154 3516 5298">
     <span class='ocr_line' id='line_1_107' title="bbox 2081 5154 3516 5298; baseline 0.003 -88"><span class='ocrx_word' id='word_1_776' title='bbox 2081 5155 2157 5298; x_wconf 49' lang='lat' dir='ltr'><strong>Ei),</strong></span> <span class='ocrx_word' id='word_1_777' title='bbox 2186 5154 2409 5211; x_wconf 90' lang='lat' dir='ltr'><strong>Nomen</strong></span> <span class='ocrx_word' id='word_1_778' title='bbox 2438 5157 2742 5239; x_wconf 62' lang='lat' dir='ltr'><strong>Babylonis</strong></span> <span class='ocrx_word' id='word_1_779' title='bbox 2768 5156 2950 5214; x_wconf 86' lang='lat' dir='ltr'><strong>nostri</strong></span> <span class='ocrx_word' id='word_1_780' title='bbox 2982 5156 3210 5216; x_wconf 86' lang='lat' dir='ltr'><strong>codices</strong></span> <span class='ocrx_word' id='word_1_781' title='bbox 3242 5157 3516 5232; x_wconf 90' lang='lat' dir='ltr'><strong>ignorant</strong></span> 
     </span>
     <span class='ocr_line' id='line_1_108' title="bbox 2188 5226 3516 5298; baseline 0.002 -16"><span class='ocrx_word' id='word_1_782' title='bbox 2188 5226 2353 5284; x_wconf 83' lang='lat' dir='ltr'><strong>Falso</strong></span> <span class='ocrx_word' id='word_1_783' title='bbox 2372 5226 2429 5282; x_wconf 82' lang='lat' dir='ltr'><strong>in</strong></span> <span class='ocrx_word' id='word_1_784' title='bbox 2448 5228 2617 5282; x_wconf 75' lang='lat' dir='ltr'><strong>BdItIS</strong></span> <span class='ocrx_word' id='word_1_785' title='bbox 2633 5227 2846 5298; x_wconf 75' lang='lat' dir='ltr'><strong>legitur</strong></span> <span class='ocrx_word' id='word_1_786' title='bbox 2862 5229 3516 5298; x_wconf 56' lang='lat' dir='ltr'><strong>sapharatphanebJuxti</strong></span> 
     </span>
    </p>
   </div>
   <div class='ocr_carea' id='block_1_107' title="bbox 2188 5226 3659 5304">
    <p class='ocr_par' dir='ltr' id='par_1_107' title="bbox 2188 5226 3659 5304">
     <span class='ocr_line' id='line_1_109' title="bbox 2188 5226 3659 5304; baseline 0.004 -22"><span class='ocrx_word' id='word_1_787' title='bbox 2188 5226 2353 5284; x_wconf 84' lang='lat' dir='ltr'><strong>Falso</strong></span> <span class='ocrx_word' id='word_1_788' title='bbox 2372 5226 2429 5282; x_wconf 86' lang='lat' dir='ltr'><strong>in</strong></span> <span class='ocrx_word' id='word_1_789' title='bbox 2448 5228 2617 5304; x_wconf 74' lang='lat' dir='ltr'><strong>editis</strong></span> <span class='ocrx_word' id='word_1_790' title='bbox 2633 5227 2846 5300; x_wconf 88' lang='lat' dir='ltr'><strong>legitur</strong></span> <span class='ocrx_word' id='word_1_791' title='bbox 2862 5226 3393 5304; x_wconf 62' lang='lat' dir='ltr'><strong>sapbaratphaneb,j</strong></span> <span class='ocrx_word' id='word_1_792' title='bbox 3403 5232 3540 5304; x_wconf 63' lang='lat' dir='ltr'><strong>uitta</strong></span> <span class='ocrx_word' id='word_1_793' title='bbox 3552 5228 3659 5287; x_wconf 87' lang='lat' dir='ltr'><strong>He-</strong></span> 
     </span>
    </p>
   </div>
   <div class='ocr_carea' id='block_1_108' title="bbox 2010 5298 3655 5371">
    <p class='ocr_par' dir='ltr' id='par_1_108' title="bbox 2010 5298 3655 5371">
     <span class='ocr_line' id='line_1_110' title="bbox 2010 5298 3655 5371; baseline 0.003 -17"><span class='ocrx_word' id='word_1_794' title='bbox 2010 5298 2294 5371; x_wconf 89' lang='lat' dir='ltr'><strong>hraicum,</strong></span> <span class='ocrx_word' id='word_1_795' title='bbox 2346 5312 2479 5355; x_wconf 89' lang='lat' dir='ltr'><strong>cum</strong></span> <span class='ocrx_word' id='word_1_796' title='bbox 2531 5298 3054 5371; x_wconf 13' lang='lat' dir='ltr'><strong>lligerohymus&#39;hic</strong></span> <span class='ocrx_word' id='word_1_797' title='bbox 3107 5298 3174 5358; x_wconf 82' lang='lat' dir='ltr'><strong>ex</strong></span> <span class='ocrx_word' id='word_1_798' title='bbox 3205 5298 3655 5359; x_wconf 58' lang='lat' dir='ltr'><strong>LXX&#39;editione</strong></span> 
     </span>
    </p>
   </div>
   <div class='ocr_carea' id='block_1_109' title="bbox 2008 5368 3655 5495">
    <p class='ocr_par' dir='ltr' id='par_1_109' title="bbox 2008 5368 3655 5495">
     <span class='ocr_line' id='line_1_111' title="bbox 2008 5368 3655 5495; baseline 0.002 -70"><span class='ocrx_word' id='word_1_799' title='bbox 2008 5368 2794 5495; x_wconf 39' lang='lat' dir='ltr'><strong>pagggihaamtonphanec.</strong></span> <span class='ocrx_word' id='word_1_800' title='bbox 2840 5375 3024 5432; x_wconf 72' lang='lat' dir='ltr'><strong>MART.</strong></span> <span class='ocrx_word' id='word_1_801' title='bbox 3059 5404 3125 5415; x_wconf 90' lang='lat'><strong>—</strong></span> <span class='ocrx_word' id='word_1_802' title='bbox 3163 5372 3302 5443; x_wconf 79' lang='lat' dir='ltr'><strong>Mss.</strong></span> <span class='ocrx_word' id='word_1_803' title='bbox 3336 5374 3452 5439; x_wconf 84' lang='lat' dir='ltr'><strong>duo</strong></span> <span class='ocrx_word' id='word_1_804' title='bbox 3490 5370 3655 5451; x_wconf 50' lang='lat' dir='ltr'><strong>corp</strong></span> 
     </span>
    </p>
   </div>
   <div class='ocr_carea' id='block_1_110' title="bbox 2050 5439 2403 5510">
    <p class='ocr_par' dir='ltr' id='par_1_110' title="bbox 2050 5439 2403 5510">
     <span class='ocr_line' id='line_1_112' title="bbox 2050 5439 2403 5510; baseline -0.011 -16"><span class='ocrx_word' id='word_1_805' title='bbox 2050 5439 2403 5510; x_wconf 35' lang='lat' dir='ltr'><strong>orannc,&#39;</strong></span> 
     </span>
    </p>
   </div>
  </div>
