3996 6184
201 432 320 503 499

1458 417 1522 479 S.
1568 412 1879 478 EUSEBII
1921 408 2362 475 HIERONYMI

3480 400 3602 465 500

204 574 334 629 tum
378 567 507 639 ejus
553 560 982 630 intellexerunt,
1013 560 1071 614 et
1123 553 1422 612 venientes
1477 551 1538 606 in
1585 551 1849 605 sanctam
1877 546 1934 614 Α
1961 562 2068 620 gos
2098 544 2200 639 qui
2230 541 2780 639 erantinu‘niversa
2799 541 3087 639 Chaldaa,
3119 537 3319 639 Daniel
3371 542 3430 595 et
3482 541 3604 638 tres

206 655 522 726 Bethleem,
555 652 943 709 adoraverunt
963 661 1234 719 puerum,
1274 641 1443 700 stella
1480 641 1731 710 desuper
1758 653 1850 694 os-

205 747 482 804 tendente
510 739 730 814 (Matth.
753 738 840 809 ιι).

281 835 470 908 (Vere.
505 831 587 902 3.)
619 832 688 886 Et
718 827 864 884 dixit
889 825 960 881 ad
1000 839 1084 881 eos
1112 839 1214 878 rex
1242 840 1262 878 :
1320 820 1438 877 Vidi
1483 819 1760 908 somnium
1807 823 1857 871 et

209 906 395 982 mente
424 920 681 991 confusus
696 918 887 988 ignoro
909 913 1039 986 quid
1058 908 1536 968 viderim.Umbra
1565 906 1854 979 quadam,

212 1015 272 1070 et
297 1015 362 1067 ut
386 1009 469 1064 ita
499 1008 710 1075 dicam,
744 1021 886 1060 aura
911 1001 1126 1058 somnii
1170 1003 1344 1070 atque
1395 994 1709 1066 vestigium
1764 1009 1858 1048 re-

215 1098 437 1158 mansit
463 1097 524 1152 in
556 1095 730 1151 corde
757 1093 912 1165 regis
944 1108 957 1146 :
993 1094 1058 1145 ut
1081 1086 1466 1144 referentibus
1495 1083 1648 1152 aliis,
1706 1079 1858 1137 628

216 1190 416 1263 posset
459 1182 759 1241 reminisci
813 1195 1014 1236 eorum
1074 1194 1200 1249 qua
1248 1175 1492 1239 viderat,
1540 1176 1598 1227 et
1651 1185 1863 1242 nequa-

217 1291 399 1349 quam
427 1289 563 1329 eum
594 1270 926 1341 deciperent
953 1264 1321 1321 mentientes.

291 1364 475 1436 (Vere.
531 1361 610 1429 4.)
658 1355 1068 1430 Responderunt
1116 1351 1357 1409 Chaldaei
1420 1351 1540 1418 regi
1615 1349 1860 1420 Syriace.

220 1453 298 1526 (a)
321 1453 634 1521 Hucusque
663 1462 792 1519 qua
821 1445 972 1500 lecta
1009 1445 1168 1510 sunt,
1226 1454 1496 1496 sermone
1551 1441 1868 1526 narrantur

219 1523 476 1598 Hebrao.
507 1537 592 1593 Ab
622 1535 732 1591 hoc
759 1533 885 1589 loco
905 1546 1095 1603 usque
1114 1530 1186 1585 ad
1207 1527 1493 1584 visionem
1533 1525 1671 1583 anni
1710 1523 1867 1580 tertii

221 1629 376 1701 regis
405 1625 731 1691 Balthasar,
768 1638 946 1694 quam
977 1618 1182 1676 Daniel
1212 1617 1356 1672 vidit
1396 1616 1456 1670 in
1515 1613 1702 1684 Susis,
1765 1613 1870 1701 He-

219 1700 435 1775 braicis
467 1713 704 1786 quidem
727 1709 959 1776 litteris,
983 1708 1082 1764 sed
1113 1706 1316 1778 lingua
1345 1704 1681 1761 scribuntur
1700 1700 1867 1757 Chal-

222 1804 409 1873 daica,
444 1818 622 1875 quam
655 1803 822 1856 vocat
849 1797 948 1853 hic
976 1794 1292 1869 Syriacam.

294 1894 481 1966 (Vere.
511 1890 591 1963 5.)
621 1891 744 1946 Nisi
771 1886 1150 1944 indicaveritis
1179 1882 1323 1939 mihi
1343 1885 1619 1939 somnium
1645 1888 1696 1937 et
1740 1895 1868 1935 con-

214 1985 493 2060 jecturam
512 1981 657 2054 ejus:
688 1977 939 2050 peribitis
966 1991 1078 2042 vos,
1111 1980 1162 2029 et
1202 1972 1392 2029 domus
1445 1973 1637 2026 vestra
1685 1968 1873 2060 publi-

225 2073 526 2138 cabuntur,
554 2071 662 2125 etc.
695 2063 1100 2122 Comminatus
1129 2064 1218 2118 est
1247 2076 1478 2132 pcenam
1500 2057 1773 2131 proponit
1815 2061 1874 2112 et

228 2159 471 2236 pramia
497 2173 512 2213 :
539 2159 604 2212 ut
635 2154 684 2210 si
717 2153 1012 2227 potuerint
1040 2150 1336 2207 somnium
1397 2147 1608 2213 dicere,
1667 2161 1875 2202 conse-

232 2234 478 2325 quenter
506 2245 705 2302 credat
734 2242 912 2299 etiam
941 2240 1036 2296 his
1068 2256 1195 2312 qua
1226 2238 1447 2293 incerta
1467 2234 1744 2325 sunt,hoc
1765 2237 1875 2305 est,

231 2323 374 2412 quid
401 2333 693 2408 significet
721 2329 1039 2388 somnium.
1063 2328 1226 2393 Quod
1257 2327 1306 2382 si
1339 2342 1455 2381 non
1487 2323 1784 2396 potuerint
1810 2340 1880 2379 ea

230 2426 443 2494 dicere,
476 2425 548 2480 de
576 2421 791 2495 quibus
813 2436 914 2477 rex
939 2419 999 2474 in
1027 2416 1322 2490 plerisque
1345 2415 1625 2470 confusus
1655 2415 1881 2484 poterat

232 2511 547 2582 recordari,
578 2507 754 2566 etiam
785 2507 992 2563 futura
1019 2500 1516 2577 interpretationis
1537 2500 1784 2572 perdant
1812 2500 1878 2554 ﬁ-

231 2603 388 2660 dem.
419 2598 699 2672 Denique'
713 2595 1002 2668 sequitur.

304 2690 494 2761 (Vere.
521 2688 577 2756 9,
606 2686 720 2758 10.)
739 2685 1028 2742 Somnium
1044 2685 1233 2755 itaque
1249 2680 1412 2737 dicite
1438 2681 1599 2750 mihi,
1621 2683 1686 2734 ut
1713 2678 1884 2733 sciam

234 2779 377 2853 quod
404 2774 912 2848 interpretationem
947 2786 1158 2842 quoque
1185 2770 1302 2840 ejus
1319 2783 1507 2823 veram
1553 2765 1880 2839 loquamini.

235 2866 313 2941 (b)
345 2863 698 2937 Respondetes
725 2876 854 2930 ergo
894 2857 1142 2915 Chaldaei
1168 2872 1353 2914 coram
1397 2872 1522 2926 rege
1574 2855 1835 2910 dixerunt
1867 2870 1880 2908 :

237 2955 357 3012 Non
395 2956 477 3008 est
515 2952 674 3008 homo
719 2963 879 3020 super
908 2954 1113 3002 terram
1139 2947 1236 3018 qui
1260 2960 1561 3000 sermonem
1579 2948 1882 3010 tuum,rex,

233 3043 409 3116 possit
435 3042 688 3113 implere,
720 3040 827 3094 etc.
878 3035 1240 3091 Conﬁtentur
1297 3031 1475 3104 magi,
1535 3031 1888 3087 conﬁtentur

238 3128 471 3195 harioli,
504 3131 562 3184 et
581 3125 773 3183 omnis
803 3123 1049 3180 scientia
1069 3119 1888 3190 saecularislitteratura,pra-

241 3217 547 3276 scientiam
574 3215 906 3271 futurorum
939 3227 1053 3267 non
1085 3226 1214 3269 esse
1239 3209 1568 3273 hominum,
1600 3208 1701 3264 sed
1759 3207 1880 3263 Dei.

1960 635 2125 708 pueri
2147 637 2419 707 saperent
2448 637 2506 688 et
2536 631 2947 704 intelligerent,
2979 629 3315 686 celaverunt
3371 644 3470 684 eos
3518 626 3606 681 in-

1961 722 2443 795 terrrogationem
2465 722 2638 794 regis,
2663 738 2735 777 ne
2776 719 3182 792 praferrentur
3209 717 3323 775 sibi
3351 718 3410 773 in
3431 718 3608 772 inter-

1965 813 2351 885 pretationem
2367 811 2678 868 somnii.Et
2699 810 2772 865 ob
2794 809 2945 865 hanc
2965 825 3204 865 causam
3226 806 3609 879 interrogavit

1965 900 2168 957 Daniel
2199 900 2270 955 de
2291 898 2636 955 crudelitate
2665 897 2990 966 sententia,
3010 897 3111 968 qui
3167 911 3407 952 causam
3453 895 3606 967 peri-

1967 989 2082 1045 culi
2106 990 2197 1044 eui
2234 988 2550 1045 nesciebat.

2038 1078 2225 1150 (Vere.
2259 1078 2348 1144 16,
2381 1078 2494 1146 17.)
2521 1079 2658 1135 Cum
2687 1076 2763 1147 (d)
2789 1091 2914 1147 ergo
2943 1091 3062 1130 rem
3090 1074 3387 1130 indicasset
3415 1073 3615 1130 Arioch

1969 1167 2207 1234 Danieli,
2229 1167 2423 1222 Daniel
2447 1169 2719 1236 ingressus
2740 1165 2952 1235 rogavit
2966 1181 3167 1236 regem,
3194 1169 3253 1220 ut
3279 1168 3493 1235 tempus
3514 1162 3615 1218 da-

1970 1260 2051 1313 ret
2105 1257 2214 1312 sibi
2271 1256 2341 1311 ad
2382 1256 2712 1312 solutionem
2739 1255 3096 1310 indicandam
3113 1255 3322 1322 regi.Et
3340 1255 3619 1324 ingressus

1972 1349 2051 1401 est
2070 1346 2144 1401 ad
2172 1344 2395 1401 domum
2413 1362 2589 1415 suam,
2620 1344 2961 1415 Ananixque
2988 1347 3044 1399 et
3071 1343 3369 1410 Misaeli,et
3397 1342 3618 1398 Maria

1972 1435 2134 1489 sociis
2153 1435 2267 1489 suis
2303 1433 2566 1489 indicavit
2619 1434 2919 1504 negotium,
2966 1436 3075 1488 etc.
3136 1430 3336 1488 Daniel
3385 1434 3622 1503 tempus

1975 1521 2269 1594 postulat:
2296 1538 2411 1577 non
2433 1539 2548 1592 quo
2580 1521 2924 1577 tractatione
2947 1524 3004 1576 et
3031 1519 3348 1593 sagacitate
3400 1518 3623 1574 mentis

1977 1609 2203 1667 occulta
2235 1611 2595 1682 perauireret
2627 1611 2764 1677 ;sed
2798 1627 2912 1682 quo
2929 1609 3290 1666 occultorum
3304 1608 3624 1664 Dominum

1978 1703 2332 1770 precaretur.
2367 1699 2432 1754 Et
2460 1699 2589 1754 ideo
2618 1698 2930 1768 Ananiam,
2961 1702 3019 1754 et
3047 1697 3369 1764 Misaelem,
3399 1700 3456 1753 et
3477 1699 3635 1752 Aza-

1978 1786 2127 1843 riam
2135 1787 2336 1859 jungit
2365 1788 2437 1843 ad
2454 1803 2753 1858 preces,ne
2771 1786 2932 1842 solus
2953 1788 3024 1843 de
3046 1803 3152 1842 suo
3175 1784 3380 1842 merito
3395 1785 3631 1841 videan-

1977 1879 2076 1931 tur
2096 1892 2445 1948 prasumere
2479 1893 2493 1931 :
2527 1880 2594 1930 ut
2621 1892 2873 1947 quorum
2904 1879 3029 1932 erat
3056 1889 3370 1932 commune
3413 1873 3628 1930 discri-

1981 1980 2136 2030 men,
2170 1964 2501 2020 communis
2521 1969 2676 2020 esset
2705 1968 2762 2020 et
2790 1964 2995 2021 oratio.

2051 2052 2348 2125 (Ver819.)
2381 2055 2524 2108 Tunc
2571 2054 2792 2110 Danieli
2843 2070 2944 2126 per
2986 2055 3248 2110 visionem
3296 2057 3452 2109 nocte
3501 2069 3632 2125 my-

1981 2143 2216 2197 sterium
2233 2143 2535 2198 revelatum
2579 2150 2674 2198 est.
2733 2141 3041 2198 Somnium
3099 2141 3252 2215 regis
3292 2158 3399 2198 suo
3453 2141 3638 2198 discit

1985 2229 2250 2288 somnio:
2286 2230 2468 2285 immo
2497 2233 2555 2286 et
2600 2231 2917 2298 somnium,
2977 2234 3036 2287 et
3091 2231 3635 2304 interpretationem

1983 2321 2135 2392 ejus,
2193 2318 2292 2374 Dei
2338 2318 2690 2375 revelatione
2737 2320 3055 2393 cognoscit,
3113 2319 3269 2391 quod
3337 2320 3636 2375 damones

1986 2408 2356 2480 ignorabant,
2378 2407 2670 2479 sapientia
2697 2407 2894 2464 saculi
2915 2408 3061 2465 scire
3081 2425 3198 2464 non
3219 2407 3642 2480 poterat.Unde

1989 2501 2047 2552 et
2076 2496 2327 2568 apostoli
2356 2496 2727 2569 mysterium,
2759 2498 2916 2569 quod
2947 2497 3173 2554 cunctis
3195 2501 3349 2553 retro
3391 2513 3639 2570 genera-

1988 2585 2251 2641 tionibus
2284 2586 2472 2642 fuerat
2489 2585 2840 2656 ignoratum,
2874 2584 3126 2655 Domino
3169 2585 3480 2654 revelante,
3537 2602 3641 2642 co-

1989 2679 2298 2746 gnoscunt.

2063 2761 2248 2834 (Vere.
2427 2767 2491 2819 Et
2519 2763 2718 2820 Daniel
2747 2765 3025 2821 benedixit
3049 2765 3156 2820 Deo
3182 2764 3326 2830 caeli,
3383 2768 3436 2820 et
3489 2765 3648 2819 locu-

1991 2859 2098 2922 tus,
2117 2851 2218 2918 ait,
2244 2855 2352 2907 etc.
2375 2853 2458 2907 Ad
2491 2852 2926 2909 distinctionem
2950 2869 3150 2909 eorum
3184 2853 3286 2925 qui
3331 2856 3646 2909 versantur

1991 2937 2052 2994 in
2082 2943 2256 3008 terra,
2308 2944 2367 2996 et
2413 2941 2786 2996 damoniacis
2833 2941 3059 2997 artibus
3116 2945 3292 3014 atque
3323 2940 3644 3014 praestigiis

1991 3031 2224 3083 terrena
2251 3027 2558 3095 deludunt,
2581 3027 2783 3084 Daniel
2817 3033 2929 3085 Deo
2984 3028 3112 3085 cceli
3173 3029 3492 3086 benedixit.
3551 3028 3643 3086 Dii

1993 3114 2148 3170 enim
2181 3119 2281 3187 qui
2313 3133 2427 3172 non
2458 3118 2719 3174 fecerunt
2748 3117 2958 3175 coelum
2988 3123 3046 3175 et
3073 3122 3308 3189 terram,
3341 3118 3640 3190 peribunt.

2067 3203 2251 3275 (Vere.
2283 3206 2400 3278 21.)
2429 3207 2494 3262 Et
2549 3208 2665 3278 ipse
2717 3215 2900 3263 mutat
2947 3215 3195 3278 tempora
3238 3216 3292 3264 et
3333 3211 3540 3277 atates,
3589 3211 3646 3263 et

239 3272 468 3378 itaque
499 3304 780 3377 probatur
808 3299 1120 3373 prophetas
1149 3297 1251 3356 Dei
1281 3296 1493 3370 spiritu
1532 3272 1885 3367 locutos,qui
1916 3272 1960 3340 (ἶ
1999 3272 2260 3364 transfert
2288 3272 2458 3366 regna
2483 3272 2645 3366 atque
2673 3297 2972 3352 constituit.
3003 3272 3130 3352 Non
3159 3311 3296 3370 ergo
3335 3272 3644 3363 miremur,

237 3396 438 3453 futura
467 3392 822 3450 cecinerunt.

307 3484 496 3557 (Vere.
523 3483 611 3549 12,
643 3480 756 3552 13,)
790 3480 904 3548 Quo
931 3477 1144 3542 audito,
1183 3476 1350 3532 rexin
1370 3476 1562 3546 furore
1591 3477 1641 3529 et
1669 3475 1758 3529 ira
1775 3489 1890 3528 ma-

235 3587 350 3644 gna
377 3572 664 3644 praecepit,
695 3567 1013 3638 utperirent
1040 3579 1224 3620 omnes
1236 3565 1506 3635 sapientes
1560 3560 1883 3633 Babylonis.

233 3661 301 3718 Et
331 3674 546 3730 egressa
565 3657 843 3715 sententia
868 3655 1136 3725 sapientes
1163 3652 1653 3722 interficiebantur,
1671 3651 1741 3722 (c)
1771 3653 1882 3705 etc.

234 3750 515 3817 Quarunt
534 3744 783 3814 Hebrai,
816 3759 922 3800 cur
935 3739 1139 3799 Daniel
1171 3745 1228 3796 et
1253 3743 1372 3796 tres
1401 3737 1568 3812 pueri
1606 3754 1723 3794 non
1767 3737 1887 3793 sint

231 3835 487 3911 ingressi
519 3835 593 3892 ad
623 3849 818 3907 regem
842 3849 976 3889 cum
1007 3830 1139 3886 aliis
1168 3827 1552 3902 sapientibus,
1575 3831 1633 3883 et
1662 3825 1886 3898 prolata

233 3924 527 3984 sententia
549 3923 878 3995 jubeantur
906 3919 1097 3992 perire
1117 3934 1250 3974 cum
1299 3916 1548 3973 cateris.
1595 3916 1760 3982 Quod
1803 3915 1886 3971 ita

232 4013 588 4077 edisserunt,
623 4013 689 4065 ut
717 4024 784 4064 eo
815 4013 1077 4078 tempore
1108 4021 1224 4078 quo
1259 4022 1357 4061 rex
1373 4004 1614 4076 pramia
1636 4007 1693 4060 et
1709 4004 1880 4074 dona,

232 4104 294 4157 et
319 4100 602 4155 honorem
633 4096 959 4152 maximum
989 4093 1472 4166 promittebat,ire
1491 4091 1886 4159 noluerint,ne

233 4186 613 4259 impudenter
641 4183 874 4239 divitias
898 4187 955 4238 et
971 4181 1316 4255 dignitatem
1338 4178 1710 4237 Chaldaicam
1731 4181 1886 4237 vide-

235 4279 440 4332 rentur
464 4275 754 4345 appetere.
778 4274 896 4326 Aut
924 4274 1076 4326 certe
1105 4269 1220 4342 ipsi
1260 4268 1510 4324 Cbaldai
1561 4269 1885 4326 invidentes

232 4361 430 4437 gloria
464 4376 670 4417 eorum
695 4365 754 4416 et
770 4357 1047 4424 scientia,
1078 4357 1188 4414 soli
1217 4357 1466 4429 ingressi
1498 4361 1658 4423 sunt,
1713 4357 1883 4428 quasi

235 4451 346 4510 soli
375 4447 615 4524 pramia
649 4447 1003 4522 percepturi,
1035 4451 1094 4503 et
1119 4449 1321 4518 postea
1367 4445 1427 4501 in
1470 4444 1728 4518 periculo
1782 4461 1884 4501 vo-

231 4540 454 4598 luerint
481 4539 701 4596 habere
729 4539 1031 4593 consortes
1061 4551 1210 4606 quos
1239 4535 1299 4590 in
1328 4549 1434 4606 spe
1483 4532 1679 4606 gloria
1727 4533 1883 4590 refu-

233 4630 517 4687 taverant.

301 4717 491 4792 (Vere.
525 4715 642 4785 45.)
673 4716 735 4770 Et
751 4712 1114 4783 interrogavit
1137 4727 1259 4770 eum
1290 4713 1387 4783 qui
1412 4728 1447 4766 a
1498 4726 1624 4783 rege
1671 4726 1888 4784 accepe-

231 4810 323 4864 rat
345 4806 500 4867 ωε
526 4807 889 4878 potestatem;
919 4818 1085 4874 quam
1111 4801 1176 4858 ob
1205 4817 1429 4857 causam
1466 4809 1588 4857 tam
1651 4800 1890 4857 crudelis

229 4896 504 4953 sententia
531 4911 567 4950 a
594 4893 740 4966 facie
757 4893 902 4964 regis
941 4899 1078 4947 esset
1105 4906 1345 4961 egressa.
1404 4889 1662 4946 Scientes
1715 4889 1886 4946 Chal-

233 4983 365 5051 dai,
391 4983 546 5056 quod
578 4979 892 5054 decuplum
919 4995 1095 5052 super
1123 4981 1364 5035 cunctos
1393 4977 1650 5034 hariolos
1678 4981 1734 5034 et
1762 4994 1887 5034 ma-

306 5141 384 5214 (a)
413 5140 756 5214 Amovimus
783 5140 920 5196 hinc
942 5140 1014 5196 ad
1043 5141 1530 5214 mss.nostrorum
1545 5137 1720 5195 ﬁdem
1752 5142 1888 5198 sub-

233 5211 548 5285 sequentes
579 5211 732 5268 sacri
762 5217 955 5268 textus
983 5227 1208 5275 versus,
1230 5215 1348 5268 ch
1375 5211 1725 5285 inaternum
1744 5215 1880 5270 vive:

237 5283 336 5340 Sic
361 5284 638 5341 somnium
664 5285 840 5354 servis
871 5285 999 5354 tuis,
1023 5285 1072 5337 et
1104 5283 1608 5354 interpretationem
1636 5283 1753 5354 ejus
1781 5286 1883 5342 tibi

229 5355 620 5413 indicabimus.
651 5353 716 5408 Et
746 5353 1074 5426 respondens
1106 5354 1218 5408 Rex
1244 5351 1345 5408 ’ait
1406 5351 1707 5426 Chaldaisg
1758 5357 1880 5411 Ser-

227 5443 317 5482 mo
345 5428 566 5483 recessit
590 5443 625 5482 a
652 5439 775 5497 me:
811 5424 907 5496 qui
944 5439 1247 5497 perperam
1286 5429 1342 5480 et
1371 5429 1580 5497 contra
1605 5424 1883 5497 S.Docto-

233 5497 317 5553 ris
345 5503 600 5554 mentem
633 5494 1165 5568 subjungebantur,
1198 5494 1592 5568 cumASyriace
1647 5496 1884 5568 ipsimet

229 5569 436 5651 scripti
465 5568 601 5651 sint,
635 5566 1380 5651 atque‘adeohcxcludendi.

300 5638 376 5710 (b)
398 5640 505 5710 Pro
535 5638 694 5696 hisce
717 5638 937 5696 verbis.
967 5639 1368 5709 Respondentes
1395 5653 1546 5710 ergo,
1569 5642 1702 5706 etc.,
1733 5656 1878 5697 mss.

229 5707 414 5769 nostri
437 5709 560 5767 hac
596 5710 711 5767 alia
765 5710 916 5767 sacri
979 5707 1171 5766 textus
1229 5707 1628 5780 substituunt,
1685 5711 1875 5770 Sermo

1996 3382 2048 3439 si
2079 3383 2314 3454 quando
2345 3383 2661 3453 cernimus,
2696 3387 2753 3439 et
2773 3384 3008 3457 regibus
3037 3399 3224 3457 reges,
3243 3388 3302 3441 et
3330 3383 3526 3457 regnis
3546 3401 3644 3441 re-

1997 3487 2114 3544 gna
2135 3473 2467 3540 succedere,
2498 3489 2624 3544 qua
2659 3473 2756 3529 Dei
2785 3473 3191 3544 gubernantur
3219 3477 3276 3529 et
3307 3477 3642 3544 mutantur,

1995 3564 2054 3615 et
2077 3559 2370 3616 finiuntur
2389 3560 2647 3617 arbitrio.
2682 3563 3022 3633 Caueasque
3057 3561 3425 3634 singulorum
3480 3561 3650 3617 novit

1993 3647 2092 3704 ille
2112 3649 2210 3720 qui
2241 3649 2509 3706 conditor
2527 3650 2791 3706 omnium
2825 3656 2930 3717 est,
2963 3655 3021 3707 et
3049 3666 3202 3722 sape
3233 3649 3417 3706 malos
3465 3665 3639 3722 reges

1993 3736 2214 3809 patitur
2243 3737 2535 3803 suscitari,
2565 3741 2632 3794 ut
2660 3737 2798 3794 mali
2831 3737 3017 3795 malos
3029 3738 3276 3810 puniant
3304 3755 3318 3793 :
3343 3736 3640 3809 simulque

1994 3825 2386 3892 subostendit,
2406 3830 2464 3882 et
2483 3826 2736 3901 generali
2767 3827 3163 3900 disputatione
3202 3830 3488 3900 praeparat
3531 3843 3641 3882 au-

1993 3913 2262 3982 ditorem,
2296 3915 2590 3972 somnium
2623 3917 2779 3972 080
2808 3932 2924 3988 quo
2943 3915 3089 3972 vidit
3140 3932 3270 3973 esse
3324 3917 3396 3972 de
3443 3919 3641 3972 muta-

1991 4003 2148 4060 tione
2176 4009 2233 4060 et
2260 4004 2630 4061 successione
2649 4021 2986 4077 regnorum.

2063 4094 2166 4148 Dat
2195 4095 2524 4164 sapientiam
2551 4094 2909 4165 sapientibus,
2938 4102 2992 4151 et
3015 4096 3301 4150 scientiam
3323 4095 3642 4164 intelligen-

1992 4181 2136 4237 tibus
2165 4183 2542 4253 disciplinam.
2575 4183 2752 4239 Juxta
2772 4181 2920 4239 illud
2954 4183 3109 4255 quod
3167 4182 3454 4254 scriptum
3504 4186 3596 4239 est
3627 4198 3642 4237 :

1993 4269 2192 4326 Audiet
2220 4272 2460 4342 sapiens,
2481 4275 2535 4326 et
2571 4275 2800 4342 apponet
2852 4273 3194 4343 sapientiam
3247 4271 3435 4343 (Prov.
3494 4287 3534 4327 ι.
3564 4271 3642 4341 5).

1994 4359 2099 4427 Qui
2126 4360 2276 4414 enim
2304 4359 2482 4429 habet,
2533 4359 2758 4415 dabitur
2802 4361 2894 4416 illi
2945 4361 3151 4433 (Matth.
3220 4377 3349 4430 xxv,
3399 4361 3540 4427 29);
3589 4363 3653 4415 et

1993 4447 2201 4502 anima
2225 4464 2350 4520 qua
2371 4448 2552 4504 fervet
2580 4464 2777 4504 amore
2808 4449 3129 4522 sapientia,
3163 4447 3416 4505 libenter
3467 4447 3654 4520 spiri-

1994 4538 2090 4592 tus
2119 4535 2223 4592 Dei
2255 4536 2604 4592 infunditur.
2637 4537 2701 4592 In
2738 4553 3069 4610 perversam
3136 4541 3332 4594 autem
3381 4536 3652 4593 animam

1917 4631 1965 4696 1)
1999 4641 2114 4681 non
2140 4623 2409 4682 introibit
2427 4625 2716 4697 sapientia
2744 4625 2894 4698 (Sap.
2926 4628 3034 4694 ιιι).

2068 4713 2259 4785 (Vere.
2289 4715 2556 4786 22.)!pse
2603 4715 2810 4771 revelat
2859 4714 3146 4788 profunda
3199 4722 3251 4771 et
3303 4713 3648 4785 abscondita,

1995 4811 2049 4859 et
2075 4804 2228 4859 novit
2257 4805 2318 4858 in
2342 4803 2580 4859 tenebris
2603 4805 2914 4870 constituta,
2945 4807 2996 4860 et
3019 4804 3119 4858 lux
3145 4819 3272 4858 cum
3299 4818 3360 4859 eo
3379 4810 3482 4860 est.
3535 4801 3651 4858 Cui

1995 4886 2147 4948 Deus
2173 4891 2388 4948 revelat
2416 4892 2724 4964 profunda,
2757 4897 2815 4948 et
2845 4896 3037 4964 potest
3065 4891 3256 4948 dicere
3288 4876 3319 4948 ε’
3353 4890 3393 4947 0
3419 4893 3653 4964 profun-

1993 4979 2126 5036 dum
2155 4979 2476 5037 divitiarum
2503 4981 2802 5054 sapientiae
2829 4985 2880 5038 et
2897 4982 3148 5039 scientia?
3176 4982 3282 5038 Dei
3328 4981 3502 5051 (Rom.
3559 4995 3647 5048 χι,

1991 5157 2152 5214 quem
2179 5145 2258 5210 tu,
2277 5144 2424 5215 (Rex,
2453 5143 2669 5215 quaeris,
2699 5144 2883 5212 gravis
2913 5149 3012 5208 est,
3041 5157 3143 5199 nec
3156 5141 3462 5215 reperietur
3489 5140 3644 5215 quis-

1993 5212 2159 5284 quam
2187 5214 2282 5285 qui
2301 5212 2504 5269 indicet
2534 5212 2698 5269 illum
2737 5215 2800 5269 in
2847 5217 3135 5285 conspectu
3188 5212 3355 5285 regis,
3404 5212 3644 5285 exceptis

1991 5283 2124 5354 diis,
2146 5283 2382 5356 quorum
2413 5300 2524 5340 non
2551 5288 2633 5340 est
2657 5301 2778 5340 cum
2806 5283 3120 5342 hominibus
3141 5283 3495 5340 conversatio.

2064 5353 2398 5427 (c)IAddunt
2427 5372 2571 5411 mss.
2596 5357 2803 5426 nostri,
2847 5358 3300 5429 quaerebaturque
3354 5353 3552 5411 Daniel
3593 5358 3649 5411 et

1989 5429 2126 5484 socii
2155 5429 2270 5484 eius
2291 5435 2352 5483 ut
2395 5430 2658 5484 perirent.

2063 5500 2140 5570 (di)
2171 5495 2372 5554 Priora
2390 5495 2519 5555 hac
2536 5500 2729 5566 verba,
2765 5499 2901 5555 Cum
2919 5514 3050 5567 ergo
3065 5515 3185 5554 rem
3215 5497 3531 5570 indicasset.
3573 5495 3649 5550 A-

1991 5569 2143 5625 rioch
2161 5571 2391 5643 Danieli
2422 5586 2436 5627 :
2473 5577 2598 5627 tum
2630 5570 2854 5643 integer
2883 5570 3028 5643 alter
3057 5585 3285 5638 versus,
3311 5569 3376 5643 Et
3428 5569 3647 5643 ingres-

1990 5657 2079 5769 ,ἐτη
2107 5642 2272 5769 (testati
2295 5641 2516 5698 domum
2544 5659 2723 5713 suam,
2755 5638 2892 5712 {etc.,
2913 5642 2972 5698 in
3005 5639 3378 5699 mss.noetris
3404 5655 3521 5696 non
3539 5638 3649 5696 ha-

2034 5729 2105 5769 en
2136 5729 2225 5769 ur.

2034 5717 2225 5771 entur.
