3996 6184
299 427 387 496 801
515 475 523 480 -
982 419 1733 502 COMMENTARIORUM
1777 427 1857 493 IN

2029 428 2306 494 visLaM
2351 429 2602 497 LIBER.
2640 429 2809 500 cap.
2837 424 2934 498 ιι.
3541 416 3658 492 δοί

293 565 387 639 33),
413 554 540 635 ista,
579 562 882 627 habitante
908 567 970 627 in
1001 584 1064 628 se
1119 569 1686 644 Spiritu,,scrutatur
1729 569 1904 627 etiam
1933 565 1990 633 Α
2019 565 2278 639 primum
2307 567 2604 626 somnium
2635 569 2790 642 quod
2823 585 2885 626 se
2913 564 3071 642 magi
3119 564 3388 639 ignorare
3425 576 3663 636 respon-

292 657 553 729 profunda
577 657 703 728 Dei,
727 664 785 715 et
812 659 872 714 in
903 661 1192 732 profunda
1213 660 1420 716 anima:
1442 677 1559 716 sum
1584 659 1727 715 fodit
1746 659 1908 716 altis-
2016 657 2242 724 derant,
2299 662 2357 713 et
2411 663 2613 730 postea
2667 657 3205 731 interpretationem
3253 656 3474 727 quaerat
3502 668 3663 709 som-

287 744 442 801 simos
472 750 762 817 puteos,et
790 764 1025 804 omnem
1058 752 1275 804 terram
1307 749 1644 822 egerit,quaa
1675 750 1910 822 profun-
2017 746 2098 801 nii
2130 763 2142 801 :
2185 750 2251 801 ut
2281 763 2416 802 cum
2450 748 2746 804 somnium
2778 747 3048 814 audierit,
3080 750 3138 801 et
3165 762 3293 818 quae
3323 743 3547 798 viderat
3573 755 3662 796 re-

287 834 376 891 das
399 851 580 906 aquas
611 836 836 908 operire
867 838 1205 894 consuevit:
1230 842 1535 910 servatque
1565 839 1906 894 mandatum
2017 836 2368 907 cognoverit,
2399 841 2540 892 tunc
2571 838 2788 905 credat,
2819 841 2878 893 et
2897 832 3377 908 intergretationi,
3400 847 3530 904 qua:
3556 847 3660 887 va-

285 923 624 990 Dei,dicens:
649 925 778 981 Bibe
809 942 1011 997 aquam
1038 927 1106 982 de
1135 929 1246 982 tuis
1262 927 1424 990 vasis,
1448 931 1500 982 et
1518 927 1584 982 de
1613 933 1907 999 puteorum
2015 923 2162 980 riam
2194 925 2400 996 recipit
2430 927 2842 996 conjecturam.

281 1021 476 1068 tuorum
505 1015 657 1083 fonte
684 1013 869 1085 (Prov.
900 1033 957 1083 v,
993 1016 1102 1087 15).
1138 1017 1421 1089 Quodque
1471 1016 1908 1088 sequitur:No-
2087 1012 2271 1084 (Vers.
2325 1015 2443 1086 27).
2507 1015 2823 1087 Mysterium
2876 1014 3015 1086 quod
3064 1029 3168 1068 rex
3221 1012 3541 1082 ἱηὲεννοθατ,
3571 1025 3660 1065 δα·

279 1103 350 1156 vit
368 1102 416 1157 in
442 1104 684 1158 tenebris
711 1105 1022 1172 constituta,
1047 1107 1100 1160 et
1125 1105 1226 1160 lux
1247 1121 1374 1160 cum
1411 1121 1471 1160 eo
1500 1113 1578 1162 est
1611 1121 1623 1161 :
1657 1106 1906 1161 tenebrae
2012 1103 2223 1172 pientes
2253 1104 2403 1174 magi
2428 1107 2481 1160 et
2512 1103 2734 1171 harioli,
2759 1113 2811 1161 et
2857 1104 3175 1175 haruspices
3203 1117 3312 1157 non
3340 1106 3544 1172 queunt
3570 1100 3659 1153 in-

275 1189 593 1263 signiﬁcant
620 1191 1037 1264 ignorantiam,
1060 1198 1118 1249 et
1147 1193 1245 1249 lux
1276 1193 1583 1250 scientiam
1615 1199 1790 1266 atque
1813 1194 1909 1250 do-
2015 1189 2202 1246 dicare
2231 1194 2369 1260 regi.
2402 1196 2511 1246 Pro
2543 1193 2975 1266 haruspicibus,
3009 1191 3164 1264 quod
3211 1205 3318 1244 nos
3354 1186 3656 1253 vertimus,

2015 1277 2075 1333 in
2098 1279 2334 1336 Hebraeo
2356 1297 2672 1337 GAZARENOE
2704 1281 3056 1353 habet,quod
3089 1279 3250 1336 solus
3271 1274 3660 1350 Symmachus

2016 1367 2092 1438 (ϐ)
2148 1366 2307 1428 θύτας
2355 1370 2770 1442 interpretatus
2842 1374 2952 1441 est,
3011 1385 3161 1441 quos
3239 1367 3419 1423 Graeci
3471 1363 3663 1421 solent

2015 1456 2432 1522 ἠπατοσκόπους
2464 1458 2758 1532 appellare
2784 1478 2797 1516 :
2833 1458 2933 1532 qui
2964 1463 3096 1514 exta
3124 1455 3465 1529 inspiciunt,
3497 1457 3562 1510 ut
3591 1467 3661 1508 ex

2016 1545 2108 1601 his
2137 1546 2334 1602 futura
2362 1549 2696 1619 praedicant.
2730 1547 3072 1622 Mysterium
3099 1550 3297 1603 autem
3322 1559 3538 1600 vocans
3567 1558 3661 1597 or-

2017 1633 2214 1692 dinem
2246 1637 2461 1693 somnii
2519 1637 2778 1704 revelati,
2835 1637 3092 1694 ostendit
3147 1633 3438 1707 quidquid
3469 1629 3661 1687 occul-

265 1739 487 1792 monem,
517 1725 628 1781 hoc
653 1723 847 1796 ipsum
878 1727 1173 1800 signiﬁcat
1229 1729 1384 1800 quod
1437 1729 1496 1783 in
1541 1728 1791 1785 Psalmis
1822 1728 1902 1784 le-
2015 1729 2142 1780 tum
2174 1729 2281 1793 est,
2310 1732 2365 1781 et
2397 1727 2468 1782 ab
2509 1727 2850 1784 hominibus
2881 1728 3202 1800 ignoratur,
3237 1737 3408 1795 posse
3445 1723 3665 1792 myste-

267 1813 485 1887 gimus:
518 1815 802 1870 tenebrosa
829 1831 972 1887 aqua
1029 1818 1091 1871 in
1150 1817 1390 1872 nubibus
1447 1820 1592 1873 aeris
1621 1820 1735 1890 (Ps.
1767 1835 1904 1888 xvn,
2017 1812 2170 1869 rium
2203 1817 2552 1888 nuncupari.
2579 1816 2751 1872 Tollit
2777 1832 3012 1887 quoque
3051 1814 3172 1886 regi
3203 1826 3443 1885 pravam
3474 1807 3666 1882 suspi-

267 1903 372 1970 12).
400 1901 505 1966 Qui
531 1903 688 1958 enim
722 1904 794 1958 ad
825 1903 1052 1960 excelsa
1080 1905 1438 1973 conscendit,
1475 1910 1531 1962 et
1559 1910 1791 1962 terrena
1812 1906 1908 1962 de-
1937 1939 1984 2003 Β
2017 1902 2266 1969 cionem,
2300 1921 2373 1960 ne
2402 1905 2664 1962 humana
2692 1906 2942 1961 aestimet
2985 1902 3232 1960 inveniri
3288 1913 3460 1973 posse
3485 1897 3665 1954 soler-

263 2007 478 2062 serens,
499 1991 688 2047 instar
733 1993 926 2047 avium
975 1993 1392 2050 tenuissimum
1425 2011 1616 2052 aerem
1647 2000 1705 2052 et
1732 1995 1906 2051 aethe-
1937 1991 1983 2003 ⁴’
2014 1992 2099 2047 tia
2130 1994 2283 2064 quod
2314 1993 2413 2049 Dei
2447 1994 2630 2051 solius
2655 1994 2870 2051 notitiae
2902 1997 3247 2050 reservatur.

260 2095 362 2135 rea
387 2096 630 2152 quaeque
660 2081 1090 2150 desiderat,iste
1119 2083 1308 2139 nubes
1339 2083 1611 2152 efﬁcitur,
1632 2085 1702 2139 ad
1729 2101 1905 2156 quam
2089 2082 2272 2152 (Vers.
2305 2083 2415 2154 28).
2448 2084 2552 2140 Sed
2580 2092 2660 2140 est
2688 2085 2828 2139 Deus
2888 2084 2949 2138 in
2993 2082 3124 2137 σαειο
3181 2080 3431 2136 revela?”
3462 2078 3668 2149 ’πνείε-

258 2169 471 2226 veritas
498 2170 596 2226 Dei
626 2171 907 2242 pervenit,
959 2174 1017 2226 et
1061 2187 1190 2242 quas
1239 2189 1418 2245 super
1448 2179 1678 2230 sanctos
1709 2173 1908 2245 pluere
2015 2187 2124 2225 ria.
2159 2171 2397 2227 Frustra
2421 2173 2600 2245 igitur
2629 2173 2700 2228 ab
2732 2171 3074 2228 hominibus
3117 2167 3328 2241 quaeris
3358 2168 3466 2240 [AL
3518 2181 3670 2238 quaa-

259 2258 557 2315 consuevit
579 2257 982 2330 :repletusque
1003 2259 1439 2317 multitudinem
1453 2262 1909 2331 scientiae,habet
2017 2259 2138 2330 rit],
2171 2259 2231 2314 in
2263 2263 2436 2329 terra,
2472 2261 2627 2332 quod
2661 2261 2814 2318 Deus
2873 2260 3036 2316 solus
3093 2258 3254 2314 novit
3309 2256 3368 2312 in
3407 2255 3570 2311 caelo.
3598 2254 3668 2310 Et

259 2346 476 2403 multas
497 2347 754 2419 aquasin
777 2349 1066 2404 cordesuo
1082 2350 1422 2406 tenebrosae
1439 2354 1496 2406 et
1511 2350 1801 2407 involutas
1818 2368 1909 2406 ca-
2017 2349 2240 2404 occulte
2270 2349 2571 2405 retrahens
2604 2365 2738 2404 eum
2770 2366 2804 2403 a
2837 2347 3159 2404 multorum
3191 2347 3436 2402 deorum
3479 2343 3664 2411 cultu,

2017 2436 2089 2490 ad
2123 2436 2296 2493 unius
2321 2438 2417 2492 Dei
2450 2438 2717 2493 notitiam
2749 2437 2970 2509 dirigit.

2089 2526 2242 2582 682
2275 2528 2385 2596 Qui
2414 2526 2679 2582 indicavit
2709 2526 2828 2589 tibi,
2857 2541 2958 2580 rex
3001 2522 3505 2592 Nabuchodonosor,
3541 2533 3669 2593 quae

2015 2623 2244 2670 ventura
2272 2617 2386 2671 sint
2415 2615 2603 2688 [Vulg.
2655 2619 2786 2670 sunt
2832 2615 2916 2685 in]
2939 2613 3277 2670 novisssimis
3309 2610 3665 2682 temporibus.

2016 2704 2251 2774 Absque
2282 2703 2637 2760 adulationis
2666 2703 2804 2758 vitio
2832 2703 3074 2758 veritate
3105 2700 3344 2771 sociata,
3367 2697 3671 2755 blanditur

2017 2796 2083 2846 ut
2112 2792 2231 2864 regi
2261 2810 2273 2847 :
2308 2792 2464 2864 quod
2495 2791 2637 2847 illia
2672 2795 2784 2848 Deo
2819 2790 3098 2863 mysteria
3125 2792 3216 2845 est
3260 2787 3512 2843 revelata
3541 2800 3668 2856 qua

2015 2880 2354 2937 novissimis
2385 2880 2748 2952 temporibus
2778 2880 2896 2936 sint
2921 2883 3185 2935 ventura.
3217 2874 3534 2934 Novissimi
3565 2890 3669 2929 au-

2013 2971 2132 3023 tem
2167 2969 2311 3038 dies,
2347 2973 2447 3024 aut
2475 2986 2543 3024 ex
2569 2985 2634 3024 eo
2665 2967 3014 3024 numerandi
3071 2970 3211 3023 sunt
3246 2969 3529 3038 tempore,
3552 2979 3667 3033 quo

2015 3057 2241 3112 Danieli
2274 3058 2571 3113 somnium
2604 3057 2922 3114 revelatum
2953 3059 3059 3124 est,
3084 3071 3272 3127 usque
3293 3055 3367 3110 ad
3393 3067 3667 3109 consum-

2015 3145 2334 3202 mationem
2366 3147 2594 3202 mundi.
2628 3152 2747 3202 Aut
2776 3150 2928 3203 certe
2954 3146 3064 3201 hoc
3094 3143 3663 3214 sentiendum,quod

275 1280 526 1335 ctrinam.
562 1280 763 1351 Itaque
791 1281 977 1337 Deum
1011 1286 1074 1337 ut
1103 1298 1373 1354 perversa
1411 1300 1526 1338 non
1569 1283 1793 1352 caalant,
1828 1283 1908 1338 ita

272 1370 413 1423 recta
436 1368 731 1439 ambiunt,
772 1375 945 1441 atque
975 1371 1493 1427 circumdant.Sive
1522 1372 1907 1444 interpretan-

272 1458 402 1512 dum
428 1461 541 1528 est,
573 1459 726 1528 quod
757 1459 1068 1515 tenebrosa
1093 1461 1344 1532 mystica
1397 1476 1642 1532 quaeque
1691 1465 1748 1516 et
1779 1467 1930 1533 pro~‘

271 1545 438 1602 funda
466 1546 949 1619 signiﬁcetjuxta
979 1547 1124 1604 illud
1145 1549 1300 1622 quod
1317 1549 1569 1621 legimus
1586 1549 1646 1605 in
1670 1550 1906 1606 Prover-

268 1634 407 1691 biis:
437 1635 707 1707 Intelligit
735 1652 944 1709 quoque
969 1639 1309 1710 parabolam,
1341 1647 1392 1694 et
1421 1641 1760 1696 tenebrosum
1789 1655 1908 1695 ser-

254 2435 645 2508 ligine,quam
669 2435 830 2493 solus
848 2437 1074 2509 Moyses
1095 2437 1425 2510 ingreditur
1452 2440 1647 2510 (Exod.
1685 2441 1905 2511 xxxm),

253 2529 313 2581 et
343 2524 607 2596 loquitur
634 2524 751 2581 Deo
782 2525 927 2580 facie
957 2527 1028 2580 ad
1090 2526 1321 2592 faciem,
1353 2527 1424 2582 de
1473 2543 1590 2596 quo
1620 2528 1905 2600 scriptum

251 2612 596 2668 estzPosuit
624 2613 877 2668 tenebras
934 2612 1236 2668 latibulum
1286 2630 1444 2670 suum
1477 2617 1592 2686 (Ps.
1626 2633 1765 2686 xvu,
1796 2618 1904 2685 12).

323 2700 514 2770 (Vere.
540 2700 659 2772 23.)
692 2702 808 2756 Tibi
827 2703 967 2757 Deus
995 2706 1219 2773 patrum
1246 2704 1324 2774 (α)
1353 2719 1600 2758 meorum
1629 2706 1903 2776 conﬁteor,

249 2799 433 2860 teque,
469 2788 655 2859 laudo,
688 2791 820 2860 quia
846 2791 1183 2862 sapientiam
1213 2799 1265 2846 et
1310 2792 1692 2862 fortitudinem
1712 2793 1910 2849 dedisti

247 2877 413 2933 mihi.
447 2877 531 2932 Ne
561 2877 655 2932 sui
696 2877 962 2933 videatur
1005 2879 1222 2945 meriti,
1255 2880 1408 2951 quod
1440 2880 1792 2953 impetravit,
1823 2898 1908 2938 re-

246 2967 366 3023 fert
393 2967 467 3022 ad
500 2971 736 3037 patrum
758 2966 1053 3037 justitiam
1113 2971 1170 3023 et
1200 2968 1272 3023 ad
1307 2968 1607 3025 veritatem
1655 2971 1778 3040 Dei,
1805 2970 1903 3043 qui

246 3053 502 3111 seminis
533 3070 738 3110 eorum
769 3056 947 3111 etiam
977 3056 1038 3110 in
1069 3055 1461 3127 captivitatem
1495 3057 1823 3114 miseretur.

323 3145 390 3198 Et
425 3159 579 3198 nunc
605 3143 893 3199 ostendisti
947 3144 1092 3199 mihi
1146 3161 1265 3216 qux
1321 3147 1632 3216 rogavimus
1690 3157 1759 3215 te,
1793 3151 1902 3203 etc.

259 3232 420 3298 Quod
454 3236 709 3305 quatuor
737 3237 966 3304 rogant,
1000 3232 1102 3288 uni
1154 3234 1303 3289 631
1351 3234 1717 3291 ostenditur:
1754 3240 1820 3290 ut
1850 3239 1906 3291 et
1949 3302 1976 3306 Α.
2017 3233 2295 3289 universa
2325 3234 2727 3306 interpretatio
2775 3233 2989 3290 somnii
3037 3234 3240 3289 tendat
3267 3234 3337 3289 ad
3370 3233 3568 3300 ﬁnem,
3601 3231 3663 3288 in

256 3302 661 3392 arrogantiam
684 3302 970 3392 fugiat,ne
1001 3320 1164 3377 solus
1193 3321 1539 3393 impetrasse
1557 3323 1905 3392 videatur,et
1935 3302 1978 3370 (ἶ
2017 3302 2878 3395 quoimago(d)statuaquequae
2895 3323 3657 3393 cernitur,conterendaest.

258 3413 392 3482 agat
413 3406 826 3480 gratias,quod
849 3409 1194 3478 mysterium
1210 3411 1426 3466 somnii
1451 3411 1612 3468 solus
1638 3413 1905 3469 audierit.
2092 3411 2378 3468 Somnium
2406 3416 2565 3467 tuum
2592 3421 2645 3468 et
2671 3413 2906 3468 visiones
2935 3413 3132 3483 capitis
3162 3413 3247 3466 tui
3263 3412 3326 3465 in
3353 3410 3527 3466 cubili
3549 3413 3668 3480 tuo,

321 3497 520 3568 (Vers.
552 3497 668 3565 24).
700 3497 984 3568 Sapientes
1013 3499 1314 3571 Babylonis
1365 3516 1435 3555 ne
1478 3501 1694 3571 perdas.
1737 3503 1912 3559 Intro-
2023 3500 2337 3571 hujusmodi
2363 3505 2514 3556 sunt.
2546 3500 2672 3556 Non
2705 3500 2869 3567 dixit,
2901 3499 3154 3556 visiones
3202 3497 3504 3554 oculorum
3536 3501 3668 3553 tuo—

260 3585 367 3641 duc
387 3601 483 3641 me
513 3585 575 3640 in
598 3590 938 3658 conspectum
965 3586 1163 3658 [Vulg.
1195 3589 1503 3660 conspectu]
1548 3594 1712 3661 regis,
1744 3596 1797 3646 et
1831 3607 1915 3647 so-
2028 3605 2194 3645 rum:
2230 3605 2301 3645 ne
2321 3589 2462 3660 quid
2492 3593 2835 3660 putaremus
2865 3604 2994 3645 esse
3034 3603 3398 3660 corporeum,
3432 3587 3535 3642 sed
3577 3601 3672 3642 ca-

259 3675 534 3730 lationem
590 3675 712 3743 regi
754 3675 1013 3743 narrabo,
1053 3679 1164 3731 etc.
1226 3677 1495 3732 Imitatur
1549 3677 1918 3736 clementiam
2029 3677 2510 3749 pitis:Sapientis
2560 3679 2713 3732 enim
2767 3678 2914 3732 oculi
2964 3679 3026 3731 in
3068 3679 3243 3748 capite
3271 3677 3386 3746 ejus
3414 3675 3577 3738 (Eccl.
3612 3690 3677 3742 ιι,

258 3762 385 3830 Dei,
416 3765 528 3834 qui
586 3779 691 3834 pro
745 3764 1216 3835 persecutoribus
1270 3766 1631 3838 deprecatur,
1692 3773 1750 3823 et
1804 3785 1920 3824 non
2033 3767 2160 3835 14):
2193 3766 2253 3822 in
2285 3765 2593 3837 principali
2614 3765 2882 3821 videlicet
2909 3765 3122 3832 cordis,
3148 3765 3317 3836 juxta
3353 3762 3499 3818 iliud
3527 3762 3685 3835 quod

257 3850 388 3906 vult
418 3867 524 3906 eos
553 3851 744 3924 perire
770 3856 1008 3924 propter
1036 3869 1181 3924 quos
1211 3853 1394 3910 fuerat
1428 3856 1743 3925 periturus.
2033 3855 2092 3910 in
2124 3853 2436 3926 Evangelio
2468 3853 2720 3926 legimus
2746 3872 2758 3910 :
2797 3855 2952 3909 Beati
2979 3853 3181 3909 mundo
3232 3852 3393 3908 corde
3425 3853 3689 3924 quoniam

333 3939 533 4008 (Vere.
561 3941 676 4003 25).
711 3942 904 3996 Inveni
949 3941 1224 3997 hominem
1277 3943 1347 3998 de
1402 3944 1536 4014 ﬁliis
1565 3946 1927 4016 transmigra-
2036 3946 2142 4016 ipsi
2171 3945 2345 4000 Deum
2373 3943 2629 3998 videbuut
2659 3942 2867 4013 (Matth.
2898 3959 2953 4013 v,
2984 3943 3060 4013 8).
3093 3942 3163 3997 Et
3193 3942 3341 4010 Quid
3384 3943 3454 4014 (e)
3485 3941 3690 4012 cogita-

255 4029 451 4083 tionis
478 4028 652 4091 .ludae.
684 4031 783 4099 qui
809 4029 1138 4085 solutionem
1165 4033 1282 4099 regi
1310 4037 1618 4088 annuntiet.
1650 4032 1752 4088 Dei
1797 4049 1928 4106 gra-

249 4115 411 4172 tiam
444 4115 522 4171 ad
551 4133 721 4172 suam
755 4117 930 4172 refert
959 4117 1348 4190 diligentiam,
1409 4126 1464 4175 et
1514 4120 1809 4177 invenisse
1868 4137 1930 4178 se

256 4205 588 4271 dicit,cum
620 4204 824 4260 Daniel
855 4204 1008 4262 ultro
1038 4222 1100 4262 se
1159 4207 1454 4276 obtulerit,
1487 4213 1552 4264 ut
1597 4208 1932 4265 introduce-

2038 4035 2107 4088 tis
2140 4035 2198 4088 in
2229 4031 2486 4088 cordibus
2514 4033 2706 4087 vestris
2736 4031 2919 4101 (Ibid,
2950 4031 3006 4100 4)
3027 4031 3054 4086 ‘I
3085 4029 3198 4086 Alii
3227 4046 3361 4086 vero
3405 4047 3474 4086 ex
3512 4030 3693 4101 hujus

2040 4121 2351 4177 occasione
2372 4119 2614 4191 capituli
2645 4119 2707 4172 τὸ
2735 4116 3062 4193 ἡγεμονικὸν
3114 4136 3231 4176 non
3279 4119 3340 4174 in
3367 4119 3563 4188 corde,
3593 4118 3695 4175 sed

2040 4212 2207 4282 juxta
2239 4209 2538 4265 Platonem
2569 4209 2628 4264 in
2653 4209 2888 4265 cerebro
2919 4209 3320 4281 suspicantur.

254 4298 433 4350 retur
452 4294 531 4350 ad
553 4309 774 4366 regem:
794 4293 852 4349 in
881 4311 996 4366 quo
1010 4294 1232 4367 (b)~f,00¢
1246 4297 1574 4352 ostenditur
1593 4298 1934 4354 nuntiorum

258 4383 368 4454 qui
403 4399 549 4439 cum
583 4383 737 4438 bona
767 4384 1060 4452 nuntiant,
1085 4400 1194 4439 sua
1221 4385 1405 4440 videri
1433 4385 1656 4441 volunt.
1689 4386 1797 4452 Qui
1829 4403 1937 4442 au-
2051 4387 2183 4460 quid
2211 4391 2350 4444 esset
2376 4389 2635 4458 futurum
2659 4390 2780 4458 post
2810 4387 2946 4444 haec.
2978 4391 3088 4442 Pro
3137 4403 3202 4442 eo
3234 4385 3389 4457 quod
3422 4388 3532 4451 est,
3565 4387 3701 4456 post

263 4475 394 4527 tem
419 4470 787 4527 solutionem
809 4471 1024 4527 somnii
1047 4473 1632 4546 repromittit,utique
1651 4479 1783 4530 ante
1810 4493 1939 4532 nar-
2049 4477 2197 4544 haec,
2233 4475 2340 4532 soli
2371 4475 2508 4530 LXX
2536 4475 2652 4531 dies
2695 4477 3016 4531 novissimos
3052 4472 3503 4529 transtulerunt.
3535 4472 3698 4536 Quod

257 4564 524 4616 taturus
553 4564 645 4615 est
669 4559 1064 4616 somnium.Et
1095 4565 1235 4615 nota
1252 4562 1406 4632 quod
1439 4563 1510 4617 de
1529 4562 1665 4618 ﬁliis
1685 4563 1835 4619 Juda
1866 4564 1942 4620 sit
2049 4567 2099 4622 si
2129 4565 2213 4621 ita
2240 4563 2472 4636 legitur,
2497 4562 2808 4619 sollicitius
2830 4560 3336 4634 requiramus,ubi
3359 4559 3484 4616 dies
3509 4559 3704 4616 novis-

256 4647 637 4716 Daniel,non
668 4648 1124 4717 sacerdos,sicut
1152 4651 1211 4704 in
1240 4650 1357 4706 ﬁne
1395 4650 1547 4707 Belis
1589 4652 1788 4708 fabula
1807 4668 1944 4708 con-
1976 4663 2023 4728 ι)
2056 4653 2194 4711 simi
2225 4652 2426 4723 scripti
2460 4656 2598 4707 sunt
2645 4652 2750 4723 [Αἱ.
2785 4651 2964 4721 sint);
3015 4653 3072 4705 et
3127 4651 3550 4721 redarguamus
3604 4661 3705 4702 eos

258 4736 441 4792 tinet.
2056 4742 2158 4814 qui
2189 4741 2478 4796 mundum
2511 4757 2628 4796 non
2648 4743 2857 4812 putant
2887 4755 3014 4795 esse
3035 4736 3700 4810 periturum.Nunquam

2121 4300 2308 4370 (Vere.
2343 4298 2457 4369 29).
2493 4299 2587 4369 Tu,
2618 4314 2740 4366 rex,
2771 4300 3010 4370 cogitare
3036 4299 3247 4370 caepisti
3282 4315 3343 4352 in
3403 4299 3581 4352 stratu
3607 4303 3698 4351 tuo

341 4825 546 4892 (Vere.
577 4825 696 4896 26).
727 4829 971 4882 Putasne
996 4842 1120 4882 vere
1145 4830 1295 4898 potes
1323 4828 1568 4885 indicare
1619 4831 1762 4885 mihi
1804 4845 1946 4886 som-
2059 4830 2215 4886 enim
2247 4829 2370 4884 dies
2405 4827 2840 4899 appellarentur
2855 4825 3178 4895 novissimi,
3202 4825 3250 4882 si
3269 4823 3528 4880 mundus
3553 4826 3711 4880 esset

259 4914 440 4969 nium
470 4915 626 4986 quod
651 4913 786 4982 vidi,
821 4919 930 4971 etc.
963 4919 1162 4971 Servat
1193 4916 1457 4973 ordinem
1491 4918 1850 4990 quaestionis,
1885 4923 1950 4974 ut
2061 4923 2336 4975 internus.
2371 4917 2653 4988 Quodque
2677 4915 2928 4972 dicitur:
2959 4916 3032 4970 Tu
3061 4930 3182 4983 rex,
3205 4914 3444 4985 cogitare
3470 4912 3702 4984 coepisti,

343 5038 426 5110 (ιι)
459 5037 563 5094 Sic
593 5037 814 5094 habent
853 5039 1117 5095 Vatican.
1155 5044 1212 5096 et
1266 5040 1509 5098 Palatio.
1555 5060 1701 5098 mss.
1750 5044 1954 5164 sicque
2067 5042 2210 5098 LXX
2240 5041 2300 5096 in
2333 5057 2462 5113 cap.
2496 5058 2572 5111 1x,
2600 5057 2750 5096 vers.
2783 5042 2814 5095 4
2841 5058 2853 5096 :
2888 5035 3232 5113 Γαζαρηνοὺς
3267 5033 3325 5090 δὲ
3350 5034 3491 5121 τοὺςυ
3501 5035 3598 5097 τὰς
3628 5036 3718 5090 θυ-

335 5108 418 5163 im
458 5110 540 5164 ad
568 5108 834 5164 Vulcatm
866 5114 925 5164 et
952 5110 1252 5164 Chaldaici
1285 5116 1477 5164 textus
1506 5114 1808 5164 exemnlar
1883 5115 1956 5164 io-
2070 5113 2187 5164 σίας
2228 5109 2703 5164 λειτουογοῦντας.
2734 5109 2893 5164 θύτας
2926 5111 3029 5164 γὰρ
3062 5107 3177 5162 ἀντὶ
3210 5111 3533 5164 Γαζαοηνων
3565 5112 3717 5161 Θεω-

260 5106 418 5163 olim
458 5110 540 5165 ad
568 5108 834 5182 Vulgata:
866 5114 925 5167 et
952 5110 1252 5166 Chaldaici
1285 5116 1477 5169 textus
1506 5114 1808 5186 exemplar
1829 5106 1897 5169 Vi

259 5179 478 5236 torius
513 5180 774 5264 restituit
796 5187 1015 5264 :_ratus,
1041 5181 1197 5238 haud
1232 5184 1352 5264 scio
1373 5188 1569 5264 tamen
1602 5201 1780 5256 quam
1803 5186 1897 5241 bor

2070 5113 2187 5174 σίας
2228 5106 2703 5187 λειτοόργοῦἧιτας,
2734 5109 2893 5170 θύτας
2921 5106 3041 5237 ἔδιρ
3062 5106 3177 5162 ἄντὶ
3210 5110 3533 5182 Γαζαρηνῶν
3565 5112 3716 5190 Daw-

2071 5181 2266 5264 801(9):!
2300 5179 2578 5264 ἐξέδοηεεν.
2621 5182 2916 5264 Ubin'i‘heo
2961 5180 3190 5264 otionis
3216 5197 3428 5264 nomen
3458 5184 3716 5264 positum

260 5250 1040 5339 argumentamostrorum,
1072 5255 1267 5339 "quod.
1315 5260 1451 5339 post
1475 5250 1786 5339 Erasmum
1819 5258 1952 5312 reti-
2073 5273 2176 5328 pro
2207 5250 2554 5339 Symmacho
2585 5271 2656 5310 ex
2711 5253 3060 5339 Hieropymo
3113 5251 3404 5324 intelligas
3434 5250 3717 5339 massas:

261 5323 413 5377 nuit
445 5327 513 5378 et
541 5323 934 5390 Martianaaus,
970 5325 1040 5380 de
1072 5323 1485 5383 Theodotionis
1517 5329 1780 5398 versione
1807 5345 1952 5384 esse.
2073 5323 2268 5400 'germI
2295 5327 2486 5392 habet,
2520 5342 2640 5390 sas,
2674 5323 2985 5380 male.Mox
3006 5339 3237 5395 quoque
3261 5323 3581 5392 eorumque
3611 5336 3721 5393 ope

268 5471 285 5480 Α
349 5394 434 5464 (δ)
477 5393 589 5449 PFO
620 5395 776 5461 ἦθος,
809 5396 1012 5451 Latine
1072 5396 1246 5452 habet
1301 5398 1484 5453 Vatic.
1535 5415 1669 5454 mos.
1703 5397 1953 5456 Palatia.
2078 5415 2222 5480 mss.
2254 5398 2636 5480 emendamus
2663 5396 2993 5468 praedicant,
3027 5411 3158 5450 cum
3191 5399 3349 5451 esset
3393 5398 3565 5449 antea
3594 5408 3720 5448 cor-

261 5471 700 5620 ‘waitiPr
729 5541 900 5620 eatea.
930 5537 1228 5620 abtiaabst
1257 5539 1417 5620 θυάξλ
1454 5542 1607 5613 quod
1645 5541 1897 5620 .emenda

2080 5474 2248 5540 rupte
2278 5468 2594 5540 praedicent.

2149 5540 2227 5620 (Id)
2255 5541 2592 5620 ldem_ms_s._
2623 5540 2805 5620 imago
2835 5541 3027 5620 statuae

264 5619 438 5687 mss.
461 5607 694 5689 nostri,
726 5607 961 5689 tametsi
990 5611 1188 5665 ΘΙΤΑΟ
1228 5627 1329 5689 pro
1359 5607 1520 5689 θῦτρὶς
1580 5613 1778 5668 minus
1811 5628 1897 5689 rec

2152 5607 2222 5689 (ε)
2253 5609 2499 5682 Supplet
2529 5610 2743 5665 Victor.
2776 5611 2926 5665 mala
2955 5626 3023 5665 ex

265 5682 609 5757 scriptura
629 5682 1079 5757 par_i_consensu
1102 5683 1970 5757 praefera_nt.Sicreponendum
2076 5688 2230 5754 gata.

265 5752 620 5807 monuerat
639 5754 699 5808 et
727 5750 1044 5810 Montfauc.
1076 5750 1146 5810 ei
1202 5753 1421 5813 scholio
1469 5755 1606 5813 edit.
1630 5750 1829 5827 'Bom,
1859 5757 1968 5809 τῶν

3099 5553 3184 5592 ux
3213 5535 3476 5605 cernitur,
3503 5537 3612 5590 etc.

3097 5607 3338 5665 esulano
3365 5603 3477 5662 ms.
3509 5611 3567 5661 et
3596 5603 3723 5663 Vul-
