3944 6178
163 379 252 446 509

827 372 1579 440 COMMENTARIORUM
1625 373 1701 434 ΙΝ
1748 368 2150 434 DANIELEM
2194 368 2448 431 LIBER.
2493 368 2664 431 CAP.
2709 367 2816 430 IlI.

3398 369 3518 433 510

161 513 290 572 Stans
306 515 482 569 autem
501 509 738 568 Abarias
759 512 940 567 oravit
957 511 1058 575 sic,
1075 509 1432 581 aperiensque
1451 523 1507 564 os
1525 521 1688 562 suum
1702 520 1763 562 in
1791 506 1846 573 Α
1875 507 2372 577 runtlerusalem,
2395 507 2550 580 quod
2577 506 2784 564 anima;
2810 507 2881 564 ad
2901 510 3133 564 terrena
3168 504 3441 580 delapsas,
3463 513 3519 564 et

157 603 299 660 medio
322 602 473 658 κω
497 602 646 670 ignis
668 602 778 655 ait:
805 599 1037 655 Grande
1058 596 1430 663 miraculum,
1447 595 1612 668 ligati
1635 595 1766 650 mit-

155 697 324 748 tuntur
344 691 402 746 in
428 690 750 756 fornacem,
771 692 828 744 et
849 688 1068 743 cadunt
1087 686 1146 741 in
1170 685 1431 742 medium
1451 683 1606 756 ignis
1626 698 1765 755 prte-

155 781 324 854 cipites
344 797 357 834 :
380 778 588 834 ardent
605 775 840 832 vincula
865 775 1084 848 quibus
1106 774 1268 846 ligati
1291 778 1448 841 sunt,
1472 778 1531 828 et
1550 771 1767 827 vincto-

151 885 256 926 rum
283 883 521 938 corpora
551 865 768 921 timens
801 865 1040 920 ﬂamma
1070 880 1184 918 non
1215 862 1422 935 tangit.
1452 861 1768 931 Hucusque

150 957 335 1015 Hebraei
363 955 608 1027 legunt:
640 953 831 1010 media
860 969 989 1024 qua:
1020 955 1345 1022 sequuntur
1388 966 1575 1021 usque
1605 949 1674 1004 ad
1707 949 1769 1002 ﬁ-

152 1059 262 1099 nem
290 1039 510 1097 Cantici
543 1040 722 1096 trium
755 1055 1095 1111 puerorum,
1127 1039 1187 1092 in
1217 1037 1499 1092 Hebraico
1529 1053 1644 1092 non
1675 1036 1774 1090 ha-

149 1133 367 1188 bentur:
398 1130 471 1184 de
496 1128 714 1200 quibus
737 1143 810 1183 ne
832 1129 1071 1183 omnino
1094 1126 1423 1199 praeterisse
1441 1125 1772 1190 videamur,

150 1234 311 1292 pauca
337 1216 591 1272 dicenda
620 1219 780 1271 sunt.

206 1309 380 1378 (Vers.
410 1307 530 1375 26.)
561 1305 883 1360 Benedictus
911 1320 986 1374 es,
1019 1304 1250 1359 Domine
1277 1303 1416 1359 Deus
1443 1310 1665 1374 patrum
1683 1317 1778 1357 no-

146 1400 379 1464 strorum,
402 1399 457 1450 et
480 1395 770 1450 laudabile
789 1392 899 1465 [ΑΙ.
925 1393 1267 1464 laudabilisj]
1288 1401 1335 1448 el
1355 1390 1660 1464 gloriosum
1679 1407 1776 1446 no-

145 1503 249 1540 men
278 1492 432 1540 tuum
461 1485 523 1538 in
550 1481 782 1551 saecula,
812 1483 945 1554 quia
983 1483 1170 1554 justus
1198 1497 1253 1536 es
1285 1483 1346 1536 in
1377 1481 1628 1537 omnibus
1655 1495 1780 1552 qua?

147 1574 313 1645 fecisti
330 1573 493 1628 nobis
514 1570 710 1643 [Vulg
734 1573 794 1625 in
815 1570 1014 1641 nobis],
1039 1570 1116 1641 (a)
1138 1574 1247 1626 etc.
1272 1569 1513 1636 Quando
1539 1558 1780 1624 diversis

146 1663 454 1734 premimur
486 1660 803 1733 angustiis,
835 1677 903 1715 ex
930 1663 1052 1714 toto
1109 1658 1300 1714 cordis
1332 1658 1441 1714 hoc
1472 1657 1784 1730 loquamur

151 1753 363 1816 affectu,
385 1754 447 1806 et
467 1749 759 1822 quidquid
786 1748 956 1804 nobis
977 1748 1270 1818 acciderit,
1297 1748 1458 1819 juste
1479 1763 1583 1803 nos
1606 1746 1782 1802 susti-

1871 599 2077 655 inloco
2098 598 2486 670 lacrymarum
2513 601 2570 653 et
2591 597 2953 652 confusionis
2975 596 3198 668 positae,
3240 597 3523 670 plangant

1875 690 2118 762 antiqua
2149 689 2381 753 delicta,
2414 692 2470 744 et
2499 693 2706 744 cetera
2751 704 2881 759 quae
2922 686 3282 760 prophetalis
3330 703 3523 743 sermo

1876 777 2320 850 complectitur;
2354 778 2454 833 sed
2486 776 2608 832 huic
2633 793 2750 832 non
2782 776 2990 848 recipit
3016 774 3274 832 Ecclesia
3302 775 3426 832 Dei.

1874 935 1877 939 ι
1951 869 2137 939 (Vers.
2171 867 2282 939 39.)
2313 867 2458 922 041
2497 865 2597 922 Sed
2627 868 2687 920 in
2730 867 2920 921 anima
2962 868 3198 922 contrita
3241 870 3293 921 et
3320 866 3526 936 spiritu

1881 957 2212 1013 humilitatis
2231 957 2617 1026 suscipiamur,
2639 957 2780 1011 sicut
2802 957 2861 1010 in
2886 953 3200 1010 holocausta
3219 955 3458 1010 arietum
3478 961 3531 1009 et

1881 1054 2192 1115 taurorum,
2228 1051 2336 1100 etc.
2371 1045 2442 1100 Et
2481 1061 2550 1100 ex
2571 1044 2839 1116 praesenti
2886 1042 3032 1114 loco,
3068 1033 3124 1098 et
3173 1058 3242 1098 ex
3271 1059 3337 1098 eo
3369 1042 3526 1115 quod

1883 1135 2175 1206 sequitur:
2200 1134 2532 1202 Benedicite,
2563 1135 2794 1204 spiritus
2823 1135 2872 1188 et
2891 1133 3407 1203 animaejustorum,
3430 1132 3531 1187 Do-

1883 1225 2053 1279 mino.
2089 1227 2153 1278 Et
2179 1223 2237 1277 in
2271 1222 2518 1278 Psalmis
2543 1238 2555 1276 :
2583 1222 2928 1292 Sacriﬁcium
2948 1223 3055 1278 Deo
3075 1222 3302 1292 spiritus
3323 1221 3532 1275 contri-

1887 1313 2124 1378 bulatus,
2140 1328 2233 1367 cor
2251 1313 2551 1368 contritum
2569 1315 2620 1367 et
2640 1311 3022 1367 humilitatum
3048 1315 3194 1365 Deus
3213 1325 3327 1366 non
3357 1309 3538 1380 despi-

1885 1403 1958 1457 cit
1977 1401 2088 1471 (Ps.
2116 1419 2166 1468 L,
2191 1401 2301 1471 19),
2325 1404 2465 1457 sunt
2489 1402 2558 1472 (c)
2580 1400 2681 1472 qui
2703 1399 2884 1456 alium
2909 1399 3092 1456 velint
3111 1415 3240 1456 esse
3260 1397 3536 1470 spiritum

1887 1489 1949 1544 in
1971 1489 2225 1558 homine,
2244 1494 2478 1561 excepto
2492 1489 2713 1560 Spiritu
2733 1493 2956 1554 sancto,
2979 1492 3037 1543 et
3056 1487 3230 1543 aliam
3251 1486 3508 1542 animam
3525 1527 3538 1541 .

1889 1578 2000 1634 Sed
2023 1578 2410 1634 laborandum
2433 1577 2518 1634 eis
2539 1579 2668 1644 erit,
2692 1577 2986 1649 quomodo
3019 1577 3243 1648 absque
3278 1591 3453 1631 carne
3485 1578 3544 1630 et

1892 1667 2082 1739 gratia
2111 1667 2366 1739 Spiritus
2396 1667 2583 1723 sancti
2612 1667 2739 1722 duze
2763 1665 3126 1731 substantiae,
3158 1669 3216 1720 et
3244 1665 3362 1721 duo
3395 1664 3543 1719 inte-

1894 1755 2076 1812 riores
2106 1756 2373 1812 homines
2404 1755 2464 1811 in
2496 1773 2611 1811 uno
2642 1755 2880 1812 homine
2910 1771 3039 1810 esse
3065 1754 3357 1810 dicantur.

154 1857 276 1896 nere
303 1840 621 1903 fateamur,
654 1840 720 1892 ut
748 1835 1110 1908 compleatur
1164 1835 1222 1890 in
1251 1836 1420 1891 nobis
1450 1835 1595 1891 illud
1627 1835 1776 1906 quod

1965 1849 2154 1914 (Vera.
2187 1845 2301 1915 46.)
2331 1846 2395 1899 Et
2423 1861 2533 1900 non
2562 1845 2848 1900 cessabant
2865 1845 2962 1915 qui
2978 1847 3249 1898 miserant
3266 1858 3356 1899 eos
3375 1844 3546 1898 mini-

149 1929 424 2002 scriptum
459 1933 550 1983 est
576 1944 590 1982 :
620 1927 1064 1982 Exsultaverunt
1094 1933 1146 1980 et
1173 1926 1378 1981 tutata:
1397 1929 1524 1980 sunt
1543 1925 1680 1996 ﬁliae
1699 1926 1790 1981 Ju-

141 2017 214 2073 dae
243 2021 300 2073 in
331 2017 590 2074 omnibus
610 2017 846 2086 judiciis
876 2018 1008 2081 tuis,
1028 2015 1263 2070 Domine
1293 2015 1403 2085 [Ps.
1430 2031 1578 2083 xcvx,
1604 2013 1680 2086 8).

203 2107 388 2176 (Vere.
418 2105 538 2176 29.)
570 2107 923 2161 Peccavimus
955 2105 1104 2158 enim
1129 2111 1182 2158 et
1209 2103 1398 2174 inique
1418 2104 1628 2172 egimus
1649 2117 1792 2158 rece-

139 2195 314 2252 dentes
343 2200 476 2261 ate,
507 2203 558 2251 et
588 2193 924 2264 deliquimus
950 2194 1010 2247 in
1057 2192 1328 2248 omnibus.
1379 2191 1445 2246 Et
1491 2196 1645 2247 certe
1672 2195 1792 2247 tres

137 2283 301 2356 pueri
331 2299 450 2338 non
481 2285 878 2354 peccaverant,
911 2297 1018 2336 nec
1048 2281 1176 2352 ejus
1205 2280 1396 2336 aetatis
1417 2283 1585 2336 erant
1607 2296 1791 2352 quan-

132 2373 206 2428 do
226 2371 393 2426 ducti
415 2375 549 2428 sunt
567 2370 629 2427 in
653 2369 1028 2443 Babylonem,
1053 2374 1118 2424 ut
1141 2374 1378 2442 prOpter
1396 2386 1504 2424 sua
1523 2368 1668 2424 vitia
1688 2386 1794 2440 pu-

134 2461 424 2516 nirentur.
468 2461 617 2531 Ergo
647 2459 942 2531 quomodo
973 2458 1034 2513 hi
1065 2474 1133 2513 ex
1177 2473 1429 2530 persona
1478 2456 1678 2529 populi
1709 2456 1794 2513 lo-

133 2553 400 2622 quuntur
423 2566 437 2605 :
461 2549 547 2604 sic
572 2547 716 2604 illud
745 2546 1005 2620 Apostoli
1027 2547 1343 2618 legendum
1365 2550 1454 2602 est
1473 2563 1484 2600 :
1505 2547 1622 2602 Non
1643 2547 1796 2602 enim

134 2640 272 2710 quod
300 2639 445 2704 vola,
483 2637 583 2694 hoc
610 2653 714 2706 ago
739 2654 751 2692 :
774 2636 868 2692 sed
887 2635 1024 2707 quod
1044 2636 1192 2701 nolo,
1219 2635 1363 2690 illud
1409 2650 1601 2706 operor
1618 2634 1792 2706 (Rom.

137 2744 233 2793 vn,
265 2729 380 2799 19),
415 2731 477 2782 et
506 2730 720 2781 caetera
750 2742 877 2798 quae
906 2724 967 2781 in
998 2725 1202 2780 eodem
1233 2723 1358 2779 loco
1391 2723 1609 2795 scripta
1634 2712 1792 2779 sunt.

202 2816 390 2887 (νει-ε.
425 2815 547 2886 37.)
611 2814 916 2888 Quoniam,
971 2815 1220 2878 Domine,
1282 2814 1569 2868 imminuti
1608 2829 1798 2868 sumus

137 2906 426 2977 plusquam
446 2919 641 2959 omnes
660 2907 874 2976 gentes,
898 2911 948 2958 et
968 2918 1158 2958 sumus
1203 2901 1440 2958 humiles
1461 2904 1518 2957 in
1543 2903 1799 2958 universa

141 3001 279 3048 terra
309 2993 477 3049 hodie
499 2994 725 3064 propter
751 2995 967 3063 peccata
997 2993 1206 3060 nostra,
1236 2999 1287 3046 et
1328 3007 1439 3046 non
1467 2997 1546 3046 est
1572 2993 1632 3045 in
1663 2999 1796 3047 tem-

139 3099 260 3154 pore
288 3083 391 3138 hoc
414 3083 700 3152 princeps,
734 3086 790 3135 et
822 3079 1111 3150 Propheta,
1143 3081 1193 3134 et
1240 3079 1376 3134 dure.
1428 3080 1504 3151 (b)
1552 3086 1663 3134 etc.
1698 3079 1799 3134 His

141 3169 439 3227 versiculis
466 3169 756 3225 utendum
779 3159 887 3236 est,
913 3167 962 3224 si
986 3167 1218 3239 quando
1252 3166 1520 3222 Ecclesiae
1560 3171 1797 3240 propter

1898 1935 2000 1990 stri
2019 1935 2166 2005 regis
2196 1934 2516 1990 succendere
2547 1935 2827 2004 fornacem
2861 1933 3088 2004 naphta,
3115 1935 3166 1987 et
3203 1935 3381 2003 stupa.
3415 1930 3549 1987 Sal-

1899 2022 2116 2079 lustius
2139 2023 2218 2094 (d)
2243 2022 2449 2079 scribit
2467 2022 2524 2078 in
2548 2021 2832 2088 historiis,
2853 2021 3009 2093 quod
3031 2020 3252 2093 naphta
3269 2019 3347 2076 sit
3361 2035 3550 2092 genus

1900 2112 2122 2168 fomitis
2143 2112 2297 2182 apud
2323 2116 2533 2168 Persas
2549 2128 2665 2183 quo
2694 2109 2784 2167 vel
2819 2109 3073 2166 maxime
3103 2107 3550 2164 nutrianturin-

1900 2200 2126 2258 cendia.
2157 2200 2268 2255 Alii
2298 2217 2434 2256 ossa
2480 2199 2766 2256 olivarum
2815 2215 2942 2270 quas
2992 2197 3385 2270 projiciuntur
3416 2213 3549 2253 cum

1903 2306 2145 2346 amurca
2174 2289 2445 2356 arefacta,
2490 2289 2740 2360 naphtan
2790 2286 3068 2359 appellari
3117 2290 3363 2357 putant:
3396 2285 3553 2342 unde

1902 2382 1960 2434 et
1985 2379 2176 2434 Greece
2205 2376 2402 2450 πνρίυη
2437 2377 2652 2434 dicitur
2681 2376 2754 2432 ab
2784 2392 2850 2431 eo
2880 2375 3034 2448 quod
3064 2377 3193 2448 πῦρ,
3231 2373 3290 2429 id
3321 2378 3430 2441 est,
3463 2373 3552 2446 ig-

1902 2483 2037 2523 nem
2069 2466 2310 2522 nutriat.

1975 2555 2164 2626 (Vers.
2192 2555 2304 2626 49.)
2351 2555 2588 2626 Angelus
2625 2557 2810 2609 autem
2855 2552 3076 2608 Domini
3119 2548 3393 2606 descendit
3421 2563 3551 2606 cum

1903 2643 2106 2699 Azaria
2133 2652 2184 2700 et
2211 2645 2371 2700 sociis
2399 2645 2517 2716 ejus
2538 2645 2597 2698 in
2615 2644 2914 2714 fornacem,
2935 2648 2987 2696 et
3007 2640 3244 2697 excussit
3262 2641 3550 2710 ﬂammam

1904 2734 2050 2804 ignis
2077 2733 2144 2788 de
2159 2736 2400 2804 fornace,
2423 2738 2530 2790 etc.
2555 2732 2846 2804 Oppressa
2867 2727 3404 2803 perturbationibus
3421 2725 3544 2782 ani-

1906 2839 2022 2889 ma,
2064 2827 2121 2878 et
2149 2822 2326 2878 variis
2383 2820 2667 2878 molestiis
2723 2822 3025 2890 occupata,
3072 2833 3207 2872 cum
3238 2816 3549 2871 hominum

1907 2911 2296 2983 desperaverit
2321 2909 2624 2980 auxilium,
2657 2913 2716 2964 et
2748 2912 2870 2964 tota
2911 2907 2985 2963 ad
3034 2905 3347 2962 Dominum
3381 2903 3555 2960 fuerit

1907 3003 2104 3055 mente
2125 3015 2424 3067 conversa,
2453 2997 2754 3055 descendit
2775 2996 2845 3051 ad
2872 3011 3000 3052 eam
3023 2993 3269 3067 angelus
3303 2991 3554 3063 Domini,

1909 3087 2150 3156 scilicet,
2183 3104 2346 3143 servo
2370 3087 2625 3156 divinus,
2657 3089 2714 3142 et
2747 3083 2968 3142 excutit
3008 3083 3257 3138 ﬂammas
3305 3085 3556 3137 (astuan-

1907 3176 1986 3231 tis
2009 3177 2246 3232 ardores
2272 3193 2285 3231 :
2310 3180 2375 3231 ut
2391 3190 2763 3248 nequaquam
2788 3171 2972 3245 ignita
2982 3168 3422 3243 jaculainimici
3441 3185 3558 3225 cor-
3582 3169 3584 3174 ’

145 3264 368 3331 im“.ﬁta
393 3257 623 3332 Ρορυιίι
650 3262 988 3314 sanctorum
1011 3257 1272 3312 Virorum
1295 3260 1350 3311 et
1381 3256 1794 3326 magistrorum
1826 3239 1869 3306 θ
1908 3265 2002 3321 dis
2032 3265 2217 3321 nostri
2239 3281 2451 3321 arcana
2482 3239 2933 3338 penetrent,'nec
2959 3239 3120 3316 illius
3147 3259 3378 3314 fornace
3399 3257 3556 3314 clau-

150 3348 236 3419 qui
257 3349 316 3403 in
338 3347 470 3421 lege
492 3346 599 3402 Dei
621 3345 953 3402 doctissimi
978 3349 1136 3411 sunt,
1157 3344 1452 3400 sustinent
1468 3345 1798 3416 penuriam,

152 3441 197 3490 et
210 3437 443 3508 quando
458 3436 521 3491 in
536 3435 1049 3507 persecutionibus
1061 3450 1176 3489 non
1191 3433 1431 3488 offertur
1445 3433 1800 3489 sacriﬁcium

152 3524 448 3581 etoblatio.
475 3523 731 3591 Quidam
755 3522 914 3579 hunc
934 3521 1132 3578 loeum
1153 3525 1211 3577 et
1230 3521 1303 3577 ad
1337 3520 1630 3578 ccelestem
1655 3523 1801 3578 refe-

215 3651 288 3718 (a)
322 3649 571 3703 Addunt
601 3646 786 3702 nostri
807 3662 958 3702 mss.
976 3687 990 3714 ,
1009 3653 1060 3701 et
1076 3647 1333 3718 universa
1350 3661 1511 3716 opera
1534 3649 1628 3700 tua
1649 3661 1800 3718 vera,

159 3715 320 3777 etuti}:
341 3724 455 3776 tux
471 3720 657 3783 recte,
691 3725 745 3772 et
785 3719 973 3773 omnia
1010 3716 1228 3789 judicia
1276 3715 1391 3789 tua
1411 3732 1556 3772 vera.
1587 3715 1804 3771 Iudicia

315 3807 450 3873 uera
469 3791 654 3860 fecisti
666 3787 1040 3873 juxtaomnia
1063 3802 1188 3859 quae
1208 3787 1488 3873 amisti
1505 3803 1668 3858 super
1686 3802 1801 3842 nos.

222 3861 432 3944 (Mallio
462 3877 704 3933 quoque
735 3860 982 3944 add-unt,
1005 3876 1184 3942 neque
1215 3860 1611 3925 holocaustum,
1630 3874 1809 3944 neque

161 3935 298 4014 sacri
305 3930 509 4014 ficium,
524 3930 701 4004 neque
716 3931 937 4014 oblatio,
961 3930 1140 4014 neque
1156 3932 1456 4014 incensum,
1472 3944 1645 4012 neque
1656 3930 1806 4011 locus

158 4005 530 4127 primitiarum
558 4019 751 4060 coram
767 4010 836 4071 te,
856 4005 914 4058 ut
925 4005 1195 4075 possimus
1221 4005 1468 4058 invenire
1485 4005 1802 4058 misericor-

197 4091 332 4130 iam.

194 4117 615 4226 jél'IPlgtin‘us,
647 4147 707 4200 et
737 4146 869 4226 post
898 4159 1034 4226 eum
1064 4142 1462 4226 Apelliuarius
1491 4141 1802 4226 episcopus

163 4213 442 4297 ejusmodi
477 4214 722 4297 stultam
739 4213 1095 4297 sententiam
1117 4213 1481 4297 effutierunt,
1503 4213 1802 4297 hominem

163 4285 376 4343 scilicet
391 4303 460 4342 ex
481 4287 677 4343 tribus
706 4285 1058 4342 substantiis
1092 4285 1484 4358 compositum
1511 4285 1713 4353 fuisse,
1736 4301 1805 4340 ex

158 4374 323 4439 carus
350 4357 552 4439 auima
571 4357 938 4439 _et"spiritu,
993 4356 1115 4439 sive
1171 4361 1236 4412 ut
1294 4356 1600 4438 Nemesius
1630 4357 1806 4439 refert

157 4429 341 4512 inlita:
375 4428 616 4512 deﬁat;
653 4427 983 4512 gap.
1037 4428 1087 4497 1,
1119 4443 1188 4482 ex
1230 4428 1450 4494 anima,
1482 4443 1721 4512 corpore
1744 4431 1808 4512 et

155 4500 561 4573 intelligentia.
581 4500 694 4555 Sed
709 4507 764 4555 et
775 4498 1091 4571 Didyinum
1107 4513 1343 4569 quoque
1358 4498 1731 4569 reprehendit
1743 4498 1802 4554 S.

149 4572 515 4644 Augustinus
536 4570 641 4626 lib.
670 4571 742 4644 de
761 4570 912 4644 Eccl.
937 4574 1143 4644 Dogm.
1167 4585 1295 4644 cap.
1338 4571 1427 4644 20,
1453 4571 1615 4644 quod
1633 4569 1808 4640 spiri-

149 4586 515 4644 Augnsunus
538 4586 641 4626 un.
670 4586 740 4627 ne
761 4586 912 4625 15001.
937 4586 1143 4695 uoglm.
1167 4586 1295 4650 cap.
1338 4586 1409 4623 zu
1453 4586 1608 4640 quon
1633 4586 1808 4640 spiri-

149 4647 294 4710 tum,
334 4643 579 4698 tertium
611 4641 911 4713 quidpiam
939 4641 996 4695 in
1077 4640 1296 4713 ominis
1325 4613 1808 4713 substantiaesse

150 4715 420 4794 (minatus
452 4717 584 4794 est.‘
607 4710 814 4794 recole.
841 4711 1182 4794 Hipronymj
1216 4711 1405 4794 nostri
1431 4710 1582 4794 epist
1603 4712 1807 4794 (adﬁne-

149 4782 371 4866 dibiam
385 4787 614 4866 quast:
645 4784 737 4838 42.
770 4783 936 4866 Quod
959 4782 1286 4866 hic'subdit
1333 4790 1554 4866 excepto
1595 4782 1806 4866 Spiritu

151 4861 349 4922 saneto,
381 4853 741 4911 Catholicam
770 4855 946 4910 infert
986 4854 1338 4924 doctrinam,
1387 4854 1446 4924 in
1493 4853 1808 4909 hominibus

147 4929 355 5053 silicet
376 4927 545 4998 justi:
571 4934 780 4998 praeter
797 4926 1046 4982 animam
1065 4923 1381 4982 inhabitare
1399 4923 1670 4997 Spiritum
1685 4941 1808 4979 san-

149 5014 180 5054 e
239 5016 343 5054 πι..

220 5084 796 5166 (θεωὶιιιιεζορὶιιοιι,
818 5083 1172 5166 rectenostri
1195 5086 1554 5166 mss.”1yapta
1579 5082 1804 5166 legunt,

150 5154 248 5228 aut
266 5154 508 5228 Naptha.
525 5154 718 5212 Porro
731 5157 886 5228 quod
909 5156 1010 5228 ait,
1035 5156 1095 5211 in
1137 5154 1411 5228 Sallustii
1438 5154 1706 5212 historiis
1736 5155 1806 5228 de

151 5227 257 5300 hac
301 5225 530 5282 fomitis
580 5225 774 5300 specie
819 5227 1018 5300 scribi,
1067 5225 1231 5282 nulla
1278 5225 1472 5300 hodie,
1511 5242 1713 5300 _neque
1744 5226 1804 5282 in

153 5297 965 5380 fragmentorum'collectione
977 5297 1804 5380 superestmentio.Jacturam

148 5369 364 5443 surcirc
385 5375 668 5443 poterunt
687 5375 953 5443 auctores
977 5369 1109 5443 alii,
1125 5385 1274 5443 quos
1295 5370 1448 5424 inter
1467 5369 1806 5443 luculentis-

146 5442 292 5497 sima
308 5440 667 5498 Ammianus
684 5441 1001 5498 Marcellin.
1021 5441 1113 5496 cui
1140 5441 1332 5498 Oleum
1365 5441 1637 5496 medicum
1653 5440 1804 5495 dici-

147 5513 366 5586 tnrlib.
393 5529 536 5568 ιιιιιι
563 5530 576 5568 :
599 5537 626 5563 ‹‹
643 5513 865 5586 Δ[ιιίὶιωλ
888 5514 990 5586 ait,
1014 5513 1249 5586 regione
1281 5511 1473 5586 olerum
1497 5512 1808 5586 conﬁcitur

147 5585 455 5656 ledicum,
493 5600 609 5656 quo
640 5583 856 5642 illitum
895 5583 1106 5654 telum,
1161 5583 1210 5656 si
1266 5583 1554 5656 emissum
1585 5583 1805 5656 lentius

143 5654 364 5712 laxiore
389 5654 531 5711 arcu
550 5659 712 5731 (nam
733 5656 853 5713 ictu
887 5655 1281 5731 exstinguitur
1319 5655 1547 5731 rapido)
1573 5655 1807 5731 haeserit

143 5743 425 5803 unquam,
441 5727 730 5788 tenaciter
749 5732 972 5789 cremat
986 5747 1000 5788 :
1014 5733 1073 5790 et
1081 5727 1134 5790 si
1147 5727 1558 5802 aquavoluerit
1571 5727 1807 5788 abluere

1909 3354 2140 3408 damur.

1951 3371 2168 3511 83:12.
2197 3443 2294 3510 57,
2339 3443 2456 3510 58.)
2484 3440 2823 3505 Benedicite,
2881 3439 3068 3494 omnia
3121 3451 3288 3507 opera
3315 3435 3559 3502 Domini,

1910 3532 2138 3587 Domino
2159 3549 2178 3586 :
2199 3531 2417 3586 laudate
2443 3533 2495 3586 et
2513 3529 2921 3602 superexaltate
2944 3541 3070 3581 eum
3109 3526 3172 3578 in
3199 3523 3424 3581 saecula.
3458 3523 3559 3579 Be-

1912 3653 2248 3726 quisquam,
2262 3658 2450 3726 aestus
2471 3653 2681 3708 excitat
2701 3651 2953 3726 acriores
2983 3646 3428 3726 incsndi9_rum__:
3452 3661 3560 3702 nec

1913 3700 2172 3781 riameidio
2194 3700 2314 3798 ullo
2338 3741 2513 3796 quam
2527 3726 2701 3798 jactu
2717 3721 2971 3794 pulveris
3002 3717 3356 3798 consopitur.
3379 3716 3558 3798 _Par_a-

1912 3801 2012 3852 tur
2043 3801 2235 3851 autem
2269 3787 2378 3850 hoc
2409 3787 2580 3850 modo
2605 3812 2618 3849 :
2641 3787 2841 3848 Oleum
2862 3807 3008 3846 usus
3024 3787 3356 3845 communis
3379 3787 3560 3843 herba

1913 3868 2165 3938 quadam
2199 3867 2479 3922 infectum
2501 3865 2784 3921 condiunt
2813 3863 3023 3938 harum
3054 3875 3247 3916 rerum
3263 3858 3461 3938 periti,
3485 3859 3559 3914 ad

1914 3932 2360 4012 diuturnitatem
2392 3941 2731 4012 servan_t_es._
2765 3932 3208 4012 etucoalescens
3247 3932 3463 4012 durant
3492 3945 3562 3985 ex

1913 4011 2156 4066 meteria
2183 4025 2340 4064 venis
2371 4008 2655 4064 naturalis
2686 4004 2898 4062 similis
2927 4004 3052 4061 oleo
3092 4002 3389 4059 crassiori.
3424 4002 3560 4066 Qua:

1912 4081 2135 4154 species
2167 4080 2428 4154 gignitur
2457 4080 2609 4154 apud
2652 4079 2875 4154 Persas,
2935 4091 3148 4154 quam_,_
3191 4081 3281 4154 ut_
3281 4072 3559 4154 diximus,

1912 4099 1940 4138 s
1985 4097 2135 4137 ecles
2167 4096 2428 4154 gignitur
2457 4097 2489 4135 a
2533 4096 2609 4134 ua
2652 4096 2875 4143 versas,
2935 4096 3134 4147 quam,
3192 4096 3253 4129 ιιι
3281 4096 3559 4139 uiximus,

1913 4098 2250 4222 l‘Paphtham
2271 4096 2553 4208 vocabulo
2576 4149 2938 4222 appellavere
2950 4145 3171 4219 gentili.
3196 4166 3225 4196 ι)
3241 4146 3562 4200 Etrursum

1912 4225 2116 4280 eodem
2135 4223 2304 4279 libro.
2335 4243 2361 4274 ι
2382 4222 2484 4279 Hic
2505 4227 2561 4278 et
2599 4221 2829 4293 Naphta
2867 4219 3151 4293 gignitur,
3184 4217 3348 4293 picea
3370 4217 3564 4293 specie

2293 4266 2304 4278 ο
2335 4260 2360 4274 “
2382 4260 2484 4279 ιιιυ
2505 4260 2561 4278 υυ
2601 4260 2829 4286 ιιιιμμνυ
2867 4260 3151 4286 Enna-uua,

1911 4294 2231 4368 glutinosa,
2249 4293 2596 4368 similisque
2643 4287 2772 4368 ipsa
2821 4287 3056 4368 quoque
3113 4287 3426 4368 bitumini;
3469 4287 3562 4368 cui

1912 4355 2150 4422 Etiamsi
2171 4355 2398 4421 avicula
2419 4355 2700 4421 insederit
2736 4355 3301 4433 brevisfprrspedito
3338 4355 3559 4433 volatu,

1913 4437 2470 4508 submersapenitus
2494 4435 2887 4508 evane_scit,_et
2905 4426 3175 4508 cumhoc
3196 4426 3443 4500 liquoris
3469 4443 3561 4482 ar-

1916 4509 2051 4565 dere
2073 4501 2312 4580 coeperit
2331 4524 2539 4580 genus,
2558 4506 2788 4580 nullum
2812 4504 3066 4580 inveniet
3083 4501 3346 4580 humana
3367 4513 3559 4580 meus,

1915 4585 2124 4652 praeter
2157 4567 2478 4652 pulverem,
2497 4567 2916 4652 exstinguendi
2937 4576 3282 4652 ‘commentu
3282 4567 3562 4652 _n_1.‘)_rPli-

1917 4639 3561 4732 ilius9959“?lib-"llell95éstsée“Wineﬂllilllff‘

1913 4709 2140 4789 vocarit,
2161 4709 2419 4788 dixisset,
2433 4709 2656 4776 subdit:
2673 4709 2921 4774 «Similis
2933 4721 3021 4773 est
3034 4709 3560 4789 naturaNapbthaf,

1913 4793 1994 4876 ita
2023 4781 2356 4876 ξιριίθιίειιιε
2380 4781 2534 4847 circa
2564 4789 2968 4876 βεδγιριιὲυαξο,
2990 4791 3074 4876 εἰ
3092 4787 3170 4876 ,ἱππ
3186 4781 3561 4876 AEN???

1914 4853 2182 4931 Parthia,
2215 4853 3141 4935 proﬂuens,bituminis__liquidi
3186 4853 3381 4935 modo.
3410 4853 3562 4934 Huic

1915 4952 2131 5008 magna
2151 4928 2417 5008 cognatio
2435 4928 2687 5008 ignium,
2716 4928 3186 5008 transiliuntque
3200 4928 3560 5008 protinus‘in

1913 4994 2049 5064 ean;
2075 4994 2491 5078 undecumque
2513 4994 2718 5060 visam.
2753 5005 2836 5057 Ita
2857 4994 3132 5078 feruntfa
3165 4994 3366 5078 Medea
3389 4994 3562 5068 pelli-

1915 5095 2038 5135 cem
2071 5067 2412 5158 crematam;
2445 5080 2753 5158 postquam
2783 5072 3181 5158 sacrificatura
3213 5067 3284 5124 ad
3311 5067 3443 5158 aras
3463 5083 3560 5151 ac-

1913 5154 2171 5206 cesserat
2198 5139 2412 5205 corona
2442 5139 2575 5219 igne
2595 5139 2803 5219 'rapta.
2841 5142 3004 5219 »_His
3055 5141 3238 5219 addas
3288 5154 3321 5219 e
3348 5139 3561 5219 Graecis

1911 5221 2254 5278 Strabonem
2279 5219 2381 5276 lib.
2424 5209 2542 5290 χῧι,
2591 5209 2709 5290 ubi
2741 5233 2810 5272 ex
2859 5212 3263 5290 Eratosthene,
3293 5209 3560 5290 Asphalti

1912 5293 2093 5349 tradit
2122 5292 2364 5349 alteram
2397 5282 2854 5361 esse'speciem,
2885 5301 3061 5361 quam
3119 5282 3430 5361 Nophtham
3459 5297 3559 5361 vo-

1915 5368 2066 5431 cant,
2099 5365 2342 5436 ejusque
2373 5352 2922 5436 admirabilemvim
2966 5352 3557 5436 flammeamndescri-

1913 5435 2017 5491 bit.
2049 5425 2156 5491 Sed
2190 5425 2568 5491 etPlutarch.
2617 5431 2675 5488 in
2736 5425 3560 5499 Alexandro.7Xiphil_inus_cx

1913 5506 2112 5573 Dione,
2145 5505 2514 5562 Dioscorides
2545 5503 2646 5559 lib.
2679 5519 2721 5570 ι,
2754 5494 3256 5574 Prqcopiusﬂlibfv
3290 5494 3558 5574 depello

1910 5567 2182 5645 Vandal.,
2215 5577 2426 5633 Suidas
2459 5593 2574 5632 non
2607 5567 2722 5630 uno
2763 5574 2822 5629 in
2850 5567 2997 5640 loco,
3031 5571 3246 5645 aliique
3274 5569 3345 5625 de
3369 5567 3560 5640 Naph-

1913 5651 2005 5706 tha
2034 5644 2378 5724 loquuntur,
2407 5665 2554 5723 quos
2583 5645 2910 5706 describere
2940 5661 3058 5703 non
3085 5644 3270 5700 vacat.
