3944 6178
450 404 587 470 811'

1702 398 1768 462 8.
1816 398 2127 463 EUSEBII
2170 396 2610 462 HIEBONYMI

3694 400 3798 464 till

450 535 716 603 ncdicite,
727 530 928 605 angeli
939 530 1188 603 Domini,
1204 530 1465 591 Domino:
1478 530 1703 590 laudate
1716 531 2098 605 θεωρῆσαι-
2122 532 2181 604 ,βε
2208 530 2529 604 Christum,
2553 530 2657 605 qui
2674 530 2752 589 ad
2769 530 3066 589 fornacem
3084 530 3385 589 descendit
3394 527 3807 608 infami,‘iuquo‘

451 630 580 694 tate,
603 629 713 682 etc.
738 622 1001 680 Generali
1025 622 1366 680 laudatione
1384 622 1709 695 praemissa,
1733 622 1891 693 quod
1907 621 2099 679 omnis

452 719 723 771 creatura
750 713 960 769 debeat
980 711 1220 768 laudare
1240 712 1578 780 Dominum,
1611 711 1669 767 in
1692 710 2099 782 consequenti-

452 804 565 860 bus
595 820 702 876 per
730 806 928 875 partes
960 801 1229 874 singulas
1251 801 1589 857 cohortatur
1609 801 1762 857 οη
1785 798 2023 872 angelos
2042 803 2101 855 et

451 892 650 960 oculos,
685 909 868 964 aquas
898 895 1072 963 atque
1102 890 1364 960 virtutes,
1398 889 1582 945 solem
1626 893 1683 945 et
1728 888 1952 955 lunam,
1984 888 2095 944 im-

452 981 619 1039 brem
649 986 705 1037 et
736 997 951 1048 rorem,
984 979 1278 1052 spiritum,
1325 979 1519 1051 ignem
1564 983 1621 1034 et
1648 982 1878 1048 uastum,
1911 978 2098 1049 frigus

454 1076 512 1128 et
531 1088 765 1141 cauma,
809 1074 867 1126 et
911 1074 1116 1126 cratera
1139 1085 1267 1140 quae
1289 1067 1531 1140 longum
1554 1072 1645 1124 est
1667 1071 1859 1124 texere
1884 1085 1897 1123 :
1921 1066 2001 1122 ita
2033 1071 2097 1122 ut

448 1160 640 1217 fontes
668 1174 906 1231 quoque
928 1161 983 1213 et
1004 1157 1211 1223 maria,
1237 1160 1293 1212 et
1314 1160 1436 1211 cete
1457 1160 1513 1211 et
1533 1154 1817 1221 volucres,
1846 1154 2094 1210 bestias-

449 1266 564 1321 que
593 1253 652 1305 et
671 1263 878 1320 pecora
906 1246 981 1302 ad
1018 1245 1251 1302 laudem
1284 1244 1517 1301 Domini
1549 1247 1837 1316 provocet,
1866 1248 1924 1299 et
1944 1243 2096 1298 ﬁlios

451 1338 782 1405 hominum,
807 1341 864 1392 et
884 1339 1016 1406 post
1038 1351 1212 1390 omne
1242 1335 1547 1390 hominum
1580 1350 1765 1406 genus
1799 1331 2092 1398 lsraelem,

449 1431 513 1483 et
526 1427 597 1485 de
618 1426 744 1497 ipso
766 1422 944 1483 Israel
965 1424 1296 1480 sacerdotes
1317 1428 1373 1478 et
1410 1439 1605 1479 servos
1645 1420 1900 1487 Domini,
1922 1419 2093 1491 spiri-

444 1520 546 1570 tus
561 1515 907 1585 animasque
921 1513 1244 1582 justorum,
1267 1514 1502 1568 sanctos
1531 1514 1590 1567 et
1608 1509 1865 1566 humiles
1886 1509 2056 1564 corde
2076 1524 2090 1563 :

446 1605 516 1660 Et
535 1603 609 1660 ad
630 1606 955 1659 extremum
984 1600 1291 1673 Ananiam,
1313 1599 1602 1667 Azariam,
1634 1597 1951 1664 Misaelem,
1993 1596 2093 1669 qui

449 1693 522 1749 ad
550 1691 786 1749 laudem
818 1690 1053 1747 Domini
1084 1690 1353 1762 praesnti
1375 1688 1655 1746 beneﬁcio
1685 1690 2090 1760 provocamur.

445 1781 652 1838 Omnis
682 1785 877 1838 autem
910 1783 1179 1836 creatura
1218 1794 1333 1834 non
1375 1793 1531 1841 voce,
1571 1777 1671 1834 sed
1699 1792 1870 1848 opere
1894 1774 2097 1831 laudat

445 1871 784 1937 Dominum,
808 1869 950 1941 quia
989 1885 1059 1924 ex
1093 1866 1377 1924 creaturis
1418 1870 1841 1938 consequenter
1868 1868 2093 1920 creator

453 1958 823 2030 intelligitur,
855 1962 913 2014 et
940 1956 1000 2013 in
1030 1954 1283 2028 singulis
1302 1955 1578 2027 operibus
1597 1959 1773 2027 atque
1791 1952 2095 2010 affectibus

441 2047 545 2105 Dei
575 2045 1015 2120 magniﬁcentia
1041 2045 1503 2101 demonstratur.

509 2153 693 2225 (Vere.
721 2152 837 2223 8'1.)
872 2150 1400 2217 Benedicite,sanoti
1428 2157 1481 2204 et
1515 2148 1752 2205 humiles
1780 2149 1955 2216 corde,
1979 2154 2092 2203 etc.

436 2240 843 2298 Humilitatem
873 2239 1069 2296 cordis
1098 2239 1331 2310 habere,
1363 2242 1422 2295 et
1471 2255 1727 2311 praesens
1769 2236 2094 2294 versiculus

436 2331 622 2399 decet,
648 2334 704 2386 et
724 2329 869 2385 illud
891 2329 1046 2401 quod
1069 2329 1131 2384 in
1167 2327 1479 2402 Evangelio
1529 2328 1781 2383 dicitur:
1832 2329 2030 2382 Discite
2057 2343 2094 2382 a

436 2436 521 2477 me
550 2421 687 2491 quia
712 2420 870 2475 mitis
896 2434 1021 2473 sum
1048 2423 1103 2473 et
1132 2418 1361 2473 humilis
1384 2417 1565 2484 corde,
1598 2421 1651 2474 et
1679 2418 1969 2472 invenietis
1999 2432 2092 2472 re-

438 2511 623 2582 quiem
651 2508 945 2564 animabus
972 2509 1165 2563 vestris
1199 2511 1361 2576 (Mat.
1394 2524 1474 2575 x1,
1514 2507 1627 2579 29).
1660 2504 1865 2562 Cordis
1895 2509 2090 2561 autem

435 2597 538 2653 illa
556 2600 647 2654 est
665 2595 991 2664 humilitas,
1018 2612 1148 2668 qua
1171 2596 1229 2651 in
1265 2595 1383 2652 alio
1421 2595 1546 2652 loco
1584 2599 1899 2668 paupertas
1918 2593 2091 2666 spiri-

435 2690 536 2743 tus
563 2685 893 2759 appellatur
918 2703 932 2741 :
966 2689 1033 2741 ut
1052 2702 1169 2742 non
1191 2685 1491 2757 erigamur
1509 2684 1807 2756 superbia,
1832 2698 1938 2739 nec
1960 2684 2092 2738 ficta

434 2774 687 2849 gloriam
718 2774 1051 2830 humilitate
1081 2789 1450 2846 quaeramus:
1474 2774 1574 2829 sed
1597 2776 1716 2829 toto
1738 2772 1911 2828 corde
1931 2770 2093 2827 incli-

442 2878 671 2918 nemur.
714 2863 1031 2923 Hucusque
1059 2863 1133 2916 de
1160 2860 1579 2917 Theodotionis
1608 2860 1862 2916 editione
1904 2875 2092 2931 pauca

438 2950 911 3022 perstrinximus,
936 2947 1320 3005 confessionis
1349 2953 1406 3005 et
1423 2947 1667 3005 laudum
1684 2949 1864 3003 trium
1887 2963 2092 3019 puero-

441 3055 574 3095 rum
596 3055 725 3112 quas
747 3052 864 3094 non
883 3037 1179 3094 habentur
1196 3037 1508 3093 inHebraao
1523 3053 1536 3093 :
1552 3037 1761 3093 exinde
1772 3052 2091 3109 sequamur

440 3127 788 3184 Hebraicam
816 3126 1141 3183 veritatem.

432 3220 436 3225 ’
500 3233 690 3305 (Vere.
721 3233 840 3305 91.)
898 3233 1041 3288 Tunc
1094 3231 1592 3289 Nabuchodonosor
1633 3248 1738 3288 rex
1790 3231 2084 3305 obstupuit,

437 3330 491 3378 et
514 3323 764 3378 surrexit
809 3336 1058 3394 prepare,
1117 3325 1170 3378 et
1228 3323 1308 3378 ait
1363 3321 1670 3394 optimabus
1712 3323 1869 3377 suis:
1901 3322 2090 3377 Nonne

433 3416 544 3468 tres
573 3412 719 3468 viros
736 3411 991 3467 misimus
1020 3413 1081 3467 in
1110 3412 1349 3468 medium
1378 3413 1523 3484 ignis
1551 3410 1894 3484 compeditos.
1916 3409 2089 3465 Puni-

433 3500 509 3557 ti's
540 3499 932 3573 principibus,
959 3516 1060 3557 rex
1108 3499 1439 3574 corripitur,
1472 3503 1539 3556 ut
1579 3499 1777 3556 vivens
1806 3498 2090 3572 gloriﬁcet

440 3590 647 3647 Deum.
678 3592 1007 3663 interrogat
1044 3594 1240 3646 autem
1280 3589 1593 3663 optimates
1640 3605 1803 3657 suos,
1835 3603 2086 3660 quorum

434 3677 811 3737 accusatione
838 3683 896 3735 et
924 3678 1170 3737 consilio
1199 3683 1319 3736 tres
1344 3694 1559 3751 pueros
1593 3678 1653 3734 in
1677 3678 1873 3751 ignem
1900 3677 2086 3733 forna-

434 3768 521 3825 cis
541 3768 805 3837 miserat,
830 3772 914 3835 ut,
938 3767 1059 3825 illis
1080 3768 1569 3841 respondentibus
1607 3782 1670 3823 se
1708 3765 1941 3823 misisse
1968 3771 2088 3822 tres

435 3873 648 3931 pueros
678 3856 740 3913 in
763 3856 1078 3926 fornacem,
1104 3855 1213 3915 iste
1233 3856 1317 3914 eis
1340 3857 1415 3929 (a)
1448 3855 1679 3912 nuntiet
1716 3860 1773 3912 et
1793 3855 2082 3911 ostendat.

501 3964 669 4021 Vera.
694 3964 809 4034 92.)
841 3965 1000 4020 048
1048 3966 1157 4033 Qui
1200 3964 1580 4037 respondentes
1621 3965 1743 4035 regi
1785 3962 2084 4020 dixerunt:

435 4054 563 4110 Vere
588 4068 716 4108 rex.
753 4052 1043 4125 Respondit
1072 4069 1192 4109 rex.
1226 4052 1420 4125 [Vulg.
1479 4056 1632 4109 tacet
1686 4057 1828 4121 rex],
1884 4059 1938 4106 et
1961 4053 2085 4106 ait:

435 4142 568 4196 Ecce
591 4156 688 4209 ego
713 4139 864 4196 video
884 4142 1030 4196 viros
1048 4145 1282 4213 quatuor
1302 4143 1522 4209 solutos,
1565 4144 1618 4196 et
1653 4139 1996 4195 ambulantes
2025 4141 2083 4193 in

430 4228 606 4286 medio
640 4229 791 4301 ignis
816 4233 897 4285 :et
920 4228 1073 4285 nihil
1095 4232 1466 4302 corruptionis
1486 4231 1548 4286 in
1586 4230 1662 4286 eis
1699 4237 1796 4295 est,
1816 4231 1866 4284 et
1886 4228 2086 4301 species

434 4319 620 4392 quarti
639 4318 715 4392 (b)
735 4318 1040 4375 similitudo
1056 4317 1169 4391 ﬁlii
1185 4319 1300 4376 Dei.
1324 4317 1579 4375 Rursum
1597 4317 1786 4374 dicam
1808 4333 1822 4372 :
1843 4316 1887 4372 Ο
1904 4332 2084 4388 quam

429 4409 673 4481 sapiens
699 4407 880 4481 ignis,
942 4423 1117 4480 quam
1179 4406 1588 4465 inenarrabilis
1626 4406 1727 4461 Dei
1787 4404 2081 4477 potentia:

433 4496 686 4555 vinculis
709 4498 916 4554 stricta
936 4500 1078 4554 sunt
1094 4512 1358 4571 corpora,
1381 4499 1636 4552 uruntur
1665 4490 1919 4562 vincula,
1954 4509 2080 4549 cor-

430 4604 573 4661 pora
593 4604 711 4643 non
736 4592 1011 4644 uruntur.
1035 4587 1299 4660 Speciem
1334 4589 1529 4642 autem
1572 4582 1765 4657 quarti
1798 4598 1972 4655 quem
2003 4582 2081 4639 si-

2210 621 2444 689 clausaa,
2464 624 2521 677 et
2543 624 2915 693 peccatorum
2936 622 3299 693 etjustorum
3332 620 3536 678 anima
3552 624 3800 679 teneban-

2205 714 2323 777 tur,
2354 714 2419 765 ut
2449 711 2670 783 absque
2698 710 3021 777 exustione,
3051 714 3111 766 et
3138 727 3288 766 noxa
3312 711 3406 765 sui
3442 711 3657 782 eosqui
3670 715 3802 769 teneo

2207 798 2424 854 bantur
2450 797 2663 854 inclusi
2695 798 2903 854 mortis
2932 798 3183 854 vinculis
3211 797 3501 854 liberaret.

2277 906 2296 977 (
2324 905 2488 960 Vers.
2514 905 2630 975 93.)
2653 906 2794 959 Tanc
2815 906 3046 961 accessit
3066 904 3550 961 Nabuchodonosor
3564 904 3801 961 adostiam

2204 996 2448 1065 fornacis
2463 995 2610 1066 ignis
2630 994 2896 1060 ardentis,
2918 1001 2973 1050 et
2993 995 3073 1049 ait
3098 1010 3112 1049 :
3133 992 3582 1061 Sedrach,-Misad,
3602 993 3802 1049 etAbde-

2204 1100 2347 1153 nugo
2364 1086 2507 1138 servi
2531 1084 2632 1139 Dei
2645 1084 2866 1149 excelsi,
2889 1083 3214 1155 egredimini
3252 1086 3303 1138 et
3323 1083 3517 1138 venite.
3540 1083 3801 1155 Statimque

2204 1173 2416 1241 egressi
2459 1180 2589 1227 sunt
2644 1171 2903 1239 Sedrach,
2961 1171 3147 1239 Misce,
3204 1179 3256 1227 et
3298 1170 3577 1242 Abdenago
3628 1171 3687 1227 de
3708 1188 3798 1227 me-

2204 1261 2293 1316 dio
2313 1262 2479 1332 ignis.
2512 1262 2727 1317 Pavore
2756 1261 3118 1333 perterritus,
3144 1277 3257 1315 non
3292 1276 3397 1332 per
3425 1259 3652 1316 nuntios
3678 1276 3801 1332 qua-

2204 1350 2281 1405 rit
2306 1368 2342 1405 a
2372 1349 2592 1422 pueris,
2624 1352 2723 1405 sed
2753 1349 2877 1421 ipse
2905 1366 3005 1405 eos
3034 1365 3101 1404 ex
3147 1348 3383 1405 nomine
3426 1354 3613 1415 vocat,
3638 1365 3799 1405 servos

2204 1438 2306 1493 Dei
2336 1436 2542 1493 excelsi
2575 1437 2898 1509 appellans,
2931 1442 2987 1493 et
3015 1441 3218 1509 petens
3249 1442 3314 1491 ut
3344 1437 3417 1492 ad
3448 1454 3511 1493 se
3537 1438 3800 1510 egredian-

2203 1531 2303 1582 tur
2333 1543 2481 1601 quos
2509 1527 2733 1582 vinctos
2763 1525 2823 1582 in
2854 1527 3146 1583 fornacem
3173 1526 3434 1583 miserat.

2275 1633 2460 1704 (Vers.
2488 1634 2603 1702 95.)
2637 1634 2954 1689 Benedictus
2999 1634 3139 1707 Deus
3186 1632 3382 1706 [Vulg.
3433 1632 3590 1689 addit
3630 1632 3801 1705 eorum]

2202 1720 2437 1776 Sedrach
2458 1720 2646 1794 [Vulg.
2672 1720 2836 1778 addit
2848 1721 3135 1792 videlicet),
3160 1722 3348 1787 Misce,
3362 1728 3417 1777 et
3434 1721 3718 1793 Abdenago,
3731 1724 3806 1793 qui

2200 1813 2353 1867 misit
2373 1812 2627 1883 angelum
2650 1826 2829 1878 suum,
2843 1818 2894 1867 et
2908 1813 3054 1867 eruit
3068 1828 3245 1867 servos
3256 1828 3385 1867 suos
3397 1813 3493 1883 qui
3501 1811 3804 1867 crediderunt

2122 1905 2171 1969 B
2188 1902 2264 1979 .in
2287 1916 2430 1967 eum,
2454 1904 2562 1955 etc.
2588 1900 2765 1963 Quem
2792 1916 2968 1973 supra
2990 1899 3177 1954 filium
3198 1898 3323 1966 Dei,
3356 1900 3453 1955 hic
3470 1899 3717 1973 angelum
3732 1917 3803 1955 vo-

2202 1992 2314 2057 cat,
2341 2005 2704 2062 quamquam
2731 1989 2836 2059 [AL
2872 1989 2995 2061 qui]
3017 1989 3075 2043 in
3099 1987 3505 2060 superioribus
3524 1985 3803 2045 similitudo

2202 2078 2306 2133 ﬁlii
2331 2078 2429 2133 Dei
2453 2095 2567 2133 non
2590 2078 2803 2133 veritas
2835 2077 3125 2150 appellata
3151 2078 3244 2133 sit.
3281 2078 3543 2134 Rursum
3576 2094 3696 2152 ergo
3710 2076 3803 2133 Na-

2200 2165 2649 2223 buchodonosor
2670 2165 2768 2221 Dei
2798 2167 3222 2222 confessionem
3259 2167 3494 2240 recipit,
3525 2174 3577 2223 et
3601 2164 3803 2222 damna-

2200 2255 2277 2311 tis
2299 2255 2471 2311 idolis
2493 2254 2697 2311 laudat
2716 2258 2837 2311 tres
2871 2272 3105 2328 pueros,
3148 2255 3247 2327 qui
3289 2256 3610 2312 noluerunt
3634 2256 3808 2312 servire

2200 2347 2259 2400 et
2287 2344 2527 2399 adorare
2557 2361 2791 2400 omnem
2828 2344 3030 2415 Deum,
3063 2348 3299 2415 excepto
3343 2347 3471 2401 Deo
3502 2363 3621 2417 suo,
3650 2350 3698 2401 et
3723 2343 3805 2400 mi-

2200 2437 2366 2489 ratur
2387 2433 2539 2507 quod
2565 2438 2798 2489 sanctos
2821 2430 2918 2489 Dei
2942 2432 3096 2507 ignis
3135 2438 3375 2507 tangere
3437 2452 3546 2492 non
3578 2434 3805 2507 potuerit.

2200 2523 2362 2588 Quod
2398 2525 2594 2579 autem
2626 2521 2706 2577 ait
2728 2538 2742 2576 :

2271 2614 2459 2679 (Vers.
2491 2611 2607 2684 96.)
2637 2616 2677 2666 A
2710 2626 2796 2667 me
2834 2626 2959 2682 ergo
2981 2612 3323 2683 propositum
3353 2611 3557 2685 [Vulg.
3592 2609 3808 2684 positum}

2198 2705 2281 2755 est
2313 2700 2410 2755 hoc
2427 2699 2700 2755 decretum
2734 2717 2746 2755 :
2780 2707 2841 2754 ut
2867 2701 3046 2755 omnis
3066 2699 3320 2772 populus,
3354 2702 3539 2757 tribus
3576 2706 3623 2757 et
3652 2702 3807 2772 lingua

2199 2803 2565 2862 quaecumque
2594 2790 2800 2845 locutus
2827 2789 3000 2861 fuerit
3039 2788 3447 2861 blasphemiam
3474 2794 3651 2846 contra
3672 2791 3805 2846 Deum

2198 2877 2453 2949 Sedrach,
2486 2880 2683 2949 Misce,
2715 2886 2767 2934 et
2813 2877 3123 2948 Abdenago,
3158 2879 3312 2935 044
3348 2878 3639 2952 dispereat,
3665 2881 3706 2935 et
3731 2878 3804 2934 do-

2196 2982 2319 3022 mus
2346 2968 2463 3038 ejus
2491 2970 2753 3022 vastetur.
2786 2966 2965 3039 Neque
2992 2968 3140 3022 enim
3166 2975 3246 3023 est
3273 2968 3423 3023 Deus
3450 2969 3590 3024 alius
3609 2968 3693 3041 qui
3703 2978 3805 3039 pos-

2196 3056 2273 3111 sit
2302 3057 2383 3111 ita
2412 3056 2646 3111 salvere.
2680 3054 2928 3122 Quidam
2955 3054 3207 3128 pessime
3255 3055 3327 3111 ad
3376 3056 3668 3113 diabolum
3695 3054 3805 3112 rele-

2197 3147 2355 3213 runt,
2384 3144 2540 3216 quod
2574 3143 2632 3198 in
2666 3142 3197 3212 consummatione,
3229 3146 3285 3200 et
3305 3143 3432 3201 ﬁne
3453 3142 3644 3201 mundi
3664 3144 3804 3199 etiam

2198 3231 2326 3306 ipse
2356 3231 2598 3305 recipiat
2626 3232 2893 3288 notitiam
2930 3233 3046 3305 Dei,
3078 3236 3136 3288 et
3189 3249 3396 3289 omnes
3450 3236 3519 3290 ad
3564 3232 3803 3307 pmniten-

2199 3320 2342 3377 tiam
2366 3320 2722 3389 cohortetur,
2741 3327 2795 3375 et
2819 3320 2977 3376 hunc
3002 3319 3203 3376 volunt
3249 3338 3380 3378 esse
3434 3340 3620 3390 regem
3640 3322 3807 3378 Ninive

2197 3409 2297 3482 qui
2327 3408 2640 3465 novissime
2670 3408 2972 3465 descendit
3000 3410 3073 3465 de
3102 3409 3309 3466 throno
3340 3412 3643 3485 superbiae,
3663 3410 3807 3467 ethu-

2197 3496 2464 3554 militatis
2493 3498 2738 3571 praemia
2777 3502 3124 3555 consecutus
3155 3498 3251 3555 sit.

2265 3586 2451 3657 (Vere.
2483 3585 2599 3658 97.)
2634 3588 2781 3642 Tunc
2809 3604 2912 3643 rex
2961 3588 3236 3659 promovit
3290 3586 3546 3655 Sedrach,
3568 3584 3571 3589 ’
3594 3588 3749 3644 Nisae
3771 3591 3811 3642 et

2194 3676 2484 3748 Abdenago
2513 3678 2577 3732 in
2606 3677 2895 3748 provincia
2923 3677 3240 3748 Babylonis.
3291 3676 3395 3740 Qui
3434 3676 3633 3732 dicunt
3656 3693 3817 3750 supra

2194 3770 2314 3821 tres
2336 3778 2548 3837 pueros
2572 3780 2686 3819 non
2702 3762 2936 3835 judices
2967 3762 3421 3836 provinciarum,
3470 3763 3567 3820 sed
3607 3762 3815 3835 prafec-

2194 3858 2285 3911 tos
2317 3870 2561 3928 operum
2593 3851 2964 3925 singulorum
2987 3852 3169 3908 fuisse
3192 3852 3252 3908 in
3292 3851 3708 3926 Babylone,hic
3732 3867 3813 3907 vo-

2192 3943 2324 4000 lunt
2352 3942 2528 4000 etiam
2558 3958 2657 3999 eos
2686 3941 3115 4013 provinciarum
3138 3940 3371 4012 judices
3401 3942 3756 3999 constitutos.

2266 4048 2453 4120 (Vere.
2487 4050 2556 4103 98
2586 4046 2777 4119 seqq.)
2807 4045 3293 4103 Nabuchodonosor
3320 4062 3433 4105 rex.
3472 4046 3713 4104 omnibus
3734 4060 3812 4118 po-

2188 4137 2361 4209 pulis,
2392 4139 2665 4207 gentibus,
2698 4139 2747 4193 et
2776 4137 3004 4207 linguis,
3063 4136 3161 4209 qui
3210 4134 3467 4193 habitant
3496 4138 3562 4192 in
3589 4138 3813 4192 universa

2192 4229 2378 4281 terra:
2402 4240 2523 4295 pax
2550 4227 2700 4281 vobis
2727 4226 3147 4296 multiplicetur.
3172 4224 3345 4294 Signa
3366 4230 3425 4282 et
3440 4226 3723 4282 mirabilia
3744 4220 3813 4296 fs-

2192 4314 2268 4369 cit
2293 4313 2443 4384 apud
2466 4329 2555 4368 me
2577 4314 2718 4371 Deus
2744 4315 2990 4370 excelsus
3013 4330 3024 4369 :
3046 4314 3258 4386 placuit
3289 4328 3431 4385 ergo
3467 4314 3614 4370 mihi
3634 4311 3815 4385 pradi-

2192 4417 2321 4457 care
2346 4403 2465 4476 ejus
2491 4403 2672 4472 signa,
2706 4404 2841 4473 quia
2867 4418 3070 4474 magna
3093 4404 3240 4471 sunt,
3286 4405 3337 4457 et
3383 4403 3672 4459 mirabilia
3695 4401 3814 4474 ejus,

2192 4492 2324 4563 quia
2351 4492 2541 4563 fortia,
2564 4500 2617 4549 et
2637 4508 2865 4563 regnum
2883 4494 3021 4565 ejus,
3044 4508 3175 4563 quia
3198 4490 3396 4565 (Vulg.
3416 4495 3574 4550 tacet
3590 4489 3736 4565 quia)
3751 4503 3818 4544 re-

2176 4640 2181 4649 ,
2191 4596 2366 4651 gnum
2386 4582 2807 4651 sempiternum,
2835 4589 2886 4637 et
2904 4587 3146 4652 potestas
3175 4582 3291 4652 ejus
3320 4581 3819 4654 inigeneratioueel

429 4636 630 4735 1invi-leni
1118 4636 1233 4731 'Jéi
1242 4636 1560 4746 _adgelu—m
1577 4636 1607 4657 Ἰ
2111 4636 2160 4702 D
2176 4636 2613 4739 generationem.
2633 4636 2892 4742 Epistola
2904 4636 3445 4725 Nabuchodonosor
3459 4669 3525 4725 in
3536 4636 3821 4742 prophetae

430 4779 589 4840 pere,
619 4769 687 4822 ut
715 4764 1101 4839 Septuaginta
1154 4761 1603 4833 transtulerunt,
1661 4759 1751 4817 vel
1811 4763 1987 4828 certe,
2016 4764 2084 4815 ut

427 4854 693 4929 plerique
749 4852 1131 4923 arbitrantur,
1186 4850 1496 4907 Dominum
1544 4847 1923 4906 Salvatorem.
1972 4850 2081 4905 Sed

431 4944 628 5001 nescio
660 4943 959 5016 quomodo
981 4956 1081 4998 rex
1100 4938 1319 5012 impius
1367 4938 1467 4995 Dei
1515 4937 1706 4995 Flium
1746 4939 1940 4997 videre
1964 4955 2082 4994 me-

425 5035 645 5087 reatur.
676 5032 826 5103 Ergo
853 5031 1025 5102 juxta
1069 5024 1487 5101 Symmachum
1519 5026 1619 5098 qui
1664 5027 2080 5099 interpretatus

428 5122 555 5174 est:
589 5118 833 5189 Speciem
860 5123 1049 5175 autem
1093 5118 1279 5189 quarti
1315 5114 1625 5173 similitudo
1666 5116 1930 5186 ﬁtiorum,
1963 5130 2079 5171 non

427 5204 553 5273 Dei,
586 5203 688 5261 sed
719 5205 963 5261 deorum
992 5224 1006 5275 ;
1042 5202 1233 5278 angeli
1264 5202 1554 5259 sentiendi
1584 5205 1747 5271 sunt,
1769 5202 1871 5275 qui
1898 5206 1955 5258 et
1974 5201 2078 5269 dii,

428 5300 487 5352 et
519 5295 763 5352 deorum
780 5292 871 5349 vel
891 5292 995 5350 Dei
1017 5293 1122 5350 ﬁlii
1148 5292 1470 5366 saepissime
1492 5295 1940 5365 nuncupantur,
1960 5291 2080 5348 Hoc

420 5384 590 5455 juxta
626 5380 956 5438 historiam.
990 5386 1271 5440 Caeterum
1320 5382 1381 5438 in
1432 5385 1568 5454 typo
1603 5381 1943 5455 prmﬁgurat
1969 5381 2080 5438 iste

428 5472 677 5546 angelus
698 5470 820 5527 sive
850 5469 1011 5526 ﬁlius
1051 5471 1150 5526 Dei
1204 5471 1519 5527 Dominum
1574 5474 1844 5526 nostrum
1873 5471 2076 5527 Jesum

498 5648 576 5719 (a)
592 5648 913 5733 Victorius,
932 5652 1193 5733 quartum
1216 5648 1312 5705 hic
1332 5648 1652 5733 interserit,
1669 5649 1797 5733 sive
1817 5651 2080 5733 eisquar-

435 5727 552 5779 tum
579 5723 819 5789 nuntiet,
865 5720 975 5777 etc.
999 5720 1112 5777 Sed
1136 5735 1281 5777 mss.
1329 5720 1573 5777 minime
1592 5720 2074 5795 suifragantibus.

2189 4758 2490 4815 volumine
2517 4757 2792 4831 ponitur:
2820 4760 2886 4813 ut
2906 4762 3023 4814 non
3045 4755 3217 4814 ﬁctus
3237 4756 3309 4814 ab
3333 4754 3447 4813 alio
3467 4748 3677 4830 postea
3693 4754 3817 4810 liber

2191 4847 2346 4905 sicut
2370 4850 2728 4921 schphanta
2766 4845 3153 4920 (Porphyrius)
3184 4845 3486 4920 mentitur,
3520 4846 3623 4904 sed
3654 4842 3819 4920 ipsius

2190 4936 2450 4995 Danielis
2478 4952 2607 4994 esse
2638 4936 2928 4993 credatur.

2262 5026 2422 5098 (Cap.
2456 5024 2550 5081 IV.
2584 5056 2653 5066 —
2680 5029 2845 5083 Vers.
2878 5025 2954 5099 l.)
2992 5026 3109 5095 Ego
3153 5024 3650 5081 Nabuchodonosor
3676 5020 3815 5094 quie-

2191 5119 2278 5171 tus
2289 5131 2443 5171 eram
2463 5117 2525 5171 in
2551 5115 2706 5171 domo
2722 5130 2862 5181 mea,
2884 5122 2935 5171 et
2952 5117 3150 5185 ﬂorens
3172 5116 3236 5169 in
3243 5109 3458 5187 palatio
3472 5128 3617 5170 meo.
3644 5110 3817 5167 Histo-

2188 5205 2277 5260 ria
2305 5203 2545 5277 quidem
2576 5203 2889 5261 manifesta
2916 5208 3007 5260 est
3029 5206 3090 5259 et
3116 5219 3233 5260 non
3256 5218 3473 5278 magna
3491 5201 3816 5274 interpreta-

2187 5293 2348 5351 tione
2378 5293 2618 5367 indiget,
2642 5293 2798 5365 quod
2821 5293 2894 5349 ad
2913 5292 3195 5350 offensam
3236 5292 3341 5349 Dei
3366 5289 3817 5349 Nabuchodono-

2190 5400 2289 5440 sor
2313 5399 2518 5441 versus
2546 5382 2607 5437 in
2638 5381 2976 5449 amentiam,
3004 5386 3229 5452 septem
3266 5382 3438 5439 anuis
3478 5380 3637 5437 inter
3660 5377 3819 5433 bruta

2194 5472 2473 5530 animalia
2499 5471 2728 5540 vixerit,
2759 5475 2816 5526 et
2845 5470 3161 5527 herbarum
3197 5468 3493 5527 radicibus
3518 5467 3701 5524 alitus
3727 5463 3811 5527 sit,

2284 5651 2333 5721 b)
2353 5650 2592 5719 Victor,.
2614 5650 2818 5723 similis
2838 5649 2954 5722 ﬁlio
2973 5650 3076 5706 Dei
3093 5650 3165 5707 ad
3187 5647 3453 5723 Vulgata
3490 5645 3811 5707 lectionem,

2186 5722 2451 5782 subnexa
2475 5722 2832 5797 expositione
2861 5725 3090 5781 tantum
3117 5737 3235 5779 non
3263 5722 3559 5780 renuente.
