3944 6178
160 231 247 292 513

809 224 1554 288 COMMENTARIORUM
1599 222 1678 284 ΙΝ
1721 220 2126 282 DANlELEM
2173 223 2424 282 LIBER.
2471 224 2640 284 CAP.
2686 227 2790 288 ιν.

3363 229 3492 288 ’δη

161 379 205 418 ac
227 359 816 434 posteamisericordia
836 359 940 416 Dei
995 359 1304 414 restitutus
1359 357 1420 412 in
1467 373 1736 428 regnum,
1766 366 1820 428 Α
1851 362 2051 425 quoet
2081 354 2616 412 Nabuchodonosor
2643 357 2895 414 visiones
2927 375 3041 415 non
3081 360 3385 417 oculorum
3433 365 3492 418 et

151 449 418 508 laudaverit
445 453 504 506 et
529 449 943 521 glorificaverit
962 463 1158 521 regem
1181 446 1330 515 coeli,
1365 445 1504 518 quia
1541 444 1741 501 omnia

142 556 282 612 opera
305 540 422 611 ejus
449 554 623 607 vera;
645 542 705 594 et
733 537 835 594 vis:
867 537 998 608 ejus
1021 535 1268 608 judicia,
1301 539 1359 591 et
1405 535 1740 607 gradientes

143 631 187 688 in
209 627 458 700 superbia
486 631 682 699 potest
702 625 1034 682 humiliare.
1050 626 1157 681 Sed
1177 624 1285 696 qui.
1301 623 1505 679 volunt
1516 639 1620 695 per
1637 622 1744 677 Na-

141 717 546 774 buchodonosor
569 716 926 771 contrariam
957 713 1286 786 intelligere
1315 711 1739 777 fortitudinem,

137 807 196 862 de
208 822 308 877 qua
325 805 603 862 Dominus
620 804 892 875 loquitur
913 804 975 859 in
989 802 1297 874 Evangelia
1323 820 1336 857 :
1373 802 1626 858 Videbam
1642 800 1744 855 Sa-

139 906 296 956 tanam
310 895 467 965 quasi
493 895 690 964 fulgur
716 893 999 950 cadentem
1029 892 1094 946 de
1123 891 1250 948 caelo
1271 892 1421 962 (Luc.
1456 909 1510 956 ι,
1548 889 1656 960 18).
1679 889 1746 943 Et

137 987 353 1042 Joannes
370 983 429 1038 in
456 982 826 1055 Apocalypsi,
849 982 1004 1054 quod
1038 981 1211 1036 draco
1258 980 1472 1035 cadens
1529 979 1590 1032 in
1637 981 1746 1033 ter-

139 1071 484 1140 ram,tertiam
503 1075 730 1144 partem
753 1069 1060 1128 stellarum
1073 1085 1274 1125 secum
1292 1068 1535 1123 traxerit
1557 1068 1743 1138 (Apoc.

142 1164 237 1231 ιιι).
268 1162 332 1215 Et
359 1160 580 1215 Isaias:
615 1159 886 1227 Quomodo
913 1158 1106 1214 cecidit
1149 1159 1370 1228 luci/er,
1433 1158 1530 1228 qui
1584 1171 1748 1210 mane

133 1251 380 1308 oriebatur
397 1250 552 1319 (Isai.
581 1265 698 1315 xxv,
718 1247 859 1319 2‘2)?
885 1250 1158 1303 asserunt
1211 1260 1586 1316 nequaquam
1645 1259 1746 1314 po-

138 1339 292 1396 tuisse
318 1336 466 1403 ﬁeri,
498 1340 564 1391 ut
589 1337 724 1392 feno
755 1352 860 1408 per
889 1339 1116 1408 septem
1174 1350 1359 1389 annos
1419 1335 1750 1388 vesceretur

131 1429 278 1485 homo
306 1426 409 1499 qui
442 1425 702 1481 nutritus
731 1429 821 1480 est
848 1425 909 1479 in
940 1423 1184 1491 deliciis,
1215 1427 1272 1479 et
1301 1425 1525 1493 septem
1576 1419 1748 1476 annis

129 1518 323 1587 absque
352 1514 477 1571 ulla
533 1513 880 1571 laceratione
927 1511 1185 1584 corporis
1225 1511 1318 1567 sui
1351 1511 1503 1566 inter
1531 1509 1749 1564 bestias

128 1603 318 1661 riserit.
349 1604 424 1659 Et
455 1603 748 1674 quomodo
781 1601 998 1658 amenti
1028 1600 1255 1656 homini
1281 1615 1384 1672 per
1399 1602 1621 1671 septem
1646 1613 1746 1652 an-

1851 442 2061 514 cordis,
2097 443 2197 498 sed
2229 443 2443 516 capitis
2476 446 2725 501 noverit:
2761 447 2900 518 quia
2954 453 3192 520 prepter
3244 449 3493 520 gloriam

1852 547 2150 588 servorum
2184 532 2280 587 Dei
2335 533 2660 589 futororum
2693 534 2777 589 illi
2833 537 3110 608 mysteria
3139 538 3490 594 revelantur.

1923 620 2110 691 (Vers.
2141 623 2220 691 6.)
2250 623 2427 678 Donec
2453 623 2664 692 collega
2687 625 2964 695 ingressus
2992 639 3073 683 est
3103 629 3162 682 in
3208 635 3496 700 conspectu

1849 725 1967 764 meo
1996 710 2212 777 Daniel,
2245 710 2320 782 (b)
2351 711 2442 765 cui
2459 727 2660 767 nomen
2681 713 3277 771 Balthasarsccundum
3298 733 3498 772 nomen

1851 799 1950 853 Dei
1980 800 2107 853 mei.
2143 799 2403 870 Exceptis
2427 798 2566 855 LXX
2588 802 2741 856 046
2759 803 3228 874 translatoribus,
3254 807 3350 877 qui
3376 807 3497 862 hec

1855 887 2052 941 omnia
2073 887 2266 942 nescio
2291 904 2406 958 qua
2426 888 2647 944 ratione
2673 891 3238 961 prmterierunt,tres,
3265 893 3498 967 reliqui,

1853 975 1924 1045 (c)
1946 974 2222 1044 collegam
2250 975 2620 1048 interpretati
2653 984 2808 1034 sunt.
2845 980 3007 1036 Unde
3029 982 3253 1052 judicio
3288 984 3502 1056 magis-

1854 1068 2076 1119 trorum
2109 1064 2398 1127 Ecclesiae,
2428 1067 2606 1122 editio
2636 1084 2837 1124 eorum
2872 1070 2928 1124 in
2962 1071 3070 1126 hoc
3099 1071 3394 1128 volumine
3412 1088 3500 1130 re-

1857 1152 2100 1223 pudiata
2129 1159 2252 1221 est;
2294 1158 2350 1209 et
2369 1155 2785 1213 Theodotionis
2815 1158 2988 1231 vulgo
3020 1159 3266 1232 legitur,
3288 1179 3415 1234 quae
3445 1167 3503 1219 et

1857 1242 2117 1308 Hebraeo,
2147 1247 2202 1297 et
2227 1243 2448 1299 caeteris
2475 1245 2928 1303 translatoribus
2946 1249 3234 1321 congruit.
3261 1249 3504 1325 Undefet

1858 1331 2134 1402 Origenes
2164 1331 2222 1385 in
2262 1348 2418 1387 nono
2444 1334 2802 1390 Stromatum
2833 1336 3130 1394 volumine
3179 1341 3387 1396 asserit
3442 1359 3505 1399 se

1859 1435 1986 1490 quae
2017 1424 2346 1490 sequuntur
2376 1421 2448 1476 ab
2480 1421 2585 1476 hoc
2617 1422 2740 1478 loco
2797 1424 2854 1478 in
2904 1427 3185 1500 propheta
3243 1429 3502 1500 Daniele,

1860 1523 1974 1562 non
2001 1509 2172 1579 juxta
2201 1508 2586 1581 Septuaginta
2614 1511 2981 1584 interpretes,
3014 1516 3114 1587 qui
3147 1517 3398 1574 multum
3429 1521 3501 1576 ab

1861 1595 2138 1651 Hebraico
2169 1599 2408 1652 veritate
2459 1599 2814 1669 discordant,
2866 1604 2966 1658 sed
3015 1605 3211 1676 juxta}
3238 1607 3502 1665 Theodo-

126 1709 212 1749 nos
231 1693 375 1751 645
402 1691 723 1763 imperium
744 1693 1109 1747 reservatum
1129 1689 1225 1754 sit,
1264 1703 1632 1759 regnumque
1653 1702 1749 1757 po-
1781 1726 1830 1792 Β
1860 1683 2038 1740 tionis
2067 1685 2386 1740 editionem
2413 1687 2716 1743 disserere.

127 1780 502 1836 tectissimum
535 1779 758 1850 absque
787 1794 921 1851 rege
942 1780 1104 1833 tanto
1128 1781 1389 1848 tempore
1410 1775 1622 1831 fuerit:
1651 1776 1754 1830 aut

125 1869 167 1924 si
191 1869 332 1925 alius
361 1867 448 1923 illi
478 1867 834 1924 successerit
865 1866 924 1922 in
955 1881 1226 1938 regnum,
1259 1865 1428 1935 cujus
1475 1862 1753 1919 vecordiae

125 1957 489 2014 estimandus
535 1957 633 2022 sit,
678 1961 743 2012 ut
770 1956 1000 2012 cederet
1053 1953 1317 2026 imperio,
1380 1953 1537 2024 quod
1595 1954 1754 2006 tanto

127 2049 367 2118 tempore
398 2045 777 2117 possidebat:
809 2044 1130 2116 praesertim
1155 2059 1290 2098 cum
1311 2041 1567 2097 historia
1585 2038 1757 2096 Chal-

126 2135 365 2193 deorum
386 2133 539 2191 nihil
569 2133 686 2189 tale
715 2133 1052 2189 contineant
1076 2150 1089 2200 ;
1123 2148 1228 2187 nec
1260 2131 1520 2203 potuisse
1541 2129 1759 2199 ﬁeri,ut

124 2223 212 2293 qui
243 2223 314 2278 de
343 2222 681 2280 minoribus
711 2222 1083 2293 scripserant,
1136 2221 1366 2291 majora
1422 2217 1754 2274 reticerent.

121 2310 242 2366 Hae
273 2315 468 2368 autem
487 2311 694 2370 omnia
721 2311 800 2382 (α)
833 2313 1102 2381 quarunt
1121 2313 1179 2364 et
1193 2307 1479 2380 replicant
1501 2323 1514 2362 :
1542 2311 1606 2361 ut
1621 2321 1757 2360 cum

117 2399 362 2456 historia
385 2415 498 2457 non
522 2398 773 2466 steterit,
806 2415 908 2470 per
930 2397 1471 2454 Nabuchodonosor
1491 2393 1759 2450 diabolus

118 2487 496 2560 signiﬁcetur.
521 2488 686 2552 Quod
719 2503 827 2543 nos
858 2502 1230 2557 nequaquam
1289 2483 1626 2555 recipimus,
1689 2497 1759 2538 ne

113 2576 306 2634 omnia
335 2593 467 2648 quae
497 2576 754 2648 legimus
784 2576 1005 2631 umbrae
1055 2575 1364 2630 videantur
1421 2577 1477 2628 et
1529 2571 1758 2626 fabulas.

118 2665 247 2728 Quis
285 2666 448 2720 enim
473 2669 734 2720 amentes
769 2663 1032 2719 homines
1048 2680 1164 2719 non
1187 2665 1388 2719 cernat
1408 2661 1592 2716 instar
1620 2661 1760 2737 bru-

119 2756 304 2810 torum
326 2753 727 2810 animantium
744 2752 804 2807 iu
829 2752 986 2826 agris
1007 2753 1196 2808 vivere
1215 2750 1477 2822 locisque
1499 2748 1761 2821 sylvesti-

119 2841 268 2897 bus?
299 2843 372 2899 Et
402 2847 472 2899 ut
498 2847 710 2899 cuncta
739 2847 1099 2913 praeteream,
1129 2857 1263 2896 cum
1295 2839 1480 2895 multo
1513 2837 1762 2893 incredi-

120 2928 338 2997 biliora,
372 2934 431 2985 et
471 2931 680 3002 Graecae
737 2935 796 2985 et
838 2930 1108 2985 Romanis
1166 2928 1428 2984 historiae
1477 2926 1763 2983 accidisse

121 3016 456 3074 hominibus
487 3018 885 3090 prodiderint;
917 3017 1170 3090 Scyllam
1201 3033 1434 3088 quoque
1453 3021 1510 3071 et
1530 3015 1762 3070 Chime-

1937 1773 2044 1840 Qui
2074 1773 2234 1828 habet
2263 1776 2518 1845 spiritum
2532 1776 2759 1831 deorum
2770 1788 3084 1836 sanctorum
3106 1785 3163 1837 in
3181 1788 3501 1858 semetipso:

1865 1867 1918 1918 et
1940 1864 2216 1917 somnium
2243 1878 2428 1918 coram
2456 1866 2577 1935 ipso
2608 1865 2813 1921 locutus
2829 1869 3103 1939 sum,fetc.
3130 1871 3236 1927 Pro
3267 1889 3332 1929 eo
3351 1877 3505 1946 quod

1865 1951 1958 2005 hic
1989 1951 2222 2020 dicitur,
2257 1952 2498 2007 deorum
2529 1959 2887 2026 sanctorum,
2921 1957 3124 2030 lingua
3171 1961 3503 2031 Chaldaica,

1867 2057 1983 2112 qua
2039 2040 2295 2117 scriptus
2345 2045 2432 2096 est
2483 2042 2702 2113 Daniel,
2753 2043 3006 2117 legimus
3058 2065 3223 2104 eum
3279 2068 3507 2112 CADISIN

1869 2139 2076 2216 ντες-πρ
2113 2114 2454 2216 rn‘mqnod
2513 2132 2644 2186 Deos
2699 2114 2930 2200 sanctos,
2991 2141 3048 2191 et
3132 2155 3246 2195 non
3329 2147 3508 2200 Deum

1866 2225 2115 2272 sanctum
2143 2217 2451 2290 significat,
2487 2223 2551 2273 ut
2579 2220 2896 2278 Theodotio
2928 2224 3341 2297 interpretatus
3398 2239 3505 2290 est.

1867 2306 1981 2362 Nec
2012 2307 2228 2361 mirum
2251 2305 2301 2362 si
2325 2311 2475 2362 erret
2507 2308 3082 2380 Nabuchodonosor;
3117 2321 3173 2371 et
3219 2321 3504 2392 quidquid

1870 2411 2048 2466 super
2077 2409 2138 2450 se
2170 2395 2375 2466 cernit,
2412 2413 2526 2452 non
2561 2398 2767 2466 Deum,
2817 2402 2916 2455 sed
2974 2403 3112 2458 deos
3169 2408 3505 2467 arbitretur.

1871 2483 2128 2554 Denique
2159 2483 2301 2538 etin
2345 2487 2871 2556 consequentibus:
2929 2491 3236 2562 Balthasar,
3296 2497 3506 2568 inquit,

1865 2574 2120 2643 princeps
2151 2572 2511 2638 hariolor-um,
2543 2591 2702 2644 quem
2743 2591 2838 2646 ego
2893 2581 3005 2634 scio
3056 2583 3198 2652 quod
3251 2587 3511 2656 spiritum

1869 2661 2094 2717 deorum
2119 2661 2432 2717 sdnctorwm
2459 2663 2662 2719 habeas
2694 2666 2756 2719 in
2783 2668 2854 2720 te.
2888 2665 3193 2726 Balthasar
3236 2674 3507 2748 princeps

1872 2749 2227 2805 harielorum
2267 2751 2387 2806 sive
2417 2752 2871 2824 incantatorum,
2905 2761 2970 2810 ut
2996 2757 3094 2812 alii
3145 2760 3510 2835 interpretati

1872 2843 2032 2896 sunt.
2065 2840 2188 2894 Non
2221 2840 2438 2896 mirum
2461 2841 2510 2895 si
2542 2842 2814 2914 princeps
2837 2843 3194 2902 hariolorum
3244 2853 3511 2909 omnium

1873 2927 2228 2984 constitutus
2260 2929 2359 2994 sit,
2393 2929 2493 3001 qui
2517 2930 2588 2985 ad
2609 2937 2964 3004 praeceptum
2987 2935 3143 3006 regis
3166 2938 3512 3010 sapientiam

1875 3016 2155 3073 didicerat
2181 3018 2618 3088 Chaldteorum;
2652 3024 2708 3076 et
2735 3021 3048 3094 decuplum
3101 3027 3368 3083 omnium
3421 3047 3513 3086 sa-

122 3122 258 3172 rum,
279 3108 564 3179 Hydram,
597 3112 770 3180 atque
808 3107 1147 3174 GenteurOs,
1179 3122 1312 3161 aves
1352 3110 1408 3160 et
1447 3105 1616 3171 feras,
1650 3104 1759 3159 ﬂo-
1793 3092 1836 3159 C
1875 3106 2120 3178 pientior
2150 3108 2338 3162 fuerat
2366 3107 2657 3163 inventus.
2691 3092 3030 3174 Quare—mus
3061 3113 3132 3168 ab
3175 3113 3269 3171 his
3300 3118 3400 3188 qui
3456 3119 3514 3173 in

122 3209 205 3250 res
232 3201 290 3252 et
319 3197 589 3261 arbores,
620 3195 821 3252 stellas
850 3199 908 3250 et
934 3194 1161 3267 lapides
1195 3195 1376 3250 factos
1407 3210 1475 3249 ex
1505 3192 1759 3249 homini-

127 3283 225 3340 bus
248 3289 493 3342 narrent
514 3283 725 3340 fabulae
743 3301 756 3340 :
787 3283 927 3356 quid
950 3285 1164 3340 mirum
1185 3284 1341 3340 estsi
1367 3283 1438 3338 ad
1451 3283 1762 3338 ostenden-

129 3371 250 3428 dam
281 3374 612 3446 potentiam
641 3373 762 3438 Dei,
797 3377 854 3428 et
881 3371 1308 3428 humiliandam
1327 3387 1532 3444 regum
1557 3386 1761 3442 super-

133 3459 296 3531 biam,
326 3462 442 3519 hoc
473 3461 579 3517 Dei
603 3461 826 3531 judicio
857 3461 936 3516 sit
957 3465 1256 3533 patratum
1276 3460 1303 3515 ‘2
1332 3460 1573 3525 Quietus
1601 3475 1763 3515 eram

133 3548 182 3602 in
207 3550 380 3606 domo
413 3566 571 3616 mea,
602 3555 662 3607 et
679 3551 892 3606 ﬂorens
912 3550 972 3604 in
998 3549 1213 3621 palatio
1233 3549 1512 3617 meo,sive
1526 3551 1587 3604 in
1613 3550 1762 3603 thro-

136 3654 214 3706 no,
237 3645 302 3699 ut
328 3641 750 3711 interpretatus
778 3643 866 3695 est
886 3638 1223 3694 Theodotio.
1257 3638 1509 3693 Domum
1568 3645 1760 3694 autem

137 3726 359 3794 diaboli,
389 3727 496 3800 qui
525 3744 773 3785 sensum
799 3732 1135 3800 sequuntur
1173 3728 1555 3794 contrarium,
1590 3743 1766 3781 mun~

139 3815 270 3871 dum
301 3817 483 3874 istum
516 3816 876 3889 intelligunt.
900 3817 980 3872 De
995 3833 1109 3888 quo
1141 3821 1199 3873 et
1225 3816 1287 3872 in
1312 3814 1621 3888 Evangelio
1641 3816 1767 3887 ipse

137 3902 387 3974 loquitur
412 3905 898 3962 adSalvatorem:
959 3907 1081 3961 Haec
1126 3908 1314 3962 omnia
1364 3905 1503 3960 mihi
1561 3903 1768 3961 tradita

137 3999 264 4048 sunt
294 3995 458 4059 (Matt.
489 4012 560 4062 1v,
595 3997 676 4067 9).
702 3995 771 4050 Et
795 3995 1109 4066 Apostolus
1167 3996 1346 4051 dicit:
1409 3994 1648 4052 Mundus
1704 3997 1767 4050 in

139 4083 592 4154 malignopositus
623 4091 704 4140 est
733 4084 777 4154 (Ι
804 4086 960 4139 Joan.
993 4087 1071 4152 v).

199 4171 380 4242 (Vers.
405 4175 794 4244 2.)Somnium
843 4173 956 4228 vidi
1009 4174 1150 4246 quod
1204 4176 1502 4246 perterruit
1533 4189 1657 4230 me:
1707 4166 1766 4230 et

141 4264 479 4328 cogitationes
506 4279 642 4319 meae
674 4264 737 4316 in
790 4265 966 4317 simtu
1004 4277 1142 4333 meo,
1197 4267 1304 4318 etc.
1358 4264 1770 4335 Respondeant

138 4349 294 4420 quale
311 4352 614 4408 somnium
634 4351 842 4406 viderit
861 4351 1152 4406 contraria
1172 4352 1472 4408 fortitudo:
1493 4353 1606 4407 nisi
1625 4353 1770 4408 forte

1871 3197 1980 3251 hac
2010 3196 2232 3251 visione
2263 3212 2376 3251 non
2411 3197 2702 3269 recipiunt
2730 3197 3056 3271 historiam,
3111 3203 3210 3275 qui
3273 3205 3386 3262 iste‘
3439 3207 3518 3264 sit

1872 3285 2407 3342 Nabuchodonosor
2428 3285 2526 3358 qui
2552 3289 2850 3345 somnium
2877 3289 3118 3360 viderit;
3138 3297 3194 3348 et
3226 3295 3357 3366 quis
3405 3296 3518 3353 Da-

1873 3373 1988 3430 niel
2013 3374 2115 3446 qui
2147 3376 2444 3430 somnium
2477 3377 2605 3446 ejus
2642 3378 2943 3445 edisserat,
2976 3383 3032 3435 et
3086 3388 3330 3438 ventura
3381 3403 3521 3457 prae-

1874 3463 2029 3518 dicat
2053 3480 2064 3518 :
2099 3469 2156 3518 et
2185 3465 2476 3536 quomodo
2499 3465 2594 3521 hic
2614 3465 2742 3537 ipse
2762 3467 2983 3537 Daniel,
3012 3471 3110 3541 qui
3133 3472 3520 3544 utiquejuxta

1873 3569 1992 3623 eos,
2025 3557 2228 3608 sancta
2258 3552 2635 3626 intelligenda
2656 3560 2744 3611 est
2770 3555 3072 3626 fortitudo,
3119 3576 3152 3614 a
3206 3559 3516 3619 Nabucho-

1873 3643 2128 3698 donosor
2159 3643 2428 3714 princeps
2456 3643 2815 3700 hariolorum
2837 3646 2965 3717 ejus
3024 3649 3403 3707 constituitur
3460 3658 3518 3709 et

1875 3730 2096 3802 collega
2116 3731 2444 3803 appellatur
2461 3732 2489 3786 Τ

1947 3819 2133 3891 (Vers.
2165 3820 2242 3890 7.)
2283 3820 2555 3888 Videbam,
2579 3829 2630 3876 et
2657 3837 2778 3878 ecce
2805 3823 2972 3878 arbor
2995 3827 3052 3881 in
3091 3827 3266 3884 medio
3327 3837 3512 3902 terrm,

1874 3912 1925 3963 et
1953 3908 2188 3964 altitudo
2215 3924 2331 3977 eius
2359 3910 2559 3978 nimia,
2592 3913 2699 3966 etc.
2760 3911 2884 3967 Non
2944 3913 3136 3970 solum
3195 3916 3517 3976 Nabucho-
3617 3929 3622 3932 '

1876 3998 2131 4053 donosor
2161 4013 2295 4069 rege
2324 3997 2748 4069 Chaldaeorum,
2782 4002 2885 4057 sed
2910 4003 2980 4058 de
3015 4005 3290 4062 omnibus
3321 4007 3523 4082 impiis

1877 4087 2163 4159 propheta
2199 4085 2492 4158 loquitur:
2529 4089 2650 4144 Vidi
2677 4091 2912 4162 impium
2941 4095 3434 4167 superemltatum,
3469 4102 3521 4154 et

1875 4177 2301 4232 elevatumsicut
2350 4177 2536 4233 cedros
2565 4179 2765 4234 Libani
2821 4181 2936 4252 (Ps.
2984 4199 3175 4252 xxxvx,
3236 4185 3361 4258 35):
3423 4189 3524 4261 qui

1878 4281 1992 4321 non
2012 4265 2294 4321 virtutum
2315 4266 2740 4339 magnitudine,
2764 4271 2863 4325 sed
2884 4288 2991 4327 sua
3011 4272 3524 4348 elevantursuper-

1878 4355 2009 4411 bia:
2045 4363 2100 4410 et
2131 4355 2259 4411 ideo
2290 4357 2658 4425 exciduntur,
2688 4361 2745 4414 et
2803 4367 3102 4418 corruunt.
3165 4365 3315 4420 647
3367 4366 3526 4423 Unde

135 4454 299 4496 omne
329 4440 570 4511 quodin
597 4439 707 4495 hoc
738 4442 958 4496 mundo
989 4440 1206 4496 habere
1253 4441 1506 4509 videtur,
1558 4441 1770 4496 umbra
1800 4463 1846 4528 Ι)
1877 4445 2098 4500 bonum
2113 4443 2752 4519 estilludsectariqnod
2768 4448 3056 4507 Dominus
3081 4453 3248 4508 docet
3265 4453 3325 4508 in
3339 4453 3528 4510 Evan-

135 4541 188 4591 et
209 4539 510 4594 somnium
543 4544 653 4594 est.

198 4625 260 4680 Et
286 4629 524 4682 visiones
581 4629 776 4699 capitis
819 4631 930 4684 mei
982 4629 1455 4684 conturbauerunt.
1488 4643 1595 4685 me.
1620 4627 1774 4683 Nota

203 4838 280 4961 fi}
305 4840 389 4892 Ita
405 4839 624 4911 quibus
647 4840 867 4896 utimur
881 4857 1018 4896 mss.
1035 4841 1243 4897 etVict.
1269 4857 1336 4895 ex
1355 4840 1772 4898 vetustioribus

231 4911 384 4961 eatis
415 4913 747 4961 nmi‘erimt.
783 4913 1048 4961 Martinn.
1083 4928 1215 4961 cum
1249 4917 1494 4961 Erasm.-
1547 4921 1772 4961 onerant

131 4911 384 4984 vulgatis
414 4913 747 4982 praxi'crunt.
781 4913 1048 4969 Martian.
1083 4928 1215 4968 cuni
1249 4917 1494 4980 Erasm.,
1547 4921 1776 4984 querant

133 4990 182 5034 et
209 4983 491 5053 replicent.

201 5052 280 5119 ib)
303 5053 506 5128 Palat,
523 5053 752 5110 Omisso
785 5055 1003 5128 reliquo
1026 5055 1516 5128 versu,_continuo
1535 5055 1731 5111 subdit
1757 5073 1769 5111 :

133 5122 327 5179 Celeri
358 5127 637 5200 similiter,
669 5122 1071 5200 exceptis‘IKX,
1103 5128 1198 5200 qui
1220 5126 1339 5200 haec
1357 5128 1541 5181 omnia
1597 5128 1773 5183 nescio

135 5209 236 5264 qua
259 5197 486 5252 ratione
511 5197 917 5267 prmierierunt.
957 5197 1103 5254 Unde
1122 5198 1358 5267 judicio,
1391 5201 1499 5252 etc.

139 5335 146 5344 ι
203 5268 266 5334 fc;
293 5268 422 5344 Non
447 5264 752 5342 collegam,
775 5269 873 5326 sed
897 5264 1294 5344 alterum,si_ve
1319 5285 1433 5344 non
1449 5264 1656 5343 ἑταῖρον
1673 5270 1773 5325 sed

135 5337 308 5412 ἐτερρῖι
332 5337 861 5412 Ιεεετυῑιῑγεῖθιιθε,
881 5345 940 5412 et
955 5337 1300 5412 nominatim
1325 5337 1775 5412 Chrysostomus

131 5423 196 5461 ae
217 5409 878 5485 'fl'heodoretustEstquo
907 5411 1009 5467 illa
1038 5409 1461 5485 interpretatio,
1497 5411 1776 5485 sivequaa

134 5481 394 5566 amicum
425 5487 531 5538 aut
560 5481 840 5566 collegam
872 5485 1130 5566 praefert,
1149 5481 1776 5566 longiora'Chaldaica

131 5551 412 5614 veritate:
446 5570 631 5629 quam
654 5551 816 5618 visus
843 5551 931 5616 est
961 5555 1167 5617 doctiis
1197 5551 1339 5613 viris
1387 5553 1776 5633 Hieronymus

1881 4533 2029 4606 gelio
2054 4551 2066 4591 :
2103 4535 2301 4590 Discite
2328 4551 2362 4590 a
2389 4550 2494 4604 me,
2526 4539 2657 4607 quia
2684 4540 2834 4593 mitis
2863 4555 2986 4595 sum
3008 4545 3059 4596 et
3087 4541 3315 4598 humilis
3371 4545 3530 4603 corde

1880 4624 2094 4694 (Matth.
2123 4640 2205 4690 x1,
2234 4624 2347 4694 29).
2381 4625 2544 4690 Quod
2576 4630 2772 4681 autem
2826 4627 2909 4683 ait
2956 4629 3126 4700 juxta
3182 4631 3529 4690 Theodotio-

1883 4839 2183 4894 codicibus
2213 4856 2357 4918 usus
2375 4856 2582 4918 parum
2602 4842 2946 4918 emendatis,
2975 4848 3038 4898 ut
3058 4845 3343 4918 acciperet
3361 4847 3530 4904 colle—

1881 4927 2007 4980 gam
2039 4927 2144 4988 pro
2170 4911 2342 4988 altera
2373 4908 2492 4967 sive
2524 4911 2746 4988 ξῖαξροε(
2769 4931 2870 4988 pro
2903 4908 3080 4988 ἕτερον
3115 4908 3397 4974 ἰηῖἰιιωοο
3453 4920 3532 4976 le-

1881 4987 2058 5059 geret.
2110 4983 2307 5059 Potuit
2353 4999 2484 5039 vero
2508 4983 3065 5059 .Nabuchodonos'or
3103 4988 3404 5046 Danielem
3460 5008 3528 5048 eo

1885 5053 2118 5133 nomine
2150 5053 2433 5133 collegam
2467 5053 3221 5133 voluisse_appellare,_quia
3243 5061 3528 5133 alteripse

1882 5130 1939 5180 et
1969 5125 2264 5204 secundus
2296 5125 2329 5180 εἰ
2360 5133 2694 5204 regefssct.
2730 5125 2943 5186 Notum
2977 5125 3366 5204 quippeillud
3399 5125 3531 5190 Cle-

1884 5196 2701 5280 Enentis'Alex_andr.'eﬂ‘atum
2724 5203 2883 5280 Cant.
2908 5196 3163 5280 secundo
3189 5200 3296 5280 ddi
3319 5204 3528 5280 ἑταῖρος

1881 5263 2064 5347 ἕτερος
2097 5267 2226 5341 ἐγὼ.
2263 5271 2518 5347 Denique
2540 5271 3033 5347 Origencshomil.
3062 5275 3198 5332 18in
3221 5263 3528 5347 Numer-os,

1887 5317 2295 5419 @elegqmusea
2325 5317 2446 5419 qua;
2476 5343 2535 5399 in
2585 5317 2817 5419 Dilaniele
2872 5347 3076 5418 scripta
3276 5317 3528 5419 uti;

1883 5413 2129 5538 éDariiiele,
2170 5417 2222 5470 el
2272 5413 2445 5470 tribus
2498 5417 2702 5472 amicis
2747 5417 2901 5490 ejus:
2966 5413 3278 5492 scripserat
3333 5413 3528 5482 Gréce

1909 5502 1974 5538 τα
2003 5502 2140 5538 οοις.

1909 5502 2140 5564 ταιροις,
