3996 6184
493 240 613 301 515

1767 237 1834 298 S.
1877 233 2190 299 EUSEBII
2235 232 2682 298 HIERONYMI

3777 239 3887 300 516

491 391 648 445 nem,
672 371 732 426 τό
764 373 948 439 κῦτος,
971 371 1030 428 id
1055 374 1165 442 est,
1195 371 1443 428 altitudo
1455 371 1606 442 ejus,
1629 370 1751 426 sive
1772 370 1804 438 ή
1831 370 1905 441 (α)
1929 367 2130 440 κυρεία,

2253 367 2561 438 superbiae,
2593 371 2693 423 sed
2722 369 2989 441 potentia
3018 369 3288 427 videatur
3315 381 3578 442 arguere.

491 468 558 518 ut
586 467 792 533 postea
811 462 938 533 ipse
962 461 1384 534 interpretatus
1413 465 1522 527 est,
1553 458 1611 514 id
1643 462 1751 527 est,
1812 457 2137 524 dominatio,

489 566 596 622 pro
629 566 742 621 quo
763 566 869 604 nos
899 549 1201 620 vertimus,
1224 554 1469 621 aspectus
1490 549 1628 620 ejus,
1665 547 1844 602 iidem
1875 550 2139 601 contem-

491 641 686 710 ptores
711 637 966 694 historiae
980 637 1440 706 calumniantur,
1463 637 1618 709 quod
1642 650 2014 708 nequaquam
2037 634 2138 689 do-

491 725 735 782 minatio
749 725 1289 783 Nabuchodonosor
1312 727 1465 799 regis
1489 726 1689 782 orbem
1709 730 1996 780 terrarum
2009 738 2140 795 pos-

493 814 728 871 sederit.
759 814 958 887 Neque
989 816 1145 872 enim
1167 816 1378 872 Graecis
1401 820 1457 871 et
1477 813 1768 880 Barbarie,
1794 811 2138 882 cunctisque

489 896 913 975 Septen‘trionis
944 909 1001 960 et
1028 905 1357 961 Occidentis
1419 902 1758 960 nationibus
1807 899 2132 972 imperavit,

488 991 589 1047 sed
605 994 838 1048 tantum
865 992 1120 1048 Orientis
1143 990 1690 1065 provinciastenuit,
1713 988 1771 1044 id
1797 987 2132 1055 estAsiam;

489 1097 605 1135 non
638 1081 932 1152 Europam
957 1085 1013 1136 et
1043 1081 1306 1153 Libyam.
1369 1084 1448 1134 Ex
1497 1095 1612 1150 quo
1653 1075 1898 1148 intelligi
1930 1073 2136 1131 volunt

485 1173 696 1224 cuncta
726 1169 798 1224 ad
831 1168 1131 1224 diabolum
1164 1169 1467 1224 referenda
1495 1183 1623 1223 esse
1648 1185 1667 1222 :
1697 1181 1832 1221 cum
1852 1164 1973 1219 hinc
2007 1179 2134 1218 om-

484 1257 584 1312 nia
609 1274 715 1313 nos
745 1257 1113 1330 hyperbolice
1164 1257 1320 1313 dicta
1367 1256 1686 1312 debeamus
1730 1253 2011 1325 accipere,
2060 1252 2132 1306 ob

483 1345 823 1418 superbiam
847 1346 1000 1418 regis
1021 1345 1210 1418 impii,
1229 1346 1331 1417 qui
1353 1349 1582 1400 tantum
1595 1342 1881 1417 gloriatur
1899 1341 1960 1396 in
1981 1339 2134 1396 Isaia

481 1434 636 1506 (Cap.
671 1438 813 1504 xiv),
844 1439 910 1489 ut
964 1433 1175 1490 cmlum
1225 1451 1288 1490 se
1334 1439 1532 1490 tenere
1570 1434 1778 1504 jactet,
1822 1434 1879 1487 et
1931 1430 2130 1485 orbem

478 1525 768 1578 terrarum
800 1522 970 1594 quasi
1001 1522 1208 1578 nidum
1241 1525 1298 1578 et
1326 1539 1432 1578 ova
1456 1521 1785 1577 volucrum.

549 1611 738 1682 (Vers.
767 1611 852 1678 10,
889 1611 1001 1683 11.)
1026 1613 1091 1666 Et
1145 1626 1265 1667 ecce
1313 1611 1448 1682 vigil
1501 1618 1552 1666 et
1605 1612 1824 1666 sanctus
1876 1608 1943 1663 de
1995 1607 2128 1662 caelo

2320 455 2504 526 (Vsrs.
2536 458 2653 527 20.)
2683 458 2750 514 Et
2776 461 3058 515 vinciatur
3084 461 3256 530 ferro,
3285 461 3336 515 et
3361 473 3474 516 aere
3502 459 3565 513 in
3587 457 3773 515 herbis
3801 460 3890 530 fo-

2246 545 2349 611 ris,
2377 553 2429 600 et
2458 560 2582 600 rore
2608 547 2735 601 caeli
2761 554 3148 620 conspergatur
3176 567 3196 604 .·
3225 551 3278 604 et
3307 564 3432 604 cum
3456 549 3590 619 feris
3608 549 3688 604 sit
3712 548 3886 620 pabu-

2247 632 2364 686 lum
2387 633 2524 702 ejus,
2546 633 2712 690 donec
2737 641 2943 707 septem
2999 644 3240 709 tempora
3285 645 3684 693 commutantur
3725 653 3888 709 super

2244 737 2389 776 eum.
2419 723 2489 777 Et
2518 739 2698 794 supra
2719 725 2990 782 similiter
3019 727 3306 797 scriptum
3323 731 3431 782 est.
3464 725 3885 798 Quaruntergo

2245 827 2279 865 a
2314 810 2482 866 nobis
2504 812 2602 883 qui
2627 812 2882 870 historias
2908 815 3314 872 contradicunt
3338 830 3351 870 :
3376 815 3667 886 quomodo
3687 815 3748 871 in
3761 815 3891 871 vin-

2244 897 2372 954 culo
2405 899 2588 956 ferreo
2638 905 2695 957 et
2751 919 2897 959 aereo
2946 903 3119 960 fuerit
3168 903 3736 960 Nabuchodonosor:
3788 909 3890 961 aut

2243 986 2377 1057 quis
2426 1003 2565 1043 eum
2596 990 2844 1046 vinxerit
2872 995 2929 1046 et
2953 992 3332 1064 compedibus
3363 991 3722 1064 alligaverit:
3755 1009 3889 1048 cum

2243 1077 2621 1148 perspicuum
2649 1079 2727 1134 sit
2747 1096 2950 1136 omnes
2971 1079 3243 1146 furiosos,
3267 1097 3340 1136 ne
3361 1096 3423 1136 se
3443 1081 3813 1152 praacipitent
3831 1088 3889 1138 et

2241 1163 2387 1219 alios
2421 1165 2573 1221 ferro
2599 1167 2898 1235 invadant,
2931 1168 3154 1224 catenis
3176 1168 3366 1240 ligari.

2311 1253 2494 1323 (Vers.
2526 1258 2617 1309 21.
2649 1258 2764 1324 22),
2797 1258 2917 1312 Haec
2941 1261 3022 1313 est
3041 1259 3430 1328 intevpretatio
3468 1258 3756 1314 sententia:
3785 1258 3890 1312 Al-

2237 1341 2462 1411 tissimi,
2487 1359 2606 1413 qum
2632 1346 2881 1415 pervenit
2907 1360 3072 1416 super
3099 1346 3395 1402 Dominum
3431 1360 3615 1400 meum
3667 1361 3890 1417 regem:

2237 1431 2474 1502 Ejicient
2500 1436 2552 1488 te
2581 1433 2652 1488 ab
2673 1432 3004 1505 hominibus,
3026 1442 3226 1489 etcum
3256 1434 3440 1490 bestiis
3484 1435 3729 1505 ferisque
3782 1436 3893 1491 erit

2238 1518 2499 1576 habitatio
2524 1528 2640 1592 tua,
2660 1526 2767 1578 etc.
2792 1522 3207 1578 Austeritatem
3224 1521 3548 1590 sententia,
3572 1521 3890 1579 verborum

2236 1611 2530 1680 temperat
2559 1608 3014 1666 blandimentis:
3047 1613 3113 1666 ut
3139 1610 3246 1682 [Αἰ.
3279 1611 3357 1682 et]
3387 1627 3519 1666 cum
3552 1611 3703 1666 dura
3731 1628 3885 1684 pra-

476 1700 773 1769 destendit,
801 1700 1167 1771 clamavitque
1195 1701 1430 1771 fortiter,
1464 1706 1518 1754 et
1545 1706 1626 1754 sic
1675 1699 1792 1754 ait:
1853 1695 2130 1794 Succidite
2155 1729 2204 1794 Β
2236 1696 2538 1794 cesserint,
2565 1697 2899 1754 mitioribus
2933 1699 3304 1770 repromissis
3335 1697 3548 1755 relevet
3606 1697 3720 1771 [Αι.
3785 1716 3878 1756 re-

479 1789 749 1858 arborem,
782 1792 832 1844 et
888 1789 1170 1861 pracidite
1213 1803 1394 1844 ramos
1443 1788 1580 1859 ejus,
1640 1790 1748 1841 etc.
1808 1789 1918 1840 Pro
1966 1783 2129 1853 vigili
2157 1783 2201 1794 “’
2236 1783 2408 1855 levat]
2429 1785 2689 1840 animam
2718 1785 2922 1843 territi.
2955 1786 3217 1858 Denique
3246 1786 3440 1842 infert.

479 1876 798 1934 Theodotio
830 1876 1027 1948 ipsum
1061 1875 1441 1933 Chaldaicum
1469 1876 1715 1931 verbum
1745 1873 1942 1946 posuit
2000 1889 2123 1944 HIR,

479 1966 635 2038 quod
659 1982 760 2037 per
783 1970 902 2020 tres
921 1965 1148 2021 litteras
1160 1982 1277 2035 AIN,
1301 1981 1395 2020 IOD
1417 1969 1584 2020 etans
1611 1963 1918 2019 scribitur:
1941 1962 2126 2034 signi-

480 2055 617 2110 ficat
647 2057 840 2110 autem
864 2053 1103 2126 angelos
1121 2055 1275 2126 quod
1299 2069 1531 2125 semper
1549 2051 1824 2124 vigilent;
1849 2055 1906 2106 et
1927 2051 1999 2106 ad
2023 2050 2125 2106 Dei

479 2141 798 2213 imperium
829 2140 948 2196 sint
978 2141 1185 2213 parati.
1211 2140 1375 2197 Unde
1399 2145 1456 2196 et
1477 2157 1582 2196 nos
1619 2140 1837 2195 crebris
1883 2155 2124 2211 pernoc-

478 2230 803 2286 tationibus
817 2230 1044 2286 imitam
1055 2247 1122 2285 ur
1133 2229 1476 2302 angelorum
1491 2228 1780 2284 ofﬁcia.Et
1793 2228 1864 2282 de
1876 2227 2124 2283 Domino

479 2318 727 2374 dicitur:
755 2319 873 2374 Non
900 2317 1245 2382 dormitabit,
1274 2333 1451 2388 neque
1479 2317 1710 2372 dormiet
1739 2317 1836 2388 qui
1892 2315 2126 2371 custodit

478 2408 648 2463 Israel
680 2408 794 2480 (Ps.
827 2424 956 2473 cxx,
989 2407 1064 2479 4).
1099 2406 1359 2477 Denique
1389 2407 1448 2460 in
1497 2404 1989 2476 consequentibus
2044 2405 2124 2460 le-

479 2495 696 2569 gimus.
733 2497 797 2552 In
817 2497 1091 2552 sententia
1110 2495 1363 2566 vigilum,
1395 2494 1506 2550 hoc
1536 2495 1644 2560 est,
1667 2494 2011 2563 angelorum,
2035 2492 2124 2550 de-

477 2593 725 2642 cretum:
756 2592 806 2641 et
833 2600 1013 2640 sermo
1041 2587 1360 2640 sanctorum
1386 2587 1440 2640 et
1490 2583 1700 2656 petitio.
1751 2582 2124 2639 Consuetudo

480 2677 677 2731 autem
698 2673 878 2729 Graci
903 2673 977 2746 (b)
1011 2671 1321 2745 Latinique
1347 2672 1636 2728 sermonis
1654 2667 1762 2744 ΐριν
1787 2678 1970 2739 vocat,
1997 2687 2124 2744 quas

479 2780 583 2836 per
613 2761 1044 2818 multicolorem
1075 2778 1277 2817 arcum
1307 2761 1380 2816 ad
1411 2765 1597 2817 terras
1640 2760 1992 2817 descendere
2037 2759 2125 2815 di-

481 2851 652 2906 citur.

551 2938 735 3010 (Vers.
771 2938 883 3010 16.)
914 2939 1056 2993 Tunc
1085 2939 1279 2994 Daniel
1328 2938 1493 3009 cujus
1548 2953 1744 2994 nomen
1805 2938 2123 3008 Balthasar,

2305 1872 2490 1944 (Vers.
2521 1875 2637 1946 23.)
2669 1875 2916 1946 Regnum
2945 1883 3104 1932 tuum
3131 1875 3236 1930 tibi
3272 1875 3535 1943 manebit,
3595 1880 3889 1948 postquam

2233 1964 2542 2032 cognoveris
2581 1968 2908 2034 potestatem
2937 1981 3050 2021 esse
3105 1965 3395 2021 caelestem.
3449 1963 3610 2020 Unde
3666 1965 3729 2020 hi
3781 1966 3888 2036 qui

2235 2049 2491 2107 historiae
2523 2051 2948 2120 contradicunt,
2973 2057 3035 2108 et
3060 2052 3263 2108 volunt
3291 2052 3522 2109 diabolo
3546 2053 3710 2109 reddi
3733 2053 3887 2125 pris-

2232 2138 2419 2195 tinam
2449 2139 2818 2213 dignitatem,
2851 2141 2911 2196 in
2932 2140 3043 2197 hoc
3063 2139 3189 2198 loco
3212 2139 3542 2197 velificant:
3572 2141 3729 2213 quod
3749 2147 3888 2214 post

2231 2229 2542 2299 tormenta,
2574 2233 2705 2300 post
2733 2229 3150 2295 efferationem,
3184 2233 3314 2300 post
3337 2228 3653 2285 herbarum
3679 2235 3738 2286 et
3760 2231 3882 2286 feni

2231 2315 2412 2387 cibos,
2445 2321 2504 2373 et
2531 2321 2754 2390 septem
2782 2334 3070 2374 annorum
3102 2317 3374 2386 circulos,
3400 2317 3748 2374 confiteatur
3766 2324 3883 2374 Do-

2235 2403 2484 2476 minum,
2517 2409 2574 2461 et
2604 2406 2681 2462 sit
2710 2406 2811 2478 qui
2842 2407 3007 2478 prius
3039 2407 3247 2463 fuerat.
3270 2407 3379 2473 Qui
3403 2406 3755 2478 respondere
3777 2408 3883 2464 de-

2233 2493 2372 2548 bent
2401 2494 2695 2565 quomodo
2726 2498 3030 2567 congruat,
3064 2498 3130 2550 ut
3157 2493 3350 2567 angeli
3388 2494 3490 2566 qui
3547 2510 3882 2566 numquam

2234 2586 2593 2649 corruerant,
2625 2598 2760 2638 eum
2789 2600 2994 2639 rursus
3025 2582 3346 2655 principem
3372 2583 3626 2640 habeant
3646 2584 3748 2656 qui
3781 2601 3888 2657 per

2235 2669 2630 2742 pcenitentiarn
2662 2671 2739 2727 sit
2751 2687 3036 2727 reversus.

2304 2758 2489 2831 (Vers.
2512 2759 2628 2828 24.)
2661 2760 3034 2829 Quamobrem,
3066 2776 3188 2829 rex,
3218 2760 3516 2816 consilium
3535 2776 3723 2816 meum
3757 2761 3886 2833 pla-

2233 2855 2352 2904 ceat
2376 2849 2500 2914 tibi,
2533 2853 2584 2904 et
2609 2853 2830 2920 peccata
2860 2853 2956 2905 tua
2975 2850 3330 2920 eleemosynis
3359 2849 3596 2918 redime,
3620 2849 3776 2905 649
3841 2854 3890 2907 et

2231 2936 2553 3007 iniquitates
2608 2945 2730 2992 tuas
2781 2937 3174 2994 misericordiis
3223 2954 3555 3010 pauperum,
3641 2940 3888 3009 forsitan

479 3026 639 3100 coepit
668 3027 815 3083 intra
841 3028 1196 3097 semetipsum
1249 3028 1445 3082 tacitus
1497 3027 1737 3096 cogitare
1794 3027 1950 3097 quasi
1990 3027 2124 3082 hora
2163 3091 2196 3100 _
2234 3027 2476 3095 ignoscat
2505 3023 2645 3080 Deus
2675 3024 2884 3080 delictis
2913 3028 3044 3081 tuis.
3103 3027 3158 3081 Si
3211 3025 3477 3098 praedixit
3531 3027 3890 3083 sententiam

481 3091 631 3171 uri-az
663 3119 716 3170 et
734 3091 1092 3186 cogitationes
1108 3116 1228 3186 ejus
1256 3091 1666 3170 conturbabant
1692 3091 1835 3172 eunt.
1886 3115 2126 3186 Respon-
2154 3091 2197 3158 α
2234 3091 2356 3181 Dei,
2392 3130 2520 3185 qum
2552 3130 2664 3168 non
2698 3118 2887 3186 potest
2918 3091 3244 3184 immutari,
3279 3115 3574 3187 quomodo
3618 3115 3893 3172 hortatur

480 3203 713 3274 deusque
732 3220 835 3258 rex
862 3205 942 3258 ait
969 3221 981 3259 :
1005 3204 1327 3271 Balthasar,
1348 3206 1640 3271 somnium,
1666 3213 1717 3258 et
1749 3205 2127 3274 interpretatio

481 3292 616 3363 ejus,
644 3306 755 3347 non
783 3291 1064 3348 conturbet
1090 3295 1162 3346 te.
1198 3291 1486 3363 Respondit
1528 3289 1827 3347 Balthasar
1865 3294 1916 3347 et
1961 3290 2125 3346 dixit.

481 3380 717 3436 Tacitus
750 3379 1039 3436 intellexit
1067 3379 1269 3435 Daniel
1304 3379 1596 3435 somnium
1628 3396 1757 3436 esse
1787 3383 1990 3435 contra
2038 3397 2128 3436 re-

482 3485 615 3542 gem
644 3485 656 3523 :
693 3473 750 3524 et
779 3469 1048 3524 timorem
1079 3468 1272 3525 cordis
1303 3467 1499 3524 vultus
1550 3469 1768 3540 pallore
1821 3468 2126 3542 signabat:

483 3557 834 3630 dolebatque
847 3575 949 3630 pro
967 3574 1032 3614 eo
1055 3559 1154 3629 qui
1168 3556 1558 3630 etplurimum
1573 3557 1809 3613 honoris
1822 3557 2127 3613 detulerat.

482 3647 635 3702 648
668 3648 739 3704 Et
769 3663 840 3702 ne
856 3647 1150 3702 videretur
1181 3646 1466 3702 insultare
1503 3650 1678 3718 atque
1719 3645 1901 3702 laetari
1931 3652 2132 3702 contra

480 3736 710 3792 hostem
745 3751 939 3808 regem
965 3753 979 3792 :
1013 3735 1268 3808 denique
1297 3737 1620 3792 detestatus
1650 3735 1707 3790 id
1739 3735 1893 3808 quod
1926 3733 2137 3790 intelli-

482 3825 676 3898 gebat,
709 3825 974 3897 loquitur
1004 3824 1076 3880 ad
1107 3841 1263 3881 eum.

552 3915 790 3969 Domine
819 3915 902 3968 mi
924 3913 994 3984 (c)
1025 3915 1303 3970 somnium
1333 3913 1431 3968 hoc
1453 3913 1538 3968 his
1570 3915 1668 3984 qui
1686 3918 1737 3969 te
1786 3913 2037 3982 oderunt,
2081 3916 2134 3970 et

482 4003 866 4073 interpretatio
888 4003 1006 4073 ejus
1036 4003 1279 4057 hostibus
1310 4003 1421 4057 tuis
1449 4004 1541 4057 sit.
1573 4001 1790 4058 Videns
1822 4019 1958 4074 ergo
2018 4007 2132 4058 Na-

483 4090 933 4146 buchodonosor
963 4107 1096 4145 eum
1128 4094 1390 4146 metuere
1416 4108 1428 4146 :
1453 4107 1526 4146 ne
1553 4091 1858 4146 sinistrum
1883 4091 2022 4162 quid
2049 4095 2132 4147 at-

485 4193 598 4250 que
620 4177 976 4233 contrarium
1009 4183 1210 4234 contra
1239 4195 1435 4251 regem
1459 4179 1650 4235 dicere
1679 4179 2010 4235 videretur:
2035 4196 2128 4236 co-

483 4266 753 4322 hortatur
782 4283 915 4322 eum
953 4269 1018 4321 ut
1047 4265 1396 4338 simpliciter
1425 4271 1482 4322 et
1502 4283 1635 4324 vere
1666 4267 1944 4339 loquatur
1974 4268 2129 4341 quod

484 4353 799 4427 intelligit;
837 4371 940 4410 nec
970 4354 1286 4427 quicquam
1318 4359 1559 4411 metuat.

2237 3202 2309 3256 ad
2339 3201 2738 3275 eleemosynas
2767 3207 2826 3258 et
2854 3203 3286 3259 misericordias
3317 3220 3663 3276 pauperum,
3695 3209 3767 3259 ut
3790 3203 3889 3260 Dei

2239 3291 2527 3347 sententia
2547 3296 2942 3348 commutetur
2955 3292 3142 3358 PQuod
3167 3291 3333 3347 facile
3357 3292 3606 3348 solvitur
3624 3293 3887 3349 Ezechias

2237 3380 2392 3452 regis
2419 3379 2701 3452 exemplo,
2736 3397 2912 3452 quem
2939 3381 3120 3438 Isaias
3141 3380 3365 3436 dixerat
3381 3397 3510 3438 esse
3533 3381 3890 3438 moriturum

2240 3471 2385 3541 (Isai.
2418 3473 2694 3538 xxxvm);
2727 3473 2785 3524 et
2812 3469 3222 3541 Ninivitarum,
3254 3469 3474 3541 quibus
3505 3470 3732 3526 dictum
3765 3475 3890 3527 est:

2238 3556 2423 3613 Adhuc
2451 3557 2817 3629 quadraginta
2845 3557 2978 3627 dies,
3001 3560 3051 3613 et
3080 3558 3280 3614 Ninive
3307 3558 3647 3614 subvertetur
3707 3559 3895 3630 (Iona

2240 3647 2346 3718 III).
2378 3646 2448 3701 Et
2478 3652 2673 3702 tamen
2717 3647 2790 3703 ad
2839 3663 3036 3717 preces
3085 3645 3359 3714 Ezechias,
3405 3651 3462 3702 et
3507 3646 3741 3714 Ninive,
3793 3647 3899 3704 Dei

2239 3735 2530 3791 sententia
2549 3740 2908 3792 commutata
2938 3740 3063 3791 est:
3097 3752 3214 3792 non
3245 3735 3499 3792 vanitate
3519 3735 3762 3806 judicii,
3793 3736 3900 3793 sed

2239 3840 2442 3880 eorum
2469 3823 2969 3896 conversione,qui
2992 3841 3256 3880 meruere
3280 3821 3901 3896 indulgentiam.Alio-

2241 3913 2382 3985 quin
2408 3916 2465 3969 et
2485 3912 2545 3968 in
2575 3913 2830 3970 Jeremia
2849 3913 3113 3985 loquitur
3128 3913 3282 3970 Deus
3297 3929 3359 3969 se
3383 3911 3772 3968 malaminari
3804 3931 3900 3969 su-

2241 4019 2345 4074 per
2373 4006 2605 4074 gentem
2623 4001 2757 4074 (Jer.
2791 4003 2991 4073 xxm);
3026 4006 3082 4058 et
3110 4002 3160 4058 si
3208 4003 3362 4058 bona
3411 4001 3632 4071 fecerit,
3685 4003 3891 4059 minas

2241 4090 2550 4147 clementia
2570 4095 2954 4159 commutare,
2979 4090 3238 4146 Rursum
3261 4091 3414 4146 bona
3433 4090 3627 4163 agenti
3645 4107 3708 4146 se
3733 4107 3898 4146 asse-

2241 4180 2317 4235 rit
2346 4177 2604 4250 polliceri
2629 4195 2642 4232 :
2659 4182 2716 4233 et
2735 4177 2785 4234 si
2808 4177 2964 4234 mala
2975 4178 3193 4246 fecerit,
3217 4178 3361 4234 dicit
3380 4194 3444 4234 se
3465 4195 3635 4235 suam
3654 4183 3896 4235 mutare

2241 4267 2627 4324 sententiam:
2663 4283 2777 4322 non
2811 4267 2868 4322 in
2892 4266 3182 4333 homines,
3212 4266 3579 4339 sedinopera
3596 4283 3883 4338 queamu-

2239 4360 2359 4412 tata
2391 4359 2548 4411 sunt.
2577 4355 2779 4426 Neque
2807 4356 2964 4412 enim
2995 4356 3149 4412 Deus
3181 4355 3545 4422 hominibus,
3574 4356 3672 4412 sed
3729 4356 3895 4413 vitiis

555 4442 740 4516 (Vers.
777 4444 884 4515 t7.)
917 4444 1174 4500 Arborem
1202 4461 1365 4516 quam
1422 4443 1610 4500 vidisti
1649 4445 1940 4501 sublimem
1983 4453 2142 4519 atque
2169 4456 2216 4520 D
2248 4444 2558 4501 irascitur:
2593 4460 2722 4516 qua
2754 4461 2888 4499 cum
2920 4445 2978 4500 in
3026 4444 3263 4501 homine
3319 4461 3435 4500 non
3494 4444 3738 4513 fuerint,
3801 4461 3901 4500 ne—

485 4532 780 4599 robustam,
831 4534 988 4604 cujus
1033 4531 1270 4589 altitudo
1295 4534 1561 4604 pertingit
1619 4532 1690 4587 ad
1745 4534 1963 4604 ctelum,
2021 4541 2130 4594 etc.

482 4621 721 4694 Absque
738 4620 891 4694 regis
912 4621 1134 4693 injuria
1153 4621 1403 4694 explicat
1423 4622 1727 4678 veritatem
1753 4627 1839 4679 :ut
1859 4641 1974 4680 non
1997 4642 2132 4683 eum

555 4819 634 4892 (α)
666 4817 1280 4886 Palat.KrPIQTEC,ex
1293 4834 1409 4890 quo
1431 4819 1633 4900 malim
1653 4821 1908 4904 profecto
1931 4824 2131 4896 reponi

484 4889 544 4945 in
577 4895 736 4965 textu
767 4888 1040 4965 xoptem;
1058 4907 1165 4965 pro
1187 4890 1397 4965 mpetu,
1422 4907 1621 4965 minus
1647 4908 1877 4965 proprio
1906 4895 2132 4951 minus-

485 4978 599 5086 (ιυὲ
627 4961 881 5088 εἰιθςωιὶὶ
913 4963 987 5018 ad
1011 4961 1472 5018 dominationem
1531 4961 1978 5034 significandam
2035 4984 2132 5023 vo-

487 5049 556 5088 ca
601 5050 636 5088 u
666 5051 718 5088 ο.

487 5049 718 5088 οδυιιιο.

555 5103 633 5176 (b)_
662 5104 837 5168 Quasi
863 5120 1071 5176 nempe
1093 5105 1150 5158 in
1184 5103 1453 5176 Chaldaeo
1484 5103 1838 5160 scriberetur
1867 5115 1964 5166 ’τηρ
1998 5125 2132 5164 cum

486 5172 681 5247 alepb,
712 5191 828 5230 non
851 5185 947 5240 ’μιν
967 5172 1100 5231 cum
1137 5174 1309 5247 bain.
1359 5174 1596 5230 Veteres
1634 5191 1762 5231 eam
1812 5193 2011 5234 vocem
2043 5181 2132 5235 in—

486 5246 1317 5320 terpretatisuntsplendorem,
1340 5250 1441 5301 aut
1467 5247 1659 5320 lucem.
1683 5247 2134 5320 Chrysostqmus

485 5318 548 5393 in
566 5313 724 5393 hunc
738 5315 930 5393 locum
949 5313 1240 5393 ὅρα,φμσὶν
1258 5313 1338 5390 sip
1370 5319 1486 5392 φῶς
1503 5316 1756 5393 μέγαεκαὶ
1779 5313 2129 5393 λὶμπήδονα.

487 5389 617 5460 Vide;
645 5390 701 5445 Ir
727 5393 876 5460 vocat
907 5389 1098 5445 lumen
1123 5389 1453 5460 magnumLet
1473 5389 1835 5460 splendorem.
1860 5389 1933 5446 Et
1953 5393 2135 5450 Suida

487 5454 570 5537 sip
602 5455 935 5534 λαμπηδὼν,
967 5454 1349 5537 Ir,_splendor,
1379 5454 1543 5537 Unde
1599 5463 1655 5516 et
1711 5461 2132 5537 Nazianzenus,

488 5530 853 5610 quamquam
892 5530 1131 5606 angelos
1159 5531 1478 5605 significari
1527 5533 2030 5604 quemadmodum
2076 5530 2135 5595 et

2249 4549 2542 4606 quaquam
2562 4533 2733 4605 punit
2746 4533 2902 4605 quod
2919 4536 3214 4589 mutatum
3228 4537 3334 4590 est.
3344 4533 3690 4589 Dicamuset
3701 4534 3898 4589 aliter:

2245 4623 2403 4680 Fecit
2430 4622 2666 4694 quidem
2697 4621 3234 4679 Nabuchodonosor
3251 4623 3422 4695 juxta
3451 4620 3712 4678 Danielis
3759 4639 3902 4678 con.

2243 4819 2632 4892 Hieronymus
2663 4819 2888 4892 doceat,
2921 4835 3038 4874 non
3069 4822 3269 4892 tamen
3298 4821 3364 4874 ut
3391 4817 3488 4874 ille
3519 4834 3587 4874 sx
3625 4833 3695 4873 eo
3734 4817 3906 4892 quod

2241 4889 2728 4971 semper'vigiient,
2762 4891 2861 4946 sed
2893 4906 2961 4974 ex
2983 4907 3049 4946 eo
3082 4891 3236 4961 quod
3258 4889 3508 4960 luceant,
3533 4889 3905 5016 egonitlp-

2245 4980 2376 5016 sum
2401 4962 2652 5016 denique
2664 4972 2763 5016 1m
2793 4961 2927 5016 Jobi
2948 4978 3139 5016 xxxvn
3159 4962 3488 5016 30.vertunt
3507 4961 3566 5016 L.
3683 4978 3751 5015 in
3809 4976 3905 5016 ve-

2245 4961 2376 5019 sum
2401 4962 2763 5033 deniqueﬂm
2793 4961 2927 5016 Jobi
2948 4978 3139 5017 xxxvn
3159 4962 3488 5033 30,vertunt
3507 4961 3644 5033 LXX
3683 4961 3751 5015 in
3809 4976 3907 5016 ve-

2243 5034 2488 5091 tustiore
2520 5031 2726 5088 saltem
2748 5033 3135 5104 Alexandrino
3159 5032 3477 5104 exemplari
3496 5031 3676 5104 ftdEov,
3704 5033 3785 5104 id,
3815 5036 3909 5087 est

2243 5120 2636 5176 arcum,quem
2660 5103 3102 5169 coslestem,sive
3125 5103 3575 5176 lridem’passim
3588 5103 3911 5176 accipiunt

2244 5177 2349 5234 loci
2384 5173 2512 5246 ejus
2542 5175 2910 5246 interpretes,
2944 5176 3053 5232 Sed
3101 5181 3158 5231 et
3195 5175 3254 5230 in
3309 5173 3582 5247 praesenti
3633 5173 3909 5231 Dahielis

2244 5265 2347 5321 pro
2377 5249 2432 5303 Ir
2461 5247 2740 5321 Origenes
2759 5249 2876 5321 Irin
2899 5248 3027 5321 sive
3056 5251 3214 5321 "1pr
3236 5247 3394 5321 legit.

2315 5320 2387 5390 (c)
2413 5318 2490 5374 Ad
2515 5314 2700 5373 Vitic.
2732 5323 2789 5390 et
2820 5318 2998 5390 Palat.
3033 5314 3360 5374 mssﬁde'm
3378 5314 3779 5390 expunximus
3802 5315 3912 5372 ad-

2244 5385 2431 5446 ditum
2455 5405 2573 5457 rex,
2599 5389 2751 5460 quod
2775 5394 2832 5444 et
2846 5389 3060 5446 Victor.
3093 5385 3470 5446 annotaverat
3494 5388 3554 5443 in
3607 5385 3911 5460 Vulgata,

2243 5461 2577 5532 Chaldaico,
2607 5459 2920 5532 Graecoque
2951 5461 3253 5519 codicibus
3277 5477 3396 5518 non
3417 5459 3638 5518 haberi.
