3944 6178
308 274 423 335 525

1026 277 1772 343 COMMENTARIORUM
1818 280 1895 340 IN
1940 278 2344 342 DANlELEM
2390 282 2622 342 LIBER
2665 283 2836 344 CAP.
2882 281 2985 346 Vl.

3584 288 3703 349 526

302 420 467 460 suum
494 420 510 461 :
541 408 623 460 Ex
651 403 762 462 hoc
787 405 934 475 loco,
963 408 1272 480 discimus,
1306 428 1377 466 ne
1407 415 1623 467 temere
1653 427 1760 466 nos
1808 411 1946 467 oﬂ‘e-
1973 413 2030 478 Α
2059 426 2214 480 eum,
2238 411 2655 485 hominemque
2682 413 2830 469 661
2867 413 3160 488 captivum
3186 414 3440 473 habebat
3485 415 3546 472 in
3597 415 3704 473 ho-

304 509 506 549 ramus
536 493 853 566 periculis:
887 496 990 552 sed
1022 503 1309 569 quantum
1339 499 1399 554 in
1431 500 1600 556 nobis
1647 503 1756 570 est,
1796 498 1946 555 insi-

302 581 431 637 dias
451 581 835 640 declinemus.
867 584 1032 642 Unde
1060 591 1118 642 et
1147 587 1341 644 Daniel
1377 605 1491 643 non
1522 589 1579 643 in
1630 589 1772 658 foro,
1832 604 1947 644 non

298 677 360 733 in
386 678 598 749 plateis
629 680 880 737 faciebat
899 688 1102 740 contra
1124 686 1276 758 regis
1323 685 1636 758 imperium
1670 703 1683 740 :
1742 687 1842 742 sed
1887 685 1948 742 in

297 767 664 837 abscondito,
695 773 762 825 ut
788 771 907 826 veri
931 771 1166 828 Domini
1199 773 1294 829 Dei
1328 775 1748 846 omnipotentis
1778 775 1952 845 jussa

300 872 415 911 non
439 857 782 930 negligeret.

367 945 558 1016 (Vers.
591 947 705 1019 42.)
735 951 868 1019 Rex,
903 951 1174 1023 numquid
1198 967 1309 1006 non
1339 953 1696 1024 constituisti,
1728 955 1792 1007 ut
1835 967 1951 1007 om-

295 1035 385 1088 nis
407 1034 574 1092 homo
603 1039 700 1106 qui
726 1043 944 1108 rogaret
973 1055 1299 1111 quemquam
1320 1039 1385 1095 de
1429 1040 1535 1096 diis
1558 1044 1607 1096 et
1642 1041 1953 1096 hominibus

298 1138 470 1194 usque
495 1124 567 1179 ad
609 1125 724 1181 dies
777 1129 1031 1198 triginta,
1063 1130 1178 1184 nisi
1202 1133 1255 1185 te
1279 1129 1386 1201 [ΑΙ.
1419 1147 1453 1185 a
1475 1135 1694 1201 te],rea:,
1715 1132 1953 1185 mittere-

297 1219 388 1266 tur
408 1214 475 1267 in
502 1213 684 1270 lacum
704 1215 924 1271 leonum
943 1220 968 1270 .9
994 1217 1075 1272 Ad
1101 1234 1236 1290 quos
1291 1219 1626 1290 respondens
1681 1235 1782 1274 γεω
1833 1221 1953 1274 ait:

299 1300 519 1357 Tacent
547 1304 619 1359 de
653 1304 908 1361 Danielis
929 1306 1186 1374 nomine,
1220 1311 1283 1361 ut
1315 1323 1450 1363 cum
1483 1324 1581 1363 rex
1611 1307 1957 1381 generaliter

299 1405 358 1445 se
381 1390 642 1461 jussisse
690 1394 1076 1465 responderit,
1126 1395 1300 1450 verbo
1359 1412 1466 1451 suo
1522 1401 1822 1452 teneatur:
1883 1413 1957 1454 ne

306 1477 476 1535 aliter
506 1497 685 1553 super
713 1482 1008 1538 Danielem
1044 1484 1214 1539 faciat
1245 1501 1420 1556 quam
1443 1485 1671 1541 locutus
1701 1490 1809 1541 est.

369 1567 530 1624 060
586 1571 747 1625 Verus
792 1579 870 1626 est
919 1588 1092 1628 sermo
1141 1574 1313 1642 juxta
1354 1573 1629 1630 decretum
1681 1574 1958 1631 Medorum

297 1659 456 1728 atque
479 1662 960 1731 Persarum,quod
985 1664 1344 1733 przevaricari
1371 1678 1482 1718 non
1502 1663 1646 1719 licet.
1667 1664 1940 1720 Crebrius

2059 517 2198 555 nore
2231 500 2507 556 maximo.

2128 588 2446 660 Allatusque
2472 595 2554 645 est
2583 590 2725 662 lapis
2753 599 2974 657 unus,et
2997 593 3204 663 positus
3243 608 3408 665 super
3462 609 3518 649 os
3578 594 3705 667 laci,

2058 693 2218 748 quem
2245 678 2552 748 obsignavit
2580 695 2680 735 γεω
2706 681 2913 735 annulo
2941 696 3056 748 suo,
3085 683 3195 736 etc.
3225 680 3566 754 Obsignavit
3607 701 3708 738 an-

2060 765 2198 821 nulo
2230 783 2336 821 suo
2359 766 2758 840 lapidem,quo
2805 785 2870 824 os
2902 767 3010 824 laci
3032 769 3444 825 claudebatur:
3466 788 3538 827 ne
3559 771 3702 843 quid

2061 861 2263 911 contra
2293 855 2588 912 Danielem
2619 857 2938 912 moliantur
2965 857 3210 914 inimici.
3243 858 3500 914 Credidit
3541 860 3700 916 enim

2060 962 2195 1000 eum
2231 945 2324 1000 Dei
2357 945 2660 1016 potentiae:
2690 950 2746 1000 et
2775 945 2876 1017 qui
2906 946 2977 1001 de
3007 945 3274 1003 leonibus
3303 964 3545 1004 securus
3574 952 3700 1018 est;

2063 1034 2133 1089 de
2154 1033 2495 1090 hominibus
2513 1033 3180 1107 pertimescit.0bsignat
3195 1040 3388 1091 autem
3409 1040 3466 1092 et
3484 1035 3700 1093 annulo

2064 1123 2414 1194 optimatum
2444 1139 2787 1190 suorum,ne
2813 1123 2954 1196 quid
2988 1123 3342 1195 suspicionis
3374 1130 3577 1182 contra
3604 1141 3703 1182 eos

2063 1213 2278 1269 habere
2303 1212 2614 1268 videretur.

2136 1321 2317 1389 (Vers.
2353 1319 2462 1391 18.)
2493 1320 2558 1375 Et
2583 1319 2721 1374 abiit
2749 1336 2850 1375 γεω
2874 1321 2930 1375 in
2966 1319 3187 1376 domum
3239 1338 3421 1388 suam,
3479 1326 3533 1378 et
3586 1321 3712 1379 dor-

2066 1411 2224 1465 mivit
2252 1411 2577 1476 incwnatus,
2609 1411 2716 1465 etc.
2753 1408 2982 1472 Quanta
3013 1409 3167 1482 regis
3199 1410 3617 1480 benevolentia,
3650 1414 3717 1466 ut

2067 1500 2260 1555 cibum
2293 1516 2399 1555 nec
2430 1498 2522 1554 die
2554 1515 2656 1554 nec
2679 1503 2847 1553 nocte
2878 1503 3144 1570 caperet;
3190 1515 3468 1556 somnum
3527 1499 3714 1556 oculis

2067 1605 2185 1644 non
2203 1587 2542 1643 concederet
2565 1605 2577 1642 :
2610 1586 2707 1642 sed
2737 1602 2872 1642 cum
2895 1586 3258 1658 periclitante
3273 1586 3558 1658 propheta
3588 1587 3716 1660 ipse

2068 1677 2346 1750 penderet
2376 1675 2681 1731 affectu.Si
2711 1679 2907 1731 autem
2939 1691 3038 1731 rex
3069 1676 3334 1731 nesciens
3369 1677 3572 1747 Deum,
3603 1675 3715 1732 hoc

297 1751 710 1847 annotamus,_
748 1749 1103 1822 ubicumque
1125 1843 1134 1847 _
1160 1751 1378 1847 dicitur
1441 1753 1951 1847 reggqgnnyedw
1983 1783 2032 1847 B
2061 1749 2206 1824 facit
2233 1783 2336 1838 pro
2369 1765 2568 1833 altero,
2601 1781 2776 1834 quem
2805 1763 2931 1819 vult
2957 1765 3030 1819 de
3061 1763 3397 1821 discrimine
3443 1763 3714 1822 liberari:

299 1850 430 1890 rum
464 1839 642 1908 atque
672 1837 982 1894 Persarum
1016 1855 1029 1894 :
1077 1843 1144 1894 ut
1195 1838 1492 1895 solvamus
1538 1839 1948 1896 difﬁcillimam

304 1924 839 1998 quastionem,qua
870 1942 1027 1982 nunc
1057 1928 1167 1982 sub
1197 1927 1391 1994 Dario,
1451 1945 1608 1984 nunc
1657 1930 1768 1984 sub
1813 1928 1958 2002 Cyro

311 2010 516 2069 Daniel
549 2013 729 2070 fuisse
761 2019 1137 2072 memoratur.

369 2100 559 2173 (Vers.
624 2103 735 2171 13.)
799 2105 945 2159 Tunc
995 2104 1378 2176 respondentes
1435 2105 1701 2162 dixerunt
1776 2122 1961 2164 coram

311 2204 473 2260 rege:
505 2191 702 2246 Daniel
730 2191 797 2246 de
823 2193 960 2262 ﬁliis
985 2195 1323 2264 captivitatis
1370 2194 1528 2251 Iudae
1577 2195 1764 2268 [Vulg.
1785 2195 1957 2267 lude]

301 2281 656 2336 non-curavit
683 2279 748 2336 de
777 2281 893 2352 lege
913 2282 1224 2352 tua,etc.Ut
1254 2284 1442 2355 major
1458 2284 1619 2356 sit(a)
1641 2284 1960 2356 indignitas

305 2369 894 2436 contemnentis,eum
916 2369 1016 2442 qui
1040 2370 1190 2443 regis
1203 2371 1377 2443 jussa
1397 2377 1566 2429 conte
1580 2373 1729 2428 mnit
1757 2372 1962 2428 dicunt

313 2470 437 2511 esse
467 2456 794 2528 captivum.

371 2542 563 2614 (Vers.
592 2546 700 2616 14).
734 2547 884 2615 Quod
913 2548 1134 2604 verbum
1191 2565 1317 2604 cum
1375 2548 1617 2605 audisset
1659 2566 1779 2616 γεω,
1827 2551 1960 2605 satis

301 2636 685 2690 constristatus
705 2644 798 2706 est,
826 2644 879 2692 et
903 2654 1004 2709 pro
1031 2639 1258 2694 Daniele
1282 2640 1475 2710 posuit
1500 2655 1594 2695 cor
1611 2647 1672 2695 ut
1702 2640 1964 2695 liberaret

308 2737 452 2776 eum.
486 2723 777 2780 Intellexit
806 2742 868 2780 se
907 2726 1144 2798 propria
1198 2727 1573 2799 responsione
1617 2743 1746 2784 esse
1803 2729 1963 2783 dece-

304 2814 469 2882 ptum
496 2827 511 2868 :
544 2817 602 2868 et
623 2814 778 2885 quod
811 2831 988 2871 causa
1020 2816 1373 2872 insidiarum
1397 2821 1553 2873 esset
1583 2817 1819 2873 invidia.
1855 2818 1961 2872 Ita-

306 2916 414 2972 que
447 2917 522 2956 ne
553 2905 757 2958 contra
788 2920 956 2959 suam
1016 2904 1204 2977 legem
1253 2906 1440 2961 facere
1482 2905 1794 2974 videretur,
1844 2922 1958 2961 non

308 2989 654 3046 auctoritate
684 2992 867 3065 regia,
889 2994 989 3048 sed
1023 2994 1247 3048 ratione
1305 2999 1480 3066 atque
1539 2995 1782 3051 consilio
1837 2993 1964 3049 vult

307 3075 606 3134 Danielem
631 3080 699 3136 de
730 3080 1071 3137 discrimine
1092 3081 1359 3138 liberare.
1383 3083 1453 3137 Et
1485 3083 1780 3139 intentum
1830 3082 1963 3138 niti-

311 3168 423 3234 tur,
456 3171 514 3222 et
545 3166 790 3238 laborat,
817 3173 882 3225 ut
912 3186 1008 3226 rex
1054 3171 1501 3242 potentissimus
1532 3189 1721 3244 usque
1750 3173 1822 3227 ad
1869 3188 1962 3228 so-

309 3252 380 3311 lis
409 3272 686 3314 occasum
718 3259 915 3314 cibum
951 3276 1066 3315 non
1099 3259 1381 3332 accipiat:
1405 3265 1466 3317 et
1526 3261 1644 3317 illis
1676 3265 1843 3318 tanta
1899 3261 1960 3316 in

307 3345 458 3401 malo
488 3347 812 3418 pertinacia
842 3351 1023 3413 est,ut
1043 3365 1150 3405 nec
1170 3348 1465 3406 voluntate
1488 3350 1641 3423 regis
1689 3366 1961 3407 movean-

306 3437 424 3503 tur,
460 3451 569 3490 nec
598 3434 838 3507 injuria.

379 3522 566 3594 (Vers.
599 3525 712 3594 15.)
746 3527 863 3582 Viri
890 3535 1076 3582 autem
1105 3527 1202 3582 illi
1227 3527 1590 3599 intelligentes
1616 3544 1816 3600 regem,
1874 3528 1960 3583 di-

307 3617 510 3668 xerunt
537 3615 622 3669 ei:
655 3614 822 3684 Scito,
853 3632 972 3684 γεω,
1026 3617 1154 3688 quia
1187 3617 1281 3672 lea:
1337 3618 1622 3672 Medorum
1670 3621 1748 3673 est
1803 3621 1964 3688 atque

315 3707 625 3768 Persarum,
647 3707 711 3757 ut
741 3719 899 3759 omne
940 3705 1236 3772 decretum,
1261 3705 1402 3776 quod
1453 3707 1793 3761 constituerit
1840 3722 1961 3775 γεω,

312 3791 597 3847 nonliceat
636 3792 920 3848 immutari
931 3793 1121 3848 .Siout
1149 3811 1248 3849 rex
1279 3793 1642 3867 intelligebat
1671 3794 1964 3865 principes

314 3893 589 3933 accusare
622 3883 861 3952 propter
883 3879 1160 3935 invidiam
1191 3895 1204 3934 :
1239 3879 1325 3935 sic
1355 3884 1412 3935 et
1443 3879 1527 3934 illi
1561 3879 1965 3952 intelligebant

317 3968 466 4040 regis
488 3967 780 4035 animum,
815 3969 968 4040 quod
1009 3967 1183 4024 vellet
1224 3967 1518 4024 Danielem
1563 3969 1635 4024 de
1694 3968 1963 4040 praesenti

320 4061 500 4112 morte
548 4072 772 4113 eruere.
830 4056 994 4113 Unde
1044 4059 1216 4128 juxta
1262 4056 1449 4130 legem
1509 4057 1810 4112 Medorum
1880 4061 1964 4113 at-

325 4161 434 4216 que
457 4149 795 4214 Persarum,
828 4146 1033 4202 dicunt
1063 4146 1216 4218 regis
1237 4147 1410 4218 jussa
1453 4162 1569 4202 non
1627 4161 1798 4218 posse
1841 4145 1966 4202 fieri

323 4232 506 4289 irrita.

384 4323 569 4392 (Vers.
606 4324 720 4392 16.)
745 4325 886 4380 Tunc
913 4340 1018 4380 γεω
1061 4324 1340 4396 ργωεερὶε,
1372 4327 1423 4380 et
1473 4323 1822 4380 adduxerunt
1866 4323 1968 4378 Da-

317 4412 588 4482 nielem,et
604 4413 882 4468 miserunt
901 4429 1026 4469 eum
1078 4414 1139 4467 in
1197 4413 1378 4467 lacum
1421 4413 1656 4468 leonum.
1711 4414 1970 4484 Dixitque

317 4516 412 4555 γεω
442 4501 668 4558 Danieli
692 4520 714 4556 :
743 4502 884 4557 Deus
909 4506 1036 4556 tuus
1056 4517 1215 4573 quem
1240 4501 1376 4558 colis
1420 4517 1649 4572 semper,
1678 4504 1793 4572 ipse
1835 4501 1968 4557 libe-
1999 4519 2046 4584 D

320 4591 459 4646 rabit
487 4595 560 4646 te.
593 4589 760 4646 Cedit
782 4589 1172 4661 multitudini,
1204 4593 1261 4645 et
1321 4589 1820 4645 consentientibus
1869 4590 1968 4646 ad-

321 4679 611 4750 versariis,
647 4684 892 4735 mortem
923 4679 1097 4734 amici
1124 4677 1481 4750 [Al.inimici]
1511 4694 1623 4732 non
1656 4678 1833 4734 audet
1865 4695 1967 4734 ne-

324 4781 484 4837 gare:
517 4768 792 4840 quodque
823 4769 947 4840 ipse
977 4768 1236 4823 obtinere
1258 4784 1372 4822 non
1406 4767 1615 4838 potuit,
1639 4767 1736 4822 Dei
1784 4767 1968 4823 tradi-

327 4855 405 4910 dit
432 4859 724 4929 potentiae.
759 4862 873 4913 Nec
905 4857 1180 4929 ambigue
1236 4855 1528 4927 loquitur:
1581 4860 1647 4911 ut
1691 4856 1867 4924 dicat,
1921 4858 1971 4912 si

332 4945 598 5015 potuerit,
623 4944 870 5000 liberare
895 4954 984 5012 te;
1019 4944 1119 5000 sed
1145 4943 1441 5013 audacter,
1467 4948 1524 4998 et
1573 4944 1968 4999 confidenter:

330 5033 477 5103 Deus,
508 5035 720 5106 inquit,
751 5038 875 5089 tuus
907 5050 1068 5106 quem
1094 5034 1229 5088 cotis
1248 5047 1478 5104 semper,
1507 5034 1618 5103 ipse
1660 5035 1712 5088 te
1765 5032 1973 5087 libera-

334 5121 422 5177 bit.
451 5123 732 5179 Audierat
759 5124 916 5179 enim
939 5128 1060 5178 tres
1084 5138 1295 5194 pueros
1334 5121 1435 5192 qui
1474 5120 1764 5177 interioris
1795 5139 1829 5176 a
1871 5125 1976 5176 Da-

333 5210 473 5268 niele
501 5213 721 5285 gradus
743 5217 930 5283 erant,
964 5212 1235 5267 ﬂammas
1266 5209 1476 5266 vicisse
1505 5209 1854 5282 Babylonius
1877 5235 1892 5278 ;
1919 5214 1978 5266 et

336 5297 546 5357 Danieli
571 5302 758 5358 multa
789 5301 1067 5374 mysteria
1095 5298 1532 5369 revelata,unde
1583 5304 1642 5355 et
1696 5298 1979 5372 diligebat

405 5459 476 5532 (a)
501 5459 816 5528 Victorius,
839 5469 900 5516 ut
921 5461 1100 5532 major
1119 5460 1196 5515 sit
1219 5456 1978 5532 indignatio,comlenmentes

343 5527 468 5605 eum:
485 5534 602 5604 qui,
633 5537 782 5605 etc.,
805 5527 1020 5605 partim
1041 5547 1111 5605 ea
1144 5546 1256 5586 ms.
1277 5527 1800 5605 _partim_ex__edito_
1831 5529 1980 5586 libro

343 5599 608 5660 restituit.
631 5603 705 5661 Ut
759 5599 970 5676 nempe
1025 5603 1096 5659 ad
1172 5599 1458 5674 majorem
1516 5599 1979 5674 indignationem

2068 1860 2287 1930 quanto
2308 1853 2496 1926 magis
2513 1870 2621 1908 nos
2642 1869 2745 1925 pro
2765 1852 3019 1925 peccatis
3040 1852 3292 1924 propriis
3323 1854 3517 1910 inedia
3540 1859 3598 1911 et
3625 1854 3718 1910 vi-

2058 1945 2225 2019 giliis
2257 1943 2540 1998 debemus
2571 1941 2756 1997 Deum
2775 1941 2848 1996 ad
2881 1939 3254 1996 clementiam
3285 1942 3536 1998 ﬂectere.

2140 2051 2330 2124 (Vers.
2367 2049 2478 2121 19.)
2523 2049 2665 2104 Tunc
2703 2063 2806 2103 γεω
2847 2049 3032 2119 primo
3073 2047 3319 2104 diluculo
3369 2065 3718 2121 consurgens,

2066 2142 2303 2212 festinus
2330 2138 2403 2193 ad
2431 2139 2612 2193 lucum
2641 2138 2862 2194 leonum
2886 2139 3154 2208 perrexit,
3179 2137 3394 2193 Lucum
3425 2143 3592 2194 vocat
3620 2139 3720 2195 de-

2069 2245 2333 2302 pressam
2366 2227 2428 2282 in
2458 2226 2643 2282 altum
2673 2225 2919 2296 foveam,
2939 2224 3029 2281 vel
3069 2230 3330 2282 arentem
3381 2226 3718 2298 cisternam,

2069 2317 2129 2372 in
2160 2333 2277 2389 qua
2295 2315 2492 2371 leones
2544 2314 3248 2370 nutriebantur.Festinus
3305 2319 3502 2371 autem
3531 2316 3721 2387 primo

2067 2404 2325 2461 diluculo
2357 2404 2548 2476 pergit
2576 2404 2650 2458 ad
2671 2403 3135 2474 lacum,credens
3157 2419 3291 2458 eum
3321 2403 3721 2460 vivere.Lacus

2068 2498 2262 2550 autem
2296 2493 2813 2564 Latine,aquarum
2845 2490 3104 2546 dulcium
3162 2493 3532 2564 congregatio
3577 2509 3723 2548 nun-

2068 2587 2336 2653 cupatur,
2364 2584 2430 2635 ut
2459 2579 2626 2634 lacus
2657 2579 2920 2634 Benacus
2945 2577 3052 2650 [Αι.
3085 2579 3464 2649 Venacus],et
3492 2579 3722 2648 Larius,

2068 2674 2126 2726 et
2154 2669 2364 2738 caeteri,
2396 2684 2572 2740 quem
2605 2666 2770 2723 Greci
2800 2663 3027 2738 λὶμνην,
3061 2666 3120 2722 id
3147 2671 3255 2733 est,
3311 2671 3566 2738 stagnum
3620 2684 3720 2723 vo-

2068 2763 2222 2814 cant.

2140 2846 2326 2918 (Vers.
2375 2845 2493 2916 20.)
2560 2845 3122 2916 Appropinquansque
3195 2843 3362 2912 laeui,
3437 2844 3725 2900 Danielem

2067 2951 2190 2991 voce
2221 2935 2583 3005 tacrymabili
2611 2933 3010 3000 inclamavit,et
3028 2932 3230 3004 affatus
3257 2940 3338 2987 est
3372 2947 3519 2987 eum.
3581 2931 3725 2987 Cor-

2069 3024 2161 3080 dis
2183 3025 2454 3078 allectum
2470 3021 2743 3094 lacrymis
2763 3019 3003 3088 indicat;
3022 3023 3079 3086 et
3099 3019 3316 3076 oblitus
3337 3019 3506 3092 regiae
3529 3018 3724 3092 digni-
3803 3017 3811 3024 ’

2075 3115 2235 3180 tatis,
2258 3112 2442 3168 victor
2469 3111 2543 3167 ad
2573 3110 2891 3182 captivum,
2914 3108 3192 3165 dominus
3243 3108 3424 3165 currit
3469 3109 3542 3165 ad
3599 3124 3724 3164 ser-

2070 3218 2229 3258 vum.

2147 3290 2348 3346 Daniel
2377 3304 2532 3346 serve
2563 3290 2670 3344 Dei
2697 3287 3255 3344 viventis.Viventem
3285 3291 3472 3355 vocat,
3503 3286 3574 3342 ad
3605 3285 3722 3342 dis-

2071 3380 2416 3436 tinctionem
2447 3378 2692 3434 deorum
2721 3377 3053 3450 gentilium,
3087 3376 3186 3448 qui
3218 3375 3540 3433 simulacra
3580 3376 3722 3431 sunt

2071 3468 2382 3525 hominum
2415 3470 2807 3522 mortuorum.

2143 3575 2284 3630 Deus
2314 3577 2442 3628 tuus
2469 3572 2562 3628 cui
2591 3579 2650 3627 tu
2675 3572 2845 3626 servis
2874 3586 3107 3642 semper,
3127 3573 3364 3641 putasne
3389 3569 3566 3625 valuit
3587 3569 3720 3625 libe-

2073 3679 2199 3719 rare
2227 3671 2276 3718 te
2303 3679 2338 3716 a
2367 3661 2615 3716 leonibus
2638 3663 2664 3713 ?
2691 3659 2816 3715 Non
2848 3660 3003 3730 quod
3035 3657 3261 3713 dubitet
3290 3658 3361 3713 de
3390 3658 3493 3714 Dei
3514 3662 3721 3729 poten-

2076 3752 2174 3820 tia,
2207 3752 2279 3806 de
2309 3766 2424 3822 quo
2446 3765 2626 3820 supra
2650 3747 2874 3802 dixerat
2897 3763 2910 3802 :
2933 3748 3071 3802 Deus
3089 3750 3214 3802 tuus
3239 3763 3399 3818 quem
3426 3747 3559 3802 colis
3585 3762 3725 3801 sem-

2068 3856 2192 3912 per,
2224 3841 2338 3910 ipse
2368 3836 2624 3892 liberabit
2671 3839 2764 3901 te;
2815 3835 2916 3890 sed
2969 3835 3310 3908 ambiguam
3368 3834 3721 3892 sententiam

2073 3929 2450 3999 temperat,ut
2479 3941 2612 3980 cum
2640 3923 2878 3980 Daniele
2897 3922 3113 3980 illaasus
3135 3924 3718 3996 apparuerit,quanto

2075 4033 2166 4072 res
2196 4012 2594 4071 incredibilior
2623 4017 2897 4081 est,tanto
2919 4013 3229 4069 adversum
3273 4013 3568 4086 principes
3619 4013 3728 4084 ju-

2077 4105 2221 4161 stior
2241 4103 2566 4175 indignatio
2599 4103 2699 4158 sit.

2149 4193 2332 4267 (Vers.
2362 4192 2477 4264 21.)
2507 4193 2707 4258 Rex,in
2737 4199 3012 4249 aeternum
3067 4193 3209 4247 vive.
3232 4191 3491 4248 Honorat
3547 4190 3731 4247 hono-

2077 4287 2302 4338 rantem
2337 4297 2399 4336 se
2427 4298 2440 4348 ;
2479 4285 2536 4336 et
2566 4280 2619 4336 ei
2646 4280 2827 4335 vitam
2859 4280 3220 4352 imprecatur
3248 4283 3545 4335 aeternam.

2150 4387 2333 4460 (Vers.
2366 4386 2642 4455 22.)662
2667 4385 2805 4441 Deus
2830 4401 2980 4440 meus
3008 4386 3162 4441 misit
3190 4384 3447 4454 angelum
3467 4400 3647 4450 suum,
3677 4392 3730 4440 et

2076 4477 2342 4534 conclusit
2361 4492 2459 4532 ora
2489 4475 2728 4539 leonum,
2759 4478 2812 4530 et
2859 4491 2971 4530 non
3023 4476 3325 4530 nocuerunt
3397 4471 3559 4540 mihi,
3617 4474 3727 4526 etc.

2077 4566 2202 4622 Non
2228 4565 2465 4620 leonum
2491 4562 2689 4619 feritas
2711 4563 3022 4618 immutata
3035 4566 3124 4618 est
3145 4577 3158 4616 :
3183 4561 3284 4616 sed
3308 4560 3489 4616 rictus
3507 4574 3729 4629 eorum,

2077 4658 2135 4712 et
2157 4654 2349 4710 rabies
2383 4651 2661 4708 conclusa
2691 4655 2781 4707 est
2813 4651 2886 4706 ab
2917 4650 3210 4724 angelo,et
3243 4649 3461 4704 idcirco
3508 4647 3729 4713 clausa,

2079 4743 2180 4816 qui
2212 4743 2507 4816 propheta:
2556 4741 2710 4797 bona
2748 4757 2924 4812 opera
2980 4742 3448 4812 praecesserant:
3501 4740 3565 4792 ut
3616 4750 3732 4790 non

2079 4847 2198 4903 tam
2231 4829 2417 4903 gratia
2439 4828 2803 4884 liberationis
2825 4828 3113 4900 sit,quam
3135 4825 3372 4900 iustitia)
3405 4823 3733 4881 retributio.

2079 4920 2195 4975 Has
2229 4923 2426 4974 autem
2451 4917 2860 4985 voces,omnis
2901 4921 3140 4973 sanctus
3195 4915 3285 4968 vir
3327 4914 3586 4986 proferat
3635 4911 3737 4984 qui

2080 5011 2314 5080 ereptus
2340 5011 2426 5062 est
2453 5007 2523 5062 de
2553 5023 2651 5062 ore
2681 5006 2916 5062 leonum
2949 5003 3354 5072 invisibilium,
3391 5007 3449 5060 et
3470 5003 3542 5058 de
3599 5001 3733 5057 lacu

2083 5096 2292 5152 inferni
2317 5113 2330 5151 :
2356 5095 2497 5167 quia
2525 5094 2775 5151 credidit
2805 5095 2864 5149 in
2895 5100 3075 5150 Deum
3109 5110 3310 5149 suum.

2154 5203 2338 5276 (Vers.
2369 5203 2633 5274 25.)Tunc
2692 5203 2896 5258 Darius
2927 5217 3025 5257 γεω
3054 5202 3275 5273 scripsit
3323 5200 3600 5255 universis
3641 5213 3742 5270 po-

2081 5291 2510 5366 pulis,tribubus
2567 5296 2620 5348 et
2676 5291 2891 5362 linguis
2938 5290 3317 5348 habitantibus
3372 5291 3434 5345 in
3483 5289 3744 5344 universa

2085 5469 2283 5527 regem
2314 5451 2642 5535 incitarent,
2680 5451 3103 5535 contemnendo
3126 5467 3260 5535 eum
3293 5446 3395 5535 qui
3435 5446 3591 5530 regis
3613 5448 3744 5530 jus-

2087 5522 2522 5654 sﬁ'contemnit,
2545 5523 2712 5580 aiunt
2740 5524 3034 5597 captivum
3064 5539 3130 5580 ac
3156 5522 3333 5580 veluti
3379 5522 3747 5592 mancipium

2085 5615 2104 5653 ι
2157 5613 2257 5653 um
2303 5611 2451 5653 esse.
