3944 6178
292 353 409 427 829

999 359 1744 436 COMMENTARIORUM
1786 369 1866 457 ΙΝ
1911 370 2314 440 DANIELEM
2357 376 2591 441 LIBER
2633 375 2803 441 CAP.
2848 371 2980 443 VII.

3572 370 3693 443 830

362 493 547 568 (Vere.
577 493 659 570 5.)
686 493 757 555 Et
775 511 894 556 ecce
924 496 1099 556 bestia
1124 502 1248 557 alia
1301 504 1511 559 similis
1530 520 1655 559 urso
1698 507 1755 559 in
1782 513 1941 577 parte
1967 510 2022 573 Α
2053 507 2185 562 ruit.
2222 510 2282 562 Et
2311 509 2427 564 alas
2457 508 2685 565 habebat
2714 508 3130 582 quatuor.Nihil
3170 505 3330 569 enim
3381 506 3690 570 Alexandri

288 585 453 653 stetit,
482 589 539 641 et
564 593 673 642 tres
702 587 922 644 ordines
950 593 1112 644 erant
1139 590 1202 645 in
1229 605 1326 646 ore
1353 591 1488 662 ejus,
1520 598 1572 647 et
1591 594 1650 647 in
1679 593 1934 649 dentibus
2041 594 2282 652 victoria
2308 596 2567 654 velocius
2597 597 2730 669 fuit,
2762 598 2862 670 qui
2895 599 2964 654 ab
3000 598 3245 669 Illyrico,
3277 602 3334 656 et
3389 599 3685 658 Adriatico

284 676 401 746 ejus
430 691 452 734 .'
483 680 537 729 et
565 676 645 731 sic
671 675 926 731 dicebant
942 678 1000 733 ei
1026 695 1048 731 .·
1079 677 1272 749 Surge,
1304 678 1519 735 comede
1546 696 1736 736 carnes
1748 681 1931 751 pluri-

2042 684 2187 739 mari
2219 702 2407 757 usque
2438 687 2508 741 ad
2542 686 2805 742 Indicum
2830 688 3144 760 Oceanum,
3177 692 3233 744 et
3261 691 3520 762 Gangem
3574 690 3684 745 ﬂu-

280 763 625 819 mas.Bestia
679 764 941 820 secunda
968 781 1105 821 urso
1127 766 1493 839 similis,ipsa
1523 771 1612 823 est
1642 768 1712 823 de
1735 784 1851 839 qua
1871 769 1930 824 in
2038 771 2220 840 vium,
2255 790 2371 829 non
2395 777 2516 829 tam
2542 774 2779 845 praeliis,
2814 792 2991 847 quam
3021 775 3278 833 victoriis
3309 776 3614 849 percurrit,
3628 781 3687 834 et

280 851 503 907 visione
532 855 737 907 statuae
767 853 1021 925 legimus
1072 854 1266 926 (Supra
1323 872 1383 920 ιι,
1433 856 1524 927 32)
1558 872 1570 911 :
1603 857 1791 912 Pectus
1813 859 1931 927 eius
2038 860 2097 916 in
2128 878 2226 917 sex
2252 862 2421 918 annis
2450 866 2675 935 partem
2707 864 3029 935 Europae,el
3059 881 3292 920 omnem
3325 866 3438 921 sibi
3478 865 3683 922 Asiam

277 942 327 997 et
347 941 579 996 brachia
606 940 671 997 de
690 941 1066 1010 argento,th
1088 943 1162 999 ob
1182 943 1459 999 duritiam
1466 950 1548 1011 ,et
1567 944 1927 1001 ferocitatem

277 1044 414 1084 urso
445 1029 1125 1103 comparatur.Rigidum
1155 1031 1312 1087 enim
1343 1036 1401 1087 et
1437 1032 1718 1103 parcioris
1736 1033 1926 1089 victus

274 1117 333 1173 in
363 1133 595 1173 morem
625 1118 1221 1187 Lacedaemoniorum,
1253 1120 1404 1177 265
1446 1136 1693 1192 regnum
1725 1122 1925 1177 Persa-

278 1221 408 1261 rum
438 1205 555 1261 fuit
591 1223 603 1260 ε
634 1206 715 1262 ita
742 1212 808 1262 ut
834 1206 893 1262 in
917 1207 1220 1279 pulmento
1252 1208 1373 1264 sale
1406 1213 1666 1265 uteretur
1710 1213 1767 1265 et
1794 1227 1923 1265 car-

275 1294 465 1350 damo.
502 1298 789 1367 Legamus
820 1294 949 1367 Cyri
992 1296 1231 1365 majoris
1284 1296 1591 1352 infantiam
1623 1298 1924 1369 (Educatio-

273 1398 394 1438 ncm
418 1384 539 1438 sive
564 1383 1022 1456 institutionem).
1056 1384 1338 1455 Quodque
1367 1385 1580 1440 dicitur
1612 1402 1624 1439 :
1657 1390 1727 1441 In
1758 1395 1922 1457 parte

275 1488 384 1527 una
410 1472 580 1540 stetit,
613 1472 697 1527 sic
726 1471 953 1527 Hebrmi
981 1473 1458 1545 interpretantur,
1501 1474 1648 1529 nihil
1679 1491 1779 1531 eos
1817 1476 1919 1531 ad-

276 1576 511 1616 versum
540 1559 718 1616 Israel
738 1561 973 1616 crudele
1001 1560 1446 1632 gessisse.Unde
1467 1566 1524 1618 et
1552 1562 1612 1617 in
1644 1563 1919 1619 Zacharia

272 1648 573 1721 Propheta,
606 1648 741 1720 equi
771 1648 888 1705 albi
920 1647 1293 1721 appellantur
1320 1651 1505 1718 (Zach,
1541 1652 1601 1722 1).
1637 1652 1781 1707 Tres
1810 1669 1914 1708 au-

270 1740 383 1793 tem
403 1736 666 1802 ordines,
699 1737 818 1793 sive
847 1753 1053 1794 versus
1081 1737 1182 1809 qui
1211 1743 1378 1794 erant
1406 1738 1465 1793 in
1497 1755 1594 1795 ore
1623 1740 1835 1811 ejus,et
1854 1742 1914 1795 in

269 1825 565 1893 dentibus,
597 1824 837 1897 quidam
868 1825 952 1882 sic
980 1825 1398 1898 interpretatus
1429 1831 1537 1896 est,
1572 1832 1634 1882 ut
1667 1844 1911 1900 regnum

270 1913 579 1970 Persarum
609 1914 670 1969 in
700 1919 819 1971 tres
851 1914 1144 1986 principes
1174 1914 1393 1970 diceret
1450 1916 1631 1972 fuisse
1658 1917 1913 1972 divisum

270 2003 419 2060 sicut
446 2003 513 2058 in
543 2005 815 2078 περικοπῇ
847 2002 1154 2059 Baltbasar
1182 2008 1240 2058 et
1267 2002 1423 2059 Darii
1480 2003 1754 2076 legimus,
1796 2008 1915 2061 tres

261 2091 440 2149 fuisse
458 2091 885 2165 principes,qui
915 2095 1151 2147 centum
1173 2091 1379 2164 viginti
1402 2092 1653 2163 satrapis
1675 2096 1916 2165 praefue-

263 2180 397 2237 rint.
427 2180 545 2236 Alii
576 2185 795 2248 autem,
827 2184 946 2236 tres
972 2196 1139 2253 reges
1160 2185 1293 2251 post
1322 2185 1532 2253 Cyrum
1564 2182 1747 2238 fuisse
1776 2186 1910 2238 Pcr-

266 2286 459 2326 sarum
473 2272 806 2340 autumant,
837 2272 895 2324 et
913 2269 991 2340 (a)
1005 2284 1134 2340 quas
1148 2267 1266 2324 illis
1287 2268 1406 2325 sint
1416 2270 1658 2326 nomina
1670 2270 1913 2327 reticent

266 2358 379 2414 Nos
405 2373 538 2414 vero
567 2374 704 2413 cum
734 2362 879 2430 post
902 2358 1117 2429 Cyrum
1149 2356 1251 2429 qui
1281 2359 1547 2430 regnavit
1603 2358 1776 2414 annis
1800 2359 1908 2413 tri-

261 2447 443 2519 ginta,
471 2445 736 2503 sciamus
784 2446 941 2517 apud
999 2446 1207 2501 Persas
1256 2461 1534 2518 regnasse
1582 2445 1908 2519 Cambysen

261 2534 442 2591 ﬁlium
472 2536 625 2606 ejus,
658 2539 716 2590 et
743 2535 950 2591 fratres
979 2550 1205 2607 magos,
1238 2538 1296 2590 et
1325 2534 1602 2607 deinceps
1642 2535 1908 2603 Darium,

263 2626 427 2696 cujus
456 2623 718 2680 secundo
739 2639 893 2679 anno
924 2625 1176 2695 coeptum
1209 2627 1298 2678 est
1320 2622 1592 2678 aedificari
1621 2623 1907 2695 templum

263 2712 319 2767 in
344 2712 701 2768 Jerusalem.
733 2712 1035 2778 Quintum,
1069 2711 1312 2767 Xerxem
1344 2710 1532 2765 ﬁlium
1564 2711 1699 2767 Dari
1729 2732 1747 2765 .-
1778 2727 1904 2767 sex-

264 2804 406 2857 tum.
441 2801 805 2856 Artabanum
840 2816 852 2855 :
886 2800 1228 2871 septimum,
1252 2803 1647 2866 Artaxerxem,
1678 2800 1777 2871 qui
1815 2820 1909 2872 μα-

264 2888 503 2963 κρὸχειρ,
528 2888 585 2943 id
618 2892 728 2956 est,
759 2890 1111 2960 longimanus
1132 2887 1579 2960 cognominatus
1610 2892 1717 2944 est:
1752 2894 1906 2944 octa-

263 2993 413 3045 vum,
442 2978 522 3047 (b)
554 2977 799 3032 Xerxem
836 2992 848 3032 :
882 2992 1129 3047 nonum,
1162 2976 1526 3049 Sogdianum
1555 2996 1575 3031 :
1611 2976 1907 3032 decimum

269 3065 494 3121 Darium
527 3069 911 3138 cognomento
941 3062 1905 3122 véoov:undecimum.Artaxerxem

267 3153 358 3225 qui
386 3152 716 3226 appellatus
738 3159 829 3209 est
862 3154 1119 3225 μνήμων,
1154 3150 1213 3207 id
1246 3157 1352 3215 est,
1388 3153 1681 3209 recordans
1714 3169 1727 3208 :
1761 3154 1904 3209 duo-

2039 949 2170 1022 subj
2180 951 2663 1022 ugavit.Quatuor
2679 955 2874 1007 autem
2888 952 3012 1023 capi
3024 957 3080 1007 ta
3091 953 3325 1009 eosdem
3341 953 3483 1009 dicit
3501 954 3680 1011 duces

2035 1039 2185 1109 ejus,
2219 1039 2317 1111 qui
2350 1043 2554 1111 postea
2584 1056 2954 1096 successores
2987 1040 3150 1113 regni
3180 1040 3514 1114 extiterunt,
3542 1042 3679 1099 Pto-

2034 1123 2331 1194 lomaeum,
2355 1125 2683 1195 Seleucum,
2713 1126 3071 1199 Philippum,
3093 1127 3469 1201 Antigonum.
3494 1129 3682 1193 Quod-

2034 1229 2147 1284 que
2176 1215 2416 1270 additur
2447 1231 2460 1268 :
2493 1217 2558 1270 Et
2585 1223 2814 1287 potestas
2843 1215 2972 1272 data
3000 1224 3078 1272 est
3107 1219 3178 1288 ei,
3230 1217 3506 1285 ostendit,
3559 1234 3675 1274 non

2033 1300 2339 1358 Alexandri
2373 1304 2752 1372 fortitudinis,
2784 1304 2886 1360 sed
2915 1304 3148 1360 Domini
3176 1304 3498 1363 voluntatis
3531 1304 3676 1363 fuis-

2032 1406 2112 1446 se.

2099 1478 2286 1545 (Vers.
2315 1479 2395 1550 7.)
2429 1482 2553 1535 Post
2580 1480 2677 1535 hoc
2704 1480 3038 1550 aspiciebam
3066 1481 3128 1535 in
3156 1482 3367 1537 visione
3390 1484 3587 1553 noctis,
3620 1487 3675 1539 et

2025 1581 2143 1622 ecce
2164 1567 2332 1623 bestia
2360 1576 2559 1640 quarta
2578 1569 2843 1624 terribilis
2864 1573 3024 1641 atque
3038 1569 3391 1640 mirabilis,et
3406 1571 3568 1641 fortis
3584 1572 3673 1626 ni-

2023 1655 2131 1709 mis
2163 1673 2181 1708 :
2211 1655 2392 1711 dentes
2419 1658 2595 1727 ferros
2627 1657 2861 1713 habebat
2887 1674 3130 1728 magnos,
3188 1658 3466 1714 comedens
3510 1665 3672 1731 atque

2020 1745 2475 1811 comminuens,et
2504 1745 2717 1816 reliqua
2741 1745 2967 1816 pedibus
2997 1748 3111 1801 suis
3140 1746 3670 1813 conculcans,Quar—

2024 1835 2150 1886 tum
2184 1833 2339 1903 quod
2374 1849 2529 1888 nunc
2564 1834 2767 1889 urbem
2792 1838 2951 1889 tenet
2994 1837 3301 1900 terrarum,
3354 1834 3664 1906 imperium

2026 1919 2422 1975 Romanorum
2459 1925 2566 1987 est,
2601 1921 2671 1976 de
2704 1937 2819 1992 quo
2850 1920 2911 1975 in
2959 1923 3158 1976 statua
3211 1921 3426 1978 dicitur
3457 1939 3470 1977 :
3504 1923 3668 1979 Tibiz

2024 2008 2140 2079 ejus
2167 2010 2365 2079 ferrese
2394 2024 2413 2063 :
2440 2008 2643 2080 pedum
2680 2009 2927 2080 quadam
2980 2025 3112 2081 pars
3160 2013 3363 2079 ferrea,
3413 2010 3670 2081 quaedam

2021 2097 2209 2167 ﬁctilis
2236 2113 2258 2158 ,·
2287 2100 2345 2152 et
2373 2100 2568 2153 tamen
2598 2097 2786 2169 ipsius
2817 2097 2952 2153 ferri
2985 2114 3055 2153 ex
3083 2101 3245 2170 parte
3274 2114 3432 2154 nunc
3461 2097 3667 2153 memi-

2023 2185 2129 2251 nit,
2158 2185 2360 2240 dentes
2390 2186 2518 2257 ejus
2549 2186 2851 2254 ferreos,et
2880 2202 3126 2259 magnos
3158 2202 3287 2241 esse
3310 2188 3663 2242 contestans.

2019 2272 2288 2344 Satisque
2321 2272 2521 2343 miror,
2553 2274 2707 2345 quod
2735 2290 2869 2329 cum
2894 2290 3074 2345 supra
3102 2273 3431 2343 leasnam,et
3459 2290 3667 2329 ursum

2018 2364 2076 2415 et
2103 2359 2440 2431 pardum,in
2470 2360 2658 2416 tribus
2688 2361 2887 2434 regnis
2918 2361 3535 2434 posuerit,Romanum
3577 2379 3666 2418 re-

2017 2464 2200 2520 gnum
2233 2447 2380 2503 nulli
2411 2448 2615 2503 bestia:
2646 2448 3019 2521 compararit:
3051 2448 3164 2504 nisi
3196 2449 3342 2505 forte
3370 2452 3438 2504 ut
3462 2448 3664 2504 formi-

2017 2535 2281 2592 dolosam
2303 2536 2517 2592 faceret
2536 2534 3164 2602 bestiam,vocabulum
3194 2535 3470 2601 tacuit,ut
3491 2535 3664 2607 quid-

2017 2623 2155 2694 quid
2181 2624 2427 2680 ferocius
2447 2623 2895 2696 cogitaverimus
2918 2623 2975 2677 in
3005 2622 3344 2689 bestiis,hoc
3366 2623 3663 2680 Romanos

2017 2710 2439 2784 intelligamus.
2472 2712 2588 2767 Hoc
2621 2711 2777 2782 quod
2811 2710 2908 2766 hic
2937 2711 3185 2766 tacitum
3217 2714 3324 2766 est.
3346 2710 3567 2766 Hebrzsi
3595 2710 3657 2766 in

2018 2798 2264 2855 Psalmis
2298 2799 2516 2854 dictum
2549 2802 2775 2870 putant:
2801 2799 3110 2854 Devaslavit
3140 2814 3262 2853 eam
3290 2813 3425 2869 aper
3441 2798 3664 2854 desilva

2015 2892 2070 2943 et
2099 2886 2416 2956 singularis
2442 2890 2590 2958 [erus
2618 2887 2873 2958 depastus
2900 2893 2979 2942 est
3006 2903 3128 2942 eam
3157 2887 3270 2957 (Ps.
3329 2903 3518 2953 Lxx1x,
3551 2886 3659 2958 14).

2016 2979 2127 3031 Pro
2144 2992 2258 3047 quo
2290 2976 2349 3031 in
2380 2976 2618 3032 Hebraeo
2649 2975 2844 3031 habet:
2867 2976 3062 3032 Omnes
3094 2975 3286 3032 bestiae
3312 2976 3440 3045 agri
3456 2975 3664 3031 lacera-

2014 3068 2207 3121 verunt
2223 3065 2513 3123 eamzdum
2537 3064 2597 3119 in
2621 3081 2738 3119 uno
2761 3063 3004 3136 imperio
3025 3063 3449 3132 Romanorum,
3464 3063 3663 3119 omnia

2016 3152 2195 3208 simul
2226 3169 2405 3226 regna
2433 3153 2863 3225 cognoscimus,
2889 3168 3014 3224 quae
3046 3152 3209 3224 prius
3240 3152 3470 3208 fuerant
3496 3167 3663 3224 sepa-

266 3240 577 3306 decimum,
599 3241 782 3297 alium
802 3243 1196 3309 Artaxerxem,
1230 3241 1329 3313 qui
1359 3244 1417 3296 et
1446 3240 1571 3312 ipse
1609 3241 1905 3314 cognomi-
1936 3227 1979 3293 C
2017 3246 2161 3298 rata.
2197 3241 2345 3298 Illud
2377 3246 2572 3297 autem
2600 3242 2757 3313 quod
2797 3242 3065 3313 sequitur
3098 3259 3112 3296 :
3148 3240 3444 3298 Comedens
3497 3243 3662 3311 atque

267 3334 433 3387 natus
461 3334 553 3387 est
582 3329 757 3387 Ochus
790 3346 803 3385 :
837 3330 1074 3385 tertium
1122 3329 1438 3399 decimum;
1495 3330 1700 3399 Arsen,
1763 3328 1903 3384 Ochi

267 3417 449 3474 ﬁlium
483 3435 497 3474 :
533 3422 808 3490 quartum
840 3417 1157 3484 decimum,
1190 3417 1428 3473 Darium
1455 3418 1684 3473 Arsami
1715 3417 1903 3472 ﬁlium

268 3506 362 3578 qui
384 3507 458 3563 ab
481 3505 809 3563 Alexandro
838 3506 1216 3562 Macedonum
1253 3519 1385 3578 rege
1434 3510 1744 3577 superatus
1769 3510 1859 3561 est
1888 3520 1903 3560 :

272 3595 567 3661 Quomodo
594 3599 714 3651 tres
744 3610 911 3668 reges
939 3595 1248 3650 Persarum
1273 3593 1453 3649 fuisse
1477 3593 1771 3650 dicemus?
1793 3593 1907 3649 nisi

270 3683 410 3740 forte
427 3682 718 3756 eligamus
747 3683 979 3754 aliquos
1001 3681 1533 3753 saevissimos,un
1556 3698 1625 3737 ex
1645 3681 1907 3736 historiis

270 3772 515 3845 reperire
544 3787 660 3827 non
691 3787 1028 3843 possumus.
1061 3771 1209 3843 Ergo
1257 3775 1378 3826 tres
1426 3770 1661 3825 ordines
1718 3770 1777 3824 in
1810 3785 1909 3825 ore

274 3862 428 3934 regni
460 3861 790 3924 Persarum,
823 3864 881 3915 et
909 3859 968 3913 in
1001 3859 1276 3915 dentibus
1305 3860 1432 3930 ejus
1463 3858 1577 3914 tria
1598 3873 1777 3930 regna
1815 3858 1909 3912 de-

275 3949 474 4006 bemus
503 3949 789 4020 accipere,
822 3947 1295 4021 Babyloniorum,
1356 3947 1681 4013 Medorum,
1734 3950 1909 4017 atque

277 4038 582 4094 Persarum
616 4054 631 4093 :
664 4054 792 4110 qua:
820 4036 882 4092 in
913 4052 1101 4092 unum
1159 4036 1394 4092 redacta
1447 4039 1586 4091 sunt
1639 4051 1906 4107 regnum.

276 4125 549 4199 Quodque
576 4126 844 4182 infertur.
876 4128 940 4180 Et
968 4127 1051 4183 sic
1077 4124 1328 4181 dicebant
1346 4126 1402 4179 ei
1429 4141 1447 4178 :
1480 4123 1692 4180 comede
1718 4139 1911 4178 carnes

273 4215 560 4285 plurimas,
580 4213 727 4269 illud
758 4217 993 4285 tempus
1041 4211 1354 4285 significat,
1387 4212 1622 4284 quando
1660 4212 1770 4268 sub
1800 4216 1909 4267 As-

280 4319 443 4360 suero
470 4318 648 4376 quem
689 4300 1075 4375 Septuaginta
1126 4304 1500 4358 Artaxerxem
1555 4305 1785 4366 vocant,
1839 4301 1910 4355 ad

280 4392 708 4465 suggestionem
740 4393 924 4447 Aman
947 4390 1355 4463 Agagitze,una
1383 4389 1476 4446 die
1492 4406 1696 4445 omnes
1720 4389 1912 4445 Judaei

276 4481 422 4550 jussi
452 4483 593 4537 sunt
621 4479 905 4535 trucidari
936 4478 1170 4548 (Esther.
1195 4479 1380 4550 111).Et
1399 4477 1638 4550 pulchre
1669 4496 1784 4533 non
1809 4478 1913 4547 ait,

282 4567 567 4625 devorabat
589 4583 678 4625 eos
702 4586 718 4630 ;
752 4568 878 4635 sed,
908 4568 991 4623 sic
1016 4567 1266 4623 dicebant
1295 4569 1349 4623 ei
1377 4586 1395 4622 :
1427 4571 1490 4622 ut
1519 4570 1761 4623 conatus
1791 4571 1917 4622 tan-
1944 4588 1991 4654 Β

282 4658 396 4713 tum
423 4656 624 4727 fuerit,
656 4660 714 4713 et
754 4671 1129 4728 nequaquam
1188 4656 1268 4711 rei
1328 4656 1516 4712 exitus
1574 4655 1650 4711 sit
1703 4671 1912 4711 conse-

282 4749 459 4802 cutus.

349 4833 526 4905 (Vere.
591 4835 675 4906 5.)
745 4836 868 4889 Post
930 4833 1029 4889 hoc
1092 4833 1427 4905 aspiciebam
1491 4838 1541 4889 et
1604 4848 1721 4889 ecce
1801 4834 1914 4888 alia

290 4920 352 4992 (c)
370 4922 821 4995 quasipardus,et
851 4921 967 4977 ales
993 4920 1225 4977 habebat
1253 4922 1370 4977 avis
1393 4926 1625 4993 quatuor
1646 4923 1799 4978 666
1819 4938 1917 4995 per

290 5019 420 5079 se,“
446 5014 683 5084 quatuor
710 5012 894 5084 capita
920 5014 1080 5067 erant
1108 5011 1165 5066 in
1216 5011 1385 5066 bestia
1422 5016 1471 5066 et
1524 5016 1759 5082 potestas
1788 5012 1918 5068 data

292 5102 359 5153 est
384 5102 431 5155 ei
450 5101 713 5158 Tertium
744 5116 994 5173 regnum
1025 5099 1428 5167 Macedonum,
1461 5099 1532 5155 dc
1563 5116 1676 5172 quo
1708 5100 1769 5155 in
1800 5105 1915 5157 sta-

296 5189 388 5243 tua
413 5188 661 5262 legimus
694 5206 709 5245 :
747 5193 949 5245 Venter
970 5196 1021 5244 et
1045 5189 1261 5260 femora
1293 5189 1412 5260 ejus
1466 5204 1536 5243 ex
1573 5204 1702 5257 mre,
1738 5189 1919 5261 pardo

298 5273 479 5333 bestia
501 5277 883 5335 velocissimae
926 5281 984 5333 et
1034 5277 1310 5350 ὁρμητικῇ
1363 5282 1760 5349 comparatur,
1791 5294 1919 5349 quas

300 5378 531 5439 preceps
562 5367 751 5424 fertur
778 5366 851 5423 ad
882 5365 1254 5439 sanguinem,
1284 5369 1341 5421 et
1387 5364 1541 5423 saltu
1577 5365 1638 5422 in
1671 5370 1920 5423 mortem

361 5596 434 5741 (a)
461 5597 704 5656 Palatia.
738 5615 850 5656 ms.
878 5600 977 5671 qui
1002 5599 1096 5655 illi
1114 5600 1229 5682 sint
1259 5599 1483 5655 omnino
1509 5600 1762 5656 reticent.

383 5668 409 5723 b
461 5669 617 5728 Idem
647 5687 759 5728 ms.
792 5671 1040 5729 octavum
1063 5672 1241 5728 alium
1274 5670 1516 5728 Xersem.

383 5668 432 5729 bl
461 5669 617 5728 Idem
647 5687 759 5728 ms.
792 5668 1040 5729 octavum
1063 5672 1241 5728 alium
1274 5670 1516 5728 Xersem.

2013 3332 2406 3398 comminuens,
2422 3333 2473 3385 et
2502 3331 2718 3401 reliqua
2742 3330 2970 3401 pedibus
2988 3331 3102 3384 suis
3127 3326 3659 3399 conculcans,signi-

2014 3419 2152 3474 ﬁcat
2179 3434 2383 3474 omnes
2408 3418 2695 3483 nationes,
2726 3417 2813 3473 vel
2844 3417 3176 3473 interfectae
3207 3416 3280 3472 ab
3311 3416 3418 3483 eis,
3449 3414 3538 3470 vel
3560 3414 3661 3470 tri-

2015 3507 2177 3574 buto,
2208 3512 2267 3562 et
2296 3506 2562 3562 servituti
2595 3506 2960 3578 subjugatas.

2085 3595 2402 3650 Dissimulis
2431 3603 2617 3650 autem
2645 3597 2768 3649 erat
2796 3594 3010 3650 exteris
3040 3591 3225 3647 bestiis
3244 3606 3380 3661 quas
3408 3589 3661 3647 videram

2012 3686 2171 3756 prius
2199 3682 2390 3756 (Vulg.
2422 3690 2548 3738 ante
2566 3682 2730 3753 eam).
2790 3681 2853 3736 In
2904 3679 3197 3752 prioribus
3243 3678 3400 3734 enim
3458 3676 3662 3735 bestiis

2017 3770 2251 3842 singula
2277 3769 2657 3825 formidinum
2695 3768 2886 3841 signa,
2914 3767 2974 3822 in
3006 3767 3112 3822 hac
3141 3766 3340 3822 omnia
3365 3770 3526 3823 sunt.

2091 3859 2240 3914 667
2274 3859 2341 3913 Et
2367 3858 2598 3912 habebat
2625 3873 2830 3912 cornua
2857 3856 3056 3911 decem.
3104 3853 3462 3927 Porphyrius
3514 3854 3664 3910 duas

2017 3946 2366 4018 posteriores
2397 3944 3028 4017 bestias,Macedonum
3056 3947 3114 3999 et
3142 3943 3563 4014 Romanorum,
3594 3942 3657 3998 in

2018 4051 2135 4090 uno
2166 4034 2548 4091 Macedonum
2581 4049 2758 4106 regno
2790 4033 2973 4105 ponit,
3032 4036 3091 4088 et
3118 4030 3327 4088 dividit
3358 4049 3371 4088 :
3403 4032 3660 4087 Pardum

2018 4123 2218 4180 volens
2255 4121 2502 4195 intelligi
2525 4122 2718 4194 ipsum
2737 4119 3431 4177 Alexandrumzbestiam
3470 4122 3669 4176 autem

2022 4211 2370 4269 dissimilem
2403 4211 2625 4267 caeteris
2655 4210 2881 4277 bestiis,
2914 4215 3166 4283 quatuor
3209 4208 3518 4265 Alexandri
3540 4225 3669 4265 suc-

2023 4304 2369 4367 cessores,et
2386 4300 2595 4355 deinde
2616 4315 2803 4372 usque
2820 4300 2893 4355 ad
2905 4297 3255 4355 Antiochum
3277 4299 3665 4369 cognomento

2020 4388 2633 4462 Ephiphanen,decem
2652 4404 2817 4461 reges
2847 4389 3148 4444 enumerat
3176 4384 3277 4456 qui
3307 4384 3544 4440 fuerunt
3562 4400 3669 4440 sie-

2024 4478 2250 4534 vissimi
2288 4478 2609 4549 ;ipsosque
2638 4492 2804 4549 reges
2858 4492 2972 4530 non
3030 4473 3209 4530 unius
3266 4470 3433 4543 ponit
3481 4471 3671 4543 regni,

2022 4567 2185 4624 verbi
2213 4566 2421 4640 gratia,
2449 4565 2817 4634 Macedoniae,
2850 4562 3051 4636 Syriae,
3098 4561 3268 4628 Asia-'3,
3330 4563 3388 4616 et
3420 4558 3668 4632 Egypti,

2023 4657 2121 4713 sed
2147 4657 2217 4712 de
2240 4654 2487 4712 diversis
2508 4653 2703 4726 regnis
2726 4668 2911 4708 unum
2942 4650 3121 4708 efficit
3140 4664 3383 4721 regnum
3405 4646 3670 4704 ordinem

2015 4751 2083 4802 ut
2125 4743 2397 4800 videlicet
2446 4760 2515 4799 ea
2569 4759 2698 4814 qua)
2747 4740 2964 4812 scripta
3021 4742 3160 4795 sunt
3192 4756 3204 4793 :
3232 4737 3301 4794 0s
3332 4740 3559 4808 toquens
3606 4736 3667 4791 in

2027 4834 2233 4906 gentia,
2290 4848 2402 4888 non
2437 4832 2509 4887 de
2538 4830 2914 4897 Antichristo,
2946 4827 3047 4886 sed
3078 4827 3149 4882 de
3194 4823 3479 4881 Antiocho
3509 4822 3667 4881 dicta

2024 4922 2356 4979 credantur.

2101 5009 2287 5081 (Vers.
2329 5010 2409 5080 8.)
2471 5007 2893 5066 Considerabam
2950 5020 3177 5070 cornua,
3233 5010 3284 5058 et
3342 5016 3460 5059 ecce
3498 5014 3672 5057 cornu

2028 5098 2187 5156 aliud
2209 5098 2505 5170 parvulum
2534 5105 2714 5154 ortum
2741 5100 2819 5151 est
2845 5094 2911 5150 de
2936 5093 3115 5149 medio
3144 5094 3412 5159 eorum,et
3459 5090 3580 5146 tria
3608 5086 3673 5143 de

2032 5189 2285 5244 cornibus
2310 5188 2511 5258 primis
2539 5190 2591 5242 et
2616 5186 2776 5240 vulsa
2802 5190 2933 5240 sunt
2962 5198 2996 5237 a
3031 5181 3175 5249 facie
3230 5179 3368 5252 ejus,
3421 5178 3487 5233 Et
3543 5189 3666 5231 ecce

2030 5278 2178 5333 oculi
2195 5277 2356 5349 guasi
2382 5275 2530 5331 oculi
2559 5274 2799 5330 hominis
2819 5274 2978 5328 erant
3000 5270 3059 5325 in
3086 5284 3262 5324 cornu
3289 5269 3417 5335 isto,
3437 5273 3490 5321 et
3519 5279 3575 5319 os
3595 5262 3677 5319 lo-

2031 5382 2201 5440 quens
2229 5365 2509 5438 ingentia.
2545 5363 2783 5419 Frustra
2812 5358 3166 5432 Porphyrius
3222 5370 3405 5413 cornu
3461 5366 3672 5425 parvu-

2108 5597 2178 5668 (c)
2212 5594 2508 5653 Interserit
2538 5593 2922 5666 Victor.quasi
2940 5605 3009 5648 ex
3027 5587 3279 5662 Vulgata
3302 5587 3360 5642 et
3382 5580 3685 5641 Hebraico.
