3978 6188
357 379 480 448 839

1616 377 1682 439 S.
1728 374 2040 440 EUSEBII
2083 374 2525 440 HIERONYMI

3645 370 3754 436 840

362 531 542 588 supra
571 515 637 570 ut
665 510 965 585 potuimus
994 507 1408 580 disseruimus,
1441 508 1605 583 ponit
1634 509 1693 564 in
1725 507 1876 566 ﬁne:
1928 509 2002 564 Tu
2029 510 2086 579 Α
2116 509 2188 582 1).
2222 509 2285 564 In
2316 508 2507 565 cinere
2536 507 2716 582 igitur
2744 511 2802 564 et
2829 523 2996 564 sacco
3027 505 3286 580 postulat
3340 503 3571 578 impleri
3602 506 3751 578 quod

359 621 484 677 ergo
512 619 674 674 signa
706 602 972 657 Visionem
993 618 1010 654 :
1042 601 1173 671 quia
1199 608 1319 672 post
1345 599 1458 656 dies
1510 600 1708 656 multos
1764 601 1886 655 erit.
1922 599 2001 654 Ex

357 693 532 749 verbo
599 690 916 746 ostendens
972 688 1286 761 signaculi,
1343 688 1594 744 obscura
1685 705 1811 744 esse
1875 705 2002 759 quae

360 781 726 842 dicebantur,
760 783 816 834 et
847 795 961 833 non
993 782 1191 850 patere
1242 777 1560 832 multorum
1619 776 1864 844 auditui,
1898 793 2004 832 nec

360 887 532 943 posse
564 873 695 924 ante
743 866 1010 939 intelligi,
1071 866 1185 925 nisi
1243 866 1418 921 rebus
1476 873 1533 920 et
1587 866 1862 938 operibus
1891 865 2001 920 im-

360 959 650 1032 pleantur.

431 1048 613 1120 (Vers.
645 1048 762 1114 27.)
791 1047 855 1100 Et
885 1061 978 1116 ego
1009 1044 1203 1099 Daniel
1262 1045 1458 1113 langui
1486 1053 1540 1099 et
1594 1045 1854 1114 aegrotavi
1905 1060 2004 1115 per

361 1138 508 1192 dies.
546 1136 788 1206 Cumque
817 1133 1473 1203 surrexissemfaciebam
1493 1149 1656 1203 opera
1679 1133 1840 1202 regis.
1885 1132 2001 1187 Hoc

360 1230 451 1282 est
467 1224 797 1296 illud,quod
821 1223 879 1277 in
904 1223 1112 1278 Genesi
1139 1225 1210 1277 de
1229 1221 1523 1277 Abraham
1549 1221 1799 1293 legimus
1824 1221 1999 1291 :quod

359 1313 991 1387 postquamDominum
1014 1309 1608 1382 audieritloquentem
1632 1309 1765 1375 sibi,
1783 1314 2000 1364 terram

363 1407 418 1460 et
449 1403 700 1459 cinerem
732 1418 860 1457 esse
891 1417 952 1456 se
981 1399 1190 1455 dixerit
1222 1399 1376 1470 (Gen.
1404 1402 1586 1465 xvm).
1623 1399 1767 1470 Ergo
1801 1397 2000 1452 Daniel

361 1493 432 1548 ad
458 1491 700 1546 visionis
720 1487 1360 1561 horroremlanguisse,
1392 1491 1448 1542 et
1476 1492 1788 1559 aegrotasse
1817 1504 1878 1543 se
1909 1486 2000 1542 di-

358 1579 471 1635 cit:
505 1583 562 1634 et
615 1594 748 1633 cum
782 1577 1152 1638 surrexisset,
1209 1576 1412 1632 fecisse
1443 1592 1619 1646 opera
1669 1592 1794 1646 quae
1825 1574 1936 1630 sibi
1968 1591 2003 1629 a

361 1684 495 1740 rege
526 1667 756 1722 fuerant
776 1665 1083 1738 imperata,
1108 1665 1358 1720 reddens
1391 1663 1666 1719 omnibus
1696 1665 1914 1729 omnia,
1947 1670 2003 1719 et

359 1755 771 1828 Evangelicum
794 1753 939 1808 illud
961 1754 1153 1809 sciens
1179 1769 1192 1808 :
1231 1753 1447 1808 Reddite
1476 1767 1601 1825 quae
1619 1760 1749 1808 sunt
1769 1752 2002 1809 Cesaris

364 1845 585 1914 Caesari,
619 1852 670 1899 et
699 1858 826 1914 quae
849 1850 978 1898 sunt
1007 1843 1101 1897 Dei
1120 1843 1228 1896 Deo
1259 1843 1407 1913 (Luc.
1440 1860 1533 1912 xx,
1564 1842 1676 1912 25).

430 1936 495 1989 Et
519 1933 802 2004 stupebam
830 1930 901 1984 ad
933 1931 1218 1996 visionem,
1235 1937 1284 1985 et
1298 1946 1408 1985 non
1429 1938 1547 1985 erat
1567 1931 1662 2000 qui
1676 1931 1999 2001 interpreta-

363 2026 535 2078 retur.
569 2021 630 2077 Si
662 2037 775 2076 non
801 2023 924 2074 erat
949 2019 1046 2089 qui
1071 2018 1871 2090 interpretaretur,quomodo
1902 2035 2000 2072 su-

363 2127 468 2182 pra
497 2109 918 2179 interpretatus
948 2111 1034 2162 est
1065 2107 1308 2178 angelus
1328 2107 1356 2162 ‘t
1385 2107 1495 2162 Sed
1516 2107 1668 2178 quod
1702 2105 1862 2172 dicit,
1897 2106 2000 2160 hoc

361 2202 644 2269 est,reges
666 2197 948 2263 audierat,
976 2200 1032 2250 et
1053 2212 1251 2250 eorum
1279 2195 1518 2250 nomina
1549 2195 1843 2250 nesciebat
1866 2211 1879 2249 :
1914 2194 2001 2248 fu-

360 2292 493 2342 tura
514 2289 880 2357 cognoverat,
913 2288 969 2339 et
998 2301 1112 2356 quo
1145 2289 1404 2355 tempore
1435 2285 1866 2360 futura_essent,
1896 2282 2002 2336 du-
2054 2347 2058 2351 ‘

359 2375 494 2432 bius
517 2374 857 2429 ﬂuctuabat.
895 2374 1096 2444 Itaque
1128 2373 1283 2443 quod
1315 2371 1506 2427 solum
1542 2372 1728 2427 facere
1757 2373 2001 2444 poterat,

369 2464 645 2536 stupebat
665 2463 736 2518 ad
760 2461 1066 2529 visionem,
1098 2465 1155 2516 et
1184 2460 1282 2516 Dei
1307 2460 1562 2516 scientiis
1595 2464 1806 2516 cuncta
1837 2458 2006 2514 relin-

359 2553 594 2624 quebat.

436 2641 594 2714 (Cap.
623 2639 713 2694 1X.
733 2671 801 2680 —
822 2639 987 2694 Vers.
1016 2638 1093 2711 1.)
1115 2640 1178 2694 In
1208 2653 1353 2694 anno
1375 2639 1565 2710 primo
1588 2639 1748 2692 Darii
1775 2637 1882 2708 ﬁlii
1908 2641 2004 2692 As-

360 2731 537 2794 sueri,
586 2728 651 2785 de
675 2729 886 2784 semine
906 2727 1304 2798 Medorum,qui
1350 2727 1641 2797 imperavit
1666 2742 1829 2797 super
1849 2725 2003 2782 678

357 2836 375 2873 7
395 2834 594 2888 egnum
626 2817 1031 2882 Chaldworum,
1091 2831 1236 2869 anno
1267 2830 1374 2869 uno
1404 2816 1561 2885 regni
1588 2815 1724 2884 ejus.
1783 2814 1886 2869 Hic
1915 2818 2006 2869 est

359 2905 592 2970 Darius,
630 2904 730 2976 qui
761 2921 894 2959 cum
926 2903 1068 2975 Cyro
1089 2902 1388 2958 Chaldmos
1411 2903 1872 2974 Babyloniosque
1904 2919 2002 2957 su-

361 2993 680 3066 lieravit,ne
711 2996 986 3064 putemus
1016 2989 1184 3045 illum
1215 2990 1475 3058 Darium,
1511 2991 1680 3062 cujus
1728 3007 1880 3046 anno
1913 3007 2001 3046 se-

361 3082 555 3138 cundo
583 3080 868 3152 templum
901 3079 1246 3134 mdiﬁcatum
1280 3082 1370 3134 est
1424 3079 1599 3150 (quod
1644 3078 2003 3152 Porphyrius

361 3169 714 3241 suspicatur,
749 3172 813 3222 ut
833 3183 1018 3222 annos
1042 3166 1292 3222 Danielis
1315 3168 1607 3236 extendat)
1625 3167 1711 3223 vel
1744 3184 1874 3222 eum
1901 3166 2002 3238 qui

287 3277 312 3290 ·
362 3260 435 3316 ab
457 3239 709 3313 Alexand
721 3273 782 3312 ro
805 3257 1183 3311 Macedonum
1211 3271 1342 3328 rege
1368 3261 1679 3328 superatus
1708 3256 2002 3312 est.Addit
2031 3239 2075 3307 (ἶ
2112 3261 2169 3314 et
2199 3261 2547 3328 peccatores.

362 3363 498 3419 ergo
522 3361 734 3401 nomen
759 3343 963 3416 patris,
988 3343 1262 3415 additque
1283 3344 1753 3416 victoriam,quia
1775 3345 2003 3416 primus

363 3436 435 3491 (le
451 3433 677 3490 semine
691 3431 1307 3502 Medorum,subvertit
1323 3431 1972 3504 regnumChaldaaorum
1985 3476 1998 3501 ,

362 3529 429 3580 ut
457 3522 686 3578 auferat
713 3524 951 3593 prepter
979 3519 1429 3576 similitudinem
1453 3521 2002 3588 nominis,lectionis

359 3628 615 3668 errorem
626 3653 639 3666 .

430 3700 616 3772 (Vers.
647 3699 728 3771 2.)
758 3700 869 3767 Ego
899 3698 1092 3754 Daniel
1121 3698 1377 3754 intellexi
1405 3699 1464 3754 in
1519 3699 1678 3754 libris
1706 3715 2003 3754 numerum

359 3806 636 3846 annorum
663 3788 729 3843 de
758 3803 862 3860 quo
907 3789 1086 3858 factus
1139 3790 1217 3843 est
1273 3803 1452 3842 sermo
1505 3789 1731 3844 Domini
1760 3788 1830 3843 ad
1853 3789 2000 3844 Jere-

356 3881 527 3934 iniam
541 3876 958 3950 prophetam,ut
977 3877 1380 3947 complerentur
1407 3877 1762 3933 desolationis
1786 3879 2002 3934 Jerusa-

358 3967 468 4021 lem
496 3966 850 4037 septuaginta
879 3966 1036 4019 anni.
1073 3965 1417 4019 Praedixerat
1453 3964 1736 4021 Jeremias
1766 3970 1999 4038 septua-

357 4055 522 4126 ginta
550 4069 737 4108 annos
767 4051 1147 4108 desolationis
1177 4053 1381 4124 templi
1411 4053 1541 4124 (Jer.
1591 4071 1687 4118 LII,
1717 4054 1839 4124 29):
1871 4046 2012 4125 post.

357 4157 510 4212 quos
532 4157 739 4196 rursus
759 4139 980 4196 veniret
1000 4139 1325 4210 populusin
1345 4141 1632 4208 Judaeum,
1665 4147 1719 4196 et
1749 4142 1998 4197 adifica-

357 4232 562 4285 rentur
591 4228 878 4300 templum
909 4232 966 4283 et
993 4228 1321 4284 Jerusalem
1344 4247 1363 4284 :
1397 4246 1524 4301 qua:
1577 4247 1669 4286 res
1701 4229 1998 4288 Danielem

356 4335 471 4374 non
496 4317 635 4373 facit
657 4317 784 4390 negl
795 4316 1175 4389 igentem,sed
1201 4318 1386 4390 magis
1411 4323 1680 4388 provocat
1701 4319 1772 4374 ad
1796 4336 1999 4392 rogan-

355 4407 495 4462 dum
520 4424 533 4462 :
561 4411 623 4461 ut
643 4406 795 4478 quod
823 4405 974 4462 Deus
995 4422 1097 4477 per
1118 4421 1286 4461 suam
1305 4407 1572 4476 promisit
1602 4407 1996 4476 clementiam,

355 4513 460 4568 per
489 4495 669 4567 hujus
701 4495 807 4566 [Αἱ.
841 4494 1076 4566 horum]
1109 4493 1349 4566 impleat
1370 4510 1668 4566 preces,ne
1699 4495 1995 4569 negligen-

2031 1879 2079 1943 B

2113 598 2466 670 promiserat
2495 597 2648 653 Deus
2673 614 2685 653 :
2719 613 2836 653 non
2866 613 2982 669 quo
3012 600 3168 652 esset
3187 595 3524 652 incredulus
3547 597 3757 652 futuro-

2112 704 2281 755 rum;
2315 688 2413 742 sed
2449 702 2518 741 ne
2549 687 2834 742 securitas
2866 685 3381 759 negligentiam,et
3409 684 3757 757 negligentia

2114 780 2340 848 pareret
2369 776 2671 832 oliensam.

2185 863 2430 930 Obsecro,
2457 866 2683 920 Domine
2701 865 2839 920 Deus
2865 879 3062 934 magne
3081 867 3133 918 et
3148 863 3431 918 terribilis.
3464 862 3755 918 Adversus

2111 969 2210 1008 eos
2241 953 2340 1024 qui
2371 957 2474 1008 tua
2500 958 2787 1024 praecepta
2824 955 3224 1008 contemnunt.

2183 1041 2373 1110 (Vers.
2405 1041 2482 1113 4.)
2507 1041 2824 1097 Custodiens
2848 1046 3074 1113 pactum
3098 1043 3152 1095 et
3173 1039 3608 1095 misericordiam
3635 1039 3761 1094 dili-

2109 1131 2362 1200 gentibus
2393 1138 2462 1198 te,
2495 1135 2549 1185 et
2567 1130 3000 1186 custodientibus
3028 1130 3293 1184 mandata
3323 1133 3436 1184 tua.
3470 1128 3592 1182 Non
3623 1143 3760 1199 ergo

2111 1219 2265 1291 quod
2299 1218 2608 1290 pollicetur
2625 1219 2780 1274 Deus
2808 1219 3006 1274 statim
3029 1219 3290 1274 futurum
3314 1222 3403 1273 est
3423 1235 3437 1285 ;
3458 1216 3557 1272 sed
3580 1216 3637 1270 in
3660 1232 3759 1271 eos

2111 1324 2218 1362 sua
2231 1307 2522 1378 promissa
2534 1307 2917 1379 complet,qui
2933 1307 3277 1363 custodiunt
3291 1304 3760 1362 mandataillius.

2181 1400 2368 1464 (Vers.
2390 1396 2472 1467 5.)
2501 1398 2872 1468 Peccavimus,
2887 1397 3079 1467 inique
3099 1395 3174 1468 (a)
3195 1397 3421 1467 egimus,
3454 1395 3621 1466 impie
3647 1396 3766 1463 egi-

2109 1502 2251 1552 mus,
2282 1489 2334 1540 et
2363 1487 2702 1556 recessimus,
2734 1489 2843 1540 etc.
2875 1489 3119 1541 Peccata
3155 1483 3376 1556 populi,
3410 1483 3548 1554 quia
3603 1499 3765 1538 unus

2110 1590 2142 1629 e
2190 1571 2404 1646 populo
2451 1577 2560 1638 est,
2611 1578 2916 1629 enumerat
2977 1574 3128 1628 679
3184 1589 3254 1628 ex
3317 1587 3566 1644 persona
3625 1587 3764 1639 sua,

2110 1663 2264 1735 quod
2295 1668 2352 1717 et
2380 1661 2724 1735 Apostolum
2774 1663 2832 1717 in
2863 1661 3112 1734 epistola
3141 1662 3211 1716 ad
3248 1662 3544 1718 Romanos
3572 1660 3767 1716 facere

2108 1751 2383 1824 legimus.

2181 1840 2366 1910 (Vers.
2388 1841 2471 1908 7.)
2499 1841 2632 1906 Tibi,
2664 1841 2915 1906 Domine,
2938 1840 3198 1912 justitia:
3247 1839 3403 1894 nobis
3430 1846 3612 1894 autem
3629 1855 3767 1895 con-

2107 1931 2255 2001 fusio
2273 1930 2460 2000 faciei,
2483 1929 2772 1984 etc.Juste
2792 1929 2948 1983 enim
2975 1927 3414 2000 patimur,quod
3443 1942 3764 1983 meremur.

2181 2018 2366 2090 (Vers.
2399 2017 2478 2089 8.)
2511 2018 2627 2072 Tibi
2657 2020 2883 2074 Domino
2920 2018 3025 2073 Deo
3054 2025 3237 2072 nostro
3282 2016 3688 2081 misericordia.
3719 2023 3770 2072 et

2107 2107 2463 2179 propitiatio:
2493 2109 2601 2160 etc.
2656 2105 2734 2160 De
2778 2123 2891 2176 quo
2914 2122 3094 2177 supra
3113 2105 3366 2160 dixerat:
3406 2106 3544 2174 Tibi,
3575 2105 3767 2160 Domi-

2109 2195 2434 2267 ne,justitia
2455 2214 2473 2259 ;
2497 2209 2654 2248 nunc
2685 2193 2823 2265 quia
2852 2194 3137 2249 Dominus
3177 2210 3294 2249 non
3321 2191 3513 2248 solum
3532 2194 3765 2264 justus,

2111 2285 2212 2341 sed
2235 2288 2291 2339 et
2313 2281 2646 2339 misericors
2676 2287 2785 2353 est,
2817 2282 2961 2338 dicit
2985 2283 3150 2347 :Tibi,
3179 2283 3427 2353 Domine,
3453 2284 3766 2338 misericor-

2111 2373 2224 2440 dia,
2260 2376 2324 2428 ut
2348 2374 2481 2444 post
2510 2370 2861 2427 sententiam
2877 2371 3224 2442 judicantis,
3240 2387 3373 2426 eum
3395 2375 3671 2443 provocet
3693 2371 3766 2426 ad

2113 2461 2508 2517 clementiam.

2184 2549 2370 2622 (Vers.
2404 2550 2518 2621 ll.)
2547 2550 2611 2604 Et
2639 2549 2870 2604 stillavit
2893 2563 3058 2619 super
3081 2563 3199 2603 nos.
3223 2547 3348 2603 Non
3366 2550 3550 2604 totam
3567 2546 3628 2602 in
3651 2564 3766 2604 nos

2113 2638 2367 2694 ell‘udisti
2390 2637 2746 2709 iram.quam
2771 2637 2918 2693 ferre
2939 2653 3054 2692 non
3087 2641 3424 2708 poteramus
3451 2655 3466 2704 ;
3501 2637 3599 2692 sed
3631 2637 3764 2691 stil-

2113 2726 2232 2782 lam
2265 2726 2479 2782 l'uroris
2508 2726 2616 2793 tui,
2649 2729 2714 2780 ut
2743 2726 2990 2798 correpti
3022 2725 3083 2780 in
3113 2725 3305 2798 plaga,
3341 2729 3768 2781 reverteremur

2114 2817 2186 2870 ad
2214 2821 2288 2870 te.

2183 2903 2491 2958 Maledictio
2511 2905 2560 2958 et
2580 2902 2862 2958 detestatio
2885 2916 3009 2973 quae
3021 2902 3229 2973 scripta
3247 2909 3328 2957 est
3347 2902 3406 2956 in
3429 2901 3568 2957 libro
3588 2901 3767 2974 Moysi

2111 2994 2256 3048 servi
2283 2993 2399 3059 Dei,
2431 2995 2539 3047 etc.
2566 2992 2628 3046 In
2651 2990 3098 3046 Deuteronomio
3121 2989 3561 3047 maledictiones
3581 2995 3639 3046 et
3656 2991 3763 3047 be-

2113 3080 2471 3136 nedictiones
2502 3081 2600 3135 Dei
2636 3079 2886 3152 legimns
2904 3080 3079 3151 (Deut.
3111 3079 3310 3151 xxvu),
3369 3096 3498 3150 quis
3557 3083 3765 3151 postea

2113 3168 2277 3224 dictis
2296 3173 2434 3224 sunt
2454 3167 2512 3222 in
2536 3173 2735 3223 monte
2759 3167 3033 3236 Garizim,
3064 3171 3120 3222 et
3139 3166 3342 3235 Hebal,
3355 3168 3551 3239 justos
3583 3184 3765 3238 super

2181 3345 2369 3417 (Vers.
2407 3345 2517 3416 13.)
2541 3345 2709 3401 Omne
2735 3346 2949 3400 malum
2996 3346 3094 3401 hoc
3116 3346 3269 3400 venit
3321 3361 3486 3416 super
3530 3361 3628 3402 nos
3651 3363 3674 3400 :
3706 3355 3762 3402 et

2109 3451 2216 3489 non
2246 3435 2560 3502 rogavimus
2586 3436 2790 3505 faciem
2817 3437 2993 3499 luam,
3021 3436 3248 3490 Domine
3275 3435 3412 3489 Deus
3441 3442 3643 3502 noster,
3697 3438 3759 3490 ut

2110 3526 2504 3578 reverteremur
2531 3521 2600 3577 ab
2629 3522 3018 3593 iniquitatibus
3052 3523 3275 3590 nostris,
3306 3529 3362 3578 et
3385 3524 3755 3591 cogitaremus

2109 3612 2389 3666 veritatem
2423 3615 2595 3665 tuam.
2628 3611 2879 3667 Grandis
2908 3611 3217 3679 duritia,ut
3244 3610 3304 3666 in
3334 3610 3517 3683 plagis
3546 3611 3754 3681 positi,

2111 3700 2296 3756 Deum
2327 3715 2439 3756 non
2473 3704 2764 3772 rogarent,
2797 3700 2950 3772 quod
2980 3704 3038 3755 et
3066 3699 3116 3755 si
3151 3702 3443 3772 rogarunt,
3471 3698 3598 3754 ideo
3629 3716 3756 3755 non

2110 3788 2558 3862 rogarunt,quia
2576 3805 2690 3844 non
2713 3789 3074 3844 suntreversi
3093 3788 3164 3844 ab
3182 3787 3589 3860 iniquitatibus
3601 3787 3757 3844 suis.

2113 3878 2222 3934 Rev
2233 3878 2383 3934 ersio
2415 3881 2613 3933 autem
2644 3877 2717 3933 ab
2744 3877 3051 3949 iniquitate
3071 3880 3162 3933 est
3181 3876 3433 3950 cogitem
3454 3876 3762 3933 veritatem

2112 3967 2234 4023 Dei.

2183 4055 2371 4127 (Vers.
2405 4055 2517 4126 14.)
2548 4056 2613 4109 Et
2638 4055 2894 4124 vigilavit
2921 4055 3184 4111 Dominus
3236 4069 3404 4126 super
3457 4054 3761 4126 malitiam,

2112 4151 2164 4200 et
2193 4143 2427 4199 adduxit
2455 4160 2575 4198 eam
2603 4160 2769 4215 super
2791 4160 2909 4210 nos,
2944 4148 3052 4199 etc.
3087 4143 3329 4209 Quando
3359 4146 3598 4216 propter
3626 4158 3763 4214 pec-

2115 4237 2247 4289 cata
2277 4232 2646 4304 corripimur,
2677 4232 2880 4306 vigilat
2905 4247 3083 4305 super
3112 4248 3218 4288 nos
3251 4236 3422 4301 Deus,
3457 4237 3514 4288 et
3558 4231 3766 4288 visitet

2115 4338 2242 4377 nos.
2278 4321 2518 4385 Quando
2550 4337 2680 4376 vero
2712 4338 2746 4376 a
2776 4321 2892 4377 Deo
2923 4321 3271 4388 deserimur,
3299 4325 3357 4376 et
3387 4337 3502 4377 non
3525 4319 3764 4392 judica-

2116 4426 2270 4478 mur,
2302 4409 2648 4482 indignique
2679 4427 2889 4465 sumus
2919 4409 3282 4482 correptione
3333 4409 3588 4477 Domini,
3619 4414 3766 4465 tunc

2111 4498 2368 4554 dormire
2397 4498 2630 4553 dicitur.
2665 4499 2827 4554 Unde
2855 4501 2912 4554 et
2941 4497 3000 4552 in
3035 4497 3282 4554 Psalmis
3309 4497 3560 4570 legimus
3585 4515 3598 4554 :
3624 4497 3764 4554 Sur-

352 4584 440 4675 tia
469 4583 896 4675 superbiam,et
924 4583 1200 4675 superbia
1223 4582 1413 4654 pariat
1433 4583 1999 4675 ofi‘ensam.Denique
2030 4609 2078 4675 Ι)
2110 4588 2257 4642 rexit
2285 4587 2444 4659 quasi
2471 4586 2748 4642 dormiens
2777 4587 3063 4654 Dominus,
3091 4589 3144 4642 et
3171 4585 3425 4658 quasi(b)
3445 4585 3770 4657 crapulam

362 4673 421 4729 in
455 4672 662 4729 Genesi
692 4671 942 4744 legimus
973 4673 1129 4744 (Gen.
1164 4675 1264 4743 1x),
1298 4676 1536 4727 centum
1567 4672 1770 4746 viginti
1815 4691 2001 4731 annos

363 4760 712 4835 paenitentiae
734 4761 1086 4816 constitutos
1107 4766 1243 4817 ante
1264 4760 1553 4817 diluvium
1579 4762 1700 4834 :qui
1717 4763 1853 4834 quia
1873 4767 2002 4819 tan-

357 4855 416 4906 to
445 4854 728 4922 tempore,
762 4849 872 4906 hoc
902 4857 1008 4921 est,
1041 4854 1276 4906 centum
1298 4850 1812 4918 annis,noluerunt
1833 4869 2003 4925 agere

362 4939 1167 5012 pmnitentiam,nequaquam
1188 4943 1485 5011 exspectat
1513 4944 1576 4995 ut
1595 4945 1652 4996 et
1680 4940 1882 5013 viginti
1905 4940 2003 4996 alii

360 5027 800 5098 compleantur;
834 5028 933 5084 sed
966 5027 1141 5083 intert
1170 5032 1323 5094 ante,
1357 5028 1510 5099 quod
1571 5033 1774 5100 postea
1818 5029 2008 5085 fuerat

361 5115 946 5172 comminatus.Unde
966 5121 1023 5172 et
1047 5117 1117 5171 ad
1140 5117 1450 5172 Jeremiam
1479 5117 1716 5190 dicitur,
1749 5119 1820 5173 ob
1855 5117 2009 5172 duri-

359 5202 506 5260 tiam
533 5203 724 5260 cordis
738 5204 934 5276 populi
954 5206 980 5261 J
989 5205 1220 5260 udaaoru
1230 5221 1288 5260 m
1315 5221 1326 5260 :
1344 5206 1418 5261 Ne
1428 5221 1547 5262 ores
1566 5222 1667 5275 pro
1674 5207 1874 5278 populo
1887 5207 2004 5262 hoc:

361 5294 496 5366 quia
518 5309 629 5349 non
643 5293 934 5348 exaudiam
950 5301 999 5349 te
1015 5294 1251 5372 (Jenvu,
1279 5294 1386 5365 16).
1403 5295 1474 5349 Et
1505 5295 1577 5350 ad
1610 5295 1845 5352 Samuel
1869 5315 1887 5350 :
1911 5298 2006 5354 Us-

365 5397 572 5454 quequo
594 5383 744 5453 luges
762 5397 927 5452 super
946 5381 1126 5438 Saul?
1145 5387 1197 5438 et
1217 5398 1314 5452 ego
1334 5383 1512 5455 abjeci
1525 5399 1652 5439 eum
1681 5385 1727 5456 (Ι
1745 5389 1876 5455 Reg.
1890 5401 2005 5458 xw,

436 5612 512 5688 (a)
545 5611 707 5668 Unus
731 5610 1031 5688 Palatinus
1051 5613 1219 5684 impie
1236 5615 1760 5688 gessimus,peccatis
1786 5617 2001 5684 polluti.

363 5683 512 5759 Quia
539 5699 685 5738 unus
714 5699 744 5738 ε
756 5684 959 5759 populo
989 5688 1087 5759 est,
1113 5683 1222 5759 etc.
1239 5683 1537 5759 ‘Vaticanf
1563 5688 1730 5759 impie
1756 5683 2004 5759 fecimus.

359 5755 589 5812 Peccata
617 5754 834 5826 populi,
857 5758 967 5812 etc.
998 5754 1291 5813 Victorius
1349 5761 1414 5814 ut
1442 5754 1652 5817 vitaret
1695 5754 2007 5832 perissolo-

2111 4693 2147 4731 a
2173 4677 2299 4731 vino
2323 4675 2495 4747 (Psal.
2532 4673 2990 4742 Lxxvu).Malitia
3007 4673 3166 4730 enim
3183 4677 3240 4730 et
3258 4672 3542 4746 iniquitas
3562 4677 3771 4730 nostra

2112 4764 2363 4821 inebriat
2393 4764 2618 4820 Deum:
2654 4780 2781 4836 quae
2841 4763 3076 4835 quando
3106 4761 3167 4817 in
3197 4761 3368 4819 nobis
3425 4761 3770 4835 corripitur,

2112 4853 2384 4926 evigilare
2413 4853 2645 4918 dicitur,
2679 4856 2736 4907 et
2760 4852 2830 4907 de
2855 4869 2963 4908 sua
2982 4851 3262 4907 ebrietate
3283 4867 3639 4925 consurgere
3666 4869 3683 4921 ;
3705 4855 3773 4907 ut

2114 4959 2222 4998 nos
2254 4945 2490 5014 peccato
2520 4941 2715 4997 ebrios
2744 4941 3017 5013 evigilare
3049 4939 3510 5011 faciatjustitiae.

2183 5029 2369 5102 (Vers.
2405 5031 2518 5102 15.)
2548 5032 2615 5086 Et
2646 5047 2792 5085 nunc
2814 5031 3042 5086 Domine
3074 5033 3220 5086 Deus
3266 5033 3476 5099 noster,
3503 5032 3614 5086 etc.
3649 5029 3771 5085 Me-

2115 5135 2244 5175 mor
2271 5122 2362 5174 est
2389 5119 2614 5190 antiqui
2647 5117 2934 5186 beneficii,
2968 5122 3036 5175 ut
3064 5118 3138 5174 ad
3159 5116 3416 5174 similem
3439 5117 3625 5180 Deum
3650 5116 3771 5172 cle-

2115 5207 2398 5266 mentiam
2430 5210 2720 5279 provocet.

2185 5297 2372 5369 (Vers.
2412 5297 2525 5368 17.)
2555 5297 2621 5352 Et
2647 5295 2872 5353 ostende
2895 5297 3096 5369 faciem
3128 5300 3284 5352 tuam
3309 5311 3476 5369 super
3499 5297 3774 5352 sanctua-

2115 5387 2264 5441 rium
2283 5393 2462 5454 tuum,
2489 5384 2629 5457 quod
2657 5385 2930 5442 desertum
2949 5389 3047 5442 est.
3071 5384 3254 5458 Imple
3273 5383 3624 5458 opere,quod
3645 5398 3774 5439 ser-

2114 5616 2294 5702 giam.
2329 5617 2402 5700 ad
2436 5615 2673 5690 Vulgat.
2705 5615 2846 5673 edit.
2877 5615 3116 5689 scripsit
3140 5617 3496 5690 iniquitatem
3535 5615 3776 5690 fecimus

2113 5705 2192 5745 im
2233 5703 2285 5744 ie
2311 5704 2543 5757 egimus.
3033 5747 3035 5750 ,

2185 5705 2264 5833 (i2)
2291 5759 2468 5818 Addit
2499 5758 2714 5820 Victor.
2744 5763 2935 5834 potens
2962 5775 3034 5819 ex
3060 5757 3277 5820 Psalmi
3307 5761 3490 5820 textu.
