3978 6188
68 4109 78 4203 ἰ

175 415 282 479 541

917 414 1662 480 COMMENTARIORUM
1698 415 1778 478 ΙΝ
1821 410 2224 476 DANIELEM
2270 411 2501 473 LIBER
2543 412 2711 475 CAP.
2755 413 2862 477 IX.

3447 415 3572 480 543

179 565 342 608 mone
371 547 671 622 pollicitus
699 565 799 607 es:
840 549 1100 607 vicinum
1148 554 1384 623 tempus
1435 548 1816 608 desolationis
1845 547 1900 616 Α
1928 547 2174 619 oportet,
2196 561 2445 617 quorum
2477 545 2631 603 oculi
2661 545 3003 621 ignorantia
3033 549 3312 623 tenebris,
3345 554 3402 608 et
3430 551 3572 609 cali-

180 637 482 711 impletur.

241 725 430 796 (Vers.
467 725 581 797 18.)
611 726 808 798 Popter
835 729 1182 800 temetipsum
1201 729 1433 796 inclina,
1467 729 1606 785 Deus
1641 744 1816 794 meus,

180 829 362 869 aurem
387 816 565 882 tuam,
595 819 651 870 et
677 815 814 871 audi
831 835 850 871 :
870 819 1026 888 aperi
1045 818 1226 873 oculos
1247 825 1386 888 tuos,
1405 825 1458 872 et
1476 817 1598 873 vide
1607 818 1816 873 desola-

180 905 372 959 tionem
402 907 670 970 uestram,
689 908 800 959 etc.
825 904 1296 979 'AvOpmno-zra’zeuoc
1321 906 1473 961 680
1486 906 1606 961 hac
1628 905 1816 977 loqui-

180 1000 285 1060 tur,
317 995 382 1046 ut
413 992 650 1063 quando
688 992 1053 1064 exaudimur,
1078 993 1357 1050 inclinare
1379 995 1531 1050 Deus
1551 995 1820 1050 videatur

181 1097 370 1137 aurem
406 1096 577 1135 suam
609 1096 622 1134 :
656 1082 891 1151 quando
922 1082 1208 1153 respicere
1232 1087 1500 1138 nosDeus
1523 1083 1815 1155 dignatur,

180 1169 398 1241 aperire
428 1167 634 1224 oculos
666 1185 844 1224 suos:
896 1170 1127 1240 quando
1162 1187 1296 1226 vero
1349 1171 1556 1226 avertit
1613 1171 1815 1225 faciem

177 1273 360 1320 suam,
392 1261 450 1312 et
481 1256 669 1312 oculis
697 1258 826 1328 ejus
856 1262 913 1312 et
942 1259 1183 1313 auribus
1213 1259 1516 1314 videamur
1567 1259 1815 1332 indigni.

239 1345 428 1415 (Vers.
462 1347 579 1416 20.)
611 1346 852 1418 Cumque
877 1346 1054 1402 adhuc
1081 1349 1350 1418 loquerer,
1383 1353 1434 1404 et
1472 1364 1709 1415 orarem,
1768 1354 1821 1404 et

171 1435 462 1504 eanﬁterer
483 1442 708 1504 peccata
737 1451 880 1503 mea,
900 1442 952 1490 et
973 1445 1194 1506 peccata
1220 1437 1416 1508 pepuli
1455 1439 1566 1492 mei
1618 1437 1817 1492 Israel:

172 1529 227 1578 ut
255 1521 456 1594 [Vulg
488 1524 564 1594 et]
581 1528 984 1594 prosternerem
1011 1541 1197 1597 preces
1224 1542 1372 1581 meas
1421 1527 1484 1581 in
1537 1529 1820 1598 conspectu

167 1613 265 1666 Dei
291 1613 407 1666 mei
420 1627 525 1681 pro
555 1620 739 1667 monte
783 1621 966 1669 sancto
1016 1615 1118 1669 Dei
1160 1615 1289 1668 mei.
1342 1615 1488 1687 Ergo
1530 1619 1595 1670 ut
1644 1631 1822 1687 supra

165 1700 449 1767 diximus,
475 1716 593 1756 non
625 1701 825 1772 populi
849 1704 1078 1756 tantum
1111 1705 1366 1774 peccata,
1389 1703 1490 1758 sed
1513 1706 1571 1757 et
1599 1720 1706 1758 sua
1731 1711 1820 1758 re-

162 1788 380 1860 plicat;
415 1787 561 1860 quia
590 1805 746 1844 unus
775 1806 805 1844 e
828 1789 1040 1862 populo
1065 1790 1322 1846 estzsive
1350 1790 1670 1859 humiliter,
1686 1808 1818 1847 cum

158 1881 471 1948 peccatum
493 1876 622 1949 ipse
643 1894 760 1932 non
783 1878 1000 1944 fecerit,
1029 1895 1092 1934 se
1102 1879 1302 1952 jungit
1317 1879 1530 1952 populo
1557 1885 1821 1952 peccato-

157 1964 227 2034 ἡ,
263 1970 334 2019 ut
357 1981 430 2020 ex
461 1965 799 2020 humilitate
827 1966 1055 2022 veniam
1069 1968 1645 2037 consequatur.Nota
1663 1970 1819 2041 quod

150 2051 250 2106 hic
283 2052 526 2119 dixerit,
563 2053 820 2124 conﬁtere
848 2063 1064 2125 peccata
1108 2071 1247 2112 mea.
1303 2058 1367 2111 In
1424 2056 1626 2113 multis
1664 2057 1820 2113 enim

149 2145 382 2196 sancta
412 2141 735 2214 Scriptura
764 2141 906 2199 locis
927 2145 1237 2213 confessio,
1262 2162 1376 2200 non
1396 2145 1817 2218 paenitentiam,

146 2230 256 2286 sed
299 2230 549 2285 laudem
581 2237 770 2287 sonat.

221 2318 428 2388 (Vers.
463 2319 584 2391 21.)
613 2319 800 2376 Adhuc
842 2337 928 2376 me
973 2321 1228 2393 loquente
1256 2324 1318 2376 in
1373 2325 1654 2380 oratione:
1705 2341 1825 2382 ecce

143 2407 238 2460 vir
274 2406 504 2462 Gabriel
524 2425 688 2478 quem
708 2409 1098 2482 videramla)in
1118 2412 1345 2466 visionis
1359 2414 1821 2484 principio.Prin-

142 2495 384 2567 cipium
399 2501 580 2551 vocat
603 2498 954 2568 praeteritam
977 2499 1463 2572 visionem,quam
1487 2501 1608 2558 hac
1621 2505 1819 2574 sequi-

139 2587 271 2638 tur.
301 2584 377 2639 Et
395 2585 652 2657 grandis
683 2586 964 2643 orationis
992 2588 1230 2643 eti'ectus
1279 2594 1368 2644 est
1394 2607 1409 2656 ;
1466 2589 1823 2663 impletaque

140 2672 488 2743 promissio
519 2674 752 2729 Domini
775 2675 874 2746 qui
902 2676 1022 2730 ait:
1050 2677 1240 2732 Adhuc
1267 2685 1318 2733 te
1337 2678 1586 2748 loquente
1620 2678 1821 2749 dicam,

142 2776 276 2816 ecce
301 2761 504 2817 adsum
536 2764 690 2832 (Isai.
724 2781 882 2828 Lvm,
911 2765 988 2836 9).
1022 2765 1262 2822 Videtur
1315 2770 1511 2822 autem
1566 2767 1822 2837 Gabriel,

144 2866 278 2904 non
307 2849 569 2923 angelus
586 2849 673 2906 vel
688 2851 1200 2925 archangelus,sed
1221 2854 1310 2909 vir
1333 2859 1428 2910 :ut
1449 2872 1820 2928 nequaquam

149 2953 402 3009 sexum,
439 2940 545 2994 sed
579 2956 792 2996 nomen
817 2941 1050 2997 virtutis
1080 2942 1429 2998 ostenderet.

225 3027 360 3082 Cito
379 3029 580 3083 volans
594 3031 752 3100 tetigi
754 3035 872 3085 tme
887 3031 947 3085 in
961 3035 1204 3100 tempore
1222 3034 1372 3087 sacri
1372 3031 1491 3102 ﬁcii
1503 3035 1804 3104 vespertini
1808 3077 1820 3090 .

150 3113 382 3171 Volare
415 3116 658 3182 dicitur,
689 3119 831 3189 quia
860 3119 971 3188 (Al.
1005 3120 1129 3192 qui)
1160 3125 1225 3175 ut
1247 3121 1334 3175 vir
1363 3124 1718 3193 apparuerit,
1767 3129 1825 3178 et

150 3201 216 3257 in
252 3208 530 3275 tempore
547 3205 818 3262 sacrificii
840 3209 1154 3279 vespertini
1180 3209 1341 3279 :quia
1370 3209 1554 3265 oratio
1576 3211 1823 3282 prophe-

1925 635 2058 708 gine
2086 634 2361 690 vitiorum
2393 635 2664 691 obcacati
2697 641 2858 693 sunt.

1995 723 2180 795 (Vers.
2202 724 2682 796 24.)Septuaginta
2711 726 3073 782 hebdomades
3092 729 3420 786 abbreviata
3440 735 3570 788 sunt

1924 827 2087 882 super
2096 812 2362 884 populum
2374 819 2533 868 tuum
2543 818 2612 880 ,et
2623 830 2789 886 super
2798 817 2989 870 urbem
2999 826 3246 873 sanctam
3258 823 3432 887 tuam;
3441 821 3578 893 (c)ut

1924 904 2789 974 consummeturpravaricatio,et
2804 904 2963 960 ﬁnem
2978 908 3126 978 accip
3133 909 3574 979 iatpeccatum,et

1925 988 2182 1044 deleatur
2212 991 2552 1063 iniquitas,et
2573 991 2877 1047 adducatur
2887 995 3110 1066 justitia
3131 999 3469 1068 sempiterna
3494 1003 3574 1055 :et

1927 1078 2228 1148 impleatur
2255 1081 2394 1134 visio
2423 1088 2474 1134 et
2496 1081 2810 1152 prophetia,
2841 1086 2891 1137 et
2922 1092 3163 1154 ungatur
3191 1084 3424 1143 Sanctus
3443 1104 3571 1143 san-

1925 1170 2155 1222 ctorum.
2189 1166 2333 1222 Scito
2353 1184 2476 1238 ergo
2495 1177 2546 1223 et
2558 1169 2931 1226 animadverte
2955 1173 3022 1226 ab
3043 1175 3201 1228 exitu
3219 1179 3578 1242 sermonis,ut

1927 1256 2130 1310 iterum
2149 1255 2448 1325 adiﬁcetur
2464 1260 2778 1313 Jerusalem
2791 1260 3040 1331 usquead
3056 1262 3342 1318 Christum
3362 1265 3572 1336 ducem,

1927 1343 2289 1399 hebdomades
2319 1348 2541 1416 septem,
2590 1353 2642 1400 et
2700 1347 3063 1403 hebdomades
3119 1353 3407 1423 sexaginta
3453 1355 3579 1412 dua

1927 1440 2093 1489 erunt
2113 1449 2125 1486 :
2145 1441 2196 1487 et
2223 1449 2446 1488 rursum
2473 1434 2845 1503 aediﬁcabitur
2868 1437 3051 1507 platea
3081 1441 3133 1492 et
3147 1442 3302 1495 muri
3322 1443 3382 1496 in
3401 1458 3578 1513 angu~

1926 1521 2033 1575 stia
2054 1529 2377 1592 temporum.
2408 1524 2474 1577 Et
2499 1531 2620 1594 post
2639 1523 2998 1580 hebdomades
3026 1530 3314 1598 sexaginta
3333 1529 3472 1585 duas
3491 1548 3578 1586 oc-

1927 1608 2136 1664 cidetur
2165 1609 2410 1665 Christus
2436 1626 2448 1665 :
2471 1619 2528 1666 et
2554 1627 2666 1666 non
2694 1613 2801 1667 erit
2824 1613 2942 1682 eius
2971 1613 3026 1681 (d
3051 1616 3288 1686 populus
3311 1619 3411 1688 qui
3453 1635 3581 1674 eum

1928 1706 2228 1766 negatqu
2252 1700 2372 1770 est),
2391 1702 2440 1753 et
2459 1701 2760 1770 civitatem,
2801 1709 2852 1756 et
2876 1706 3260 1760 sanctuarium
3287 1707 3582 1778 dissipabit

1924 1787 2165 1856 papulas
2188 1803 2315 1841 cum
2335 1786 2467 1843 duce
2485 1791 2713 1844 venturo
2738 1806 2751 1844 :
2776 1798 2828 1845 et
2845 1791 2975 1860 ﬁnis
2999 1791 3118 1863 ejus
3141 1795 3445 1861 vastitas,et
3460 1805 3581 1868 post

1929 1875 2096 1944 ﬁnem
2127 1874 2257 1929 belli
2285 1878 2492 1930 statuta
2519 1877 2782 1932 desolatio
2807 1894 2819 1932 :
2855 1879 3214 1950 Conﬁrmabit
3263 1886 3446 1939 autem
3471 1902 3580 1956 pa-

1929 1966 2078 2018 ctum
2090 1963 2283 2018 multis
2310 1964 2651 2021 hebdomada
2670 1983 2783 2021 una
2800 1983 2820 2020 :
2841 1971 2894 2022 et
2910 1968 2968 2021 in
2982 1968 3217 2026 dimidio
3236 1971 3584 2028 hebdomadis

1929 2050 2136 2121 deﬁciet
2152 2052 2329 2107 hostia
2348 2062 2401 2108 et
2428 2055 2784 2124 sacriﬁcium.
2817 2055 2880 2109 Et
2909 2058 3014 2111 erit
3048 2059 3106 2112 in
3138 2059 3352 2128 Temple
3366 2062 3583 2117 abomi-

1928 2143 2080 2195 natio
2108 2140 2478 2210 desolationis,
2511 2151 2563 2197 et
2600 2159 2770 2214 usque
2791 2144 2862 2198 ad
2889 2150 3412 2204 consummationem
3435 2159 3485 2205 et
3516 2151 3583 2221 ﬁ-

1928 2245 2056 2284 nem
2082 2230 2446 2300 perseverabit
2473 2230 2754 2287 desolatio.
2791 2233 2938 2298 Quia
2995 2235 3280 2306 Propheta
3328 2237 3582 2296 dixerat:

1932 2317 2190 2372 Eduxisti
2215 2319 2478 2390 populum
2507 2328 2684 2385 tuum,
2705 2323 2755 2374 et
2776 2337 2976 2377 nomen
2999 2331 3156 2378 tuum
3178 2326 3488 2382 invocatum
3507 2332 3588 2384 est

1933 2422 2100 2477 super
2127 2407 2404 2461 civitatem
2431 2410 2603 2475 tuam,
2635 2417 2687 2464 et
2708 2424 2873 2480 super
2895 2415 3160 2481 populum
3213 2417 3390 2482 tuum,
3451 2433 3584 2486 pro-

1929 2497 2128 2566 pterea
2155 2510 2222 2549 ex
2246 2511 2497 2566 persona
2518 2494 2618 2551 Dei
2636 2495 2904 2568 loquitur
2929 2499 3180 2555 Gabriel:
3202 2501 3585 2574 Nequaquam

1934 2582 2189 2655 populus
2219 2583 2319 2638 Dei
2351 2589 2459 2652 est,
2486 2585 2587 2640 sed
2610 2584 2864 2657 p0pulus
2887 2590 3027 2642 tuus
3053 2605 3066 2643 :
3093 2605 3198 2643 nec
3222 2591 3364 2646 urbs
3385 2596 3587 2648 sancta

1936 2671 2060 2742 Dei,
2092 2673 2192 2727 sed
2226 2677 2448 2743 sancta,
2480 2677 2546 2728 ut
2573 2673 2721 2728 dicis
2743 2675 3416 2746 [Al.discas]jtibi.Simile
3441 2680 3583 2751 quid

1931 2759 2060 2815 etin
2073 2760 2266 2815 Exodo
2282 2759 2952 2833 legimus,quandoDeus
2966 2763 3228 2835 loquitur
3239 2767 3311 2821 ad
3326 2767 3582 2840 Moysen:

1931 2849 2461 2920 Descende,peccavit
2481 2851 2630 2904 enim
2645 2851 2881 2922 populus
2903 2855 3030 2906 tuus
3041 2853 3232 2919 (Exod.
3266 2871 3447 2923 XXXII,
3502 2859 3583 2925 '7),

1932 2936 2044 2992 hoc
2076 2942 2184 3008 est,
2217 2953 2332 2992 non
2365 2937 2617 3010 populus
2649 2954 2836 3007 meus,
2863 2940 3002 3012 quia
3021 2957 3115 2997 me
3133 2942 3410 2998 deseruit.
3437 2946 3586 3011 Quia

1931 3025 2114 3098 igitur
2141 3025 2404 3097 postulas
2435 3043 2538 3098 pro
2569 3026 2919 3094 Jerusalem,
2953 3035 3012 3084 et
3033 3047 3165 3086 oras
3195 3048 3299 3102 pro
3356 3033 3574 3105 populo

1930 3114 2291 3181 Judaorum,
2310 3114 2447 3170 audi
2474 3115 2614 3187 quid
2639 3115 2698 3169 in
2722 3118 3100 3189 septuaginta
3120 3136 3410 3176 annorum
3438 3121 3580 3177 heb-

1933 3202 2286 3258 domadibus
2311 3203 2573 3258 futurum
2607 3205 2684 3259 sit
2713 3205 2926 3277 populo
2957 3211 3078 3277 tuo,
3110 3209 3585 3282 eturbituaqua

155 3297 231 3345 te
266 3309 305 3347 ε
334 3273 631 3348 εᾷορίῆοίο
665 3273 960 3351 ωαιιηίηό
981 3313 1169 3368 usque
1200 3273 1272 3352 οξά
1316 3273 1702 3354 εαοτίῆοίίιω-
1728 3317 1821 3355 ve-
1853 3273 1895 3340 C
1936 3297 2281 3364 sequuntur.
2315 3292 2444 3347 Scio
2473 3293 2544 3348 de
2565 3292 2672 3347 hac
2704 3295 3027 3365 quastione
3058 3297 3130 3352 ab
3162 3297 3586 3356 eruditissimis

162 3382 506 3451 spei-tinum
524 3389 940 3454 perseveraret:
957 3389 1014 3441 et
1036 3392 1373 3458 prepterera
1393 3386 1492 3442 Dei
1508 3387 1565 3443 in
1589 3405 1651 3444 se
1673 3389 1829 3445 ﬂexit
1933 3380 2075 3436 Viris
2104 3380 2260 3435 varie
2289 3380 2679 3452 disputatum,
2697 3388 2754 3438 et
2775 3400 3262 3456 unumquemque
3282 3403 3386 3458 PFO
3409 3393 3584 3459 captu

161 3469 669 3526 misericordiam.

233 3557 428 3626 (Vers.
460 3561 581 3630 22.)
604 3561 670 3614 Et
699 3561 882 3618 docuit
909 3579 1016 3630 me,
1048 3571 1100 3618 et
1131 3564 1337 3619 locutus
1365 3569 1442 3620 est
1472 3566 1631 3634 mihi,
1655 3567 1825 3623 dixit-

169 3662 290 3716 que.
322 3648 476 3702 Tam
511 3649 765 3705 obscura
792 3655 878 3706 est
904 3651 1071 3718 visio,
1104 3656 1171 3706 ut
1195 3652 1480 3725 propheta
1500 3653 1689 3727 angeli
1725 3657 1825 3712 do-

173 3735 357 3790 ctrina
385 3735 677 3808 indigeat.

238 3823 440 3879 Daniel
468 3841 619 3880 nunc
644 3841 889 3894 egressus
915 3843 1040 3882 sum
1067 3836 1128 3884 ut
1157 3829 1402 3886 docerem
1430 3839 1499 3896 te,
1522 3835 1572 3886 et
1609 3832 1824 3889 intelli-

176 3913 520 3980 geres.Nunc
537 3914 608 3968 ad
623 3915 1137 3985 temissussum,et
1154 3933 1425 3991 egressus
1443 3919 1683 3990 (b)sum,
1708 3938 1825 3978 non

181 4014 212 4053 a
226 3999 589 4070 facieDei,ut
608 4002 681 4056 ab
695 4019 761 4058 eo
783 4004 1132 4069 recederem,
1158 4007 1259 4061 sed
1278 4011 1342 4061 ut
1363 4007 1432 4061 ad
1465 4013 1520 4063 te
1542 4009 1820 4068 venirem.

238 4087 444 4157 (Vers.
474 4089 586 4158 23.)
617 4091 690 4144 Ab
719 4092 942 4148 exordio
965 4108 1193 4164 precum
1213 4103 1438 4150 tuarum
1463 4112 1706 4166 egressus
1750 4103 1827 4154 est

176 4193 351 4232 sermo
378 4196 402 4231 :
434 4193 541 4250 ego
568 4180 761 4235 autem
779 4183 923 4247 veni,
951 4189 1012 4236 ut
1039 4181 1370 4252 indicarem,
1401 4187 1536 4255 quia
1587 4188 1674 4241 vir
1727 4187 1826 4244 de-

72 4266 76 4344 ;
172 4266 512 4321 siden'mm
535 4283 611 4322 es.
639 4267 711 4323 Ut
738 4285 943 4342 rogare
970 4270 1215 4342 capisti,
1249 4272 1449 4327 statim
1500 4274 1824 4346 impetrasti

72 4416 74 4418 τ
171 4354 644 4411 misericordiam
668 4356 806 4412 Dei:
838 4361 895 4413 et
923 4374 1156 4430 egressa
1177 4364 1266 4414 est
1299 4361 1607 4433 sententia,
1642 4368 1700 4419 et
1719 4381 1824 4437 ego

175 4442 392 4498 idcirco
411 4442 634 4499 missus
665 4449 893 4510 sum,ut
912 4463 1261 4519 exponerem
1275 4448 1382 4503 tibi
1405 4465 1532 4520 qua
1554 4451 1820 4523 ignoras:

201 4531 312 4600 quia
326 4531 426 4585 vir
448 4531 870 4590 desideriorum
895 4550 978 4603 es,
1003 4535 1124 4591 sive
1145 4536 1500 4602 amabilis,et
1529 4539 1630 4594 Dei
1659 4557 1825 4597 amo-

158 4708 347 4777 dida],
383 4707 507 4764 sive
535 4712 621 4764 vir
642 4710 1056 4781 desideriorum,
1081 4714 1236 4784 quod
1271 4731 1372 4786 pro
1389 4716 1676 4773 desiderio
1697 4721 1819 4790 tuo,

157 4798 267 4860 Dei
300 4801 529 4853 secreta
558 4799 757 4856 audire
791 4803 1088 4867 merearis,
1122 4806 1178 4857 et
1207 4818 1335 4860 esse
1365 4805 1636 4862 conscius
1658 4807 1820 4863 tutu-

153 4885 395 4931 torum.

229 4955 393 5013 881
436 4956 508 5011 Tu
534 4974 656 5031 ergo
684 4961 1062 5017 animadverte
1089 4962 1431 5030 Sermonem,
1475 4972 1528 5020 et
1570 4966 1823 5037 intellige

494 5047 551 5102 Si
586 5049 804 5105 Danieli
835 5049 1092 5106 dicitur:
1143 5051 1438 5124 diligenter
1467 5055 1699 5122 attende,
1756 5061 1822 5112 ut

158 5134 381 5196 audias
415 5138 472 5189 et
503 5134 814 5210 intelligas,
845 5139 1002 5210 quod
1045 5137 1245 5196 vides:
1279 5140 1418 5212 quid
1469 5159 1577 5198 nos
1635 5143 1822 5201 facere

233 5296 315 5373 (α)
343 5292 536 5373 _Palat.
569 5313 713 5353 mss.
739 5300 800 5354 in
827 5300 1038 5357 visione
1094 5301 1158 5355 in
1193 5301 1490 5373 principio,
1541 5303 1724 5360 Vatic.
1760 5307 1822 5360 in

153 5368 453 5444 principio
465 5371 642 5444 _tantu
652 5385 730 5424 m.

231 5438 324 5513 (ιν)Δ
347 5437 532 5513 vatio.
563 5445 889 5513 et_egressus
918 5457 1040 5497 sum
1068 5459 1100 5496 a
1119 5442 1263 5513 facie
1289 5442 1387 5497 Dei
1413 5459 1524 5498 non
1558 5452 1619 5500 ut
1654 5446 1722 5500 ab
1760 5463 1820 5503 eo

160 5508 368 5635 datin
401 5508 580 5566 Palat.
614 5508 804 5570 verba
831 5517 882 5570 et
909 5508 1156 5584 egressus
1175 5530 1300 5569 sum
1329 5513 1562 5586 penitus
1590 5517 1819 5574 deside-

162 5599 268 5635 nn
302 5597 394 5635 ur.

161 5597 394 5640 rantur.

159 5655 302 5783 Is(ﬁ)
319 5651 705 5780 Subsfquens
725 5655 992 5728 pericope
1008 5656 1156 5712 sacri
1179 5659 1372 5714 textus
1391 5657 1585 5714 totain
1600 5661 1818 5718 nostris

287 5766 302 5779 .
332 5739 480 5782 vaca
512 5767 526 5781 .

287 5766 302 5779 .
332 5739 526 5782 vacat.

1935 3468 2155 3540 ingenii
2189 3468 2282 3523 sui
2311 3468 2530 3524 dixisse
2561 3471 2717 3541 quod
2760 3477 3042 3526 senserat.
3075 3473 3417 3545 Quiaigitur
3439 3475 3588 3546 peri-

1935 3557 2202 3612 culosum
2235 3561 2323 3612 est
2351 3557 2420 3612 de
2446 3558 2861 3630 magistrorum
2884 3560 3146 3616 Ecclesia
3165 3563 3435 3632 judicare
3451 3579 3582 3618 sen-

1935 3644 2154 3712 tentiis,
2177 3649 2233 3700 et
2248 3644 2496 3700 alterum
2519 3647 2787 3717 praferre
2808 3646 2994 3718 alteri,
3017 3648 3207 3703 dicam
3233 3649 3374 3720 quid
3395 3667 3580 3706 unus-

1934 3731 2185 3804 quisque
2203 3733 2474 3800 senserit,
2503 3732 2737 3790 lectoris
2759 3733 3003 3789 arbitrio
3024 3735 3459 3809 derelinquens,
3479 3755 3581 3793 cu-

1927 3821 2029 3892 jus
2058 3820 2477 3892 expositionem
2509 3823 2673 3893 sequi
2705 3823 2933 3877 debeat.
2961 3823 3270 3880 Africanus
3292 3825 3352 3880 in
3374 3825 3582 3897 quinto

1934 3911 2288 3980 Temporum
2303 3909 2697 3980 volumine,de
2718 3911 3095 3983 septuaginta
3116 3911 3584 3971 hebdomadibus

1934 3996 2314 4053 haclocutus
2362 3998 2515 4054 602
2573 3999 2644 4052 ad
2702 3999 2946 4054 verbum
3005 4006 3114 4056 est.
3176 4023 3204 4049 ‹‹
3242 4002 3582 4074 Capitulum

1933 4085 2002 4158 (e)
2027 4085 2181 4157 quod
2205 4086 2262 4139 in
2281 4085 2517 4142 Daniele
2530 4087 2602 4143 de
2622 4089 2995 4160 septuaginta
3010 4089 3482 4148 hebdomadibus
3502 4091 3582 4148 le-

1932 4175 2130 4247 gimus
2160 4173 2346 4230 multa
2373 4179 2430 4230 et
2455 4176 2752 4232 mirabilia
2779 4177 3057 4245 continet,
3092 4195 3221 4250 qua
3252 4197 3408 4236 nunc
3442 4179 3573 4237 lon-

1931 4280 2074 4336 gum
2105 4267 2195 4318 est
2223 4263 2456 4319 dicere:
2491 4281 2628 4337 ergo
2660 4268 2814 4337 quod
2849 4266 2920 4321 ad
2952 4283 3213 4339 prasens
3233 4285 3383 4340 opus
3406 4271 3584 4341 perti-

1933 4356 2052 4420 net,
2082 4351 2153 4406 de
2180 4351 2544 4423 temporibus
2575 4353 2983 4410 disserendum
3015 4359 3122 4411 est.
3155 4355 3427 4428 Nullique
3474 4359 3582 4412 du-

1929 4441 2097 4497 bium
2129 4442 2271 4513 quin
2302 4442 2374 4496 de
2404 4442 2654 4498 adventu
2689 4443 2906 4499 Christi
2964 4445 3300 4516 praedicatio
3349 4445 3448 4513 sit,
3481 4446 3582 4517 qui

1933 4531 2068 4602 post
2079 4528 2451 4602 septuaginta
2471 4529 2871 4587 hebdomadas
2893 4533 3115 4587 mundo
3135 4533 3426 4604 apparuit,
3450 4539 3584 4604 post

90 4601 98 4616 ir
185 4618 498 4691 mdignus,
533 4627 597 4675 ut
625 4621 898 4678 Salomon
925 4601 1259 4696 appellatus
1288 4632 1379 4681 est
1407 4601 1562 4682 Idida
1591 4629 1692 4695 [Αι.
1721 4629 1817 4685 Je-

1939 4601 2105 4689 quem
2126 4601 2536 4673 consummata
2556 4623 2696 4674 sunt
2712 4619 3007 4686 delicta,et
3027 4621 3201 4675 tinem
3218 4621 3439 4692 accepit
3458 4638 3585 4692 pec-

1929 4710 2148 4773 catum,
2171 4712 2227 4762 et
2247 4707 2432 4763 deleta
2449 4713 2541 4762 est
2557 4707 2874 4779 iniquitas:
2901 4715 2959 4763 et
2984 4709 3335 4764 annuntiata
3347 4709 3584 4780 justitia

1930 4794 2444 4867 sempiterna,qua
2466 4795 2923 4868 legisjustitiam
2948 4801 3205 4852 vinceret
3228 4813 3240 4851 :
3265 4803 3320 4852 et
3343 4796 3582 4868 impleta

1928 4887 2017 4939 est
2045 4882 2212 4951 visio,
2243 4887 2302 4937 et
2331 4883 2636 4954 prOphetia
2661 4901 2673 4938 :
2708 4887 2848 4955 quia
2873 4883 2962 4941 lex
2994 4890 3050 4940 et
3072 4885 3366 4956 Propheta
3388 4901 3579 4957 usque

1930 4971 2002 5027 ad
2033 4971 2100 5042 (f)
2127 4971 2452 5043 Baptistam
2482 4971 2767 5027 Joannem
2801 4973 2990 5045 (Luca,
3011 4973 3146 5043 xw).
3171 4973 3239 5027 Et
3260 4977 3472 5030 unctus
3494 4978 3585 5029 est

1930 5059 2183 5116 Sanctus
2206 5064 2704 5132 sanctorumzqua
2730 5062 2927 5117 omnia
2949 5062 3293 5134 priusquam
3315 5061 3582 5119 Christus

1930 5147 2258 5206 humanum
2291 5157 2504 5220 corpus
2552 5156 2898 5222 assumeret,
2957 5151 3349 5223 sperabantur
3391 5151 3582 5225 magis

2002 5306 2079 5377 (ά)
2103 5306 2307 5365 Isthac
2329 5306 2666 5379 parenthesi
2687 5307 2914 5364 inclusa
2933 5309 3109 5365 verba
3128 5308 3188 5365 in
3214 5309 3450 5366 Hebraeo
3472 5326 3585 5368 nan

1928 5387 2672 5532 fuiteairagmen‘tumjstud
2697 5453 2970 5532 erpere
2989 5449 3242 5532 Africani
3264 5451 3457 5532 Greece
3479 5450 3584 5506 ha-

1928 5519 2107 5595 betur
2127 5519 2307 5592 penes
2339 5520 2654 5576 Eusebium
2679 5521 2749 5576 de
2771 5519 3082 5594 Praparat.
3107 5523 3324 5595 Evang.
3351 5521 3580 5594 lib.vm,

1928 5593 2164 5736 cui?)
2193 5662 2378 5718 Vatic.
2412 5679 2581 5738 usque
2609 5662 2680 5718 ad
2713 5663 3048 5734 baptismum
3083 5664 3330 5722 Joannis.
