3944 6178
497 361 615 428 883

1744 363 1808 424 S.
1855 359 2168 426 EUSEBII
2212 360 2658 427 HIERONYMI
2711 407 2724 420 .

3714 367 3806 430 544

493 515 671 570 quam
701 495 1069 554 tenebantur.
1092 491 1241 552 Dicit
1261 495 1455 552 autem
1475 491 1602 567 ipse
1620 493 1878 567 Angelus
1899 499 2131 566 septua-
2159 495 2215 562 Α
2244 497 2386 552 dum
2418 494 2652 552 illorum
2674 493 3155 570 supputationem
3170 497 3408 569 possunt
3425 493 3591 554 facere
3608 513 3692 570 per
3705 501 3799 557 sin-

487 586 650 660 ginta
667 601 958 642 annorum
975 583 1461 657 hebdomadas,id
1482 588 1592 654 est,
1618 601 1803 640 annos
1835 583 2141 656 quindrin-

487 679 695 748 gentos
727 673 1067 744 nonaginta,
1093 674 1163 730 ab
1191 674 1346 729 exitu
1373 673 1683 740 sermonis,
1710 677 1774 728 ut
1796 674 2138 732 respondea-

487 767 604 832 tur,
637 763 688 819 el
709 767 775 818 ut
793 763 1114 818 aediﬁcetur
1131 762 1476 828 Jerusalem,
1500 762 1844 816 vicesimum
1866 764 2136 818 Artaxer-

482 853 571 908 xis
603 852 758 924 regis
790 857 1099 907 Persarum
1121 868 1339 907 annum
1365 850 1578 906 habere
1601 850 1976 922 principium.
1993 851 2134 907 Nee-

485 941 634 997 mias
666 940 882 1013 quippe
902 940 1082 1010 hujus
1107 941 1384 1010 pincerna
1405 939 1919 1010 (Neem.1),sicutin
1940 941 2132 995 Esdrae

483 1030 633 1086 libro
656 1029 908 1102 legimus
931 1029 1156 1100 rogavit
1182 1028 1746 1100 regem,accepitque
1760 1044 2129 1099 responsum,

483 1124 552 1175 ut
570 1119 956 1175 aedificaretur
977 1118 1399 1174 Jerusalem.Et
1415 1117 1524 1172 iste
1544 1133 1814 1187 egressus
1831 1121 1919 1172 est
1939 1133 2130 1171 sermo

485 1208 585 1280 qui
618 1207 949 1263 extruendas
981 1207 1165 1273 urbis,
1202 1210 1258 1261 et
1289 1205 1720 1261 circumdandae
1754 1204 1940 1259 muris
1965 1206 2131 1259 daret

483 1295 779 1353 licentiam
807 1315 819 1352 :
853 1313 978 1367 quas
1013 1311 1199 1366 usque
1229 1295 1300 1349 ad
1337 1293 1481 1348 illud
1511 1298 1746 1364 tempus
1802 1292 2127 1348 vicinarum

481 1385 744 1457 gentium
773 1383 1443 1456 patebatincursibus.Si
1468 1382 1704 1453 quidem
1729 1381 1799 1436 ad
1822 1381 1951 1452 Cyri
1975 1381 2127 1453 regis

479 1473 816 1545 imperium,
851 1472 950 1543 qui
973 1471 1301 1527 volentibus
1332 1470 1535 1527 reverti
1566 1469 1991 1542 Jerosolymam
2022 1470 2125 1524 de-

478 1561 642 1616 derat
669 1564 1037 1631 potestatem,
1070 1564 1243 1616 Jesus
1290 1558 1553 1614 Pontifex
1583 1562 1640 1612 et
1697 1557 2036 1621 Zorobabel,
2069 1563 2127 1613 et

476 1653 678 1721 postea
705 1650 916 1705 Esdras
945 1649 1241 1714 Sacerdos,
1274 1651 1332 1703 et
1360 1646 1550 1702 caeteri
1581 1646 1681 1716 qui
1713 1663 1846 1701 cum
1868 1645 1952 1700 eis
1992 1662 2123 1716 pro-

474 1737 657 1793 ﬁcisci
685 1737 1006 1807 voluerant,
1027 1735 1336 1808 Templum
1360 1741 1416 1791 et
1447 1735 1672 1801 urbem,
1697 1738 1753 1789 et
1771 1750 1967 1788 muros
1993 1735 2121 1804 ejus

2250 583 2418 657 gulos
2451 601 2683 641 menses
2713 586 2836 642 dies
2865 585 3072 659 viginti
3104 602 3306 642 novem
3337 586 3438 657 [γι.
3465 586 3646 658 viginti
3668 590 3800 661 octo},

2247 678 2304 729 et
2332 674 2513 730 semis
2544 692 2556 729 :
2587 674 2669 730 ita
2697 679 2762 729 ut
2791 673 2934 730 solis
2966 673 3219 729 circulus
3253 690 3353 745 per
3381 690 3548 729 annos
3576 677 3802 746 quadrin-

2245 767 2451 834 gentos
2481 762 2802 834 nonaginta
2833 762 2964 835 plus
2995 763 3206 817 habeat
3233 762 3354 818 dies
3404 767 3658 818 trecentos
3681 781 3804 820 sexa-

2243 849 2408 922 ginta
2437 849 2716 921 quinque,
2739 855 2794 906 et
2825 854 3096 922 quartam
3127 850 3240 904 diei
3270 854 3482 921 partem
3514 855 3589 905 :et
3603 867 3686 922 per
3701 853 3804 908 duo-

2243 937 2434 992 decim
2457 954 2690 994 menses
2722 938 3087 1011 singulorum
3120 954 3399 993 annorum
3431 937 3672 993 undecim
3711 941 3802 995 dies

2243 1030 2300 1080 et
2332 1030 2544 1097 quarta
2573 1026 2683 1082 diei
2707 1044 2843 1099 pars
2873 1027 3131 1099 amplius
3161 1026 3649 1098 reperiatur.Unde
3666 1027 3800 1083 Graeci

2241 1118 2297 1170 et
2310 1115 2630 1186 Judaei,per
2643 1119 2776 1171 octo
2790 1133 2976 1171 annos
2989 1115 3163 1170 trium
3191 1115 3475 1170 mensium
3497 1108 3803 1186 ἐμϐολὶσμους

2238 1202 2461 1258 faciunt
2491 1204 2647 1260 684
2676 1205 2734 1260 Si
2765 1204 2922 1260 enim
2947 1205 3126 1259 octies
3164 1203 3457 1269 undecim,
3487 1207 3540 1258 et
3591 1209 3802 1274 quartam

2238 1296 2461 1363 partem
2493 1292 2747 1348 volueris
2777 1297 3118 1364 supputare,
3138 1292 3455 1364 nonaginta
3479 1291 3710 1363 dies,hoc
3724 1296 3804 1357 est,

2234 1384 2353 1436 tres
2377 1398 2609 1437 menses
2632 1381 2871 1452 efﬁcies,
2889 1385 2946 1436 et
2971 1381 3028 1435 in
3049 1381 3485 1452 quadringentis
3505 1379 3808 1451 septuaginta

2235 1470 2344 1540 [Αἰ.
2377 1470 2786 1542 quadraginta)
2819 1470 3078 1541 quinque
3092 1469 3261 1525 annis
3274 1468 3547 1526 octonarii
3572 1466 3807 1539 reperien-

2233 1561 2331 1612 tur
2360 1558 2497 1612 anni
2530 1557 2956 1631 quinquaginta
2987 1574 3214 1624 novem,
3247 1562 3306 1612 et
3331 1572 3555 1612 menses
3573 1560 3707 1610 tres:
3734 1555 3806 1626 qui

2235 1645 2408 1700 simul
2442 1645 2666 1700 faciunt
2696 1646 2830 1718 plus
2848 1646 3116 1700 minusve
3132 1662 3318 1701 annos
3341 1643 3652 1716 quindecim
3671 1660 3682 1698 :
3698 1659 3806 1714 quos

2230 1735 2280 1789 si
2295 1735 2742 1808 quadringentis
2769 1734 3142 1806 septuaginta
3153 1734 3414 1806 quinque
3434 1731 3594 1788 annis
3609 1731 3808 1786 volueris

473 1825 762 1882 aediﬁcare
791 1825 980 1880 conati
1013 1829 1171 1895 sunt,
1205 1823 1649 1896 prohibentibus
1682 1823 1740 1877 in
1757 1822 2003 1877 circuitu
2023 1839 2120 1877 na—
2149 1859 2196 1924 B
2229 1824 2459 1890 addere,
2494 1824 2867 1895 septuaginta
2896 1839 3184 1878 annorum
3231 1822 3407 1878 facies
3453 1819 3804 1887 hebdomadas,

471 1914 750 1981 tionibus,
775 1930 847 1969 ne
869 1911 1559 1985 implereturopus,quasi
1580 1911 1690 1966 hoc
1722 1926 1820 1965 rex
1843 1928 1955 1966 non
1976 1912 2116 1982 jus-
2149 1909 2196 1924 "
2227 1909 2336 1967 hoc
2366 1917 2477 1978 est,
2510 1911 2687 1966 simul
2718 1929 2903 1968 annos
2959 1911 3422 1984 quadringentos
3461 1909 3754 1981 nonaginta.
3788 1929 3808 1954 ι)

475 2003 669 2059 sisset.
699 2002 913 2057 Mansit
936 2001 1133 2073 itaque
1163 2001 1571 2073 imperfectum
1603 2017 1752 2071 opus
1801 2016 1989 2071 usque
2044 2000 2115 2055 ad

471 2090 792 2160 Neemiam,
826 2096 884 2146 et
911 2090 1254 2147 vicesimum
1285 2107 1505 2146 annum
1537 2088 1689 2161 regis
1739 2089 2069 2144 Artaxerxis
2099 2107 2112 2144 :

471 2180 642 2251 [Ergo
683 2179 988 2249 captivitas
1019 2182 1151 2234 ante
1181 2194 1426 2250 regnum
1456 2178 1764 2233 Persarum
1789 2178 1960 2232 annis
1995 2177 2115 2250 70.]

472 2284 585 2339 quo
620 2272 879 2338 tempore
898 2267 1058 2339 regni
1085 2267 1414 2334 Persarum,
1440 2270 1675 2322 centum
1699 2270 1757 2321 et
1779 2264 2112 2337 quindecim

469 2356 607 2410 anni
642 2356 872 2411 fuerant
900 2354 1134 2421 evoluti,
1167 2355 1517 2427 captivitatis
1540 2359 1734 2410 autem
1762 2353 2110 2421 Jerusalem,

470 2443 832 2500 centesimus
853 2443 1333 2515 Octogesimus,et
1353 2443 1598 2515 quintus
1619 2459 1810 2498 annus
1832 2447 1955 2498 erat
1974 2447 2112 2497 tunc

470 2533 728 2603 primum
751 2533 1085 2587 Artaxerses
1099 2532 1280 2602 jussit
1303 2548 1501 2586 muros
1523 2530 1708 2586 extrui
1744 2530 2069 2586 Jerusalem
2097 2547 2108 2584 :

473 2619 982 2692 cuioperipraefuit
1007 2620 1296 2688 Neemias,
1330 2623 1387 2675 et
1406 2619 1690 2674 aediﬁcata
1711 2623 1800 2674 est
1823 2618 2032 2690 platea,
2057 2622 2114 2674 et

472 2709 625 2764 muri
655 2709 1039 2764 circumdati:
1073 2713 1130 2763 et
1160 2725 1227 2763 ex
1258 2707 1357 2763 illo
1389 2713 1649 2780 tempore
1696 2707 1743 2762 si
1804 2723 2112 2762 numerare

467 2795 611 2852 velis
632 2797 1006 2867 septuaginta
1026 2796 1178 2851 683
1195 2812 1485 2851 annorum
1508 2795 1906 2850 hebdomadas
1926 2811 2112 2865 usque

465 2883 537 2937 ad
569 2883 864 2938 Christum
894 2883 1107 2955 poteris
1129 2883 1574 2948 invenire.Quod
1593 2883 1640 2937 si
1663 2882 1870 2938 harum
1895 2883 2109 2954 princi-

471 2969 634 3042 pium
659 2971 729 3025 ab
753 2971 830 3042 (ιι)
852 2971 964 3027 alio
980 2977 1240 3043 tempore
1255 2971 1614 3026 voluerimus
1636 2975 1950 3036 sumere,et
1968 2975 2110 3026 tem-

469 3075 610 3130 pora
640 3075 755 3113 non
787 3064 1155 3128 concurrent,
1189 3063 1246 3114 et
1276 3059 1460 3114 multa
1490 3059 1847 3130 reperiemus
1878 3063 2108 3115 contra-

465 3146 736 3202 ria.Nam
768 3147 817 3203 si
849 3165 881 3202 a
910 3149 1074 3220 Cyro,
1109 3153 1166 3204 et
1195 3149 1386 3220 prima
1406 3149 1534 3220 ejus
1566 3147 1956 3220 indulgentia,
1979 3165 2105 3220 quae

461 3233 799 3289 Judaeorum
831 3244 921 3291 est
950 3234 1141 3291 laxata
1164 3236 1488 3307 captivitas,
1509 3237 1884 3308 septuaginta
1905 3254 2109 3292 nume-

461 3326 663 3377 rentur
677 3323 1308 3394 hebdomadm,centum
1329 3329 1385 3380 et
1399 3341 1465 3380 eo
1478 3323 1654 3396 ampli
1665 3325 2110 3382 usinveniemus

463 3412 778 3485 annos,qui
799 3416 1085 3468 statutum
1097 3414 1472 3486 septuaginta
1494 3412 1992 3469 hebdomadarum
2016 3430 2108 3469 ex-

461 3501 672 3557 cedant
700 3519 1042 3557 numerum:
1071 3507 1128 3557 et
1159 3503 1343 3558 multo
1373 3501 1506 3573 plus
1537 3502 1585 3556 si
1614 3519 1683 3558 ex
1709 3519 1828 3574 qua
1849 3503 2111 3558 dielocu-

458 3593 555 3646 tus
584 3593 672 3646 est
701 3590 922 3646 Danieli
956 3590 1200 3664 angelus
1224 3609 1237 3647 :
1268 3590 1882 3662 additurqueamplior
1901 3608 2108 3647 nume-

458 3679 636 3745 rus,si
660 3679 1011 3752 captivitatis
1024 3680 1326 3736 exordium
1339 3679 1592 3736 volueris
1605 3680 2106 3736 hebdomadarum

459 3768 672 3824 habere
693 3769 1071 3841 principium.
1099 3769 1428 3825 Permansit
1447 3769 1602 3825 enim
1627 3785 1874 3842 regnum
1900 3769 2109 3825 Persa-

457 3873 612 3922 rum,
643 3874 832 3929 usque
854 3860 926 3913 ad
956 3858 1186 3914 initium
1210 3860 1617 3928 Macedonum,
1643 3859 1813 3914 annis
1837 3858 2108 3913 ducentis

458 3944 737 4016 triginta:
772 3950 828 4000 et
857 3946 968 4017 ipsi
1001 3947 1344 4003 Macedones
1376 3952 1768 4020 regnaverunt
1799 3946 1968 4002 annis
1991 3951 2106 4002 tre-

461 4033 674 4087 centis:
708 4038 882 4104 atque
911 4033 1117 4089 exinde
1150 4051 1338 4106 usque
1366 4035 1438 4089 ad
1461 4030 2105 4106 annum(éxxazaemrov)

464 4118 1040 4189 quintumdecimum
1069 4121 1288 4178 Tiberti
1319 4122 1585 4191 Caesaris,
1619 4124 1852 4194 quando
1895 4138 2106 4192 passus

462 4209 552 4261 est
581 4207 868 4277 Christus,
903 4213 1286 4264 numerantur
1306 4210 1446 4264 anni
1459 4211 1781 4281 sexaginta,
1807 4209 1905 4281 qui
1928 4209 2105 4266 simul

460 4294 684 4351 faciunt
714 4313 900 4352 annos
929 4297 1279 4369 quingentos
1311 4298 1648 4370 nonaginta,
1679 4299 1761 4353 ita
1789 4303 1854 4352 ut
1869 4303 2104 4353 centum

461 4384 761 4456 supersint
791 4385 950 4440 anni.
985 4387 1030 4440 A
1055 4384 1330 4441 vicesimo
1363 4390 1558 4441 autem
1590 4403 1741 4441 anno
1772 4387 2105 4442 Artaxerxis

460 4474 614 4546 regis
648 4490 833 4546 usque
861 4475 932 4530 ad
965 4474 1281 4542 Christum,
1315 4473 1684 4546 complentur
1726 4472 2104 4529 hebdomadas

2225 2003 2356 2054 Haec
2381 2000 2689 2056 Africanus
2719 2000 2939 2056 eisdem
2970 1999 3159 2056 verbis
3199 2000 3420 2071 quibus
3475 1996 3807 2069 expressimus

2224 2087 2459 2143 locutus
2481 2089 2994 2144 est.Transeamus
3023 2088 3095 2144 ad
3119 2088 3435 2143 Eusebium
3457 2082 3807 2156 Pamphili,qui

2225 2177 2285 2231 in
2300 2181 2497 2233 octavo
2509 2176 2659 2232 libro
2677 2175 3002 2250 εὐαγγελικῆ
3014 2196 3037 2236 ς
3051 2172 3382 2244 ἀποδεῖξεως
3395 2175 3504 2231 tale
3520 2173 3690 2228 nescio
3701 2171 3806 2243 quid

2223 2267 2593 2338 suspicatur:
2629 2290 2657 2317 «
2691 2268 2813 2322 Non
2847 2266 2991 2321 mihi
3021 2265 3481 2320 videturfrustra
3498 2259 3807 2334 septuaginta

2223 2355 2722 2411 hebdomadarum
2749 2355 2898 2410 facta
2922 2353 3161 2409 divisio:
3195 2359 3260 2409 ut
3292 2354 3547 2425 primum
3575 2349 3807 2406 diceretur

2220 2452 2439 2516 septem,
2473 2443 2682 2500 deinde
2707 2446 3000 2512 sexaginta
3026 2443 3169 2510 dum,
3201 2447 3259 2497 et
3306 2440 3514 2496 ultima
3556 2438 3808 2494 adderetur

2221 2532 2510 2588 hebdomas
2536 2549 2667 2601 una,
2703 2549 2829 2604 quae
2861 2536 2917 2587 et
2946 2531 3076 2602 ipsa
3102 2531 3160 2585 in
3197 2531 3350 2586 duas
3371 2533 3558 2599 partes
3585 2528 3806 2582 sectaest.

2220 2621 2514 2692 Scriptum
2545 2625 2634 2676 est
2661 2621 2817 2676 enim
2845 2636 2856 2674 :
2891 2620 3033 2675 Scies
3061 2624 3114 2674 et
3143 2618 3428 2687 intelliges
3453 2617 3524 2673 ab
3553 2617 3687 2671 exitu
3721 2628 3809 2666 ser-

2220 2712 2397 2766 monis
2426 2727 2444 2764 :
2477 2714 2535 2764 ut
2552 2710 2959 2780 respondeatur,
2989 2716 3042 2765 et
3065 2708 3371 2778 aediﬁcetur
3399 2706 3701 2771 Jerusalem,
3743 2717 3809 2755 us-

2218 2815 2321 2870 que
2351 2799 2420 2854 ad
2451 2798 2730 2854 Christum
2757 2799 2947 2853 ducem
2976 2797 3339 2854 hebdomadas
3357 2799 3579 2867 septem,
3596 2801 3642 2848 et
3659 2789 3815 2846 hebdo-

2215 2887 2404 2942 madas
2428 2890 2715 2958 sexaginta
2737 2887 2892 2942 duas.
2929 2887 2996 2941 Et
3025 2889 3158 2956 post
3186 2884 3301 2940 alia
3330 2901 3469 2955 quae
3500 2879 3726 2938 narravit
3770 2876 3814 2930 in

2217 2975 2430 3045 medio,
2465 2976 2632 3047 ponit
2659 2975 2720 3030 in
2757 2976 2908 3030 fine:
2935 2974 3284 3044 conﬁrmabit
3314 2978 3682 3028 testamentum
3720 2965 3815 3036 plu-

2215 3065 2375 3118 rimis
2387 3062 3180 3134 hebdomada[Al.hebdomasl
3200 3060 3484 3117 una.Haec
3505 3075 3614 3114 non
3642 3057 3818 3111 frustra

2218 3155 2275 3206 et
2295 3152 2516 3223 absque
2533 3151 2916 3222 inspiratione
2935 3149 3036 3206 Dei
3049 3149 3336 3222 Angelum
3353 3145 3708 3220 respondisse
3723 3156 3818 3196 ma-

2141 3224 2184 3290 C
2222 3239 2434 3294 nifestu
2444 3256 2499 3294 m
2521 3244 2626 3294 est.
2637 3240 2770 3303 Quae
2783 3238 3106 3294 observatio
3121 3241 3354 3294 cautam
3367 3242 3548 3308 atque
3561 3231 3821 3292 sollicitam

2216 3327 2446 3382 videtur
2474 3331 2744 3399 expetere
2761 3327 3070 3402 rationem,
3096 3330 3162 3381 ut
3189 3327 3374 3382 lector
3411 3325 3700 3397 diligenter
3747 3321 3821 3372 at-

2217 3416 2500 3484 tendat,et
2519 3431 2761 3471 causam
2793 3414 3097 3471 divisionis
3124 3415 3229 3487 (At.
3265 3413 3553 3484 visionis,)
3575 3407 3817 3481 inquirat.

2219 3505 2319 3561 Sin
2353 3509 2547 3560 autem
2580 3519 2820 3558 necesse
2849 3508 2945 3559 est
2971 3519 3076 3559 nos
3107 3503 3331 3558 discere
3361 3503 3518 3575 quod
3551 3498 3822 3558 sentimus,

2211 3594 2383 3664 juxta
2412 3592 2587 3648 aliam
2619 3591 3062 3664 expositionem,
3087 3607 3213 3662 quae
3230 3591 3289 3645 in
3305 3588 3567 3661 presenti
3589 3588 3828 3642 versatur

2219 3681 2483 3748 lectione,
2517 3681 2575 3736 in
2609 3696 2675 3736 eo
2707 3681 2863 3752 quod
2893 3679 3148 3751 Angelus
3177 3679 3291 3734 ait:
3327 3679 3406 3733 Ab
3438 3673 3833 3733 exitusermonis

2217 3774 2278 3826 ut
2297 3769 2688 3841 respondeatur
2701 3777 2752 3826 et
2763 3769 3066 3839 aediﬁcetur
3088 3769 3396 3824 Jerusalem
3418 3781 3577 3838 usque
3594 3763 3659 3818 ad
3677 3760 3834 3818 Chris-

2218 3868 2336 3916 tum
2364 3859 2575 3929 ducem,
2611 3876 2727 3914 non
2761 3857 2906 3914 alios
2937 3856 3296 3912 arbitramur
3324 3871 3507 3926 quam
3550 3851 3835 3925 principes,

2217 3950 2316 4020 qui
2349 3953 2481 4020 post
2506 3947 2658 4002 hanc
2674 3946 3061 4018 prophetiam,
3087 3948 3146 4000 et
3161 3943 3552 4000 reversionem
3577 3941 3646 3996 de
3671 3938 3831 4007 Baby-

2215 4037 2346 4092 lone
2374 4034 2618 4090 Judaico
2653 4033 2869 4105 populo
2902 4035 3278 4104 praefuerunt,
3310 4032 3426 4088 hoc
3460 4034 3549 4088 est
3573 4021 3832 4103 ἀρχιερεῖς,

2216 4128 2272 4179 et
2301 4123 2609 4178 Pontifices
2645 4139 2761 4191 quo
2794 4122 3049 4188 Christos,
3086 4122 3157 4176 ab
3185 4137 3250 4177 eo
3282 4122 3444 4192 quod
3497 4117 3652 4175 uncti
3702 4117 3832 4177 sunt,

2216 4211 2516 4282 Scriptura
2545 4211 2926 4282 cognominat
2953 4227 2965 4266 :
3000 4226 3250 4282 quorum
3281 4209 3560 4281 princeps
3581 4205 3838 4263 fuitJesus

2216 4299 2371 4355 filius
2400 4299 2668 4363 Josedec,
2699 4299 2984 4355 Sacerdos
3002 4315 3254 4371 magnus
3278 4314 3290 4352 :
3315 4303 3372 4353 et
3395 4297 3504 4369 qui
3525 4295 3835 4352 fueruntus-

2215 4403 2328 4460 que
2357 4388 2429 4444 ad
2461 4388 2777 4443 adventum
2813 4387 3044 4443 Domini
3076 4386 3412 4444 Salvatoris.
3439 4386 3671 4457 Hosque
3689 4376 3840 4453 signi-

2215 4477 2351 4533 ﬁcat
2377 4475 2720 4533 vaticinium
2752 4475 3110 4548 prophetale,
3142 4475 3374 4532 dicens:
3405 4476 3488 4531 Ab
3545 4475 3697 4530 exitu
3743 4483 3836 4524 ser—

458 4563 1314 4635 septuaginta,juxtalunarem
1337 4562 1712 4618 Hebraeorum
1738 4563 2104 4650 su‘pputatio-
2137 4587 2184 4650 Ι)
2219 4568 2416 4622 monis:
2447 4574 2511 4621 ut
2538 4565 2934 4636 respondeatur
2961 4573 3013 4621 et
3059 4565 3354 4636 wdiﬁcetur
3403 4563 3723 4630 Jerusalem,
3770 4571 3841 4650 αξξ

457 4669 615 4722 nem,
639 4651 738 4723 qui
757 4668 988 4708 menses
1002 4668 1116 4707 non
1127 4653 1297 4722 juxta
1309 4650 1474 4717 solis,
1497 4650 1596 4706 sed
1621 4648 1952 4721 juxtalunes
1971 4666 2104 4706 cur-

459 4757 592 4796 sum
619 4745 952 4796 numerant.
989 4740 1136 4798 Nam
1169 4757 1202 4796 a
1230 4739 1548 4795 centesimo
1580 4743 1638 4794 et
1668 4738 2104 4810 quintodecimo

457 4844 610 4884 anno
642 4829 804 4902 regni
835 4829 1165 4896 Persarum,
1193 4829 1428 4900 quando
1459 4831 1794 4883 Artaxerxes
1829 4843 1928 4883 rex
1947 4829 2107 4898 ejus-

459 4917 594 4972 dem
617 4917 1220 4990 imperii,vicesimum
1240 4917 1401 4989 regni
1422 4916 1511 4971 sui
1536 4916 1790 4972 habebat
1806 4922 2110 4981 annum,et

459 5009 582 5059 erat
611 5007 974 5076 octogesimas
988 5011 1044 5062 et
1055 5006 1237 5062 tertiae
1257 5005 1618 5086 Olympiadis
1631 5022 1822 5062 annus
1835 5010 2104 5078 quartus,

460 5107 648 5162 usque
670 5094 741 5148 ad
756 5096 788 5149 d
800 5095 1219 5152 ucentesimam
1244 5097 1348 5166 [Αἱ.
1365 5094 1768 5165 centesimam]
1788 5096 2106 5151 secundum

459 5180 883 5255 Olympiadem,
906 5190 960 5240 et
984 5185 1306 5241 secundum
1335 5183 1598 5254 ejusdem
1622 5183 1986 5255 Olympiadis
2013 5201 2108 5239 an-

461 5287 624 5337 num,
647 5270 982 5343 Tiberiique
999 5273 1240 5329 Caesaris
1269 5288 1489 5327 annum
1509 5271 2104 5342 quintumdecimum,

461 5359 820 5433 colliguntur
849 5363 985 5416 anni
1004 5360 1416 5434 quadringenti
1433 5359 1807 5432 septuaginta
1823 5360 2105 5432 quinque,

459 5449 560 5518 qui
593 5450 812 5506 faciunt
832 5467 1017 5506 annos
1047 5451 1358 5506 Hebraicos
1411 5449 1875 5522 quadringentos
1933 5466 2107 5505 nona-

457 5537 807 5608 ginta,juxta
827 5538 1064 5593 lunares
1089 5539 1177 5610 (ut
1199 5539 1476 5609 diximus)
1501 5553 1751 5592 menses.
1781 5537 1888 5602 Qui
1907 5541 2108 5594 sécun-

533 5679 609 5753 (a)
643 5683 762 5734 Duo
793 5696 934 5735 mss.
968 5680 1036 5737 ab
1071 5679 1174 5736 illo
1206 5685 1438 5754 tempore
1468 5680 1817 5736 uoluerimus
1871 5696 2100 5738 sumere.

2214 4671 2317 4726 que
2372 4655 2446 4710 ad
2516 4653 2794 4710 Christum
2852 4654 3042 4709 ducem
3091 4651 3448 4711 hebdomadm
3512 4656 3732 4724 septem,
3798 4647 3839 4699 et

2217 4742 2568 4800 hebdomadas
2622 4744 2915 4812 sexaginta
2998 4743 3144 4813 duae,
3235 4741 3381 4799 685
3464 4741 3525 4797 id
3611 4743 3717 4805 est,
3790 4734 3842 4786 ut

2219 4837 2442 4905 septem
2501 4831 2901 4901 hebdomadas,
2961 4836 3017 4886 et
3074 4835 3276 4904 postea
3333 4829 3643 4903 sexaginta
3714 4826 3842 4881 dum.

2217 4938 2345 4994 quae
2393 4920 2616 4976 faciunt
2673 4935 2860 4975 annos
2918 4921 3353 4992 quadragentos
3404 4918 3704 4992 octoginta
3746 4916 3846 4966 tres

2217 5009 2416 5081 aCyro
2477 5012 2880 5063 numerentur.
2937 5010 3015 5062 Ac
3068 5024 3141 5064 ne
3195 5007 3503 5064 videamur
3562 5013 3844 5079 procacem

2217 5101 2450 5153 tantum
2473 5097 2618 5152 ferre
2648 5095 3024 5163 sententiam,
3049 5101 3106 5152 et
3135 5113 3250 5152 non
3283 5096 3532 5169 probare
3587 5109 3712 5167 quas
3767 5087 3848 5143 di-

2219 5186 2430 5253 cimus,
2466 5201 2846 5240 numeremus
2878 5201 2976 5242 eos
3007 5185 3106 5256 qui
3137 5189 3269 5257 post
3294 5186 3499 5241 Jesum
3533 5183 3728 5238 ﬁlium
3767 5177 3851 5233 Jo-

2217 5275 2386 5330 sedec
2405 5289 2590 5344 usque
2608 5273 2681 5328 ad
2700 5273 3013 5328 adventum
3033 5271 3485 5347 Dominipopulo
3510 5266 3854 5345 praefuerunt

2216 5363 2453 5431 Christi,
2478 5362 2536 5417 id
2567 5366 2654 5417 est
2682 5362 2837 5417 uncti
2874 5361 2931 5416 in
2956 5361 3653 5434 pontificatum.Primum
3669 5355 3853 5431 igitur,

2219 5456 2282 5507 ut
2301 5456 2434 5508 ante
2449 5453 2573 5523 jam
2599 5449 3018 5522 diximus,post
3039 5451 3293 5508 Danielis
3316 5449 3693 5523 prophetiam
3714 5458 3856 5516 quea-

2216 5540 2368 5596 iacta
2397 5543 2485 5596 est
2514 5539 2623 5595 sub
2653 5540 2796 5612 Cyro
2830 5554 2980 5612 rege,
3015 5543 3325 5612 postquam
3360 5539 3430 5595 de
3455 5535 3755 5610 Babylone
3774 5544 3857 5585 re-
