3944 6178
131 230 217 292 545
792 200 1535 289 COMMENTARIORUM
1581 225 1657 286 IN
1704 226 1803 288 DA

129 379 285 421 versus
318 364 399 416 est
421 359 874 432 populus,Jesus
906 358 1064 414 ﬁlius
1092 359 1333 415 Josedec
1361 359 1494 428 fuit,
1516 375 1703 414 sacer-
1732 360 1787 425 Α

128 455 206 508 dos
231 453 534 522 magnus,et
561 447 873 504 Zorobabel
906 446 1064 503 ﬁlius
1085 446 1700 518 Salathiel,quitempli

125 541 442 597 fundamenta
472 539 735 609 iecerunt
764 555 776 592 :
801 536 1202 608 impeditoque
1223 553 1391 607 opere
1406 554 1439 591 a
1456 535 1706 591 Samari-

121 630 242 700 tis,et
266 627 379 682 aliis
406 626 464 681 in
487 627 734 681 circuitu
766 625 1356 696 nationibus,septem
1388 625 1704 680 hebdoma-

128 719 289 773 darum
317 715 442 770 anni
474 713 748 785 completi
783 718 941 782 sunt,
972 713 1030 767 id
1080 718 1186 779 est,
1221 713 1609 784 quadraginta
1651 715 1708 767 et

125 821 302 872 novem,
330 804 386 858 in
416 803 630 875 quibus
651 803 1061 874 imperfectum
1084 817 1231 873 opus
1262 801 1464 872 templi
1482 801 1593 856 fuit
1616 817 1628 854 :
1652 805 1710 856 et

123 911 233 967 quas
256 891 541 966 prophetia
571 908 604 946 a
632 891 876 963 reliquis
915 889 1216 963 sexaginta
1243 890 1472 945 duabus
1493 890 1709 944 hebdo-

124 982 340 1037 madibus
368 979 881 1052 separat.Denique
913 988 970 1034 et
997 978 1179 1033 Judaei
1211 978 1270 1033 in
1302 978 1613 1050 Evangelio
1643 995 1711 1034 ex

123 1072 202 1126 hac
225 1069 471 1141 opinione
503 1069 609 1139 [Αἰ.
644 1067 1001 1140 opinatione]
1034 1058 1357 1138 loquuntur
1403 1068 1476 1122 ad
1507 1067 1708 1123 Domi-

121 1176 260 1214 num:
288 1157 662 1228 Quadraginta
689 1163 740 1212 et
766 1173 865 1212 sea:
894 1157 1058 1211 annis
1083 1155 1428 1225 aediﬁcatum
1483 1159 1558 1210 est
1602 1165 1712 1211 ten-

120 1248 235 1318 plum
259 1249 362 1312 hoc,
394 1248 441 1303 et
469 1249 531 1299 tu
557 1247 619 1300 in
649 1247 758 1300 trib
770 1261 833 1300 us
851 1245 1038 1300 diebus
1050 1245 1337 1300 suscitabis
1366 1245 1511 1299 illud
1529 1247 1706 1313 (Joan.

121 1355 162 1401 ιι,
185 1335 293 1404 20‘?)
322 1336 425 1391 Tot
455 1334 612 1390 enim
645 1333 783 1389 anni
816 1337 956 1389 sunt
985 1351 1018 1388 a
1048 1333 1236 1404 primo
1268 1349 1421 1388 anno
1452 1332 1582 1405 Cyri
1624 1349 1709 1389 re-

120 1425 198 1496 gis,
221 1423 306 1496 qui
333 1423 659 1479 libertatem
691 1423 852 1478 dedit
885 1421 1218 1478 volentibus
1255 1420 1473 1476 Judaeis
1503 1421 1712 1476 reverti

119 1512 159 1567 in
183 1513 612 1584 patriam,usque
634 1512 706 1566 ad
737 1516 967 1566 sextum
991 1527 1212 1565 annum
1234 1509 1388 1565 Darii
1408 1509 1580 1581 regis,
1602 1511 1711 1566 sub

121 1617 201 1672 quo
224 1600 580 1672 templiopus
609 1615 780 1655 omne
812 1599 1168 1671 completum
1202 1603 1306 1654 est.
1341 1598 1516 1653 Porro
1547 1599 1710 1653 Jose-

120 1690 302 1760 phus,et
329 1689 474 1744 alios
506 1693 626 1744 tres
661 1705 846 1743 annos
877 1687 1120 1758 addidit,
1156 1687 1213 1742 in
1247 1687 1458 1758 quibus
1496 1680 1714 1760 περίϐο-
1746 1725 1793 1789 Β

121 1775 180 1829 λοι
205 1777 406 1850 templi,
445 1781 505 1832 et
531 1778 800 1849 quaedam
833 1776 948 1833 alia
981 1793 1106 1847 quae
1156 1781 1559 1831 remanserant
1587 1793 1714 1848 per-

122 1867 232 1922 fecta
246 1869 372 1922 sunt
395 1867 526 1938 :qui
549 1865 732 1921 additi
749 1865 1138 1937 quadraginta
1158 1881 1258 1920 sex
1277 1865 1467 1936 annis,
1497 1865 1719 1920 iaciunt

121 1973 262 2011 annos
289 1954 676 2027 quadraginta
706 1970 935 2021 novem,
958 1954 1015 2007 id
1049 1957 1155 2018 est,
1171 1958 1393 2025 septem
1427 1970 1712 2008 annorum

118 2041 766 2115 hebdomadas.Reliquas
790 2046 984 2098 autem
1008 2041 1308 2113 sexaginta
1330 2042 1477 2096 duas
1507 2041 1719 2097 hebdo-

123 2133 283 2189 madas
314 2133 382 2188 ab
412 2131 680 2202 ejusdem
707 2130 861 2186 Darii
883 2130 1132 2202 septimo
1165 2146 1318 2184 anno
1349 2136 1715 2185 enumerant.

117 2223 209 2285 Quo
231 2227 477 2294 tempore
507 2221 682 2277 Jesus
711 2220 871 2275 ﬁlius
900 2219 1226 2289 Jossdec,et
1261 2219 1576 2274 Zorobabel
1589 2221 1716 2290 jam

116 2312 318 2382 majoris
333 2310 511 2366 atatis
533 2309 747 2381 populo
769 2312 1053 2380 prmerant
1076 2326 1088 2363 :
1111 2309 1218 2362 sub
1240 2307 1454 2378 quibus
1478 2308 1720 2380 prophe-

115 2405 344 2455 taverunt
369 2403 637 2472 Aggzeus,
663 2402 720 2452 et
747 2397 1092 2452 Zacharias:
1143 2401 1275 2468 post
1307 2412 1454 2468 quos
1504 2397 1719 2452 Esdras

116 2493 156 2542 et
179 2488 419 2543 Neemias
476 2488 550 2542 de
597 2485 888 2559 Babylone
942 2485 1265 2551 venientes,
1298 2500 1498 2540 muros
1557 2484 1718 2540 urbis

115 2580 500 2642 exstruxerunt,
524 2578 757 2630 tenente
817 2574 1220 2646 pontiﬁcatum
1277 2573 1563 2641 Joachim,
1599 2572 1718 2628 ﬁlio

118 2668 243 2733 Iesu,
270 2667 650 2736 cognomento
679 2663 952 2719 Josedec:
979 2666 1112 2734 post
1146 2677 1318 2733 quem
1346 2660 1630 2716 successit
1659 2660 1732 2715 in'

116 2753 459 2808 sacerdotium
492 2751 753 2821 Eliasub,
811 2768 877 2806 ac
931 2751 1140 2806 deinde
1169 2750 1408 2822 {Joiade,
1441 2754 1498 2806 et
1521 2753 1722 2822 postea

119 2840 328 2896 Joannes
353 2857 364 2896 :
390 2844 525 2913 post
556 2856 729 2911 quem
757 2839 1178 2910 Jaddus,cujus
1204 2843 1370 2894 aetate
1398 2838 1722 2895 Alexander

117 2944 189 2982 rex
214 2930 602 2994 Macedonum,
635 2927 896 2983 condidit
922 2927 1352 2995 Alexandriam,
1372 2927 1525 2983 686
1559 2931 1623 2982 ut
1642 2928 1720 3000 (α)

113 3018 362 3090 Iosephus
389 3018 447 3072 in
471 3017 907 3088 Antiquitatum
935 3016 1100 3072 libris
1123 3015 1382 3088 loquitur
1407 3034 1418 3071 :
1443 3017 1720 3088 venitque

115 3106 515 3179 ierosolymam,
534 3109 593 3161 et
619 3105 957 3161 victimasin
979 3104 1553 3177 temploimmolavit.
1574 3106 1719 3160 Mor—
1750 3090 1792 3156 C

117 3199 191 3249 tuo
216 3199 396 3250 autem
426 3195 774 3262 Alexandro,
809 3193 1126 3249 centesima
1173 3193 1492 3249 tredecima
1523 3192 1723 3266 Olym-

116 3284 420 3354 piade,anno
451 3282 858 3339 ducentesimo
880 3282 1186 3355 trigesimo
1209 3287 1368 3338 sexto
1410 3282 1571 3355 regni
1592 3282 1723 3338 Per-

118 3388 313 3427 sarum:
347 3373 498 3445 quod
534 3377 788 3444 cmperat
818 3371 1008 3444 primo
1039 3388 1192 3427 anno
1223 3370 1725 3444 quinquagesima:

120 3461 294 3529 quinta
339 3460 699 3534 Olympiadis
726 3478 739 3515 :
773 3477 887 3532 quo
916 3465 1176 3532 tempore
1205 3460 1385 3532 Cyrus
1416 3477 1514 3516 rex
1535 3460 1730 3516 Persa-

121 3566 237 3618 rum,
270 3549 638 3622 Babylonios,
697 3548 1111 3620 Chaldaeosque
1165 3550 1477 3621 superavit,
1511 3553 1568 3604 et
1596 3553 1730 3620 post

123 3643 327 3695 mortem
349 3639 517 3696 Jaddi
545 3638 884 3708 sacerdotis,
907 3639 1008 3710 qui
1038 3639 1148 3694 sub
1170 3638 1494 3694 Alexandro
1510 3637 1728 3709 templo

124 3728 330 3794 praefuit,
354 3727 611 3799 suscepit
643 3727 1046 3800 pontiﬁcatum
1078 3728 1293 3782 Onias:
1325 3743 1437 3798 quo
1469 3730 1729 3798 tempore

125 3815 378 3887 Seleucus,
413 3818 545 3887 subj
558 3819 735 3888 ugata
753 3815 1338 3888 Babylone,diadema
1357 3816 1536 3871 totius
1553 3815 1726 3888 Syriae

123 3909 161 3954 et
183 3905 312 3959 Asia
341 3906 510 3978 capiti
530 3922 639 3961 suo
672 3905 1130 3976 imposuit,anno
1152 3905 1498 3960 duodecimo
1523 3904 1730 3959 mortis

123 3992 479 4050 AlexandriJn
503 3994 664 4065 quod
687 3999 921 4064 tempus
945 3997 1343 4065 supputantur
1365 4009 1568 4048 omnes
1591 3991 1729 4048 anni

123 4082 270 4152 δεῖτὶ
309 4083 578 4156 imperio,
611 4082 847 4137 ducenti
898 4082 1287 4154 quadraginta
1311 4086 1460 4137 octo.
1508 4086 1584 4136 Ex
1615 4097 1730 4153 qua

123 4176 246 4224 state
274 4172 571 4246 Scriptura
601 4170 1067 4226 Machabzeorum
1101 4187 1346 4242 regnum
1398 4171 1727 4226 Grmcorum

121 4267 395 4315 enumerat.
418 4262 561 4317 Post
582 4259 791 4316 Oniam
809 4259 1269 4331 praefuitJudzeis
1291 4259 1547 4332 pontifex
1568 4259 1728 4314 Elea-

121 4360 268 4402 zarus.
299 4350 417 4413 Quo
450 4355 714 4421 tempore
746 4348 1127 4420 Septuaginta
1159 4348 1504 4420 interpretes
1537 4348 1729 4419 Scrip-

120 4439 245 4489 turas
273 4443 498 4495 sanctas
535 4436 898 4493 Alexandria
929 4437 1204 4491 dicuntur
1233 4437 1294 4490 in
1326 4437 1588 4492 Graecum
1612 4454 1732 4492 ver-
1762 4459 1806 4524 Ι)

119 4521 227 4577 tisse
240 4541 587 4583 sermonem:
614 4530 750 4599 post
771 4542 945 4597 quem
969 4525 1423 4594 alterOnias,cui
1449 4526 1731 4581 successit

120 4609 298 4683 Simon,
329 4634 438 4689 quo
500 4620 741 4690 regente
798 4614 1102 4688 populum,
1133 4614 1308 4670 Jesus
1338 4614 1495 4670 ﬁlius
1525 4615 1728 4670 Sirach

118 4701 314 4770 scripsit
342 4704 561 4761 librum
599 4705 699 4778 qui
733 4705 927 4760 Graece
957 4702 1254 4776 παναρετὸς
1297 4702 1644 4775 appellatur,
1676 4707 1733 4759 et

119 4784 374 4862 Plerisque
399 4792 738 4850 Salomonis
769 4792 913 4848 falso
942 4792 1175 4847 dicitur.
1208 4792 1312 4848 Cui
1357 4792 1640 4848 successit
1671 4793 1729 4849 in

121 4877 479 4940 pontiﬁcatum
516 4883 672 4938 alius
709 4883 906 4953 Onias,
939 4899 1053 4954 quo
1103 4887 1362 4954 tempore
1410 4882 1731 4936 Antiochus

119 4959 316 5023 ludeos
333 4971 438 5027 diis
463 4972 728 5045 gentium
748 4970 1055 5026 immolare
1069 4971 1460 5042 cogebat.Quo
1475 4975 1730 5038 mortuo,

115 5045 270 5108 ludas
298 5056 666 5117 Machabaeus
697 5060 965 5132 purgavit
1012 5058 1321 5131 templum,
1354 5063 1410 5115 et
1441 5059 1729 5114 idolorum

117 5136 394 5203 simulacra
431 5149 728 5205 contrivit.
763 5148 867 5204 Cui
898 5149 1182 5203 successit
1213 5147 1388 5202 frater
1414 5146 1727 5203 Jonathan:

193 5331 234 5381 ﬂ}
265 5319 423 5397 Libro
449 5327 694 5397 quidem
753 5343 830 5393 x1,
866 5342 914 5397 cf.
967 5327 1019 5396 8,
1049 5323 1475 5397 Jerosolymam
1505 5326 1732 5382 venisse

116 5382 484 5482 iterandi-uin.
501 5397 685 5482 tradit
711 5382 1038 5482 losephus’;
1072 5401 1130 5452 et
1161 5396 1218 5482 iln
1258 5382 1474 5482 templo
1507 5399 1733 5482 sacriﬁ-

115 5467 351 5546 τῷ
378 5471 492 5546 Θεῷ
517 5469 655 5546 κατμᾶ
683 5469 788 5546 es!
943 5466 1271 5546 ’Apthpéwq
1303 5465 1732 5546 ὐῖᾒγησινᾼιιω

113 5539 218 5584 τεθῇ
243 5536 547 5614 temporis,
580 5541 700 5598 sive
742 5536 929 5599 ‘Jaddi
973 5536 1158 5607 aetate,
1209 5536 1508 5599 conditam
1566 5536 1640 5600 ab
1665 5559 1732 5601 eo

1813 226 2104 286 NlELEM
2150 227 2384 286 LIBER
2427 226 2598 286 CAP.
2645 225 2748 285 1X.
3337 223 3460 287 546

1816 361 1872 413 et
1902 361 2031 430 post
2060 374 2191 412 cum
2225 357 2371 412 rexit
2401 356 2681 428 populum
2713 357 2910 412 Simon
2945 358 3124 413 frater
3155 358 3462 428 utriusque

1813 451 1868 502 et
1885 447 2053 517 cujus
2073 451 2255 501 morte
2277 447 2714 502 ducentesimus
2737 447 3165 518 septagesimus
3178 446 3463 518 septimus

1816 536 1977 607 regni
2020 536 2194 607 Syriae
2224 533 2500 605 impletus
2572 541 2662 590 est
2691 552 2880 590 annus
2907 554 2918 590 :
2950 540 3006 591 et
3037 552 3222 606 usque
3252 537 3323 590 ad
3355 536 3463 590 hoc

1813 629 2067 695 tempus,
2101 623 2564 678 Macbabaeorum
2585 623 2810 694 primus
2833 624 2978 679 liber
2999 624 3303 680 historiam
3323 641 3460 680 con-

1812 713 1978 766 tinet.
2027 713 2543 783 Supputanturque
2604 730 2637 767 a
2686 712 2872 784 primo
2921 730 3072 768 anno
3131 713 3259 784 Cyri
3311 715 3464 786 regis

1817 805 2147 866 Persarum,
2193 816 2379 870 usque
2420 801 2490 854 ad
2547 801 2721 855 ﬁnem
2774 802 2944 872 primi
2999 802 3461 858 Machabazorum

1816 888 2157 954 voluminis,
2189 894 2246 941 et
2277 892 2521 944 mortem
2546 889 2800 944 Simonis
2823 890 3136 961 pontiﬁcis,
3159 891 3294 945 anni
3321 908 3464 961 qua-

1818 977 2108 1048 dringenti
2129 976 2328 1047 viginti
2367 977 2789 1048 quinque.Post
2811 995 2983 1049 quem
3000 979 3256 1034 Joannes
3276 980 3467 1035 tenuit

1817 1065 2250 1130 Pontiﬁcatum,
2300 1065 2470 1120 annis
2517 1066 2715 1137 viginti
2780 1083 3022 1122 novem:
3073 1085 3188 1139 quo
3237 1073 3466 1124 mortuo

1817 1152 2207 1225 Aristobolus,
2243 1171 2354 1208 uno
2386 1171 2537 1209 anno
2571 1155 2798 1226 praefuit
2827 1157 3078 1228 populo:
3109 1159 3208 1227 qui
3240 1158 3468 1229 primus

1821 1259 2084 1298 reversus
2118 1243 2188 1297 de
2221 1243 2817 1314 Babylone,diadema
2835 1245 3063 1318 insigne
3083 1247 3255 1318 regiae
3275 1252 3466 1319 potes-

1820 1331 1957 1386 tatis
1979 1347 2112 1386 cum
2133 1331 2350 1386 honore
2371 1332 2746 1402 pontiﬁcatus
2760 1335 3102 1406 assumpsit.
3127 1336 3316 1406 Hujus
3339 1352 3473 1390 suc-

1821 1435 2016 1474 cessor
2048 1419 2155 1473 fuit
2183 1418 2522 1484 Alexander,
2558 1437 2656 1475 rex
2713 1422 2859 1476 687
2917 1423 3157 1492 pariter,
3191 1428 3246 1478 et
3277 1426 3467 1496 ponti-

1822 1509 1934 1572 fex,
1966 1507 2066 1578 qui
2099 1507 2246 1561 rexit
2277 1507 2557 1578 populum
2620 1511 2791 1564 annis
2847 1511 3081 1582 vigintiﬂ
3111 1517 3366 1583 septem:
3413 1517 3470 1569 et

1822 1596 2128 1662 hactenus,
2162 1613 2194 1650 a
2224 1596 2412 1666 primo
2445 1613 2596 1651 anno
2627 1598 2753 1666 Cyri
2788 1599 2960 1670 regis,
2994 1604 3050 1654 et
3101 1601 3467 1672 captivorum

1825 1684 2143 1755 reditu,qui
2175 1685 2235 1738 in
2265 1685 2526 1740 Judaaam
2559 1686 2753 1741 venire
2783 1687 3114 1759 voluerunt,
3141 1694 3466 1761 supputan-

1825 1777 1921 1828 tur
1950 1772 2086 1827 anni
2121 1773 2490 1844 quadraginti
2523 1775 2814 1846 octoginta
2844 1781 2960 1832 tres
2987 1795 2999 1831 :
3037 1794 3183 1848 quos
3223 1784 3467 1851 septem,

1826 1867 1884 1917 et
1905 1862 2202 1934 sexaginta
2222 1863 2347 1917 duae
2387 1863 2789 1933 hebdomadas,
2820 1864 2877 1919 id
2912 1870 3020 1931 est,
3053 1868 3469 1939 sexagintano-

1824 1967 1951 2005 vem
1977 1949 2152 2004 simul
2175 1950 2453 2005 efﬁciunt.
2479 1953 2550 2006 Et
2571 1952 2679 2007 hoc
2705 1953 2860 2008 omni
2886 1957 3148 2025 tempore
3169 1956 3472 2028 pontiﬁces

1827 2043 2101 2094 rexerunt
2131 2039 2414 2110 populum
2443 2041 2802 2108 Judznorum,
2837 2059 2983 2114 quos
3015 2060 3118 2116 ego
3141 2061 3296 2099 nunc
3317 2044 3472 2100 arbi-

1825 2133 1949 2183 tror
1975 2129 2164 2183 vocari
2198 2128 2456 2184 Christos
2477 2129 2910 2186 duces.Mortuo
2933 2136 3129 2188 autem
3153 2133 3470 2190 novissimo

1827 2231 2028 2271 eorum
2061 2216 2406 2284 Alexandro,
2433 2217 2546 2272 huc
2576 2222 2749 2289 atque
2779 2219 2916 2275 illuc
2950 2221 3009 2275 in
3053 2222 3246 2278 varias
3278 2227 3474 2295 partes

1829 2304 2052 2375 absque
2074 2303 2194 2358 ullo
2217 2305 2361 2359 duce
2385 2321 2527 2377 gens
2544 2307 2881 2362 Judaeorum
2903 2309 3292 2367 seditionibus
3314 2329 3476 2368 vexa-

1829 2391 2084 2457 batur,in
2115 2397 2343 2447 tantum
2376 2397 2440 2446 ut
2466 2392 2810 2465 Alexandra,
2843 2413 2968 2468 qua
2999 2402 3054 2452 et
3083 2398 3278 2454 Salina
3308 2417 3474 2456 voca-

1829 2481 2292 2551 batur,ejusdem
2317 2480 2625 2536 Alexandri
2655 2485 3110 2554 uxor,obtineret
3133 2487 3470 2559 imperium,

1828 2573 1884 2625 et
1915 2569 2316 2640 pontiﬁcatum
2349 2571 2584 2640 quidem
2640 2572 2888 2628 Hircano
2957 2573 3075 2630 ﬁlio
3114 2581 3470 2632 reservaret:

1828 2657 2156 2713 Aristobolo
2188 2663 2381 2713 autem
2414 2658 2580 2714 alteri
2608 2660 2726 2729 ﬁlio
2757 2678 3003 2734 regnum
3033 2664 3471 2736 traderet,quod

1829 2746 2083 2802 obtinuit
2113 2747 2283 2802 annis
2313 2748 2945 2821 decem.Pugnantibus
2965 2756 3161 2807 autem
3193 2758 3395 2809 contra
3417 2770 3480 2809 se

1829 2835 2107 2891 intestina
2137 2837 2420 2892 seditione
2449 2839 2768 2909 germanis,
2793 2845 2849 2894 et
2878 2845 3108 2912 gentem
3139 2843 3476 2898 Judazorum

1829 2923 1889 2977 in
1923 2923 2149 2978 diversa
2170 2925 2365 2980 studia
2379 2925 3104 3000 trahentibus,supervenit
3117 2931 3304 2986 Cneus
3319 2936 3483 2986 Pom-

1831 3013 1996 3082 peius
2025 3013 2142 3067 dux
2173 3013 2418 3068 Romani
2449 3015 2757 3085 exercitus,
2778 3022 3061 3090 captaque
3081 3019 3478 3092 Jerosolymas

1831 3119 2020 3173 usque
2051 3103 2121 3156 ad
2155 3103 2322 3174 adyta
2342 3102 2544 3176 templi
2576 3105 2878 3177 ingressus
2909 3112 3020 3174 est,
3043 3124 3167 3179 quae
3198 3111 3481 3165 vocaban-

1834 3194 1931 3245 tur
1958 3193 2144 3245 sancta
2173 3199 2522 3248 sanctorum:
2557 3193 2938 3268 vinctumque
2968 3197 3074 3268 (Al.
3121 3197 3482 3271 victumque)

1836 3279 2228 3335 Aristobolum
2251 3281 2494 3338 Romam
2515 3284 2675 3340 misit
2697 3301 2932 3340 servans
2955 3287 3252 3358 triumpho
3280 3305 3406 3356 suo,
3427 3293 3486 3344 et

1836 3368 2238 3440 pontiﬁcatum
2258 3369 2505 3426 Hircano
2538 3371 2700 3426 fratri
2733 3374 2860 3444 ejus
2881 3374 3142 3429 tradidit.
3167 3380 3326 3430 Tunc
3367 3376 3484 3448 pri-

1837 3473 2002 3512 mum
2032 3473 2175 3529 gens
2191 3458 2527 3513 Judaeorum
2557 3460 2836 3516 Romanis
2857 3461 3008 3517 facta
3037 3467 3126 3518 est
3153 3463 3480 3521 tributaria.

1837 3545 1974 3601 Post
2003 3562 2176 3617 quem
2204 3546 2457 3602 Herodes
2481 3547 2636 3603 ﬁlius
2667 3550 3319 3621 Antipatris,interfecto
3349 3552 3484 3608 Hir-

1837 3651 2003 3698 cano.
2036 3651 2280 3707 regnum
2311 3635 2648 3692 Judaeorum
2699 3639 3205 3695 senatusconsulto
3237 3641 3480 3712 accepit,

1837 3729 1894 3778 et
1926 3724 2148 3795 primus
2181 3723 2509 3796 alienigena
2537 3726 2754 3780 Judazis
2788 3728 3150 3798 przefuit.Qui
3177 3729 3482 3802 pontiﬁca-

1839 3816 1964 3868 tum
1993 3828 2223 3884 quoque
2242 3829 2612 3886 nequaquam
2620 3816 2790 3885 juxta
2810 3815 2995 3888 legem
3015 3817 3218 3890 Moysi,
3235 3819 3487 3875 mortuis

1838 3901 2475 3973 parentibus,tradebat
2505 3901 2832 3971 liberis,sed
2868 3905 3096 3973 alienis,
3114 3915 3166 3962 el
3199 3924 3304 3964 nec
3338 3908 3487 3980 ipsis

1839 3989 2024 4068 multo
2047 3992 2414 4062 tempore,(b)
2432 3991 2540 4046 nisi
2565 3993 2636 4047 ob
2648 3993 2894 4066 gratiam
2917 4000 2975 4049 et
2995 3996 3485 4066 pretium,divinae

1841 4079 1984 4151 legis
2007 4079 2179 4148 jussa
2210 4084 2608 4136 contemnens.
2647 4105 2673 4131 »
2709 4083 2879 4138 Ponit
2907 4087 2966 4139 et
2995 4085 3171 4141 aliam
3203 4087 3357 4142 idem
3380 4091 3486 4142 Eu-

1839 4167 2040 4224 sebius
2072 4168 2743 4242 explanationem,quam
2775 4171 2826 4226 si
2854 4172 3216 4231 voluerimus
3248 4175 3305 4230 in
3341 4176 3492 4232 Lati-

1839 4275 1978 4312 num
2013 4275 2340 4314 sermonem
2375 4262 3006 4327 vertere,extendemus
3037 4263 3168 4319 libri
3201 4265 3493 4337 magnitu-

1839 4347 2193 4402 dinem.Haec
2213 4354 2302 4403 est
2333 4365 2468 4421 ergo
2499 4349 2994 4422 interpretationis
3023 4354 3151 4423 ejus
3171 4353 3483 4409 sententia:

1837 4439 1883 4491 A
1914 4441 2074 4491 sexto
2105 4454 2257 4493 anno
2290 4437 2469 4505 Darii,
2503 4439 2602 4509 qui
2638 4444 2766 4510 post
2797 4441 3028 4512 Cyrum,
3061 4445 3118 4496 et
3161 4441 3486 4513 Cambysen

1840 4525 2026 4580 ﬁlium
2059 4527 2187 4596 ejus
2219 4527 2478 4598 regnavit
2509 4527 2567 4582 in
2600 4528 2810 4596 Persis,
2835 4531 3066 4600 quando
3085 4529 3286 4601 templi
3315 4547 3490 4601 opera.

1840 4620 2246 4672 consummata
2277 4621 2434 4685 sunt,
2469 4633 2655 4689 usque
2684 4619 2755 4672 ad
2789 4618 3094 4686 Herodem,
3119 4623 3176 4674 et
3203 4621 3486 4676 Caesarem

1838 4706 2187 4776 Augustum,
2222 4710 2496 4760 numerat
2526 4705 2924 4762 hebdomadas
2973 4712 3196 4778 septem
3242 4713 3299 4762 et
3327 4725 3486 4764 sexa-

1840 4794 2003 4865 ginta
2033 4795 2199 4863 duas,
2233 4810 2359 4865 qum
2390 4793 2610 4849 faciunt
2632 4812 2816 4850 annos
2845 4796 3302 4867 quadringentos
3333 4797 3486 4853 688

1841 4883 2134 4954 octoginta
2163 4887 2282 4937 tres
2308 4901 2319 4938 :
2346 4883 2579 4954 quando
2613 4883 3014 4950 Christus,hoc
3043 4889 3152 4954 est,
3174 4885 3485 4955 Hircanus,

1840 4971 2196 5026 novissimus
2225 4972 2482 5042 pontifex
2513 4972 2583 5026 de
2629 4989 2838 5044 genere
2890 4972 3380 5044 Machabzeorum,
3415 4977 3488 5032 ab

1844 5061 2063 5115 llerodc
2085 5060 2396 5132 jugulatus
2428 5065 2537 5127 est,
2595 5067 2652 5116 et
2707 5062 3138 5132 cessavitjuxta
3166 5062 3354 5136 legem
3387 5065 3488 5122 Dei

1843 5148 2186 5220 pontificum
2217 5149 2532 5205 successio.
2591 5149 2892 5204 Civitatem
2943 5167 3174 5222 quoque
3203 5159 3262 5208 et
3291 5154 3488 5226 ipsum

1840 5327 2272 5400 Alexandriam,
2316 5327 2559 5383 minime
2586 5328 2879 5400 Josephus
2906 5334 3122 5386 narrat.

1914 5400 1988 5469 (b)
2021 5399 2179 5454 Istud
2236 5400 2352 5454 nisi
2399 5399 2583 5456 nostri
2631 5399 2774 5457 mss.
2825 5417 2942 5459 non
2971 5401 3207 5464 habent.
3241 5404 3491 5468 Consule

1843 5471 2103 5529 Graecum
2133 5474 2376 5528 textum.
