3978 6188
298 271 411 330 551

1551 268 1614 326 S.
1661 259 1968 324 EUSEBII
2015 259 2454 322 HIERONYMI

3580 258 3694 316 552

297 400 577 472 quoniam
606 397 848 470 impleta
878 400 966 452 est
994 395 1298 467 prophetia
1326 412 1428 467 per
1454 395 1768 450 adventum
1791 395 1939 464 ejus,
1971 394 2026 460 Α
2053 386 3696 463 terna.Elsignabiturvisio,etprophetia,utnequaquam

295 495 602 562 propterea
630 487 850 558 signari
881 485 1188 550 visionem,
1221 488 1278 539 et
1298 483 1666 555 pr0phetiam
1694 481 1941 549 dicebat,

292 578 572 649 quoniam
593 576 720 646 ipse
735 572 1207 644 estsignaculum
1221 571 1485 628 omnium
1501 571 1941 643 prophetarum,

288 665 621 736 adimplens
652 662 851 718 omnia
873 679 998 733 quae
1023 666 1173 716 retro
1196 662 1266 716 de
1288 679 1354 716 eo
1392 660 1685 732 prophetae
1707 659 1940 713 nuntia-

289 756 449 810 bant.
486 753 620 807 Post
649 751 962 806 adventum
994 751 1173 820 enim,
1207 754 1264 804 et
1307 750 1643 821 passionem
1671 740 1800 818 ejus
1830 748 1936 818 (Al.

286 842 547 913 Christi),
572 841 699 912 jam
746 858 862 896 non
911 845 1001 895 est
1046 839 1212 905 visio,
1259 855 1448 910 neque
1490 837 1801 908 Prophetia
1831 836 1936 906 (Αι.

285 930 619 1002 prophetes)
641 946 770 1001 qua:
790 928 1084 984 Christum
1129 927 1359 982 nuntiet
1375 943 1500 982 esse
1519 930 1851 980 venturum.
1872 925 1941 978 Et

285 1022 417 1089 post
438 1017 744 1090 paululum
771 1036 782 1073 :
807 1018 1146 1083 Videamus,
1171 1015 1381 1086 inquit,
1408 1015 1485 1085 (a)
1510 1013 1648 1085 quid
1673 1012 1799 1068 alia:
1814 1029 1940 1084 sep-

287 1112 427 1176 tem,
451 1112 507 1163 et
528 1107 775 1162 dimidia
793 1105 1191 1161 hebdomades
1215 1121 1340 1176 quae
1371 1108 1511 1158 sunt
1544 1101 1855 1158 subdivisaa
1878 1102 1936 1155 in

284 1195 642 1251 abscissione
673 1195 934 1266 priorum
982 1193 1510 1258 hebdomadarum,
1559 1191 1618 1245 in
1661 1207 1776 1262 quo
1804 1194 1934 1244 actu

284 1285 404 1339 sint
424 1282 771 1355 adimpletae.
797 1283 931 1338 Post
952 1284 1284 1353 Augustum
1306 1279 1483 1346 enim,
1506 1280 1578 1351 (b)
1599 1278 1699 1349 qui
1727 1295 1936 1349 super-

282 1371 428 1426 vixit
453 1375 583 1442 post
604 1371 965 1426 nativitatem
1005 1369 1244 1435 Christi,
1272 1369 1410 1423 anni
1446 1366 1781 1438 quindecim
1809 1365 1934 1420 efﬁ-

283 1460 538 1516 ciuntur.
565 1459 668 1514 Cui
695 1459 981 1515 successit
1001 1457 1270 1512 Tiberius
1292 1458 1499 1522 Caesar,
1542 1459 1598 1510 et
1618 1455 1932 1526 imperium

281 1549 487 1604 habuit
500 1547 881 1620 annisviginti
898 1547 1459 1618 duobus,mensibus
1473 1543 1933 1616 septem,diebus

280 1637 350 1708 (c)
374 1636 576 1708 viginti
610 1641 754 1691 octo.
800 1637 990 1707 Hujus
1028 1635 1256 1706 imperii
1291 1635 1515 1689 decimo
1557 1633 1756 1704 quinto
1779 1649 1932 1686 anno

281 1725 355 1796 (ἀ)
373 1725 593 1797 patitur
605 1723 1084 1814 Christus,annos
1269 1722 1491 1814 habens
1507 1721 1672 1814 quasi
1690 1720 1932 1814 triginta
1960 1750 2007 1814 B

278 1818 397 1868 tres
427 1829 559 1868 cum
593 1817 904 1884 pateretur.
931 1813 1075 1868 Item
1104 1812 1276 1882 Cajus
1316 1813 1505 1866 Caesar
1553 1809 1654 1880 qui
1694 1814 1751 1863 et
1779 1808 1928 1864 Cali-

278 1901 435 1973 gula,
461 1902 631 1956 annis
654 1902 863 1972 tribus,
895 1901 1201 1956 mensibus
1223 1904 1373 1966 octo,
1397 1899 1606 1954 diebus
1627 1897 1926 1953 tredecim.

279 1991 427 2046 Nero
451 1990 621 2045 annis
656 2006 886 2054 novem,
932 1989 1236 2044 mensibus
1273 2003 1475 2042 novem
1510 1987 1715 2041 diebus
1744 1987 1930 2041 trede-

280 2079 417 2133 cim.
442 2078 625 2134 Galba
646 2077 950 2133 mensibus
973 2083 1218 2148 septem,
1242 2077 1450 2130 diebus
1469 2076 1536 2147 (θ)
1553 2075 1756 2146 viginti
1777 2079 1924 2131 octo.

279 2167 429 2222 Otho
462 2166 767 2222 mensibus
816 2165 1005 2220 tribus
1064 2165 1271 2219 diebus
1329 2164 1610 2235 quinque.
1657 2163 1927 2218 Vitellius

281 2255 586 2311 mensibus
610 2258 758 2320 octo,
781 2255 988 2309 diebus
1011 2254 1081 2325 (f)
1103 2253 1306 2324 viginti
1345 2258 1495 2308 octo.
1528 2251 1927 2322 Vespasianus

279 2361 434 2399 anno
462 2344 650 2416 primo
672 2343 900 2414 imperii
926 2342 1016 2397 sui
1059 2341 1372 2397 debellavit
1412 2342 1666 2405 Judaeos,
1693 2346 1748 2395 et
1780 2342 1930 2394 ﬁunt

281 2450 352 2488 an
363 2433 418 2487 ni
433 2449 674 2488 numero
694 2430 1121 2503 quinquaginta
1134 2431 1269 2495 duo,
1286 2446 1517 2486 menses
1533 2447 1650 2485 sex.
1665 2430 1808 2484 Nam
1825 2430 1930 2484 im-

282 2522 500 2593 peravit
533 2521 704 2576 annis
730 2520 1023 2587 undecim,
1051 2524 1227 2591 atque
1248 2520 1328 2574 ita
1355 2519 1412 2573 in
1440 2519 1594 2574 diem
1625 2535 1926 2590 expugna-

281 2610 459 2665 tionis
478 2626 617 2678 suze,
641 2609 827 2664 Judaei
851 2608 1242 2680 impleverunt
1270 2608 1667 2663 hebdomades
1689 2612 1925 2679 septua-

279 2699 442 2771 ginta
462 2697 766 2770 praedictas
786 2715 820 2752 a
840 2696 1091 2752 Dauiele.
1123 2720 1150 2746 »
1173 2697 1394 2752 Hebraei
1420 2697 1558 2768 quid
1583 2697 1654 2750 de
1674 2696 1782 2750 hoc
1799 2696 1925 2751 loco

282 2787 538 2843 sentiant
555 2787 708 2841 brevi
734 2802 1003 2841 sermone
1031 2787 1422 2857 perstringam
1441 2786 1545 2856 (At.
1569 2785 1926 2856 perstrinxi),

280 2877 454 2930 ﬁdem
478 2875 766 2929 dictorum
790 2874 880 2928 his
896 2891 929 2928 a
942 2875 1157 2945 quibus
1172 2874 1330 2928 dicta
1341 2891 1406 2928 su
1418 2874 1921 2944 ntderelinquens.

280 2965 556 3018 Dicamus
575 2961 757 3033 igitur
776 2965 1229 3038 παραφραστικῶς
1255 2966 1318 3016 ut
1339 2978 1546 3017 sensus
1563 2962 1925 3016 manifestior

282 3053 400 3107 ﬁat.
434 3050 477 3106 Ο
508 3050 728 3117 Daniel,
762 3053 906 3106 scito
940 3051 1093 3122 quod
1126 3067 1159 3104 a
1204 3051 1298 3105 die
1346 3051 1454 3105 hac
1485 3067 1600 3121 qua
1630 3049 1734 3104 tibi
1767 3067 1923 3105 nunc

2054 483 2338 553 propheta
2368 480 2698 535 inveniatur
2729 478 2788 533 in
2820 478 3019 546 Israel,
3073 482 3131 531 et
3170 479 3425 548 ungatur
3457 479 3696 531 sanctus

2050 574 2403 625 sanctorum.
2432 568 2511 624 De
2540 585 2650 639 quo
2683 568 2742 621 in
2773 565 3050 623 Psalterio
3080 565 3334 638 legimus
3361 568 3692 635 :Propterea

2050 661 2212 713 unxit
2242 667 2291 713 te
2313 660 2466 726 Deus,
2490 659 2629 712 Deus
2660 661 2804 726 tuus,
2847 657 2963 712 oleo
2995 656 3205 712 laetitia
3248 654 3396 710 695
3420 667 3543 724 pra
3567 669 3694 708 con-

2049 748 2284 801 sortibus
2310 748 2420 800 tuis
2452 747 2567 816 (Ps.
2599 763 2750 815 XLIV,
2783 745 2860 816 8).
2894 743 3001 809 Qui
3035 748 3092 798 et
3129 743 3188 797 in
3235 742 3348 797 alio
3397 741 3523 796 loco
3555 740 3697 796 dicit

2050 836 2120 891 de
2151 852 2210 890 se
2235 854 2246 890 :
2276 837 2468 891 Sancti
2495 839 2672 900 estote,
2704 836 2836 904 quia
2891 842 2948 887 et
2996 849 3092 900 ego
3148 836 3365 887 sanctus
3394 847 3516 885 sum
3542 831 3694 899 (Levi

2048 942 2166 987 x1x,
2197 925 2272 995 2).
2305 925 2458 979 Scito
2490 924 2668 995 igitur
2696 922 2975 994 quoniam
3027 939 3061 976 a
3108 921 3202 975 die
3248 921 3358 975 hac
3389 936 3507 990 qua
3538 917 3694 974 hunc

2051 1012 2155 1066 tibi
2186 1011 2414 1083 loquor,
2448 1016 2504 1066 et
2536 1013 2632 1067 Dei
2672 1027 2940 1066 sermone
2991 1010 3286 1082 promitto,
3317 1008 3471 1080 quod
3505 1023 3692 1063 rever-

2047 1104 2205 1155 tatur
2237 1101 2509 1172 populus,
2541 1105 2599 1155 et
2620 1099 2947 1155 Jerusalem
2977 1098 3357 1165 instauretur,
3399 1113 3587 1168 usque
3617 1097 3690 1152 ad

2047 1188 2341 1244 Christum
2357 1190 2585 1259 ducem,
2601 1192 2656 1243 et
2673 1193 3013 1259 perpetuam
3027 1186 3445 1242 desolationem
3463 1185 3690 1257 templi,

2045 1277 2428 1332 hebdomadae
2450 1282 2835 1332 numerentur
2854 1275 3155 1348 sexaginta
3185 1276 3334 1343 duas,
3378 1291 3603 1329 necnon
3636 1279 3695 1330 et

2045 1364 2170 1419 alia
2194 1370 2413 1436 septem
2463 1365 2864 1434 hebdomade,
2899 1364 2959 1418 in
2991 1365 3207 1434 quibus
3221 1364 3393 1434 juxta
3422 1363 3690 1418 ordinem

2045 1470 2219 1510 suum
2236 1455 2360 1507 duae
2376 1469 2468 1508 res
2486 1455 2653 1523 fient,
2671 1454 2741 1508 de
2763 1453 2975 1522 quibus
2997 1457 3053 1507 et
3074 1454 3346 1522 antejam
3368 1451 3508 1517 dixi,
3533 1451 3690 1522 quod

2044 1546 2368 1598 revertatur
2390 1543 2662 1614 populus,
2686 1547 2742 1598 et
2761 1542 3080 1596 aediﬁcetur
3104 1542 3297 1613 platea
3319 1557 3353 1596 a
3375 1540 3614 1596 Neemia
3633 1543 3691 1596 et

2043 1631 2244 1686 Esdra.
2279 1631 2340 1686 1n
2364 1632 2476 1686 {ine
2496 1648 2632 1704 ergo
2655 1630 3160 1686 hebdomadarum
3183 1629 3572 1700 complebitur
3585 1628 3688 1684 Dei

2042 1720 2330 1775 sententia
2362 1719 2420 1774 in
2453 1719 2726 1792 angustia
2766 1724 3119 1790 temporum,
3170 1718 3404 1789 quando
3449 1733 3687 1773 rursum

2038 1808 2373 1864 destruetur
2404 1808 2713 1880 templum,
2747 1812 2804 1862 et
2832 1808 3095 1880 capietur
3118 1807 3341 1863 civitas.
3375 1807 3517 1862 Nam
3553 1811 3688 1878 post

2038 1898 2339 1968 sexaginta
2368 1898 2517 1952 duas
2561 1897 2920 1952 hebomadas
2970 1896 3266 1952 occidetur
3313 1895 3599 1965 Christus,
3628 1899 3687 1950 et

2039 2001 2156 2040 non
2178 1986 2288 2040 erit
2311 1988 2438 2057 ejus
2461 1984 2712 2057 populus
2729 1985 2831 2056 qui
2853 2002 2987 2040 eum
3011 1989 3332 2056 negaturus
3360 1990 3468 2052 est,
3485 1985 3606 2040 sive
3619 1989 3686 2039 ut

2037 2072 2119 2127 illi
2143 2074 2365 2144 dicunt,
2391 2089 2505 2129 non
2533 2073 2644 2128 erit
2664 2073 2822 2128 illius
2848 2074 2954 2143 (Al.
2981 2072 3122 2144 illis)
3158 2073 3495 2145 imperium,
3527 2073 3683 2144 quod

2037 2162 2418 2233 pulabant(g)
2442 2178 2502 2217 se
2525 2166 2871 2218 retenturos.
2913 2163 2981 2217 Et
3022 2161 3163 2233 quid
3195 2161 3321 2217 dico
3354 2163 3426 2217 de
3454 2162 3683 2217 Christo

2037 2251 2374 2322 occidendo,
2403 2255 2460 2305 et
2481 2249 2694 2322 populo
2720 2251 2956 2322 penitus
2977 2251 3298 2305 deserendo
3323 2250 3538 2306 auxilio
3562 2250 3682 2315 Dei,

2038 2355 2169 2394 cum
2202 2339 2516 2407 civitatem,
2549 2345 2605 2395 et
2635 2339 3035 2394 sanctuarium
3067 2338 3462 2410 diseipaturus
3485 2339 3563 2394 sit
3581 2354 3682 2410 po-

2036 2426 2211 2498 pulus
2227 2428 2546 2498 Romanus,
2567 2444 2702 2482 cum
2721 2428 2866 2483 duce
2885 2432 3125 2482 venturo
3145 2427 3542 2499 Vespasiano?
3559 2429 3682 2492 Quo

2037 2522 2290 2581 mortuo,
2311 2516 2622 2572 transactis
2635 2521 2859 2588 septem
2881 2516 3287 2583 hebdomadis,
3302 2515 3358 2571 id
3377 2521 3488 2582 est,
3510 2516 3682 2572 annis

2036 2605 2422 2677 quadraginta
2442 2621 2669 2674 novem,
2691 2605 2873 2660 rElius
2895 2605 3243 2673 Hadrianus,
3267 2609 3324 2660 et
3340 2622 3456 2677 quo
3478 2609 3682 2678 postea

2035 2694 2104 2749 de
2137 2695 2323 2749 ruinis
2351 2693 2678 2749 Jerusalem
2710 2694 2852 2749 urbs
2881 2693 3028 2749 Ailia
3067 2693 3302 2749 condita
3349 2699 3458 2762 est,
3494 2694 3681 2751 rebel-

2033 2781 2222 2838 lantes
2249 2783 2505 2853 Judzeos,
2538 2782 2706 2838 Timo
2739 2783 2886 2837 Rufo
2913 2783 3196 2854 magistro
3247 2784 3532 2839 exercitus
3564 2801 3680 2856 pu—

2033 2872 2355 2943 gnante,(h)
2380 2871 2694 2944 superavit.
2720 2875 2777 2926 et
2799 2877 2941 2926 tunc
2957 2871 3184 2926 deﬁciet
3202 2872 3388 2928 hostia
3414 2877 3469 2928 et
3498 2873 3680 2928 sacri-

2032 2960 2252 3032 ﬁcium,
2285 2965 2341 3016 et
2371 2978 2558 3032 usque
2600 2961 2671 3014 ad
2731 2960 3300 3016 consummationem
3360 2962 3584 3029 mundi,
3620 2968 3680 3018 et

2034 3049 2205 3104 tinem
2241 3049 2631 3121 perseverabit
2686 3049 2987 3105 desolatio.
3036 3049 3150 3105 Nec
3197 3067 3325 3118 nos,
3377 3051 3676 3123 inquiunt,

278 3139 486 3211 loquor
512 3140 654 3211 (erat
673 3115 868 3194 autem
893 3115 1082 3194 an-nus
1125 3139 1349 3210 primus
1383 3115 1555 3206 Darii,
1581 3138 1680 3210 qui
1712 3138 1924 3193 occidit
1952 3115 1994 3181 (ἶ
2037 3115 2280 3205 moveat,
2315 3139 2471 3209 quod
2501 3138 2756 3208 primum
2788 3143 3171 3193 numerentur
3201 3115 3424 3211 septem
3455 3115 3676 3196 hebdo;

281 3227 601 3298 Balthasar,
627 3232 682 3282 et
706 3244 952 3299 regnum
977 3226 1380 3283 Chaldaeorum
1404 3228 1461 3282 in
1481 3228 1686 3282 Persas
1705 3227 1923 3282 Medos-

277 3334 392 3389 que
418 3315 736 3384 transtulit)
767 3333 956 3387 usque
986 3317 1055 3371 ad
1107 3317 1601 3388 septuagesimam
1630 3334 1919 3372 annorum

276 3405 727 3472 hebdomadam,
762 3403 869 3459 hoc
900 3408 988 3460 est
1026 3421 1212 3460 annos
1243 3405 1702 3477 quadringentos
1735 3421 1919 3460 nona-

275 3493 460 3566 ginta,
483 3492 602 3548 hac
624 3492 838 3565 populo
860 3496 959 3548 tuo
997 3509 1097 3565 per
1119 3497 1312 3565 partes
1341 3494 1621 3549 accident.
1654 3494 1916 3548 Primum

277 3582 692 3654 propitiabitur
720 3581 825 3636 tibi
857 3581 1032 3649 Deus,
1064 3598 1240 3653 quem
1274 3598 1430 3637 nunc
1453 3599 1806 3654 magnopere
1825 3583 1919 3638 de—

275 3670 556 3743 precaris,
589 3675 646 3726 et
677 3669 966 3725 delebitur
994 3675 1320 3741 peccatum,
1353 3675 1410 3726 et
1458 3670 1635 3725 finem
1676 3671 1922 3743 accipiet

275 3758 688 3832 praevaricatio.
721 3759 884 3814 Nunc
916 3759 1073 3814 enim
1113 3759 1257 3814 urbe
1303 3760 1552 3826 deserta,
1603 3764 1660 3815 et
1702 3759 1919 3832 templo

2033 3228 2237 3291 madas,
2261 3232 2318 3282 et
2338 3231 2539 3298 postea
2559 3228 2858 3298 sexaginta
2880 3228 3028 3296 duae,
3051 3231 3107 3283 et
3128 3244 3364 3283 rursum
3386 3245 3521 3297 una,
3549 3247 3678 3302 quae

2034 3315 2087 3367 in
2113 3314 2259 3369 duas
2282 3320 2478 3386 partes
2503 3315 2802 3371 dividitur.
2826 3317 2927 3371 Est
2967 3318 3124 3371 enim
3167 3316 3275 3372 hoc
3309 3317 3530 3374 idioma
3555 3334 3677 3373 ser-

2031 3405 2222 3458 monis
2245 3403 2529 3470 Ilebraici,
2553 3409 2610 3459 et
2649 3404 3021 3474 antiquorum
3059 3406 3351 3461 sermonis
3373 3406 3581 3473 Latini,
3609 3411 3676 3462 ut

2036 3497 2166 3547 ante
2180 3493 2243 3564 (ί)
2261 3493 2547 3549 minorem
2573 3509 2886 3548 numerum
2905 3498 3249 3566 supputent,
3265 3499 3322 3549 et
3337 3499 3538 3566 postea
3557 3512 3670 3550 ma-

2023 3582 2234 3651 jorem.
2260 3581 2433 3637 Verbi
2455 3582 2660 3654 gratia,
2688 3599 2801 3637 non
2818 3583 2988 3653 juxta
3010 3583 3415 3655 proprietatem
3454 3583 3672 3656 linguaa

2030 3674 2243 3726 nostra:
2268 3687 2424 3726 nunc
2443 3670 2694 3725 dicimus
2719 3688 2731 3726 :
2757 3670 3051 3727 Abraham
3074 3672 3214 3727 vixit
3235 3672 3400 3728 annis
3430 3676 3665 3728 centum

2029 3760 2402 3832 septuaginta
2457 3759 2752 3831 quinque:
2808 3759 2893 3814 illi
2966 3761 3256 3817 contrario
3307 3761 3664 3834 loquuntur:

278 3863 466 3921 usque
486 3850 558 3904 ad
582 3848 954 3904 frudamenta
969 3849 1285 3916 destructo,
1307 3848 1361 3902 in
1382 3847 1540 3903 luctu
1561 3852 1648 3903 est
1669 3849 1918 3921 populus
2026 3849 2167 3903 vixit
2186 3848 2478 3903 Abraham
2502 3849 2672 3904 annis
2694 3849 2972 3922 quinque,
2991 3854 3047 3905 et
3060 3850 3450 3923 septuaginta,
3467 3853 3524 3905 et
3541 3865 3674 3905 cen-

275 3938 630 3992 constitutus
651 3953 664 3992 :
689 3937 789 3991 sed
821 3954 935 3992 non
969 3940 1102 4008 post
1130 3937 1349 4009 grande
1377 3941 1610 4009 tempus
1632 3937 1920 3993 instaura-

272 4026 453 4080 bitur.
476 4027 546 4080 Et
569 4041 685 4080 non
708 4025 899 4080 solum
927 4025 1035 4080 hoc
1068 4026 1166 4080 {iet
1195 4027 1254 4080 in
1277 4025 1368 4080 his
1391 4025 1762 4097 septuaginta
1783 4026 1922 4082 heb-

275 4113 624 4168 domadibus
641 4117 706 4166 ut
726 4113 1043 4168 aediﬁcetur
1063 4114 1284 4181 civitas,
1309 4119 1366 4169 et
1386 4113 1668 4185 templum
1701 4115 1920 4170 instau-

276 4206 454 4267 retur,
488 4201 588 4256 sed
617 4205 892 4256 nascatur
913 4202 1201 4270 Christus,
1229 4202 1288 4258 id
1315 4207 1422 4268 est,
1448 4202 1682 4272 justitia
1702 4220 1824 4258 sem
1832 4203 1918 4275 pi-

346 4342 423 4412 (a)
452 4341 822 4414 superfluum
854 4342 985 4412 quid
1017 4342 1308 4397 Pamelius
1343 4343 1641 4414 expungit.

2029 3941 2172 3991 tum.
2203 3937 2324 3992 Non
2347 3936 2526 4008 igitur
2545 3945 2606 3992 ut
2627 3935 2843 4009 legitur
2861 3937 2940 3993 ita
2962 3938 3364 4011 impletur,sed
3389 3943 3454 3994 ut
3482 3943 3674 3996 totum

2029 4026 2244 4097 pariter
2264 4030 2633 4098 supputetur,
2657 4026 2740 4081 ita
2759 4027 2935 4082 finem
2953 4028 3183 4099 accipit.
3203 4028 3318 4084 Nec
3332 4029 3677 4100 ignoramus

2029 4115 2316 4186 quosdam
2347 4115 2580 4171 illorum
2615 4115 2827 4186 dicere,
2860 4116 3014 4187 quod
3048 4133 3167 4172 una
3189 4117 3579 4184 hebdomada,
3604 4116 3679 4172 de

2030 4220 2146 4274 qua
2176 4202 2459 4274 scriptum
2490 4207 2614 4258 est:
2650 4204 2804 4259 696
2835 4203 3189 4275 Conﬁrmabit
3223 4209 3456 4278 pactum
3485 4205 3684 4260 multis

2027 4353 2326 4420 pateretur.
2347 4344 2495 4420 Quin
2519 4345 2696 4400 etiam
2711 4346 2918 4417 juncto
2938 4345 3196 4403 Palatino
3213 4348 3518 4420 ipsiusque
3535 4348 3678 4402 Ter-

345 4415 422 4484 (ὁ)
440 4413 621 4488 Palat.
639 4413 1604 4488 ms.guibussuperuixitsmoxanhi
1614 4415 1922 4485 quindecim
1952 4484 1983 4488 _
2027 4413 2258 4472 tulliani
2281 4416 2579 4488 codicibus
2608 4413 2731 4471 non'
2749 4419 2978 4488 triginta
3008 4427 3135 4485 tres,
3169 4413 3269 4475 sed
3301 4413 3536 4488 triginta
3554 4423 3682 4474 tan-

276 4501 379 4563 pro
408 4486 574 4563 annis
604 4485 916 4563 quindecim
946 4501 1015 4540 ex
1036 4484 1227 4563 V_atic.
1262 4485 1512 4563 aliisque
1543 4484 1686 4542 mss.
1716 4504 1922 4563 emen-
1950 4484 1998 4549 D
2028 4487 2382 4563 tumChristi
2396 4504 2580 4543 annos
2594 4484 3680 4563 computat.ApparetinnuiAEvangelii

274 4556 509 4629 damus,
553 4556 1023 4629 interpunctione
1071 4559 1322 4629 insuper
1367 4556 1667 4629 castigata.
1713 4560 1920 4615 Pame-

272 4627 386 4682 lius
415 4627 910 4702 videtur,inquit,
968 4627 1082 4700 legi
1141 4627 1350 4702 debere
1402 4627 1646 4699 primum
1689 4633 1921 4702 Augusti

273 4716 397 4771 pro,
428 4704 556 4754 Post
583 4701 734 4774 enim
757 4704 1103 4770 Augustum:
1150 4700 1288 4771 quia
1330 4701 1428 4756 isti
1459 4701 1596 4756 anni
1627 4719 1700 4757 xv
1728 4700 1917 4774 ipsius

275 4770 415 4826 sunt
438 4770 701 4842 Augusti.

340 4845 412 4910 (ε)
436 4841 618 4897 Penes
640 4841 1292 4916 Tertullianumviginti
1310 4843 1635 4916 dumtaxat,
1661 4844 1718 4898 in
1742 4861 1916 4916 quem

275 4912 818 4988 locumPamelius,
852 4912 1351 4988 tametsi,_inquit
1399 4915 1460 4968 B.
1509 4912 1915 4988 Hieronymus,

270 4985 572 5040 Pomerius
594 4990 652 5040 et
668 4985 1178 5059 glossaordinaria
1196 4985 1398 5059 legunt
1417 4987 1618 5059 viginti
1638 4985 1774 5054 octo,
1799 4987 1919 5059 pla-

271 5059 363 5110 cet
384 5060 580 5110 tamen
602 5057 839 5128 vulgata
858 5057 1049 5122 lectio,
1074 5057 1326 5112 maxime
1366 5074 1501 5112 cum
1537 5058 1662 5113 dies
1705 5057 1921 5114 Auctor

271 5142 388 5180 non
419 5133 734 5196 computet.
766 5129 912 5184 Nam
947 5130 1029 5184 uti
1061 5136 1149 5184 est
1189 5128 1248 5182 in
1281 5129 1469 5183 Fastis
1499 5129 1918 5185 Consularibus

271 5197 479 5253 Goltzii
506 5213 519 5251 :
551 5213 704 5252 ANNO
730 5216 797 5254 ΑΒ
830 5217 964 5255 una.
1011 5220 1058 5256 c.
1113 5216 1440 5255 nccnxxxm.
1491 5217 1562 5254 Αι)
1618 5218 1756 5256 xvu.
1789 5219 1916 5257 κίκι.

267 5286 454 5324 APRIL.
485 5285 599 5324 TIB.
635 5283 830 5325 CAESAR
861 5287 980 5326 DIVI
1008 5287 1141 5327 AUG.
1176 5289 1226 5326 F.
1256 5288 1374 5326 DIVI
1417 5287 1566 5325 JULII
1598 5289 1772 5328 NEPOS
1802 5293 1915 5331 AU-

269 5357 484 5417 cus'rus
504 5356 907 5417 Moa'ruusss'r.
934 5350 978 5417 ᾼ
996 5359 1198 5398 mense
1214 5347 1405 5397 autem
1428 5349 1692 5417 Augusto
1714 5363 1920 5417 supra-

269 5411 424 5486 dicto
442 5411 581 5467 anni
604 5428 655 5486 v,
681 5427 732 5466 c.
753 5414 878 5477 706,
903 5415 973 5468 ad
998 5431 1260 5486 mensem
1280 5430 1466 5486 usque
1489 5411 1759 5472 Martium
1779 5411 1917 5474 anni

268 5484 395 5549 789,
432 5489 570 5539 sunt
599 5484 884 5539 duntaxat
912 5485 1050 5539 anni
1078 5503 1217 5554 χχιι,
1246 5484 1479 5541 menses
1508 5503 1607 5541 vn.

341 5554 418 5625 (ά)
443 5556 506 5610 In
533 5555 717 5638 Vatic.
742 5572 852 5638 _ms.
880 5555 1310 5638 baptizaturpro
1328 5559 1557 5638 patitur,
1581 5558 1762 5638 ferme
1783 5579 1916 5618 cum

270 5603 1772 5706 aestumas;satis;;"tt"aiu’isxtio‘1;a;€,
1783 5603 1919 5695 Vol};

2029 4560 2455 4635 testimonium,
2489 4559 2644 4635 quod
2671 4576 2823 4615 anno
2869 4578 2944 4635 xv
2978 4559 3200 4635 Tiberii
3228 4559 3569 4635 baptizatus
3588 4566 3682 4617 est

2030 4632 2317 4698 Christus,
2353 4633 2520 4705 quasi
2554 4647 2843 4705 annorum
2873 4632 3135 4705 triginta.

2097 4647 2317 4698 metus,
2353 4647 2520 4756 quael
2554 4647 2843 4687 annorum
2873 4647 3135 4705 triginta.

2097 4704 2167 4775 (ο)
2183 4707 2368 4776 Praetu
2393 4702 2439 4756 it
2454 4702 2858 4776 Pameliussea:
2876 4721 2977 4776 pro
3000 4703 3204 4775 viginti
3217 4703 3537 4776 octoitquia,
3573 4702 3671 4757 in-

2027 4774 2172 4846 quit,
2194 4775 2814 4846 imperavitdumtaxat
2829 4774 2905 4829 vfI
2922 4774 3223 4831 mensibus
3239 4780 3298 4830 et
3315 4774 3522 4830 diebus
3538 4791 3678 4846 pau-

2027 4845 2304 4918 cissimis,
2329 4861 2538 4916 nempe
2555 4862 2661 4900 a1v
2683 4846 2815 4902 idus
2835 4846 3063 4916 Junias,
3087 4863 3274 4918 usque
3296 4849 3368 4901 ad
3391 4863 3529 4901 xvm
3555 4845 3672 4901 kal.

2031 4917 2396 4973 Februarias.

2095 4989 2394 5059 (niterum
2415 5003 2517 5059 pro
2537 4988 2739 5059 viginti
2768 4992 2881 5043 octo
2903 5003 3081 5059 penes
3114 4988 3455 5045 Tertullian.
3489 4989 3674 5059 decem

2095 5004 2517 5113 (niterumgro
2537 5004 2738 5055 viginti
2768 5004 2881 5043 octo
2903 5004 3081 5059 penes
3114 5004 3455 5045 '1'ertuuian.
3489 5004 3674 5043 aecem

2031 5061 2260 5132 legitur,
2286 5076 2400 5130 quo
2431 5130 2440 5132 _
2463 5057 2758 5132 Pamelius
2781 5076 2848 5113 ex
2864 5076 2929 5132 eo
2950 5061 3182 5132 probat,
3205 5060 3361 5132 quod
3392 5062 3456 5114 A.
3491 5058 3675 5132 Vitel-

2026 5129 2141 5186 lius
2172 5129 2473 5202 imperarit
2499 5145 2538 5204 a_
2554 5130 2653 5204 die
2683 5147 2760 5204 xu
2793 5129 2908 5185 kal.
2944 5129 3128 5186 Maias
3161 5129 3346 5204 usque
3379 5131 3449 5186 ad
3476 5148 3530 5186 IX
3550 5130 3668 5186 kal.

2026 5201 2334 5258 Januarias
2363 5218 2487 5275 quo
2502 5201 2602 5275 die
2633 5202 2862 5258 occisus
2884 5207 2992 5268 est,
3017 5201 3320 5259 mensibus
3345 5219 3554 5275 nempe
3580 5219 3675 5256 oc-

2026 5279 2084 5330 to
2115 5279 2173 5328 et
2202 5272 2409 5330 diebus
2439 5272 2683 5342 aliquot.

2097 5347 2170 5417 (g)
2205 5347 2299 5401 Sic
2327 5343 2617 5400 emendat.
2651 5343 2833 5411 Vatic,
2868 5361 2979 5400 ms.
3013 5349 3200 5401 Antea
3229 5350 3373 5410 erat,
3405 5343 3546 5415 quod
3571 5359 3676 5416 pu-

2029 5419 2177 5473 tabat
2197 5434 2253 5471 se
2281 5418 2710 5487 redempturam.

2027 5559 2060 5615 ἀ
2097 5489 2187 5615 κὴ).
2207 5489 2471 5615 Ιῖοτιειεερ
2500 5488 2800 5558 superabit.
2832 5489 2960 5542 Mox
2988 5504 3121 5544 vero
3153 5488 3334 5544 Vatic.
3355 5487 3550 5559 defecit
3570 5502 3675 5558 pro

2055 5578 2091 5615 .e
2113 5577 2215 5615 ποτε
2245 5603 2257 5615 .

2055 5563 2257 5617 Ieficiet.

2094 5562 2365 5706 ξεῖτῖἆὶιο
2395 5634 2843 5690 conterraneum
2873 5646 3072 5690 meum
3091 5631 3261 5690 Card.
3280 5628 3581 5690 Norisium
3602 5627 3676 5687 de
