3978 6188
234 263 346 326 553

973 263 1721 330 COMMENTARIOR-UM
1766 264 1846 326 IN
1889 261 2294 326 DANIELEM
2338 262 2570 327 LIBER
2613 265 2784 328 CAP.
2821 264 2897 328 X.

3519 266 3640 340 5&4

231 393 561 451 hebdomada
589 409 704 452 una
722 411 742 450 :
781 395 1077 452 dividatur
1104 398 1164 452 in
1195 397 1553 468 Vespasiano
1583 401 1638 452 et
1667 396 1727 452 in
1758 401 1873 452 Ha-
1902 401 1958 464 Α
1987 394 2190 467 sponsi
2236 395 2397 469 luget
2415 397 2767 469 absentiam,
2787 414 2904 455 non
2920 398 3174 456 comedit
3188 415 3402 472 panem
3418 401 3645 460 deside—

226 483 459 540 driano:
495 485 651 556 quod
666 486 838 557 juxta
862 485 1168 542 historiam
1195 485 1452 556 Josephi’,
1476 485 1874 559 Vespasianus

227 577 280 628 et
307 573 478 628 Titus
508 573 700 630 tribus
730 574 901 630 anuis
933 579 990 630 et
1018 591 1120 630 sex
1150 574 1455 631 mensibus
1502 590 1705 647 pacem
1737 591 1872 630 cum

225 661 442 718 Judaais
489 662 753 718 fecerint.
805 665 948 719 Tres
994 669 1192 720 autem
1241 664 1378 720 anni
1423 667 1482 720 et
1511 680 1613 720 sex
1642 679 1874 720 menses

221 751 325 807 sub
356 751 657 807 Hadriano
688 757 1109 826 supputantur,
1137 754 1372 824 quando
1391 752 1720 809 Jerusalem
1749 769 1873 808 om-

221 841 349 896 nino
392 841 682 896 subversa
733 847 843 909 est,
888 847 946 898 et
990 843 1330 898 Judaaorum
1361 858 1505 915 gens
1537 842 1872 898 catervatim

221 946 360 986 casa
385 948 399 997 ;
427 930 512 985 ita
533 935 598 985 ut
617 932 828 986 Judaere
850 947 1083 1003 quoque
1105 932 1324 988 ﬁnibus
1347 931 1721 1004 pellerentur.
1748 933 1873 987 Hec

225 1019 550 1090 loquuntur
569 1019 813 1089 Hebraei,
833 1037 948 1075 non
972 1037 1322 1094 magnopere
1338 1025 1610 1078 curantes
1631 1038 1666 1076 a
1685 1021 1873 1094 primo

223 1125 367 1165 anno
385 1108 552 1164 Darii
572 1108 726 1181 regis
742 1110 1074 1178 Persarum,
1096 1126 1285 1182 usque
1306 1112 1378 1167 ad
1397 1114 1717 1167 extremam
1740 1111 1875 1166 sub-

222 1197 549 1254 versionem
565 1196 916 1268 Jerusalem,
940 1215 1068 1271 quae
1090 1199 1201 1254 sub
1224 1199 1515 1255 Hadriano
1535 1199 1620 1256 eis
1640 1199 1871 1267 accidit,

222 1286 535 1361 supputari
550 1286 922 1360 Olympiades
945 1292 1182 1344 centum
1203 1289 1578 1362 septuaginta
1597 1293 1871 1361 quatuor,

221 1375 277 1432 id
304 1381 416 1444 est,
449 1393 640 1432 annos
669 1381 972 1433 sexcentos
1003 1378 1326 1450 nonaginta
1357 1394 1477 1450 sex,
1520 1378 1622 1450 qui
1653 1378 1876 1434 faciunt

221 1465 623 1522 hebdomadas
655 1465 966 1522 Hebraicas
999 1467 1320 1540 nonaginta
1349 1484 1578 1534 novem,
1604 1470 1662 1524 et
1689 1483 1874 1523 annos

219 1559 333 1610 tres
359 1573 373 1610 :
430 1554 667 1626 quando
698 1554 995 1610 Cocbebas
1025 1556 1146 1611 dux
1189 1556 1526 1612 Judaorum
1558 1572 1874 1628 oppressus

220 1647 332 1709 est,
363 1647 421 1699 et
449 1641 776 1699 Jerusalem
806 1659 996 1715 usque
1026 1645 1097 1700 ad
1136 1645 1325 1700 solum
1363 1645 1558 1701 diruta
1587 1650 1694 1701 est.

1981 484 2252 556 rabilem,
2273 485 2372 556 qui
2394 486 2465 540 de
2481 485 2626 542 coelo
2644 487 2974 557 descendit;
2999 504 3188 560 neque
3206 488 3463 545 solidum
3481 491 3644 564 capit

1983 573 2202 642 cibum,
2248 574 2349 646 qui
2380 574 2729 646 intelligitur
2757 577 2816 632 in
2847 593 3040 646 carne,
3098 594 3202 658 nec
3231 577 3384 634 bibit
3410 579 3639 650 vinum,

1982 663 2137 733 quod
2168 661 2421 718 laetiﬁcat
2448 679 2549 720 cor
2575 663 2853 731 hominis,
2882 682 2988 722 nec
3018 665 3308 722 exhilarat
3337 667 3544 724 faciem
3576 668 3638 728 in

1983 747 2130 814 oleo,
2154 749 2324 819 juxta
2353 748 2499 805 illud
2531 752 2690 822 quod
2725 752 2783 807 in
2815 752 3062 824 psalmis
3081 752 3371 826 legimus:
3404 756 3642 813 Πίθωὴί-

1983 838 2125 891 taret
2142 839 2348 907 faciem
2371 841 2430 893 in
2451 838 2571 896 oleo
2595 840 2710 910 (Ps.
2733 857 2855 912 cm,
2884 842 2994 914 15).
3023 846 3144 898 Hoc
3169 846 3366 900 autem
3390 843 3466 917 (b)
3482 847 3562 917 jej
3573 864 3641 902 u-

1983 925 2079 982 nio
2137 943 2354 997 sponsa
2409 927 2808 1001 impetrabiles
2857 930 2996 995 facit
3041 931 3350 1005 lacrymas,
3403 936 3640 1006 quando

1981 1031 2236 1086 sponsus
2267 1016 2441 1072 fuerit
2469 1017 2704 1074 ablatus
2736 1020 2808 1076 ab
2839 1036 2924 1076 ea.
2970 1021 3142 1077 Recte
3171 1037 3406 1094 quoque
3434 1022 3643 1086 Daniel

1981 1105 2158 1161 audet
2176 1105 2492 1162 Dominum
2516 1107 2835 1180 deprecari,
2863 1109 3144 1182 quiajam
3171 1127 3241 1167 ex
3263 1116 3426 1183 parte
3447 1113 3640 1185 primo

1982 1211 2135 1250 anno
2183 1195 2340 1267 regis
2388 1196 2539 1268 Cyri,
2585 1195 2924 1255 Judaeorum
2973 1200 3166 1258 fuerat
3213 1199 3408 1258 laxata
3458 1202 3645 1275 capti-

1985 1281 2154 1338 vitas.

2053 1371 2240 1440 (Vers.
2292 1373 2369 1444 4.)
2417 1374 2519 1430 Die
2562 1381 2744 1431 autem
2792 1377 3056 1433 vicesima
3099 1381 3153 1434 et
3199 1382 3399 1450 quarta
3439 1380 3648 1438 mensis

1981 1461 2177 1530 primi,
2203 1477 2364 1517 eram
2377 1462 2546 1534 juxta
2565 1465 2800 1534 ﬂuvium
2819 1482 3087 1538 magnum
3119 1468 3218 1538 qui
3235 1470 3319 1530 est
3345 1469 3545 1538 Tigris.
3580 1469 3650 1526 Et

1981 1549 2244 1606 Ezechiel
2284 1552 2459 1622 juxta
2487 1552 2732 1609 ﬂuvium
2763 1554 2994 1612 Chobar
3021 1555 3168 1612 vidit
3194 1554 3478 1614 visionem
3510 1574 3637 1616 ma-

1982 1654 2159 1710 gnam
2190 1640 2416 1712 (Ezech.
2462 1641 2523 1713 Ι).
2559 1643 2630 1698 Et
2658 1642 2907 1700 Domino
2938 1643 3244 1713 Salvatori,
3277 1649 3336 1702 et
3363 1646 3636 1720 Baptistae

297 1731 458 1804 (Cap.
490 1731 552 1786 Χ,
594 1763 666 1774 --
709 1735 875 1788 Verg.
909 1733 985 1804 1,)
1033 1735 1186 1790 Auno
1217 1736 1376 1790 tertio
1408 1735 1542 1807 Cyri
1566 1735 1711 1806 regis
1738 1736 1874 1790 Per-
1904 1772 1954 1840 Β
1981 1727 2196 1840 Joanni
2216 1746 2393 1840 super
2421 1730 2643 1788 ﬂuenta
2662 1731 2940 1840 go‘rdanis
2969 1733 3312 1832 aperiuntur
3330 1734 3460 1792 οωιί
3483 1735 3638 1836 (Hal.

217 1838 424 1888 sarum,
447 1823 675 1877 verbum
690 1821 991 1878 revelatum
1009 1830 1090 1879 est
1108 1824 1350 1892 Danieli,
1374 1829 1730 1894 cognomento
1751 1824 1877 1879 Bal-

219 1913 426 1981 lhasar,
447 1919 499 1967 et
519 1911 743 1966 verbum
758 1927 968 1980 verum,
983 1915 1034 1967 et
1047 1912 1309 1982 fortitudo
1324 1930 1558 1984 magna:
1581 1913 1880 1969 intellexit-

219 2016 318 2072 que
343 2016 677 2056 sermonem.
710 2002 1083 2070 Intelligentia
1110 2004 1259 2057 enim
1285 2006 1364 2058 est
1392 2018 1530 2074 opus
1560 2004 1623 2058 in
1650 2004 1878 2060 visione.

219 2089 284 2144 Et
303 2090 617 2161 quomodo
647 2090 707 2145 in
739 2090 855 2146 ﬁne
883 2090 1086 2162 primae
1127 2090 1378 2163 legimus
1427 2091 1708 2148 visionis:
1758 2093 1885 2148 Fuit

225 2187 417 2236 autem
458 2180 655 2254 Daniel
702 2195 871 2251 usque
911 2179 981 2236 ad
1025 2197 1240 2236 annum
1268 2182 1514 2250 primum
1545 2181 1674 2252 Cyri
1700 2183 1887 2253 regis?

229 2268 440 2324 Fuisse
458 2284 597 2342 ergo
613 2284 748 2325 eum
771 2269 924 2341 apud
942 2268 1242 2326 Chaldaeos
1262 2269 1322 2325 in
1341 2270 1588 2342 pristina
1602 2269 1886 2342 dignitate

227 2374 494 2431 purpura
508 2358 801 2432 bsysoque
812 2359 1083 2416 vestitum
1094 2361 1379 2432 ,usquead
1392 2378 1613 2417 annum
1627 2361 1884 2433 primum

223 2446 354 2519 Cyri
376 2446 536 2520 regis
558 2446 964 2520 intelligimus,
990 2449 1225 2520 quando
1249 2449 1539 2505 subvertit
1564 2448 1882 2518 Chaldaeos,

222 2540 275 2592 et
308 2540 525 2608 postea
554 2536 723 2609 caepit
751 2553 878 2593 esse
909 2554 1044 2593 cum
1074 2538 1245 2594 Dario
1276 2537 1396 2594 ﬁlio
1427 2538 1666 2594 Assueri
1691 2539 1763 2594 de
1792 2555 1882 2595 se-

221 2625 386 2681 mine
414 2625 742 2694 Medorum,
776 2626 877 2698 qui
909 2626 1220 2698 imperavit
1240 2643 1418 2698 super
1438 2643 1684 2697 regnum
1713 2626 1884 2684 Chal-

220 2712 513 2782 daeorum.
547 2714 660 2767 Aut
693 2718 845 2768 certe
864 2714 992 2784 jam
1024 2713 1196 2769 Dario
1228 2718 1482 2782 mortuo,
1529 2715 1699 2785 cujus
1729 2732 1884 2771 anno

219 2803 418 2874 primo
451 2801 826 2874 septuaginta
863 2801 1364 2859 hebdomadarum
1397 2809 1765 2861 sacramenta
1791 2821 1886 2861 co-

220 2894 514 2946 noverat:
565 2907 721 2945 nunc
767 2891 937 2946 tertio
980 2908 1132 2946 anno
1176 2892 1331 2964 regis
1360 2892 1490 2963 Cyri
1522 2895 1644 2950 hinc
1673 2893 1888 2950 vidisse

217 2983 523 3036 narratur.
561 2980 626 3035 Et
673 2997 859 3036 verum
881 2980 1124 3047 verbum,
1148 2986 1199 3036 el
1217 2983 1486 3052 fortitudo
1508 3000 1731 3052 magna.
1758 2983 1889 3039 Sive

215 3067 324 3124 Dei
363 3068 467 3139 qui
499 3069 613 3124 ista
643 3069 909 3126 facturus
955 3074 1063 3138 est,
1111 3069 1231 3126 sive
1277 3071 1571 3143 prophetae
1621 3072 1723 3144 qui
1761 3072 1884 3129 haec

219 3155 641 3214 intellecturus
672 3163 778 3214 est.

285 3248 494 3319 (Vers.
551 3247 630 3318 2.)
695 3248 760 3302 In
814 3247 1003 3302 diebus
1057 3249 1175 3303 illis
1227 3264 1322 3320 ego
1381 3251 1577 3306 Daniel
1635 3251 1887 3322 lugebam

215 3339 403 3393 trium
451 3334 920 3392 hebdomadarum
963 3335 1190 3393 diebus:
1235 3355 1440 3410 panem
1466 3339 1888 3397 desiderabilem

218 3442 335 3482 non
367 3424 604 3492 comedi,
651 3433 701 3480 et
728 3441 876 3493 caro,
924 3429 975 3481 et
1017 3428 1211 3482 vinum
1237 3443 1351 3483 non
1379 3430 1712 3486 introierunt
1738 3432 1800 3486 in
1827 3446 1888 3487 os

218 3531 412 3571 meum
435 3530 450 3568 :
503 3512 598 3570 sed
625 3530 800 3585 neque
827 3518 1105 3586 unguento
1134 3524 1329 3572 unctus
1355 3533 1501 3589 sum,
1548 3518 1715 3575 donec
1742 3535 1886 3576 com-

213 3602 527 3675 plerentur
555 3603 724 3658 trium
749 3603 1210 3660 hebdomadarum
1251 3605 1390 3662 dies.
1441 3607 1560 3664 Hoc
1609 3608 1889 3666 docemur

218 3692 522 3764 exemplo,
555 3692 1044 3764 temporejejunii
1066 3711 1102 3749 a
1124 3694 1272 3750 cibis
1294 3693 1733 3753 delicatioribus
1754 3699 1888 3755 abs-

219 3782 419 3836 tinere
452 3781 635 3852 (quod
666 3796 772 3853 ego
804 3785 947 3854 puto
977 3798 1133 3838 nunc
1155 3782 1270 3838 dici
1289 3799 1501 3856 panem
1523 3785 1887 3844 desiderabi-

218 3869 396 3940 lem),
431 3885 540 3926 nec
571 3886 806 3935 carnem
837 3871 1162 3942 comedere,
1196 3887 1302 3928 nec
1321 3872 1400 3944 (a)
1420 3873 1625 3930 vinum
1657 3875 1884 3933 bibere:

223 3959 385 4013 097
442 3957 686 4031 insuper
709 3963 766 4014 et
793 3963 1094 4031 unguenta
1124 3977 1239 4017 non
1271 3978 1549 4033 quaerere.
1603 3964 1710 4031 Qui
1759 3981 1888 4022 mos

227 4046 397 4119 apud
419 4049 625 4104 Persas
647 4051 707 4104 et
729 4047 902 4105 Indos
926 4049 1098 4106 hodie
1120 4066 1352 4122 quoque
1373 4056 1656 4124 servatur,
1691 4057 1756 4109 ut
1783 4071 1888 4126 pro

221 4135 468 4192 balneis
485 4141 729 4193 utantur
745 4139 1081 4211 unguentis.
1097 4140 1240 4196 Tres
1259 4145 1454 4196 autem
1465 4141 1891 4214 jungithebdo—

221 4225 442 4283 madas
477 4225 745 4298 afﬂigens
776 4227 1037 4283 animam
1083 4244 1254 4285 suam
1283 4247 1296 4285 :
1349 4247 1421 4287 ne
1465 4231 1805 4288 transitoria
1833 4235 1891 4292 et

222 4315 480 4372 fortuita
506 4316 774 4372 videatur
801 4317 1148 4389 deprecatio.
1201 4318 1536 4375 Secundum
1573 4321 1889 4395 Anagogen

219 4422 361 4463 vero
411 4405 532 4462 hoc
581 4405 894 4462 dicendum
941 4410 1032 4463 est
1081 4408 1237 4480 quod
1278 4409 1379 4480 qui
1408 4409 1469 4465 in
1501 4409 1663 4466 luctu
1692 4415 1800 4482 est,
1833 4415 1892 4470 et

1988 1817 2094 1888 III).
2128 1818 2198 1890 (ε)
2231 1817 2395 1874 Unde
2423 1835 2626 1876 eorum
2657 1819 3044 1878 deliramenta
3089 1822 3504 1895 conticescant,
3537 1823 3646 1897 qui

1991 1905 2234 1962 umbras
2265 1911 2324 1963 et
2350 1907 2639 1981 imagines
2680 1909 2742 1964 in
2771 1910 3013 1966 veritate
3061 1915 3411 1983 querentes,
3457 1913 3649 1986 ipsam

1991 2003 2281 2051 conantur
2301 2000 2556 2053 evertere
2573 1997 2898 2068 veritatem,
2927 2003 2992 2055 ut
3016 1999 3284 2067 ﬂumina,
3307 2004 3365 2058 et
3387 2002 3648 2072 arbores,

1993 2088 2050 2141 et
2065 2085 2407 2157 paradisum
2428 2090 2636 2158 putent
2652 2086 2944 2162 allegoriae
2963 2087 3195 2162 legibus
3211 2106 3276 2148 se
3291 2091 3501 2150 debere
3515 2093 3651 2150 sub-

1995 2190 2181 2230 ruere.

2065 2262 2250 2335 (Vers.
2299 2264 2380 2335 5.)
2425 2265 2492 2320 Et
2539 2265 2717 2321 levavi
2755 2266 2938 2322 oculos
2965 2283 3130 2336 meos,
3176 2271 3231 2324 et
3257 2269 3394 2326 vidi.
3441 2268 3654 2333 Elevar

1992 2351 2152 2409 tione
2173 2369 2322 2425 opus
2347 2357 2436 2409 est
2460 2353 2786 2422 oculorum,
2808 2359 2876 2411 ut
2893 2355 3180 2414 visionem
3202 2358 3512 2432 mysticam
3532 2374 3655 2418 cer-

1996 2457 2133 2498 nere
2162 2440 2483 2498 valeamus.
2821 2508 2826 2512 _

2064 2531 2130 2584 Et
2158 2546 2275 2585 ecce
2293 2532 2380 2586 vir
2399 2546 2542 2586 unus
2559 2533 2786 2588 vestitus
2807 2533 2991 2589 lineis.
3025 2533 3133 2590 Pro
3157 2535 3343 2604 lineis,
3378 2537 3535 2608 quod
3557 2537 3649 2598 in-

1994 2622 2350 2692 terpretatus
2396 2624 2486 2676 est
2531 2619 2762 2692 Aquila,
2813 2621 3131 2680 Theodotio
3177 2640 3400 2680 unum
3429 2626 3649 2698 posuit,

1997 2708 2402 2780 Septuaginta,
2426 2709 2668 2782 byssina,
2689 2710 3075 2784 Symmachus
3098 2711 3176 2784 (ἀ)
3199 2709 3459 2787 ἐξαίρετα,
3481 2715 3541 2770 id
3563 2719 3657 2774 est

1991 2798 2293 2868 praecipua.
2325 2801 2436 2852 Pro
2457 2814 2524 2853 eo
2547 2802 2766 2865 autem,
2798 2799 2954 2870 quod
2978 2817 3084 2856 nos
3105 2801 3278 2872 juxta
3299 2802 3652 2861 Hebraicum

1995 2886 2277 2941 vertimus
2306 2903 2320 2942 :
2366 2903 2486 2944 ecce
2512 2888 2620 2955 vir,
2671 2887 3060 2959 Symmachus
3089 2890 3304 2962 posuit,
3332 2894 3494 2962 quasi
3520 2880 3653 2950 viri:

1997 2990 2113 3030 non
2145 2974 2301 3030 enim
2332 2975 2420 3029 vir
2449 2980 2591 3045 crat,
2626 2976 2725 3032 sed
2756 2975 2862 3032 viri
2895 2977 3146 3035 habebat
3173 2978 3649 3038 similitudinem.

2066 3064 2134 3118 Et
2161 3079 2318 3120 renes
2344 3065 2462 3136 ejus
2490 3066 2722 3120 accincti
2749 3081 2885 3121 auro
2915 3066 3128 3138 obryso.
3159 3067 3269 3123 Pro
3300 3085 3414 3140 quo
3443 3070 3505 3125 in
3536 3068 3654 3127 He-

1912 3143 1955 3211 C
1984 3150 2147 3209 brieo
2178 3151 2392 3224 legitur
2419 3153 2488 3225 (θ)
2528 3162 2666 3216 iam
2697 3170 2899 3221 opnaz,
2931 3155 3090 3226 quod
3119 3155 3330 3229 Aquila
3355 3156 3435 3213 ita
3465 3157 3648 3220 inter.-

1992 3243 2256 3312 pretatus
2304 3244 2439 3298 est:
2491 3244 2560 3298 Et
2606 3242 2784 3298 lumbi
2823 3243 2940 3315 ejus
2985 3245 3217 3301 accincti
3263 3249 3424 3303 erant
3471 3247 3651 3305 colore

1995 3327 2166 3406 ὠφάξ.

2067 3419 2221 3475 098
2243 3418 2429 3491 (Vers.
2475 3418 2556 3491 6.)
2605 3420 2673 3475 Et
2699 3434 2898 3489 corpus
2926 3422 3041 3493 ejus
3071 3424 3231 3493 quasi
3258 3422 3646 3496 chrysolithus.

1993 3507 2068 3582 (f)
2099 3508 2206 3564 Pro
2237 3507 2620 3581 chrysolitho,
2652 3509 2754 3580 qui
2785 3526 2940 3566 unus
2960 3514 3051 3567 est
3070 3511 3143 3566 de
3163 3512 3470 3569 duodecim
3496 3511 3650 3585 lapi-

1995 3597 2170 3654 dibus
2199 3597 2302 3669 qui
2331 3601 2632 3669 ponuntur
2659 3597 2721 3652 in
2752 3598 2929 3671 Logio
2961 3599 3283 3671 Pontificis,
3314 3601 3376 3656 in
3407 3600 3647 3662 Hebrum

1994 3685 2173 3743 habet
2198 3695 2409 3748 warm
2442 3687 2718 3751 Tuansxs,
2753 3687 2910 3758 quod
2941 3686 3263 3744 Theodotio
3292 3693 3350 3745 et
3377 3690 3651 3762 Symma-

1995 3775 2143 3831 chus
2173 3774 2378 3830 eodem
2409 3774 2586 3830 verbo
2627 3774 2995 3846 interpretati
3044 3780 3223 3833 sunt:
3268 3777 3652 3851 Septuaginta

1993 3880 2128 3920 vero
2147 3879 2302 3920 mare
2322 3861 2788 3936 appellaverunt,
2801 3863 2974 3934 juxta
2990 3862 3134 3920 illud
3161 3866 3315 3936 quod
3334 3865 3394 3921 in
3420 3867 3649 3939 psalmo

1995 3953 2246 4025 legimus
2270 3969 2284 4008 :
2318 3953 2382 4008 In
2405 3953 2610 4025 spiritu
2634 3952 2875 4008 violento
2893 3955 3207 4026 confringe:
3236 3971 3401 4013 naves
3433 3955 3652 4020 Tharsis

1997 4043 2107 4115 (Ps.
2139 4059 2312 4113 vau,
2341 4040 2422 4113 8),
2457 4041 2516 4096 id
2547 4044 2657 4109 est,
2688 4044 2880 4097 maris.
2925 4042 2997 4098 Et
3019 4045 3199 4100 Jonas
3227 4044 3427 4118 fugere
3454 4045 3651 4118 cupis,-

1996 4132 2099 4189 bat
2119 4148 2234 4187 non
2259 4131 2320 4186 in
2345 4131 2606 4187 Tharsum
2633 4130 2839 4187 urbem
2864 4130 3099 4202 Cilicia,
3129 4137 3194 4189 ut
3215 4133 3479 4207 plerique
3498 4133 3652 4194 esti-

1998 4223 2185 4287 mant,
2207 4218 2461 4275 litteram
2484 4223 2768 4292 ponentes
2794 4236 2898 4292 pro
2921 4219 3135 4292 littera,
3156 4222 3247 4279 vel
3268 4223 3443 4280 Indiae
3465 4224 3653 4297 regio-

1996 4326 2154 4379 nem,
2187 4313 2252 4364 ut
2280 4310 2358 4381 (g)
2389 4312 2558 4381 putat
2582 4309 2878 4382 Josephus
2907 4327 2921 4367 :
2971 4311 3076 4369 sed
3107 4312 3373 4370 absolute
3403 4313 3462 4370 in
3493 4313 3652 4386 pela-

1998 4415 2109 4472 gus
2139 4399 2283 4470 (Ion.
2319 4398 2382 4471 ι).

221 4530 509 4615 Εροοὴίε’
540 4530 1094 4615 Syro-Macedonum
1130 4531 1755 4615 ‘Dissert._iii,_cap._4,
1788 4536 1888 4610 qui
1918 4514 1965 4580 D
2001 4545 2116 4598 tan.
2165 4540 2389 4615 Aquila;
2423 4546 2634 4615 autem~
2649 4540 2804 4596 hanc
2832 4541 3372 4615 interpretationem
3400 4541 3650 4602 Palatin.

261 4601 403 4658 Iura
433 4602 513 4658 ad
544 4601 704 4657 hunc
747 4603 1084 4676 Hieronymi
1130 4603 1323 4660 locum
1372 4601 1892 4665 illustrandum‘ex

219 4620 512 4729 gummis
542 4673 784 4729 confert.
815 4675 924 4729 Sed
955 4680 1014 4729 et
1049 4679 1272 4729 veteres
1301 4677 1714 4729 inscrintiones
1733 4681 1890 4729 eius-

274 4674 512 4752 ummis
542 4673 784 4752 confert.
815 4675 924 4752 Sed
955 4673 1014 4730 et
1049 4679 1272 4752 veteres
1301 4677 1714 4750 inscriptiones
1733 4681 1890 4752 ejus-

222 4746 392 4802 modi
427 4745 1200 4870 supEutationishonnullze
1228 4745 1535 4870 superant.
1563 4820 1574 4830 .

296 4819 380 4870 (a)
416 4817 516 4870 Sic
572 4821 732 4870 hist.
766 4834 816 4870 α.
846 4833 966 4870 Sive
983 4817 1285 4870 Theonhili
1355 4819 1574 4870 aschali

296 4819 380 4888 (a)
416 4817 516 4871 Sic
549 4817 740 4892 Epi_st._
766 4834 816 4886 α,
846 4817 1285 4892 εἰνοίΙἪθορῇἰΙί
1309 4817 1610 4876 Paschalis
1630 4839 1716 4892 In,
1745 4839 1803 4878 n.
1823 4824 1888 4878 6:

223 4890 603 4962 Nequaquam
629 4888 818 4943 diebus
844 4888 1304 4962 quadrages'imw,
1332 4893 1474 4947 sicut
1495 4888 1777 4949 luxuriosi
1804 4895 1892 4950 di-

225 4963 372 5038 uites
408 4961 792 5038 _solent,gvini
831 4961 1091 5038 poculum
1136 4965 1492 5038 suspiremus.
1535 4965 1609 5038 Et
1639 4983 1805 5038 num.
1838 4969 1891 5038 8,

227 5033 586 5103 ieiuniorum
632 5035 875 5103 tempore
904 5049 938 5087 a
964 5035 1094 5088 vino
1122 5037 1176 5088 et
1205 5033 1462 5090 carnibus
1490 5033 1891 5093 abstinendum.

223 5102 369 5158 Vid.
407 5119 541 5164 quae
574 5101 633 5156 in
664 5118 800 5159 eum
832 5103 1025 5160 locum
1066 5106 1463 5162 observamus.
1515 5111 1661 5163 Mox.
1713 5108 1891 5164 Palat.

232 5113 369 5158 vid.
407 5119 541 5174 quae
574 5119 633 5156 in
664 5118 800 5159 eum
832 5113 1025 5160 locum
1066 5113 1463 5162 observamus.
1515 5113 1661 5163 Mox.
1713 5113 1892 5165 Palat.

227 5191 383 5248 1113.,
415 5182 470 5248 et
500 5183 777 5244 unguento
805 5191 917 5231 non
948 5193 1168 5248 ungere.

299 5246 392 5328 (ρ)
415 5245 547 5300 Duo
571 5262 684 5301 ms.
705 5263 718 5302 :
741 5248 849 5302 Hoc
867 5245 1053 5331 autem
1067 5249 1349 5321 jejunium
1371 5250 1763 5320 impetrabiles,
1784 5255 1893 5308 etc.

226 5332 471 5389 omisso
502 5332 728 5389 sponsae
754 5335 1008 5375 nomine.

302 5389 390 5459 (ε)
419 5387 570 5443 Tota
589 5390 958 5461 subsequens
979 5389 1286 5462 periodus:
1323 5391 1469 5447 Unde
1489 5407 1677 5448 eorum
1697 5393 1899 5449 delira-

221 5464 777 5535 menta,etc.contra
795 5461 1154 5535 Origenistas
1176 5462 1234 5517 in
1259 5461 1476 5518 nostris
1501 5480 1644 5520 mss.
1662 5481 1776 5520 non
1801 5465 1899 5522 ha-

223 5531 495 5678 bezdlfln
512 5601 649 5659 aliis
669 5619 809 5662 mss.
838 5600 1130 5678 ἐξαίρεταν,
1152 5608 1211 5663 et
1234 5603 1458 5664 Latinis
1478 5604 1689 5666 litteris
1711 5621 1846 5668 επεν

572 5729 834 5797 ΡΑτιιοι.
879 5733 1072 5800 XXV.

2002 4629 2114 4670 ms.
2148 4612 2412 4678 ascribit,
2449 4628 2568 4667 non
2589 4612 2973 4684 Symmacho.

2073 4686 2144 4757 (ε)
2162 4684 2412 4758 Palatin.
2430 4700 2565 4739 cum
2578 4683 3037 4758 Sangermauen.
3058 4701 3238 4758 penes
3255 4685 3651 4758 Montt‘aucon.

2002 4754 2134 4832 ms.
2167 4756 2332 4832 Opas,
2387 4760 2445 4832 et
2473 4771 2577 4827 pro
2607 4754 2804 4832 Graeco
2835 4754 3005 4832 ὠφὰξ,
3056 4754 3213 4829 quod
3243 4757 3647 4830 subsequitur,

2001 4827 2180 4884 latine
2205 4826 2390 4898 Vophaz.
2421 4826 2644 4898 legunt.

2075 4899 2140 5024 ([2
2174 4897 2310 4980 Post
2330 4897 2450 4952 haec
2471 4897 2647 4979 verba
2669 4897 2893 4979 addunt
2911 4898 3052 4981 editi
3075 4897 3243 4954 libri:
3277 4904 3359 4955 De
3375 4901 3573 4983 guibus
3593 4902 3654 4957 in

2077 4987 2107 5024 υ
2137 4973 2396 5024 anatione
2423 4969 2720 5024 Ezechielis
2766 4971 2984 5024 olemus
3030 4973 3384 5024 interpretati
3424 4988 3613 5024 sumus
3634 4991 3654 5024 :

2003 4969 2396 5041 explanatione
2423 4969 2720 5024 Ezechielis
2763 4971 2984 5040 plenius
3030 4969 3399 5041 interpretati,
3424 4988 3613 5029 sumus
3634 4991 3654 5028 :

2002 5057 2152 5122 nunc
2173 5041 2239 5095 de
2267 5039 2814 5122 chrysolythopauca
2834 5041 3101 5122 dicamus.
3133 5044 3315 5106 Quem
3337 5043 3655 5122 imperitis-

2008 5113 2226 5168 simum
2251 5112 2737 5167 commentarium
2756 5112 2956 5167 nullus
2977 5113 3244 5168 codicum
3268 5112 3658 5173 mssfnostro-

2008 5201 2138 5258 rum
2171 5183 2398 5258 retinet,
2434 5182 2648 5258 falsum
2671 5199 2906 5256 quoque
2929 5188 2987 5258 et
3008 5186 3448 5258 supposititium
3473 5203 3658 5258 agno-

2007 5256 2251 5330 scimus,
2272 5254 2411 5327 quia
2430 5254 3103 5330 Hieronymus'nondum'
3118 5254 3430 5330 scripserat
3449 5254 3658 5330 inEze-

2008 5326 2433 5395 chielem,cum
2478 5326 2781 5381 Danielem
2838 5326 3278 5385 commentariis
3318 5329 3652 5387 illustravit.
3691 5356 3698 5362 ~

2005 5401 2191 5454 MART.

2080 5471 2154 5541 (g)
2184 5469 2345 5544 Quod
2370 5466 2691 5544 Josephum
2715 5467 2934 5537 laudat,
2953 5469 3160 5544 inutile
3176 5475 3284 5544 est,
3304 5471 3500 5544 inquit
3520 5477 3659 5529 Dm-

2008 5539 2155 5596 sius.
2204 5541 2375 5616 Libro
2392 5539 2563 5616 enim
2594 5556 2672 5616 ix,
2715 5556 2765 5596 c.
2798 5558 2840 5596 ιι
2870 5542 3158 5616 Antiquit.
3190 5539 3406 5616 diserte
3434 5545 3517 5600 ait
3557 5545 3659 5602 Jo-

2009 5628 2146 5671 nam
2158 5612 2508 5690 prophetam
2521 5611 2797 5690 navigare
2807 5611 3437 5690 proposuisseTarsum
3451 5617 3659 5676 urbem

3261 5742 3341 5810 18
