3978 6188
1560 258 1624 323 S.
1670 256 1980 325 EUSEBlI
2024 258 2468 325 HIERONYMI

3593 258 3710 324 556

387 400 573 471 (Vers.
632 398 713 471 7.)
784 396 903 454 Vidi
950 398 1133 451 autem
1187 410 1282 467 ego
1339 395 1536 451 Daniel
1590 396 1736 452 solus
1791 397 1962 451 visio-
1990 398 2435 468 Acaptivorum
2454 396 2645 452 omnis
2662 394 3424 469 populusdimitteretur.Et
3468 395 3717 450 forsitan

313 505 477 547 nem:
508 503 670 560 porro
700 488 812 542 viri
838 486 934 558 qui
960 488 1120 542 erant
1144 501 1357 541 mecum
1388 501 1501 541 non
1529 484 1784 540 viderunt
1810 502 1824 540 :
1874 485 1968 541 sed

315 587 497 636 terror
523 578 731 633 nimius
760 577 931 632 irruit
953 591 1119 648 super
1147 590 1255 643 eos,
1284 582 1337 631 et
1363 577 1626 646 fugerunt
1655 575 1718 629 in
1745 574 1967 629 abscon-

314 668 511 724 ditum.
562 670 630 722 Et
667 664 883 721 Paulus
914 664 1215 737 apostolus
1246 663 1439 720 simile
1469 663 1610 736 quid
1638 662 1699 718 in
1727 662 1968 718 Actibus

315 754 715 829 apostolorum
746 771 959 828 passus
989 757 1098 820 est,
1145 758 1230 825 ut,
1282 752 1503 809 caeteris
1533 770 1650 808 non
1681 751 1968 808 cernenti-

316 847 449 915 bus,
479 845 767 901 visionem
798 844 960 900 solus
992 843 1280 917 aspiceret
1310 843 1509 914 (Actor.
1544 842 1705 913 xxn).

389 934 577 1007 (Vers.
629 933 742 1005 10.)
788 934 853 988 Et
902 949 1018 989 ecce
1063 948 1261 989 manus
1314 933 1497 1001 tetigit
1544 947 1652 1002 me,
1699 937 1749 985 et
1797 930 1971 984 erexit

316 1036 403 1077 me
426 1036 590 1093 super
615 1036 797 1092 genua
824 1037 967 1092 mea,
998 1024 1107 1077 etc.
1141 1020 1204 1076 In
1235 1018 1492 1075 hominis
1524 1019 1713 1091 ﬁgura
1739 1017 1972 1074 videtur

318 1109 585 1183 angelus,
617 1113 676 1166 et
693 1109 1017 1167 humanam
1045 1110 1113 1164 ad
1139 1109 1485 1182 prophetam
1510 1108 1805 1178 jacentem
1834 1105 1968 1160 mit-

316 1199 389 1255 tit
411 1215 689 1256 manum:
714 1203 780 1254 ut
808 1198 900 1254 sui
929 1199 1159 1271 generis
1191 1214 1407 1270 corpus
1439 1196 1729 1269 aspiciens
1755 1210 1971 1267 nequa-

318 1305 498 1364 quam
529 1292 751 1361 paveat.

389 1378 576 1452 (Vers.
610 1378 723 1449 11.)
752 1407 821 1419 —-
848 1379 924 1434 Et
952 1376 1096 1432 dixit
1124 1376 1196 1432 ad
1221 1392 1309 1432 me
1331 1392 1350 1428 :
1396 1375 1592 1431 Daniel
1641 1375 1728 1429 vir
1756 1372 1970 1429 deside-

316 1468 549 1535 riorum,
580 1470 689 1523 etc.
721 1469 1124 1539 Congruenter
1141 1467 1229 1521 vir
1250 1463 1683 1521 desideriorum
1702 1466 1968 1528 vocatur,

316 1557 419 1628 qui
438 1554 722 1612 instantia
742 1571 982 1627 precum
1005 1558 1062 1610 et
1082 1554 1400 1610 afﬂictione
1426 1552 1708 1624 corporis,
1724 1551 1972 1623 jejunio-

314 1659 567 1716 rumque
611 1643 829 1700 duritia
858 1642 1022 1715 cupit
1052 1642 1200 1699 scire
1226 1645 1491 1708 ventura,
1528 1644 1586 1696 et
1617 1638 1716 1695 Dei
1750 1642 1972 1694 secreta

314 1748 681 1808 cognoscere.
730 1737 841 1788 Pro
878 1733 997 1787 viro
1038 1730 1433 1787 desideriorum
1463 1727 1851 1802 Symmachus
1879 1726 1969 1780 in-

311 1826 665 1895 terpretatus
694 1825 803 1889 est,
852 1822 1037 1877 virum
1065 1820 1507 1875 desiderabilem.
1558 1815 1764 1873 Omnis
1812 1815 1970 1870 enim

316 1915 559 1968 sanctus
587 1910 812 1966 habens
838 1909 899 1965 in
930 1926 993 1967 se
1024 1908 1233 1965 animae
1258 1905 1785 1981 pulchritudinem,
1818 1920 1974 1959 ama-

314 2003 414 2056 tur
442 2016 477 2055 a
501 1999 769 2056 Domino.

387 2088 572 2160 (Vers.
632 2088 745 2159 12.)
793 2090 861 2144 Et
902 2087 1046 2143 dixit
1093 2087 1166 2143 ad
1210 2101 1338 2143 me:
1390 2086 1516 2142 Noli
1560 2088 1825 2154 metuere,
1865 2083 1973 2138 Da-

313 2177 430 2233 niel
450 2195 470 2233 :
501 2177 635 2250 quia
663 2192 737 2233 ea:
763 2177 852 2232 die
874 2178 1059 2248 primo
1087 2191 1192 2248 quo
1221 2176 1456 2248 posuisti
1479 2189 1570 2230 cor
1600 2182 1756 2229 tuum
1786 2171 1856 2227 ad
1886 2172 1974 2226 in-

315 2264 692 2336 telligendum,
722 2268 785 2321 ut
812 2269 865 2321 te
893 2267 1171 2338 afﬂigeres
1203 2267 1261 2320 in
1284 2266 1569 2336 conspectu
1599 2263 1697 2317 Dei
1730 2259 1838 2330 [ΑΙ.
1870 2260 1975 2314 Do-

310 2354 477 2428 mini]
526 2355 632 2423 tui,
683 2354 950 2410 exaudita
1001 2362 1132 2410 sunt
1179 2353 1344 2409 verba
1370 2356 1486 2424 tua,
1519 2360 1573 2407 et
1604 2366 1701 2421 ego
1732 2363 1977 2420 egressus

310 2461 438 2502 sum
456 2444 528 2501 ad
548 2445 714 2500 verba
730 2445 828 2499 tua
848 2443 1042 2515 (Vulg.
1065 2445 1194 2499 veni
1212 2446 1450 2514 propter
1470 2453 1775 2498 sermones
1794 2438 1975 2524 tuos].

308 2533 603 2590 Vicesima
632 2536 844 2604 quarta
870 2532 965 2588 die
994 2531 1215 2588 mensis
1247 2531 1444 2603 primi,
1500 2529 1559 2585 id
1606 2531 1714 2594 est,
1767 2526 1973 2605 Nisan,

310 2621 555 2695 expletis
585 2620 777 2677 tribus
805 2619 1296 2686 hebdomadibus,
1330 2619 1442 2675 hoc
1472 2622 1584 2687 est,
1616 2614 1824 2689 viginti
1855 2614 1976 2670 die-

309 2712 423 2768 bus
453 2715 513 2767 et
543 2726 662 2766 uno
693 2708 878 2766 cernit
906 2709 1060 2765 hanc
1087 2709 1375 2765 visionem
1401 2726 1414 2764 :
1462 2711 1520 2763 et
1550 2706 1716 2761 audit
1746 2704 1818 2760 ab
1867 2719 1975 2757 an-

311 2799 462 2873 gelo,
497 2799 649 2870 quod
681 2814 750 2854 ex
778 2798 873 2853 die
903 2798 1094 2870 primo
1126 2814 1239 2868 quo
1261 2812 1427 2853 orare
1448 2794 1704 2868 coeperit,
1737 2797 1795 2849 et
1825 2790 1973 2847 atﬂi-

304 2902 448 2961 gere
472 2903 535 2944 se
552 2886 614 2942 in
646 2890 962 2959 conspectu
994 2886 1113 2956 Dei,
1147 2884 1420 2942 exaudita
1443 2888 1585 2940 sunt
1611 2884 1791 2939 verba
1820 2881 1971 2952 ejus.

312 2974 628 3044 Quaritur,
679 2974 729 3031 si
760 2975 964 3032 statim
1009 2975 1318 3033 exauditus
1350 2978 1458 3043 est,
1491 2989 1596 3029 cur
1624 2988 1744 3028 non
1773 2969 1973 3026 statim

315 3065 471 3120 θοι)
503 3064 575 3121 ad
607 3078 741 3119 eum
773 3063 994 3119 missus
1023 3063 1101 3120 sit
1130 3062 1396 3135 angelus.
1449 3066 1592 3118 Data
1635 3064 1725 3116 est
1771 3058 1823 3114 ei
1874 3073 1976 3130 per

2077 502 2211 541 cum
2245 486 2436 558 prima
2464 486 2558 542 die
2579 502 2646 542 ex
2668 502 2783 558 quo
2804 485 3001 558 posuit
3020 501 3121 541 cor
3141 500 3317 541 suum
3343 482 3627 557 propheta
3648 483 3721 539 ad

2076 574 2545 647 intelligendum,
2568 574 2877 630 exauditus
2908 574 2985 629 sit
3006 591 3039 629 a
3059 573 3196 641 Deo,
3230 573 3447 628 idcirco
3469 588 3584 628 non
3611 577 3727 628 sta-

2075 663 2182 719 tim
2233 663 2452 720 missus
2500 668 2589 719 est
2635 663 2878 736 angelus
2933 662 3033 734 qui
3082 661 3134 718 ei
3163 661 3264 718 Dei
3296 660 3727 733 indulgentiam

2078 752 2421 809 nuntiaret:
2479 753 2620 824 quia
2663 753 2871 825 viginti
2920 757 2978 808 et
3022 768 3140 807 uno
3189 752 3397 807 diebus
3437 750 3649 805 restitit
3675 751 3728 806 ei

2079 841 2350 915 princeps
2381 842 2710 910 Persarum,
2744 858 3097 897 enumerans
3131 844 3367 913 peccata
3397 838 3597 912 p0puli
3624 839 3730 895 Ju—

2079 931 2358 999 daeorum,
2412 931 2568 1002 quod
2605 932 2767 1001 justo
2801 935 3136 987 tenerentur
3164 928 3396 1002 captivi,
3429 933 3486 985 et
3516 928 3734 984 dimitti

2079 1037 2194 1075 non
2227 1020 2523 1076 deberent.

2150 1111 2213 1164 Et
2242 1125 2360 1165 ecce
2388 1109 2636 1167 Michael
2657 1126 2801 1165 unus
2825 1110 2889 1165 de
2908 1109 3250 1181 principibus
3264 1109 3464 1179 primis
3490 1109 3643 1163 venit
3670 1109 3735 1162 in

2079 1199 2419 1270 adjutorium
2445 1200 2588 1254 mihi
2611 1198 2800 1271 [Vulg.
2822 1201 3047 1268 meum].
3074 1197 3399 1254 Resistente
3420 1197 3735 1252 Persarum

2079 1286 2284 1359 angelo
2302 1287 2573 1359 precibus
2588 1287 2728 1358 tuis,
2743 1292 2800 1342 et
2831 1303 2972 1342 meae
3010 1285 3421 1360 legationi,qui
3438 1284 3740 1341 orationes

2078 1380 2213 1432 tuas
2235 1376 2350 1431 Deo
2371 1375 2707 1444 offerebam,
2738 1375 2898 1431 venit
2917 1375 2978 1430 in
3002 1375 3358 1445 adjuturium
3381 1373 3528 1429 mihi
3553 1389 3740 1447 ange-

2080 1463 2174 1520 lus
2197 1464 2442 1520 Michael
2468 1464 2571 1536 qui
2594 1468 2806 1535 przeest
2828 1463 3042 1536 populo
3063 1463 3262 1520 Israel.
3300 1462 3598 1535 Principes
3630 1479 3744 1518 au-

2080 1558 2199 1609 tem
2230 1553 2474 1625 primos,
2504 1552 2886 1626 archangelos
2917 1551 3324 1625 intelligimus.

2151 1644 2215 1698 Et
2245 1658 2338 1714 ego
2372 1644 2613 1698 remansi
2642 1642 2723 1698 ibi
2740 1643 2908 1714 juxta
2936 1658 3119 1713 regem
3154 1644 3474 1698 Persarum.
3518 1641 3748 1714 Regem

2086 1732 2393 1787 Persarum
2426 1730 2722 1803 angelum,
2754 1731 2813 1785 id
2847 1735 2957 1797 est,
2989 1729 3313 1802 principem
3342 1734 3528 1797 vocat,
3562 1735 3620 1786 et
3648 1746 3753 1786 os-

2078 1820 2265 1876 tendit
2287 1821 2441 1891 quod
2467 1821 2635 1892 juxta
2661 1819 2997 1876 Michaelem
3023 1819 3102 1875 sit
3122 1818 3430 1891 paululum
3451 1823 3748 1887 moratus,

2083 1908 2184 1980 qui
2217 1913 2420 1964 contra
2451 1909 2775 1980 principem
2807 1912 3116 1964 Persarum
3148 1907 3519 1980 loquebatur.

2151 1996 2335 2068 (Vers.
2388 1998 2504 2065 14.)
2555 1999 2688 2053 Veni
2734 2001 2919 2053 autem
2962 2004 3022 2053 ut
3067 1996 3313 2052 docerem
3360 2004 3410 2053 te
3442 2012 3561 2067 quae
3601 2011 3748 2051 ven-

2082 2094 2208 2141 tura
2234 2087 2348 2141 sint
2372 2086 2569 2157 populo
2600 2094 2689 2142 tuo
2718 2088 2781 2141 in
2809 2087 3125 2143 novissimis
3161 2085 3374 2141 diebus.
3427 2084 3591 2150 Quod
3625 2086 3747 2141 Da-

2081 2174 2198 2230 niel
2221 2175 2566 2247 deprecatus
2597 2178 2704 2242 est,
2736 2175 2846 2231 hoc
2869 2193 2902 2231 a
2922 2180 3036 2232 Deo
3058 2179 3315 2231 meretur
3335 2174 3556 2243 audire,
3589 2172 3747 2246 quid

2082 2264 2347 2319 futurum
2395 2263 2475 2319 sit
2512 2263 2727 2337 populo
2788 2264 2963 2321 Israel
2995 2281 3110 2321 non
3142 2264 3203 2319 in
3232 2263 3419 2320 vicino
3447 2267 3744 2336 tempore,

2084 2353 2185 2409 sed
2219 2354 2369 2408 700
2400 2353 2459 2408 in
2492 2352 2828 2410 novissimis
2856 2353 3087 2422 diebus,
3126 2353 3184 2408 id
3215 2356 3324 2422 est,
3355 2352 3416 2408 in
3447 2364 3748 2409 consum-

2085 2441 2343 2497 matione
2383 2440 2601 2500 saeculi.

2157 2529 2341 2602 (Vers.
2377 2533 2487 2603 16.)
2518 2532 2594 2605 (a)
2637 2533 2863 2588 Domine
2888 2533 2987 2600 mi,
3019 2533 3081 2587 in
3108 2532 3323 2587 visione
3349 2535 3455 2587 tua
3482 2529 3741 2587 dissolu-

2087 2626 2156 2677 ta:
2177 2628 2305 2676 sunt
2330 2637 2614 2692 compages
2640 2637 2794 2693 meae,
2826 2626 2934 2678 etc.
2968 2621 3062 2678 Sic
3091 2620 3409 2677 Theodotio
3439 2620 3740 2692 interpre-

2086 2713 2243 2765 tatus
2293 2715 2402 2781 est,
2448 2711 2615 2780 juxta
2659 2710 2803 2766 illud
2847 2711 3004 2783 quod
3035 2710 3097 2767 in
3127 2710 3442 2766 centesimo
3473 2710 3747 2766 secundo

2085 2798 2314 2870 psalmo
2360 2798 2609 2872 legimus
2644 2816 2656 2854 :
2715 2799 2969 2865 Benedic,
3006 2802 3200 2855 anima
3222 2815 3367 2868 mea,
3401 2800 3649 2867 Domino,
3684 2808 3750 2856 et

2084 2888 2272 2943 omnia
2290 2888 2560 2944 interiora
2578 2905 2719 2959 mea,
2735 2905 2932 2944 nomen
2950 2896 3200 2944 sanctum
3220 2890 3358 2961 ejus.
3382 2881 3552 2944 Prius
3572 2887 3747 2944 enim

2085 2992 2261 3048 quam
2283 2976 2566 3033 visionem
2589 2978 2691 3034 Dei
2712 2977 2906 3034 videre
2928 2994 3283 3043 mereamur,
3302 2977 3578 3033 interiora
3599 2993 3747 3033 nos-

2083 3068 2176 3120 tra
2198 3066 2351 3121 foras
2371 3064 2695 3138 aspiciunt;
2728 3083 2862 3122 cum
2884 3071 3080 3122 autem
3101 3066 3426 3122 viderimus
3445 3066 3743 3122 visionem

319 3168 549 3209 moram
571 3151 799 3208 occasio
824 3151 1078 3225 amplius
1105 3157 1282 3207 Deum
1305 3149 1686 3223 deprecandi:
1722 3153 1787 3203 ut
1811 3163 1880 3202 ex
1899 3163 1965 3203 eo
1996 3129 2039 3197 C
2079 3153 2202 3222 Dei,
2255 3159 2667 3210 convertentur
2713 3155 2774 3210 in
2823 3172 2928 3211 nos
2968 3156 3248 3212 interiora
3278 3159 3499 3225 nostra,
3532 3154 3638 3210 toti
3668 3153 3741 3212 in

326 3242 483 3314 quod
516 3240 650 3314 plus
680 3241 998 3310 desiderat,
1030 3257 1131 3314 per
1158 3240 1419 3296 laborem
1447 3238 1581 3312 plus
1612 3237 1812 3294 audire
1845 3252 1970 3292 me-

324 3335 541 3388 reatur.
591 3330 755 3396 Quod
798 3333 995 3386 autem
1042 3330 1125 3386 ait
1164 3345 1178 3387 :
1228 3332 1293 3385 Et
1322 3345 1419 3399 ego
1447 3331 1723 3400 ingressus
1750 3343 1874 3383 sum
1902 3325 1972 3381 ad

320 3421 486 3479 verba
510 3423 627 3490 tua,
676 3420 834 3476 hunc
880 3418 1057 3476 habet
1084 3434 1364 3475 sensum:
1408 3421 1729 3490 Postquam
1761 3422 1825 3471 tu
1856 3432 1968 3471 cce-

320 3510 461 3583 pisti
488 3510 663 3567 bonis
691 3508 987 3582 operibus,
1020 3512 1079 3564 et
1106 3506 1381 3580 lacrymis
1411 3511 1586 3579 atque
1608 3505 1836 3578 jejunio
1866 3504 1967 3561 Dei

318 3599 588 3657 invocare
635 3597 1120 3667 misericordiam,
1177 3602 1237 3653 et
1292 3612 1398 3669 ego
1455 3595 1650 3668 accepi
1707 3593 1968 3651 occasio-

315 3704 475 3758 nem,
525 3694 593 3746 ut
644 3688 981 3763 ingrederer
1009 3688 1069 3743 in
1100 3691 1415 3760 conspectu
1463 3684 1585 3753 Dei,
1638 3686 1696 3741 et
1739 3699 1965 3740 orarem

316 3794 422 3852 pro
450 3783 530 3836 te.

387 3868 573 3942 (Vers.
631 3869 742 3932 13.)
787 3870 1053 3941 Princeps
1098 3875 1281 3924 autem
1326 3867 1489 3936 regni
1537 3867 1832 3921 Persarum
1876 3878 1964 3919 re-

313 3959 452 4015 stitit
468 3959 613 4015 mihi
630 3958 831 4029 viginti
847 3961 896 4013 et
917 3973 1027 4013 uno
1046 3956 1254 4013 diebus.
1286 3956 1536 4011 Videtur
1556 3953 1696 4009 mihi
1720 3952 1814 4008 hic
1836 3968 1965 4008 esse

314 4046 559 4119 angelus
588 4046 682 4102 cui
711 4045 902 4102 Persis
929 4045 1148 4102 credita
1176 4049 1285 4115 est,
1327 4045 1501 4117 juxta
1539 4042 1683 4098 illud
1716 4042 1873 4114 quod
1903 4041 1961 4097 in

311 4134 761 4193 Deuteronomio
782 4132 1032 4207 legimus
1057 4152 1070 4190 :
1104 4133 1329 4203 Quando
1349 4132 1629 4189 dividebat
1651 4132 1963 4187 Altissimus

311 4231 491 4297 gentes
531 4231 583 4281 et
626 4223 1019 4280 disseminabat
1046 4223 1189 4294 ﬁlios
1214 4222 1426 4281 Adam:
1474 4223 1667 4277 statuit
1696 4222 1964 4277 terminos

309 4316 557 4384 gentium
576 4314 746 4386 juxta
772 4328 1069 4369 numerum
1096 4312 1420 4384 angelorum
1448 4311 1544 4367 Dei
1570 4311 1744 4383 (Deut.
1780 4326 1956 4378 xxxn,

307 4403 386 4476 8).
418 4403 521 4461 Isti
550 4408 691 4460 sunt
718 4402 1013 4476 principes
1042 4402 1114 4457 de
1143 4400 1363 4473 quibus
1392 4402 1451 4455 et
1479 4397 1697 4454 Paulus
1724 4402 1957 4470 aposto-

2077 3240 2197 3297 illis
2229 3259 2436 3298 sumus
2466 3244 2540 3299 de
2568 3244 2784 3315 quibus
2816 3249 2873 3300 et
2900 3244 2961 3299 in
2992 3244 3104 3301 alio
3150 3244 3379 3316 psalmo
3409 3243 3690 3301 scribitur
3719 3259 3739 3299 :

2079 3330 2266 3386 Omnis
2294 3332 2473 3403 gloria
2501 3333 2618 3399 eius
2636 3331 2782 3404 ﬁliae
2801 3350 2991 3405 regum
3010 3334 3087 3404 (b)
3117 3336 3186 3389 ab
3208 3336 3377 3401 intus,
3411 3336 3472 3389 in
3491 3333 3740 3403 ﬁmbriis

2076 3422 2264 3476 aureis
2293 3421 2408 3491 (Ps.
2441 3438 2589 3489 xuv,
2623 3422 2735 3494 41).

2147 3508 2332 3577 (Vers.
2394 3510 2505 3583 19.)
2571 3510 2812 3582 Cumque
2867 3512 3181 3588 loqueretur
3233 3527 3464 3583 mecum,
3527 3527 3739 3567 conva-

2076 3598 2179 3665 lui,
2217 3602 2270 3653 et
2296 3598 2454 3655 dixi:
2505 3600 2761 3673 Loquere,
2815 3601 3035 3656 Domini
3078 3603 3179 3669 mi,
3229 3602 3357 3672 quia
3401 3601 3740 3670 confortasti

2075 3703 2177 3743 me.
2210 3689 2276 3744 Et
2297 3690 2397 3744 ait.
2421 3688 2544 3745 Nisi
2569 3689 2727 3745 enim
2754 3689 3143 3745 confortasset
3168 3706 3303 3746 eum
3331 3692 3518 3743 tactus
3546 3689 3736 3758 quasi

2074 3775 2179 3832 ﬁlii
2209 3776 2488 3849 hominis,
2536 3782 2595 3834 et
2625 3795 2803 3851 pavor
2831 3779 3173 3836 recessisset
3204 3796 3274 3835 ex
3303 3777 3491 3848 corde,
3523 3792 3734 3834 sacra-

2072 3871 2271 3923 menta
2298 3866 2401 3923 Dei
2432 3866 2633 3923 audire
2662 3884 2778 3924 non
2809 3871 3055 3940 poterat,
3089 3871 3147 3924 et
3175 3866 3391 3923 idcirco
3414 3881 3572 3921 nunc
3604 3865 3692 3922 ait
3715 3885 3734 3924 :

2072 3957 2219 4022 Quia
2245 3956 2584 4012 confortasti
2614 3973 2729 4024 me,
2752 3956 3013 4029 loquere,
3037 3956 3303 4012 Domine.
3334 3956 3421 4011 Tu
3451 3954 3609 4011 enim
3642 3955 3731 4012 fe-

2071 4045 2201 4100 cisti
2232 4050 2296 4101 ut
2326 4046 2572 4117 possim,
2606 4049 2664 4102 et
2692 4045 2916 4117 audire,
2949 4050 3006 4102 et
3035 4046 3249 4102 sentire
3279 4061 3408 4116 qua:
3438 4044 3725 4117 loqueris.

2140 4134 2325 4206 (Vers.
2374 4135 2489 4207 20.)
2535 4134 2813 4206 Numquid
2861 4136 2969 4191 scis
3015 4151 3187 4206 quare
3232 4135 3480 4191 venerim
3524 4132 3594 4189 ad
3625 4134 3733 4190 te?

2067 4228 2121 4279 et
2146 4240 2294 4280 nunc
2321 4230 2570 4280 revertar
2596 4228 2660 4279 ut
2684 4225 2910 4297 prwlier
2937 4223 3223 4280 adversum
3250 4225 3562 4296 principem
3590 4224 3732 4279 Per-

2064 4329 2271 4369 sarum.
2321 4313 2484 4377 Quod
2515 4313 2657 4369 dicit
2685 4312 2791 4369 hoc
2819 4316 2909 4370 est
2941 4330 2954 4369 :
3003 4313 3148 4369 Veni
3180 4311 3419 4385 quidem
3448 4317 3516 4368 ut
3543 4312 3725 4369 doce-

2066 4419 2189 4459 rem
2223 4408 2280 4458 te
2308 4402 2613 4458 exauditae
2644 4419 2843 4475 preces
2871 4407 3044 4459 tuas:
3079 4403 3180 4459 sed
3211 4417 3553 4458 reversurus
3581 4417 3725 4459 sum

307 4491 404 4550 lus
432 4492 695 4565 loquitur
721 4509 734 4549 :
782 4491 1134 4563 Sapientiam
1166 4489 1451 4563 loquimur
1487 4489 1635 4545 inter
1673 4490 1956 4560 perfectos,
1987 4500 2035 4565 1)
2066 4508 2308 4549 rursum
2343 4495 2408 4547 ut
2436 4507 2694 4564 pugnem
2724 4495 2925 4547 contra
2953 4490 3278 4565 principem
3311 4490 3625 4547 Persarum
3656 4490 3721 4548 in

307 4597 480 4655 quam
500 4581 691 4638 nullus
704 4581 1025 4653 principum
1042 4578 1238 4637 saeculi
1257 4577 1424 4650 hujus
1442 4577 1706 4648 cognovit.
1727 4577 1791 4631 Si
1808 4577 1958 4632 enim

303 4672 699 4741 cognovissent,
710 4686 1015 4742 numquam
1025 4670 1319 4726 Dominum
1333 4668 1536 4737 gloria
1550 4665 1959 4736 crnciﬁxissent

307 4760 354 4834 (Ι
384 4763 510 4820 Cor.
544 4777 606 4830 ιι,
636 4761 715 4830 6).
748 4757 990 4815 Restitit
1016 4762 1215 4814 autem
1244 4757 1537 4833 princeps,
1567 4755 1625 4810 id
1648 4759 1756 4824 est,
1785 4771 1955 4828 ange-

305 4850 401 4908 lus
425 4855 761 4919 Persarum,
793 4847 1014 4906 faciens
1034 4864 1139 4920 pro
1162 4846 1385 4905 credita
1403 4845 1515 4903 sibi
1542 4842 1858 4918 provincia,
1883 4861 1955 4901 ne

305 5010 536 5069 Ciliciae.
572 5010 680 5068 Sed
706 5014 763 5067 et
783 5009 884 5066 lib.
912 5027 949 5076 I,
977 5026 1027 5065 c.
1052 5025 1130 5065 ιιι
1167 5007 1407 5072 Tharsis,
1436 5006 1650 5078 inquit,
1683 5011 1761 5063 est
1785 5006 1955 5063 Thar-

301 5099 416 5140 sus.
448 5082 540 5139 Sic
584 5083 900 5154 antiquibus
930 5082 1225 5154 vocabatur
1255 5080 1469 5136 Cilicia.
1521 5078 1666 5154 Unde
1694 5079 1956 5153 hodieque

304 5156 504 5213 Tarsus
534 5154 686 5226 apud
713 5152 800 5210 eos
833 5155 1085 5209 maxima
1111 5153 1396 5226 civitatum
1442 5152 1605 5206 totius
1647 5152 1955 5226 provincia

302 5223 823 5299 antiquunjpomen
848 5226 1122 5299 retinuit,_
1148 5224 1177 5276 θ
1218 5225 1277 5278 in
1309 5224 1348 5277 T
1373 5226 1606 5299 mutato.
1656 5223 1954 5299 Quiaipse

344 5292 537 5372 noque
566 5296 722 5372 Hier.
773 5297 889 5372 ubi
917 5297 1078 5353 Jonas
1108 5294 1301 5372 locum
1334 5294 1705 5372 enarrat,_sic
1736 5292 1949 5372 habet:

344 5316 537 5372 noque
566 5316 722 5353 nter.
773 5316 870 5351 UDl
917 5316 1078 5353 donee
1108 5316 1301 5351 ιΟΟΠΙΠ
1334 5316 1585 5359 enarrat,
1619 5316 1705 5349 810
1736 5316 1949 5350 υᾶοθιξ

302 5316 452 5429 ῗιηάε
480 5371 743 5426 incitatus
792 5369 947 5438 Cain,
993 5376 1049 5423 et
1079 5365 1332 5423 recedens
1361 5382 1395 5420 a
1422 5366 1565 5438 [acie
1595 5365 1834 5431 Domini,
1866 5368 1954 5434 fu-

299 5459 428 5512 gere
451 5443 629 5497 voluit
670 5442 730 5495 in
761 5437 997 5508 Thorsis,
1047 5455 1211 5511 quam
1261 5437 1954 5512 Josephus__interpretatur

303 5508 534 5573 Tarsum
545 5513 755 5569 Ciliciae
771 5508 1070 5581 civitatem,
1076 5508 1493 5581 primatantum
1513 5508 1701 5581 littera
1716 5524 1953 5581 commu-

298 5592 434 5664 tata.
455 5584 706 5645 Proinde
728 5579 1064 5661 suspicatur
1076 5579 1240 5643 hunc
1258 5579 1452 5641 locum
1475 5580 1688 5640 cubare
1712 5580 1771 5639 in
1793 5597 1953 5643 men-

2065 4583 2378 4654 conspectu
2409 4579 2534 4649 Dei,
2568 4580 2667 4652 qui
2698 4597 2816 4636 non
2843 4579 2972 4637 vult
2991 4579 3271 4653 populum
3291 4584 3461 4635 tuum
3488 4579 3560 4635 de
3580 4595 3726 4651 cap-

2062 4671 2287 4728 tivitate
2315 4669 2516 4725 laxari.

2137 4760 2270 4816 Cum
2297 4761 2450 4815 enim
2497 4757 2686 4831 [Vulg.
2733 4762 2878 4830 ergo]
2926 4758 3233 4830 egredercr,
3264 4759 3528 4830 apparuit
3554 4759 3721 4830 prin-

2061 4865 2182 4923 ceps
2211 4848 2526 4907 Graecorum
2552 4847 2865 4919 ingrediens
2898 4847 3089 4921 [Vulg.
3136 4847 3405 4919 veniens].
3456 4846 3594 4919 Ego,
3628 4847 3720 4902 in-

2064 5012 2158 5077 do,
2178 5009 2378 5082 sicque
2398 5009 2643 5066 fortasse
2666 5009 3092 5064 restituendum
3113 5026 3126 5064 :
3152 5009 3270 5065 Non
3291 5010 3354 5064 in
3376 5010 3603 5082 Tarsum
3624 5007 3721 5064 Ci-

2062 5084 2229 5149 liciae,
2265 5079 2324 5137 ut
2346 5084 2503 5153 putat
2529 5082 2807 5152 Iosephus,
2844 5082 3107 5153 litteram
3142 5096 3347 5152 ponens
3372 5096 3473 5151 pro
3501 5079 3712 5147 littera,

2060 5155 2144 5210 vel
2178 5152 2358 5209 Indiae
2379 5154 2679 5220 regionem,
2710 5156 2771 5208 ut
2795 5152 3042 5223 plerique
3069 5153 3407 5208 existimant.

2133 5225 2209 5297 (a)
2232 5224 2421 5280 Nostri
2447 5240 2590 5281 mss.
2610 5242 2622 5279 :
2651 5225 2893 5291 Domine,
2910 5226 2968 5279 in
2980 5226 3189 5280 visione
3201 5226 3297 5279 tua
3314 5238 3571 5280 conversa
3583 5225 3719 5276 sunt

2062 5298 2333 5352 interiora
2361 5311 2483 5350 mea
2511 5297 2569 5350 in
2597 5310 2703 5351 me.

2131 5369 2206 5441 (b)
2235 5367 2486 5441 Vaticet
2506 5365 3461 5441 Palatiopintrinsecugtacentque
3476 5368 3713 5441 praeter:

2061 5437 2219 5495 ea'in
2249 5438 2481 5509 ﬁmbriis
2508 5439 2714 5511 aureis.
2745 5438 2957 5511 Victor.
2986 5454 3058 5511 ex
3090 5437 3339 5511 Vulgata
3371 5437 3628 5511 editione
3655 5438 3715 5492 et

2060 5507 2256 5567 Graeco
2279 5511 2419 5581 ﬁliae
2438 5512 2585 5579 regis
2605 5510 2672 5564 ab
2694 5510 2856 5582 intus.
2891 5508 3067 5582 Paulo
3097 5507 3235 5566 ante
3253 5524 3448 5566 vocem
3471 5507 3711 5582 psalmo,

2060 5599 2186 5662 quas
2215 5580 2439 5651 deerat,
2470 5594 2541 5641 ex
2562 5597 2705 5641 mss.
2737 5580 3101 5642 suffeoimus.
