3978 6188
245 279 344 340 557

948 278 1688 342 COMMENTARIURUM
1736 278 1816 340 IN
1859 276 2259 340 DANIELEM
2303 278 2538 340 LIBER
2579 276 2748 340 CAP.
2794 278 2897 340 XI.

3509 280 3628 343 558

245 411 376 482 quit,
409 408 749 481 egrediebar
767 410 839 466 de
865 416 1179 483 conspectu
1199 412 1392 481 Dei,ut
1413 411 1512 466 ubi
1532 411 1867 467 nuntiarem
1896 412 1953 477 Α
1979 411 2395 483 prophetarum
2419 414 2769 484 est,repente
2785 426 3064 484 personas
3083 409 3233 468 702
3249 409 3618 469 introducere

243 515 352 569 qua:
379 502 628 554 ventura
649 502 789 554 sunt
818 499 1032 572 populo
1062 499 1239 556 tuoin
1273 500 1608 557 novissimis
1622 501 1829 556 diebus
1854 517 1867 556 :

241 583 359 641 licet
381 585 575 640 adhuc
602 603 716 641 non
744 586 855 642 sim
881 603 1145 656 securus,
1171 592 1359 644 stante
1382 589 1690 644 Persarum
1713 589 1871 660 prin—

243 673 382 745 cipe,
400 678 458 728 et
487 673 924 730 contradicente
944 675 1065 732 tuis
1084 676 1357 748 precibus
1380 693 1444 732 ac
1466 693 1606 733 mea
1629 677 1872 749 legatio-

241 760 308 816 ni.
329 762 397 815 Et
427 778 559 817 ecce
589 763 861 834 princeps
891 765 1309 829 Graecorum,id
1331 769 1440 836 est,
1467 766 1869 835 Macedonum,

236 849 506 918 veniebat,
542 854 598 905 et
623 850 925 923 ingressus
956 855 1045 907 est
1073 853 1130 907 in
1164 857 1477 924 conspectu
1526 853 1650 921 Dei,
1684 857 1748 908 ut
1778 870 1870 909 ac-

239 942 456 994 cusaret
482 939 792 994 Persarum
815 939 1140 1012 principem
1159 946 1334 1012 atque
1354 943 1658 998 Medorum
1685 959 1698 996 :
1724 946 1790 997 ut
1810 941 1870 997 in

239 1026 416 1083 locum
445 1043 671 1094 eorum,
704 1045 950 1101 regnum
982 1029 1364 1086 Macedonum
1397 1031 1750 1086 succederet.
1801 1031 1872 1086 Et

237 1132 418 1172 revera
449 1116 601 1172 mira
629 1121 996 1173 sacramenta
1026 1117 1122 1173 Dei
1154 1135 1167 1185 ;
1198 1117 1388 1174 laxato
1420 1119 1575 1174 enim
1607 1119 1677 1174 de
1694 1119 1870 1191 capti-

235 1205 394 1263 vitate
424 1204 645 1278 populo
669 1206 1028 1271 Judaorum,
1053 1206 1363 1262 Persarum
1393 1223 1642 1279 regnum
1695 1210 1871 1279 atque

235 1294 543 1362 Medorum,
578 1294 880 1351 interfecto
904 1295 1095 1362 Dario,
1114 1295 1404 1352 subvertit
1424 1295 1872 1366 Alexander,rex

235 1383 628 1454 Macedonum,
661 1389 718 1439 et
747 1384 1018 1457 princeps
1040 1385 1370 1442 Graecorum
1390 1384 1527 1441 vicit
1547 1384 1869 1457 principem

233 1471 469 1528 Persaru
477 1489 532 1527 m
543 1514 556 1526 .

298 1562 678 1616 Verumtamen
695 1563 1036 1617 annuntiubo
1066 1563 1171 1617 tibi
1193 1562 1333 1634 quod
1351 1579 1672 1634 expressum
1700 1565 1779 1618 est
1809 1563 1870 1618 in

229 1652 499 1721 scriptura
517 1651 782 1706 veritatis.
835 1649 940 1706 Hic
979 1650 1118 1706 orde
1165 1650 1430 1708 lectionis
1488 1655 1618 1708 est:
1664 1651 1870 1707 Adhuc

231 1754 321 1794 res
350 1739 412 1793 in
444 1738 614 1794 dubio
643 1741 755 1794 est.
778 1738 856 1794 Te
885 1738 1042 1794 enim
1073 1743 1346 1811 precante
1367 1739 1860 1807 Dominum,70|

225 1831 281 1882 et
325 1843 420 1882 me
478 1826 753 1883 oﬂ‘erente
808 1827 1102 1884 orationes
1156 1831 1310 1898 tuas,
1370 1833 1488 1885 stat
1545 1846 1576 1884 e
1635 1829 1868 1902 regione

223 1915 492 1988 princeps
512 1920 848 1982 Persarum,
881 1919 938 1972 et
966 1933 1083 1972 non
1115 1917 1240 1972 vult
1268 1917 1552 1990 populum
1583 1921 1756 1974 tuum
1797 1919 1869 1974 de

221 2005 558 2076 captivitate
585 2004 784 2062 laxari.
819 2005 936 2077 Ego
968 2009 1185 2076 autem,
1219 2007 1360 2078 quia
1401 2007 1560 2062 venit
1597 2006 1867 2080 princeps

220 2093 576 2163 Graecorum,
599 2098 657 2150 et
677 2094 912 2150 interim
936 2099 1157 2167 pugnat
1173 2099 1373 2152 contra
1391 2096 1715 2168 principem
1737 2097 1869 2153 Per-

218 2199 439 2250 sarum,
469 2182 695 2238 habens
718 2182 836 2238 illic
854 2182 1194 2240 Michaelem
1218 2183 1278 2238 in
1297 2184 1390 2256 adj
1400 2185 1868 2257 utorium,donec

215 2271 296 2326 illi
315 2272 478 2328 inter
507 2288 571 2328 se
602 2271 905 2339 dimicant,
938 2273 1185 2329 referam
1218 2272 1324 2328 tibi
1353 2291 1479 2346 quae
1511 2273 1667 2330 Deus
1718 2275 1866 2330 mihi

213 2360 415 2415 futura
435 2359 788 2433 praedixerit,
821 2364 878 2416 et
905 2360 1008 2417 tibi
1032 2362 1322 2417 narranda
1341 2363 1698 2435 praeceperit.
1724 2362 1868 2419 Nul-

212 2449 373 2521 lique
404 2450 632 2505 oriatur
651 2449 966 2522 scrupulus
992 2467 1172 2522 quare
1195 2467 1298 2523 pro
1320 2451 1580 2523 principe
1601 2451 1866 2509 Macedo-

209 2554 372 2603 nom,
427 2538 763 2610 principem
821 2538 1156 2595 Graecorum
1244 2539 1477 2610 dixerit,
1561 2540 1671 2596 hoc
1754 2544 1864 2609 est,

209 2623 836 2694 ’E).)li;vwvAlexander
864 2628 1021 2683 enim
1041 2643 1140 2684 rex
1168 2629 1573 2697 Macedonum,
1609 2629 1866 2702 primum

209 2716 503 2772 subversa
529 2716 748 2772 Graecia
765 2721 822 2772 et
847 2717 1111 2788 subjecta
1135 2718 1407 2790 potestati
1439 2735 1581 2790 suae,
1613 2718 1670 2773 in
1731 2723 1865 2774 Per-

209 2821 306 2861 sas
339 2821 511 2860 arma
542 2804 844 2876 corripuit.

277 2896 348 2949 Et
377 2911 541 2949 nemo
563 2901 640 2949 est
667 2894 885 2966 adjutor
912 2911 1062 2952 meus
1093 2897 1154 2950 in
1182 2895 1435 2952 omnibus
1458 2896 1562 2967 his,
1596 2897 1709 2951 nisi
1751 2898 1864 2952 Mi-

205 2985 364 3040 chael
385 2986 648 3056 princeps
679 2986 871 3039 vester.
904 2984 1020 3057 Ego
1051 3001 1205 3050 sum,
1236 2984 1448 3056 inquit,
1480 2984 1723 3057 angelus
1769 2985 1866 3042 ille

206 3075 310 3147 qui
347 3073 528 3129 oiI‘ero
559 3073 678 3128 Deo
699 3073 987 3128 arationes
1008 3077 1162 3137 tuas,
1185 3077 1240 3128 et
1258 3073 1456 3128 nullus
1479 3079 1568 3129 est
1590 3073 1741 3130 alius
1764 3075 1862 3146 qui

1980 499 2105 556 sine
2129 499 2247 556 ulla
2268 500 2606 572 praefatione
2628 499 2967 556 verborum:
3000 503 3067 556 ut
3088 504 3176 556 est
3189 499 3335 557 illud
3371 501 3431 555 in
3461 501 3619 573 psal-

1980 606 2076 644 mo
2102 588 2397 645 tricesimo
2429 588 2643 659 primo:
2678 605 2812 644 cum
2844 588 3000 644 enim
3019 591 3284 660 rogasset
3302 588 3619 646 Dominum

1978 677 2264 749 propheta
2291 681 2348 732 et
2366 675 2643 732 dixisset:
2685 680 2764 730 Tu
2791 691 2846 731 es
2874 678 3152 748 refugium
3168 693 3352 732 meum
3381 694 3414 732 a
3441 678 3622 734 tribu-

1981 766 2183 822 latione
2203 766 2278 837 (b)
2300 782 2426 820 mea
2455 780 2582 836 quae
2611 764 2969 822 circumdedit
2995 781 3082 820 me
3099 782 3120 827 ;
3149 767 3419 822 exultatio
3473 783 3620 834 mea,

1977 871 2110 910 erue
2136 871 2221 910 me
2244 872 2279 909 a
2308 854 2778 910 circumdantibus
2806 870 2912 924 me,
2945 857 3180 926 repente
3209 871 3459 926 persona
3516 855 3620 911 Dei

1977 943 2369 998 introducitur
2398 943 2806 1015 respondentis
2831 959 2842 998 :
2875 943 3218 999 Intellectum
3247 943 3350 999 tibi
3369 944 3529 1012 dabo,
3563 946 3616 1000 et

1976 1033 2255 1088 instruam
2283 1041 2335 1088 te
2355 1035 2415 1087 in
2444 1033 2533 1086 via
2553 1031 2654 1086 hac
2670 1047 2774 1103 qua
2793 1030 3062 1102 gradieris
3091 1050 3104 1087 :
3133 1034 3364 1103 firmabo
3389 1040 3620 1104 superte

1977 1122 2159 1178 oculos
2189 1137 2330 1178 meos
2378 1121 2567 1190 (Vers.
2599 1123 2654 1186 7,
2685 1120 2763 1192 8).
2817 1120 2964 1192 Ergo
3026 1124 3084 1175 et
3134 1137 3293 1176 nunc
3347 1125 3621 1177 narrante

1977 1210 2262 1284 propheta
2285 1226 2298 1266 :
2329 1210 2416 1265 Ab
2437 1226 2589 1265 anno
2611 1209 2800 1280 primo
2831 1208 2986 1265 Darii
3005 1208 3178 1277 Medi,
3198 1210 3427 1266 stabam
3447 1213 3505 1266 et
3523 1211 3625 1266 de-

1977 1299 2277 1372 precabar,
2310 1302 2375 1354 ut
2404 1298 2824 1354 confortaretur
2851 1301 2908 1353 et
2938 1297 3314 1354 roboraretur
3343 1298 3476 1370 ejus
3505 1297 3622 1355 im-

1976 1388 2226 1462 perium,
2259 1388 2416 1444 Deus
2447 1389 2682 1458 repente
2711 1385 3012 1458 respondit
3041 1404 3054 1442 :

2047 1477 2235 1550 (Vers.
2268 1477 2346 1547 2.)
2378 1506 2447 1517 —-
2475 1477 2539 1532 Et
2564 1492 2715 1532 nunc
2769 1475 3049 1530 veritatem
3102 1475 3451 1532 annuntiabo
3495 1476 3621 1532 tibi.

1977 1567 2192 1638 Estque
2221 1581 2432 1621 sensus
2453 1582 2466 1620 :
2499 1565 2647 1629 Quia
2661 1565 2747 1620 vis
2771 1579 2944 1620 nosse
2961 1565 3034 1620 de
3054 1568 3366 1621 Persarum
3381 1564 3621 1636 regibus

1977 1655 2119 1728 quid
2150 1654 2416 1710 futurum
2439 1653 2535 1721 sit,
2568 1652 2705 1710 audi
2735 1653 2999 1710 ordinem
3021 1669 3238 1722 rerum,
3273 1656 3332 1710 et
3351 1652 3624 1710 ausculta

1977 1745 2134 1816 quod
2166 1742 2400 1816 quieris.

2047 1833 2113 1888 Et
2139 1847 2257 1887 ecce
2270 1841 2379 1887 tres
2425 1830 2604 1887 adhuc
2655 1845 2807 1902 reges
2860 1829 3088 1886 stabunt
3144 1831 3206 1885 in
3259 1828 3517 1886 Perside:
3567 1832 3622 1886 et

1977 1924 2208 1993 quartus
2234 1919 2509 1976 dilabitur
2535 1919 2730 1991 apibus
2750 1921 2944 1975 nimiis
2971 1935 3136 1991 super
3156 1934 3376 1974 omnes:
3407 1921 3460 1975 et
3494 1933 3620 1973 cum

1975 2009 2293 2066 invaluenit
2321 2009 2530 2064 divitiis
2558 2009 2697 2074 suis,
2752 2008 3042 2064 concitabit
3085 2023 3270 2064 omnes
3315 2006 3624 2064 adversum

1975 2115 2207 2169 regnum
2238 2098 2484 2155 Graeciae.
2517 2097 2778 2161 Quatuor
2807 2111 2973 2168 reges
2995 2099 3129 2169 post
3159 2095 3371 2168 Cyrum
3396 2095 3538 2151 dicit
3565 2093 3626 2150 in

1976 2188 2212 2244 Perside
2234 2190 2620 2257 surrecturos,
2643 2185 2967 2257 Cambysen
2982 2183 3172 2240 ﬁlium
3186 2184 3336 2256 Cyri,
3351 2188 3409 2240 et
3429 2184 3626 2240 Smer—

1976 2279 2090 2334 den
2121 2279 2354 2348 Magum
2383 2275 2484 2346 qui
2515 2275 2837 2345 Pantapten
2869 2273 3052 2329 ﬁliam
3095 2272 3402 2346 Cambysis
3460 2271 3630 2328 duxit

1975 2381 2235 2422 uxorem.
2271 2363 2379 2428 Qui
2409 2379 2544 2419 cum
2576 2380 2610 2418 a
2637 2365 2862 2434 septem
2883 2361 3067 2434 Magis
3082 2361 3291 2418 fuisset
3309 2360 3626 2430 occisus,et

1975 2456 2034 2510 in
2056 2454 2248 2510 locum
2279 2453 2410 2522 ejus
2440 2451 2650 2507 Darius
2678 2449 3037 2522 suscepisset
3066 2449 3402 2521 imperium,
3421 2450 3628 2505 eadem

1973 2545 2289 2614 Pantaptes
2321 2540 2522 2612 nupsit
2556 2537 2743 2610 Dario,
2776 2542 2834 2594 et
2887 2555 2957 2594 ex
3013 2555 3079 2593 eo
3136 2538 3362 2593 Xerxen
3418 2537 3627 2610 genuit

1974 2627 2751 2703 filium,quipotentissimus
2764 2643 2863 2682 rex
2873 2630 2931 2682 et
2949 2625 3624 2694 ditissimus,adversum

1975 2720 2254 2777 Graeciam
2273 2717 2762 2774 innumerabilem
2793 2716 2958 2771 duxit
2978 2715 3382 2783 exercitum,et
3399 2730 3465 2770 ea
3489 2729 3624 2786 ges-

1975 2809 2054 2866 sit
2084 2826 2210 2882 quaa
2239 2812 2566 2863 Graecorum
2582 2809 2822 2861 narrant
2837 2804 3436 2861 historiis.Succendit
3460 2802 3622 2858 enim

1972 2897 2230 2954 Athenas
2261 2897 2370 2952 sub
2402 2894 2662 2968 principe
2683 2892 2881 2962 Callia,
2902 2891 3240 2964 bellumque
3261 2907 3328 2946 eo
3349 2895 3623 2963 tempore

1973 2991 2206 3060 gestum
2231 2989 2322 3042 est
2349 2984 2409 3039 in
2431 2981 2857 3054 Thermopylis,
2882 2985 2938 3036 et
2952 2981 3109 3054 apud
3129 2979 3492 3035 Salaminam
3516 2995 3618 3034 na-

1971 3076 2097 3132 vale
2119 3079 2410 3131 certamen
2436 3089 2448 3126 :
2483 3072 2718 3144 quando
2741 3069 3056 3142 Sophocles
3074 3073 3129 3124 et
3150 3068 3457 3140 Euripides
3475 3065 3617 3123 clari

205 3164 448 3234 adjutor
481 3178 649 3217 meus
676 3161 753 3216 sit
783 3161 1024 3234 rogandi
1056 3178 1159 3233 pro
1189 3162 1350 3217 vobis
1381 3161 1586 3228 Deum,
1613 3163 1725 3218 nisi
1755 3163 1864 3218 Mi-
1895 3149 1938 3216 C
1976 3164 2358 3230 habebantur,
2393 3167 2452 3217 et
2508 3159 2929 3215 Themistocles
2977 3157 3037 3212 in
3096 3157 3300 3213 Persas
3356 3155 3614 3228 fugiens,

204 3252 376 3308 chael
409 3250 825 3323 archangelus,
860 3251 952 3305 cui
1003 3250 1258 3307 creditus
1315 3255 1404 3306 est
1458 3250 1712 3324 populus
1765 3253 1865 3308 ,Ια-

1970 3254 2182 3310 hausto
2213 3251 2364 3307 tauri
2385 3249 2696 3322 sanguine,
2719 3247 2908 3321 periit.
2925 3247 3163 3302 Frustra
3181 3245 3361 3318 igitur
3372 3244 3616 3316 quidam

204 3341 498 3396 deorum.
530 3340 603 3394 Et
631 3337 866 3394 interim
897 3339 1006 3394 hoc
1034 3344 1296 3412 tempore
1324 3357 1429 3412 ego
1479 3344 1535 3395 et
1590 3341 1862 3414 princeps
1972 3341 2212 3400 Darium
2229 3355 2425 3413 regem
2447 3336 2854 3410 quartum,qui
2871 3336 2944 3392 ab
2964 3335 3288 3391 Alexandro
3302 3338 3618 3406 superatus

201 3434 548 3485 Grecorum
583 3427 880 3484 communi
930 3425 1126 3483 labore
1183 3428 1490 3485 adversum
1552 3433 1863 3486 Persarum
1973 3435 2081 3499 est,
2115 3429 2360 3496 scribit;
2394 3426 2494 3500 qui
2517 3443 2633 3481 non
2665 3429 2934 3497 quartus,
2959 3425 3059 3480 sed
3083 3427 3327 3495 quartus
3349 3422 3620 3478 decimus

201 3519 541 3591 principem
573 3515 949 3572 dimicamus.
1012 3515 1388 3572 Revolvendas
1451 3522 1592 3572 sunt
1645 3522 1864 3574 veteres
1976 3523 2108 3593 post
2134 3519 2347 3591 Cyrum
2376 3515 2683 3571 Persarum
2716 3529 2815 3568 rex
2844 3513 2987 3568 fuit:
3022 3527 3194 3583 quem
3228 3510 3478 3583 septimo
3510 3527 3622 3565 un-

200 3608 496 3675 historiae,
511 3610 570 3662 et
592 3608 669 3675 (a)
694 3605 1186 3661 considerandum
1205 3605 1435 3661 neforte
1465 3605 1611 3662 illud
1635 3610 1867 3680 tempus
1977 3607 2121 3682 perii
2149 3606 2240 3663 sui
2271 3621 2424 3660 anno
2456 3607 2512 3659 et
2541 3600 2835 3674 superavit
2853 3603 2910 3656 et
2930 3598 3140 3656 occidit
3168 3598 3512 3655 Alexander.
3548 3599 3617 3653 Et

201 3697 507 3769 significet
537 3695 774 3767 quando
806 3694 993 3750 Persae
1023 3711 1057 3750 a
1077 3694 1290 3750 Graecis
1320 3694 1453 3750 victi
1486 3700 1646 3751 sunt.
1694 3697 1872 3752 Juxta
1978 3696 2302 3754 notandum
2333 3693 2510 3764 quod,
2543 3694 2795 3762 quatuor
2823 3692 2954 3760 post
2981 3689 3196 3760 Cyrum
3217 3687 3455 3759 regibus
3483 3687 3622 3742 Per-

200 3786 532 3842 editionem
562 3783 878 3856 Vulgatam
900 3800 1086 3856 usque
1110 3783 1182 3838 ad
1210 3782 1386 3838 ﬁnem
1409 3782 1541 3838 libri
1557 3801 1674 3839 una
1695 3789 1872 3856 puta-

200 3879 303 3930 tur
333 3874 510 3943 visio,
543 3889 670 3946 qua:
707 3888 864 3927 anno
893 3871 1064 3928 tertio
1082 3871 1207 3944 Cyri
1231 3871 1405 3944 Regis
1429 3877 1742 3929 Persarum
1768 3890 1870 3944 ap-

201 3964 422 4035 paruit
447 3959 696 4017 Danieli.
729 3965 907 4016 Porro
931 3961 1104 4032 juxta
1147 3960 1488 4017 Hebraicam
1544 3962 1870 4032 veritatem,

205 4053 502 4124 separata
528 4054 665 4106 sunt
690 4066 817 4122 qua:
831 4054 1182 4121 sequuntur,
1209 4050 1707 4122 etscriptaordine
1727 4067 1876 4123 pras-

207 4144 483 4212 postero.
514 4139 596 4194 De
624 4139 796 4209 cujus
827 4137 1018 4194 causis
1049 4155 1228 4211 supra
1249 4139 1506 4196 diximus
1535 4140 1697 4196 :Non
1721 4139 1876 4196 enim

215 4229 335 4284 sub
368 4227 503 4301 Cyri
530 4244 684 4283 anno
714 4226 904 4293 tertio,
941 4227 1040 4282 sed
1073 4227 1184 4283 sub
1215 4227 1370 4283 Darii
1402 4228 1592 4301 primo
1615 4229 1716 4301 qui
1739 4229 1878 4285 sub-

217 4319 401 4376 vertit
431 4316 760 4382 Balthasar,
793 4318 1107 4371 narrantur
1134 4315 1248 4371 ista
1278 4333 1402 4388 qua:
1433 4317 1650 4391 scripta
1681 4322 1841 4374 sunt.

1982 3802 2181 3842 sarum
2199 3779 2787 3849 enumeratis,novem
2803 3777 2874 3848 (ο)
2897 3774 3236 3849 praeterierit
3256 3781 3313 3831 et
3327 3774 3630 3830 transierit

1983 3875 2055 3932 ad
2085 3871 2502 3928 Alexandrum.
2534 3867 2660 3922 Non
2692 3866 2851 3922 enim
2879 3882 3033 3921 curae
3067 3864 3178 3920 fuit
3207 3863 3442 3936 spiritui
3500 3879 3637 3935 pro-

1983 3961 2200 4037 phetali
2218 3957 2476 4014 historia
2493 3955 2757 4014 ordinem
2775 3955 3071 4026 sequi,sed
3092 3951 3372 4027 praeclara
3387 3966 3634 4025 quaeque

1985 4050 2398 4126 perstringere.

2062 4140 2211 4195 703
2242 4138 2426 4210 (Vers.
2457 4135 2535 4207 3.)
2561 4139 2766 4208 Surget
2787 4148 2912 4190 vero
2963 4148 3065 4188 rex
3119 4132 3301 4204 fortis,
3349 4138 3401 4187 et
3455 4128 3638 4185 domi-

1985 4229 2211 4286 nabitur
2239 4231 2495 4300 potestate
2515 4225 2692 4280 multa
2721 4241 2737 4278 :
2769 4231 2820 4278 et
2849 4223 3017 4293 faciet
3039 4221 3185 4294 quod
3202 4220 3476 4292 placuerit
3493 4217 3635 4275 ei.Et

1988 4335 2112 4376 cum
2139 4317 2350 4372 steterit
2376 4322 2684 4371 conteretur
2713 4327 2947 4380 regnum
3004 4311 3141 4382 ejus.
3193 4308 3504 4381 Perspicue
3563 4306 3636 4361 de

293 4408 462 4480 (Cap.
498 4405 595 4461 XI.
629 4437 692 4446 -
721 4404 888 4460 Vers.
926 4405 1000 4476 1.)
1032 4407 1140 4475 Ego
1169 4415 1353 4461 autem
1381 4406 1449 4461 ab
1502 4423 1646 4464 anno
1701 4409 1882 4479 primo
1992 4423 2206 4479 magno
2236 4404 2563 4460 Alexandro
2595 4417 2730 4474 rege
2758 4399 3143 4456 Macedonum
3193 4396 3476 4468 loquitur,
3536 4392 3638 4466 qui

222 4497 393 4553 Darii
421 4495 567 4552 Medi
609 4495 839 4561 stabam,
871 4501 935 4549 ut
977 4495 1381 4582 confortaretur
1409 4502 1460 4550 et
1512 4496 1880 4553 roboraretur.
1916 4518 1963 4582 D
1992 4493 2249 4567 Philippi
2271 4493 2429 4582 ﬁlius
2451 4492 2562 4582 fuit
2585 4490 2700 4582 :hic
2717 4484 3645 4582 enimillyricis.Thracibusque

227 4586 371 4658 Ego,
404 4582 607 4656 inquit
636 4582 862 4650 Daniel,
896 4583 968 4637 ab
1000 4599 1152 4638 anno
1185 4581 1374 4655 primo
1401 4585 1554 4655 regis
1585 4584 1740 4639 Darii
1787 4584 1889 4657 qui
1917 4572 1958 4582 ”
1998 4583 2312 4657 superatis,
2334 4581 2488 4637 victa
2518 4579 2734 4636 Graecia
2761 4576 3092 4648 Thebisque
3111 4572 3644 4640 subversls,trans-

233 4673 526 4729 subvertit
555 4670 880 4739 Chaldaeos,
911 4675 968 4726 et
997 4687 1090 4726 me
1122 4671 1193 4727 de
1251 4689 1431 4728 manu
1489 4672 1885 4745 inimicorum,
1996 4673 2102 4729 ivit
2128 4673 2187 4727 in
2217 4671 2452 4727 Asiam:
2509 4673 2566 4724 et
2617 4666 2832 4740 fugatis
2893 4664 3050 4720 Darii
3102 4663 3375 4719 ducibus.
3435 4662 3645 4715 urbem

237 4768 530 4834 quantum
559 4761 620 4815 in
653 4777 716 4816 se
746 4760 877 4829 fuit,
913 4760 1183 4816 liberavit
1211 4763 1307 4830 (ob
1339 4763 1671 4819 custodiam
1696 4778 1888 4819 meam
1997 4761 2199 4818 Sardis
2220 4759 2371 4831 cepit
2395 4775 2408 4812 :
2430 4760 2747 4830 posteaque
2767 4758 2938 4827 capta
2959 4753 3143 4820 India,
3163 4756 3221 4808 et
3245 4751 3386 4806 urbe
3404 4748 3647 4804 Alexan-

240 4851 629 4906 etiamlacum
651 4849 887 4905 leonum
907 4866 1012 4904 suo
1037 4849 1278 4921 signans
1299 4850 1536 4919 annulo,
1570 4868 1641 4907 ne
1664 4868 1757 4909 me
1785 4852 1894 4908 ad-
2001 4849 2129 4905 dria
2155 4846 2408 4914 condita,
2440 4861 2573 4900 cum
2609 4843 2845 4916 friginta
2878 4845 2935 4898 et
2965 4842 3111 4897 duos
3169 4838 3352 4896 astatis
3401 4837 3646 4893 haberet

242 4940 483 4995 versarii
504 4939 943 5010 interficerent),
978 4939 1207 4994 stabam
1231 4939 1288 4993 in
1325 4945 1638 5013 conspectu
1685 4941 1807 5007 Dei,
1838 4944 1896 4996 et
2004 4954 2210 5004 annos,
2243 4939 2300 4990 et
2329 4929 2989 5003 duodecimumimperii
3010 4945 3252 4999 annum,
3276 4928 3336 4982 in
3360 4925 3650 4999 Babylone

247 5029 524 5100 rogabam
561 5027 691 5098 ejus
724 5025 1117 5096 clementiam,
1142 5045 1246 5100 pro
1269 5044 1334 5084 eo
1361 5028 1460 5100 qui
1486 5046 1577 5085 me
1592 5028 1892 5102 diligebat,
2003 5041 2224 5082 veneno
2254 5022 2448 5096 periit.

251 5121 314 5170 ut
336 5117 787 5184 confortaretur,
810 5115 900 5172 vel
932 5116 1077 5187 ipse,
1104 5117 1190 5172 vel
1213 5133 1460 5189 regnum
1483 5119 1701 5190 ejus,et
1727 5118 1898 5174 robo-
2079 5114 2264 5186 (Vers.
2290 5113 2345 5181 4)
2401 5112 2465 5166 Et
2518 5108 2803 5165 dividetur
2855 5110 2916 5163 in
2969 5113 3204 5180 quatuor
3249 5108 3432 5161 ventos
3486 5103 3650 5165 ϐαιὴ

254 5212 499 5261 raretur.
531 5209 796 5276 Cumque
831 5205 889 5258 in
923 5206 1182 5261 oratione
1212 5205 1605 5278 persisterem,
1632 5207 1774 5277 haec,
1797 5207 1901 5263 Do.
2009 5203 2102 5260 sed
2130 5218 2245 5259 non
2275 5203 2338 5257 in
2373 5206 2609 5272 posteros
2631 5199 2770 5270 ejus,
2797 5213 2972 5269 neque
2995 5194 3294 5252 secundum
3344 5193 3650 5266 potentiam

254 5294 408 5350 mino
449 5293 869 5366 respondente,
901 5295 1165 5366 cognovi.
1226 5294 1679 5351 Consuetudinis
1708 5301 1903 5351 autem
2013 5293 2175 5348 illius
2205 5307 2313 5362 qua
2341 5290 2652 5345 dominatus
2683 5289 2778 5343 est.
2801 5287 2939 5342 Post
2965 5283 3358 5341 Alexandrum
3389 5283 3450 5338 in
3509 5297 3655 5353 qua-

2089 5433 2682 5506 (c)Putanrlaxerxen
2713 5422 3660 5506 Longimanum,Xerxen,Sogdia-

2019 5495 2163 5561 nu‘m
2198 5504 2429 5576 Darium
2460 5501 2748 5576 Nothium,
2770 5495 3119 5576 Artaxerxen
3143 5502 3529 5576 Memnonem,
3559 5495 3664 5576 At:

2019 5582 2294 5634 taxerxen
2323 5572 2571 5638 Ochum,
2591 5569 3121 5639 Arsetem,Darium
3143 5569 3542 5631 Codamanum
3565 5569 3667 5640 qui

2021 5649 2094 5712 ab
2118 5644 2445 5708 Alexandro
2475 5644 2786 5724 superatus
2813 5645 2924 5709 est.

325 5438 400 5508 (η)
437 5434 634 5491 Nostri
673 5452 818 5491 mss.
852 5436 1094 5508 ipseque
1114 5435 1408 5493 Victorius
1439 5453 1508 5493 ex
1558 5436 1908 5494 Florentinis

254 5507 339 5564 sic
371 5507 598 5580 legunt.
631 5512 817 5563 Antea
846 5507 1266 5580 considerandae.

323 5581 404 5652 (ὁ)
434 5578 620 5636 Ἀδδεί
641 5597 677 5634 a
706 5578 925 5637 nostris
954 5595 1096 5635 mss.
1127 5595 1267 5650 mea,
1301 5594 1427 5652 quae
1456 5595 1564 5637 vox
1593 5593 1782 5654 neque
1837 5578 1898 5636 in

254 5651 458 5714 Greco
488 5655 583 5710 est
609 5654 787 5712 textu.
