3944 6178
401 294 520 355 559

1652 291 1716 352 S.
1764 289 2072 354 EUSEBII
2119 292 2562 356 HIERONYMI

3645 293 3746 358 560

402 429 536 481 tuor
561 425 768 480 ventos
797 421 926 481 cceli
951 437 964 478 ε
989 421 1272 479 orientem
1289 421 1645 491 videlicet,et
1659 423 2042 493 occidentem,
2077 426 2134 493 Α
2165 441 2311 497 quas
2343 441 2499 481 nunc
2515 423 2800 480 Liburnas
2819 427 3046 493 vocant,
3070 421 3231 479 mille
3251 422 3581 495 quingentas
3599 423 3751 491 ;alias

403 513 728 580 meridiem,
762 516 820 568 et
847 512 1326 584 septentrionem,
1345 529 1593 586 regnum
1612 513 1771 571 illius
1792 513 2047 569 divisum

404 604 509 657 est.
543 599 606 658 In
635 601 882 674 Egypto
913 601 1071 658 enim
1103 601 1332 674 primus
1381 603 1645 676 regnavit
1698 602 2048 659 Ptolemaeus

403 688 544 761 Lagi
573 688 752 760 ﬁlius,
780 689 840 744 id
870 694 978 757 est,
1011 691 1083 746 ad
1113 691 1435 747 meridiem.
1472 693 1532 746 In
1557 691 1895 748 Macedonia
1916 691 2051 747 Phi-

404 777 622 850 lippus,
656 778 757 849 qui
789 781 845 833 et
876 778 1146 846 Arideus,
1178 780 1355 836 frater
1383 780 1716 850 Alexandri,
1751 780 1807 836 id
1840 784 1946 842 est.
1980 780 2052 835 ad

406 867 974 940 occidentemSyriae
997 871 1054 924 et
1074 868 1405 942 Babylonis,
1433 873 1490 926 et
1516 868 1883 941 superiorum
1905 867 2055 923 loco-

407 971 561 1024 rum,
595 955 874 1013 Seleucus
903 957 1176 1026 Nicanor,
1207 959 1267 1013 id
1299 962 1406 1027 est,
1431 959 1501 1014 ad
1534 958 1842 1014 orientem.
1901 955 2054 1012 Asia:

408 1048 467 1101 et
494 1045 662 1101 Ponti
689 1049 1147 1118 ceterarumque
1175 1046 1237 1102 in
1266 1047 1397 1120 ipsa
1423 1047 1597 1120 plaga
1623 1045 2054 1119 provinciarum

404 1133 758 1206 Antigonus,
781 1133 841 1190 id
863 1139 971 1203 est,
995 1136 1066 1192 ad
1087 1135 1703 1209 septentrionem.Haec
1728 1135 2054 1192 secundum

414 1222 600 1278 totius
631 1216 791 1279 orbis
819 1223 1310 1296 plagasdicimus.
1338 1225 1619 1282 Ceterum
1643 1224 1744 1297 qui
1765 1223 1825 1279 in
1855 1222 2057 1280 Judzea

411 1313 521 1380 est,
553 1311 624 1367 ad
655 1311 1004 1382 Aquilonem
1035 1313 1280 1386 Syriam,
1316 1317 1373 1369 et
1426 1314 1497 1369 ad
1556 1312 1856 1368 Meridiem
1886 1310 2054 1385 Egy-

410 1402 577 1471 ptum
611 1399 808 1458 habet.
851 1401 1011 1467 Quod
1047 1405 1243 1458 autem
1275 1401 1392 1457 ait:
1425 1401 1522 1457 sed
1549 1417 1661 1458 non
1699 1403 1761 1457 in
1815 1404 2058 1472 posteros

408 1489 549 1559 ejus,
583 1485 691 1544 hoc
722 1486 1034 1560 signiﬁcat,
1050 1489 1204 1561 quod
1230 1489 1450 1546 liberos
1478 1507 1593 1546 non
1615 1489 1888 1546 habuerit
1913 1506 1926 1544 :
1954 1487 2056 1544 sed

408 1589 656 1649 regnum
687 1576 876 1650 ipsius
905 1577 966 1633 in
999 1577 1222 1635 alienos
1268 1579 1591 1635 laceratum
1649 1579 1764 1635 sit:
1821 1580 2056 1649 excepto

409 1663 588 1720 fratre
606 1663 1007 1738 Philippo,qui
1034 1667 1382 1724 Macedonas
1396 1667 1604 1723 tenuit.
1627 1667 1829 1738 Neque
1849 1682 2056 1722 secun-

409 1753 552 1808 dum
581 1755 902 1826 potentiam
933 1754 1094 1812 illius
1125 1773 1242 1827 qua
1271 1756 1608 1812 dominatus
1637 1759 1746 1810 est.
1798 1755 2056 1810 Divisum

409 1841 566 1897 enim
592 1841 652 1896 in
685 1847 936 1914 quatuor
964 1847 1160 1914 partes
1206 1860 1452 1916 regnum
1509 1842 1861 1899 imbecillius
1909 1842 2052 1897 fuit:

411 1933 554 1988 dum
586 1931 863 1987 adversus
894 1948 956 1988 se
984 1931 1285 2004 dimicant,
1309 1937 1364 1989 et
1393 1933 1670 1989 intestino
1702 1933 1897 1988 furore
1926 1931 2059 1986 bac-

411 2019 681 2075 chantur.

483 2107 842 2163 Lacerabitur
869 2107 978 2178 [ΑΙ.
1003 2108 1292 2180 delebilur]
1304 2112 1457 2166 enim
1484 2112 1606 2183 ejus
1634 2125 1868 2181 reg-num
1887 2110 2059 2164 etiam

411 2197 471 2252 in
504 2203 790 2253 externos:
822 2199 1169 2269 exceptishis.
1194 2199 1407 2255 Praeter
1429 2216 1610 2272 regna
1634 2203 1904 2271 quatuor,
1939 2200 2057 2251 Ma-

412 2285 690 2352 cedoniae,
721 2285 894 2356 Asiae,
923 2286 1100 2359 Syria:
1133 2293 1190 2344 et
1243 2289 1502 2361 Egypti,
1561 2287 1738 2344 etiam
1793 2287 1854 2341 in
1911 2285 2057 2341 alios

411 2375 802 2443 obscuriores,
834 2379 892 2430 et
922 2376 1179 2432 minores
1200 2393 1366 2450 reges
1402 2377 1785 2432 Macedonum
1808 2391 2057 2447 regnum

410 2462 731 2520 laceratum
753 2464 1174 2536 est.Significat
1197 2471 1392 2521 autem
1426 2466 1848 2533 Perdiccam,et
1869 2464 2060 2520 Crate-

410 2567 537 2622 ron,
570 2554 627 2607 et
646 2552 1243 2623 Lysimachum.Nam
1273 2553 1655 2627 Cappadocia,
1679 2558 1736 2609 et
1763 2553 2057 2618 Armenia,

410 2639 702 2713 Bithynia,
736 2644 793 2697 et
810 2641 1096 2710 Heraclia,
1121 2642 1574 2716 Bosphorusque
1595 2649 1651 2699 et
1672 2643 1795 2699 alite
1825 2641 2058 2714 provin-

410 2728 510 2785 ciae
543 2731 613 2786 de
650 2733 934 2803 potestate
963 2733 1346 2788 Macedonum
1404 2733 1765 2799 recedentes,
1800 2730 2060 2786 diversos

413 2817 526 2875 sibi
558 2834 725 2892 reges
754 2819 1206 2876 constituerunt.

485 2923 671 2996 (Vers.
728 2925 808 2998 5.)
868 2927 932 2981 Et
987 2927 1388 2998 confortabztur
1434 2942 1535 2982 rex
1583 2926 1787 2982 Austri.
1874 2921 2061 2978 Ptole-

415 3029 630 3070 maeum
660 3013 880 3070 indicat
910 3013 1095 3070 tilium
1127 3015 1283 3088 Lagi,
1317 3014 1419 3087 qui
1449 3014 1678 3088 primus
1709 3011 1972 3085 regnavit
2001 3009 2061 3063 in

415 3105 675 3176 Egypto,
706 3108 763 3158 ct
789 3102 877 3158 vir
905 3104 1404 3175 prudentissimus
1461 3103 1940 3172 fortissimusque
1998 3113 2063 3153 ac

2159 515 2232 570 ad
2262 513 2480 570 cibaria
2508 513 2765 570 militum
2787 513 3162 586 deportanda,
3189 511 3380 580 mille;
3404 511 3525 567 auri
3546 527 3750 584 quoque

2159 607 2218 658 et
2244 603 2470 675 argenti
2495 604 2712 676 grande
2729 603 2982 675 pondus:
3002 603 3084 657 ita
3110 605 3176 657 ut
3195 601 3264 656 de
3288 601 3518 673 Egypto
3543 617 3635 672 per
3652 601 3753 656 sin-

2159 689 2330 762 gulos
2360 707 2544 746 annos
2577 691 3020 762 quatuordecim
3053 689 3263 758 millia,
3293 693 3347 744 et
3367 689 3757 760 octingentata-

2162 779 2320 833 lenta
2349 780 2573 851 argenti
2606 779 2894 852 acceperit
2923 797 2935 835 :
2969 783 3024 834 et
3054 777 3326 834 frumenti
3355 777 3579 833 artabas
3630 778 3757 847 (qua

2163 883 2442 924 mensura
2461 871 2577 924 tres
2600 869 2824 924 modios
2847 868 3146 924 ettertiam
3167 867 3342 922 modii
3357 870 3574 938 partem
3588 864 3756 935 habet)

2163 956 2479 1028 quinquies
2509 961 2568 1013 et
2585 957 2772 1013 decies
2803 962 3050 1012 centena
3079 955 3260 1011 milia.

2235 1062 2419 1134 (Vers.
2453 1064 2534 1135 6.)
2567 1065 2630 1118 Et
2673 1065 2791 1135 post
2846 1065 3011 1133 ﬁnem
3068 1078 3338 1118 annorum
3384 1059 3764 1132 fwderabuntur

2163 1152 2326 1221 (sive,
2361 1155 2427 1207 ut
2455 1151 2775 1207 Theodotio
2807 1150 3222 1223 interpretatus
3251 1154 3341 1206 est
3362 1165 3376 1203 :
3400 1149 3463 1204 Et
3479 1151 3596 1221 post
3617 1165 3764 1204 annos

2164 1241 2324 1297 illius
2351 1241 2813 1311 commiscentur).
2843 1239 3100 1312 Filioque
3128 1243 3271 1310 regis
3301 1239 3485 1294 Austri
3523 1238 3686 1293 veniet
3709 1235 3764 1292 ad

2163 1345 2347 1399 regem
2373 1329 2680 1400 Aquilonis,
2709 1331 2887 1398 facere
2902 1330 3241 1385 amicitiam:
3273 1335 3323 1383 et
3378 1343 3487 1382 non
3541 1325 3769 1382 obtinebit

2165 1417 2546 1492 fortitudinem
2579 1417 2810 1488 brachii,
2841 1434 2940 1473 nec
2955 1418 3122 1474 stabit
3137 1433 3321 1474 semen
3331 1417 3449 1488 ejus
3471 1414 3769 1484 ;ettradetur

2165 1509 2307 1579 ipsa,
2340 1514 2394 1562 et
2421 1508 2515 1578 qui
2542 1505 2897 1562 adduxerunt
2925 1522 3048 1562 eam
3065 1507 3294 1577 juvenes
3355 1503 3541 1576 [Vulg.
3595 1503 3770 1559 adoles-

2167 1597 2366 1667 centes]
2397 1596 2549 1667 ejus:
2581 1596 2679 1667 qui
2731 1597 3113 1666 confortabant
3165 1611 3287 1650 eam
3335 1595 3397 1648 in
3453 1593 3768 1664 temporibus.

2169 1684 2430 1740 Primum
2464 1683 2640 1756 Syrias
2669 1683 2950 1757 regnavit,
2981 1688 3048 1740 ut
3076 1683 3356 1749 diximus,
3387 1683 3669 1748 Seleucus,
3696 1697 3772 1736 co-

2086 1795 2132 1859 B
2165 1776 2480 1846 gnomento
2510 1773 2781 1828 Nicanor.
2814 1773 3119 1829 Secundus
3142 1767 3771 1859 Antiochus,quiappelf

2166 1861 2322 1918 latus
2352 1866 2441 1916 est
2468 1861 2693 1917 Sother.
2729 1861 2960 1917 Tertius
2991 1866 3048 1917 et
3104 1861 3230 1934 ipse
3289 1860 3623 1928 Antiochus,
3648 1857 3768 1913 705

2167 1952 2269 2022 qui
2297 1951 2614 2006 vocabatur
2631 1947 2846 2017 Θεὸς,ί(1
2873 1955 2983 2019 est,
3015 1952 3183 2008 Deus.
3219 1951 3334 2006 Iste
3373 1950 3638 2006 adversus
3661 1946 3772 2002 Pto-

2164 2038 2434 2094 lemaaum
2466 2037 2934 2111 Philadelphum,
2969 2038 3070 2111 qui
3129 2038 3432 2095 secundus
3487 2035 3771 2108 imperabat

2165 2127 2470 2200 Egyptiis,
2502 2128 2686 2200 gessit
2715 2127 2869 2183 bella
2897 2128 3363 2200 quamplurima,
3395 2131 3451 2182 et
3478 2125 3606 2182 totis
3627 2124 3773 2195 Baby-

2165 2216 2318 2273 lonis
2350 2221 2524 2288 atque
2555 2216 3038 2272 Orientisviribus
3061 2213 3772 2283 dimicavitVolensitaque

2167 2305 2512 2361 Ptolemaeus
2544 2303 2957 2376 Philadelphus
2995 2310 3128 2377 post
3157 2304 3384 2360 multos
3405 2320 3582 2360 annos
3599 2300 3772 2357 moles-

2167 2400 2293 2450 tum
2317 2395 2483 2450 finire
2496 2393 2998 2460 certamen,ﬁliam
3023 2411 3191 2449 suam
3209 2393 3452 2449 nomine
3475 2390 3772 2455 Berenicen,

2169 2483 2453 2539 Antiocho
2487 2499 2724 2538 uxorem
2756 2483 2936 2552 dedit,
2971 2483 3154 2555 quide
3173 2483 3371 2555 priore
3385 2497 3555 2537 uxore
3575 2476 3770 2535 nomine

2171 2573 2434 2640 Laodice,
2466 2572 2721 2627 habebat
2751 2572 2898 2627 duos
2920 2571 3438 2638 ﬁlios,Seleucum,
3470 2569 3565 2642 qui
3594 2581 3774 2639 cogno-

2171 2661 2428 2717 minatus
2457 2664 2547 2716 est
2575 2660 2915 2727 Callinicus,
2949 2665 3005 2716 et
3035 2661 3280 2716 alterum
3311 2659 3673 2716 Antiochum.
3693 2655 3774 2710 De-

2170 2751 2450 2821 duxitque
2481 2766 2609 2804 eam
2644 2766 2832 2822 usque
2861 2749 3160 2806 Pelusium
3186 2767 3199 2805 :
3233 2753 3290 2804 et
3319 2747 3550 2804 inﬁnita
3578 2745 3703 2811 auri,
3729 2745 3773 2798 et

2170 2839 2393 2912 argenti
2418 2837 2603 2893 millia
2623 2838 2776 2894 dotis
2795 2835 3029 2894 nomine
3050 2838 3244 2894 dedit:
3269 2839 3443 2894 Unde
3459 2832 3770 2914 φορνοφὸρος,

2171 2928 2229 2982 id
2261 2932 2368 2996 est,
2383 2926 2578 2984 dotalis
2598 2926 2924 3000 appellatus
2945 2931 3051 2983 est.
3075 2926 3408 2983 Antiochus
3433 2930 3615 2983 autem
3636 2925 3773 2979 Bere-

2171 3016 2337 3072 nicen
2359 3020 2685 3072 consortem
2711 3016 2873 3088 regni
2896 3016 3108 3072 habere
3140 3033 3200 3072 se
3221 3016 3510 3088 dicens,et
3535 3012 3773 3071 Laodicea

2173 3105 2233 3161 in
2266 3105 2601 3161 concubina:
2631 3105 2847 3172 locum,
2881 3111 3012 3178 post
3031 3104 3283 3161 multum
3314 3104 3591 3180 temporis
3610 3115 3773 3160 amore

417 3163 748 3248 ditissimus
771 3163 1064 3262 min-704
1085 3198 1144 3250 et
1162 3197 1334 3249 tanta:
1357 3193 1719 3266 potentiae,ut
1775 3163 2063 3263 Pyrrhum
2095 3163 2140 3230 C
2181 3198 2512 3266 superatus,
2543 3163 2985 3251 Laodicen'c‘um
3043 3194 3242 3250 liberis
3301 3163 3684 3251 suis‘reducit
3726 3189 3774 3243 in

418 3297 614 3354 regem
645 3280 1013 3354 Epirotarum
1059 3281 1369 3355 expulsum
1416 3280 1738 3338 restituerit
1768 3276 2062 3351 [Al.resti-

415 3369 688 3442 tueretJin
706 3387 974 3443 regnum,
1010 3370 1380 3444 Cyprumque
1428 3370 1748 3427 obtinuerit
1775 3371 1833 3424 et
1891 3365 2063 3422 Phas-

417 3457 624 3516 nicen:
658 3464 716 3516 et
743 3459 892 3516 victo
963 3460 1252 3516 Demetrio
1285 3460 1403 3516 tilio
1458 3458 1758 3532 Antigoni,
1819 3455 2062 3513 Seleuco

417 3549 580 3622 regni
611 3548 704 3606 sui
737 3553 982 3622 partem,
1015 3566 1143 3621 quas
1174 3551 1245 3606 ab
1275 3550 1567 3622 Antigono
1600 3548 1786 3604 fuerat
1845 3545 2060 3616 ablata,

417 3638 776 3695 restituerit:
809 3638 1038 3695 Cariam
1095 3655 1329 3711 quoque
1386 3638 1678 3694 obtineret
1733 3640 1789 3693 et
1845 3633 2062 3691 multas

417 3728 644 3784 insulas
676 3728 970 3800 urbesque
999 3733 1058 3785 et
1086 3727 1372 3801 regiones,
1405 3728 1475 3784 de
1523 3727 1740 3800 quibus
1797 3742 1914 3782 non
1973 3726 2064 3779 est

414 3817 602 3890 hujus
622 3817 905 3891 temporis
924 3817 1422 3874 scribere.Idcirco
1443 3822 1639 3873 autem
1656 3820 1864 3873 cratera
1885 3830 2064 3886 regna

415 3907 737 3974 dimittens,
771 3906 1120 3962 Macedoniae
1148 3906 1419 3963 videlicet
1447 3910 1504 3963 et
1533 3906 1703 3978 Asiae,
1730 3909 1962 3961 tantum
1992 3902 2064 3958 de

417 3995 642 4068 Egypti
677 3999 734 4051 et
761 3995 935 4067 Syris:
967 3999 1168 4051 narrat
1198 3996 1455 4069 regibus:
1489 3996 1630 4068 quia
1650 3995 1708 4050 in
1744 3993 1933 4050 medio
1956 3992 2061 4047 Ju-

417 4083 543 4137 deea
570 4082 781 4154 posita,
814 4098 971 4138 nunc
1001 4083 1073 4138 ab
1091 4081 1206 4138 illis
1229 4099 1384 4138 nunc
1400 4084 1470 4138 ab
1495 4082 1626 4138 istis
1648 4082 1883 4154 regibus
1903 4084 2060 4135 tene-

419 4171 614 4227 batur.
646 4174 716 4227 Et
745 4171 1056 4243 Scriptura:
1089 4174 1303 4228 sanctae
1353 4171 1720 4245 propositum
1776 4174 1886 4236 est,
1943 4184 2058 4223 non

417 4263 716 4317 externam
748 4259 969 4330 absque
993 4259 1216 4316 Judaeis
1237 4259 1542 4317 historiam
1565 4264 1775 4327 texere,
1810 4258 1908 4315 sed
1933 4272 2061 4313 eam

419 4365 548 4422 qua:
581 4348 779 4406 Israeli
810 4348 1024 4421 populo
1045 4348 1319 4422 copulata
1347 4353 1454 4406 est.

488 4457 555 4513 Et
581 4456 649 4512 de
675 4457 1025 4530 principibus
1071 4457 1185 4529 ejus
1238 4457 1556 4529 praevalebit
1600 4471 1763 4527 super
1817 4471 1942 4511 eum
1961 4472 1980 4508 :
2011 4458 2063 4510 et

2171 3283 2408 3355 regiam.
2442 3284 2576 3347 Quae
2607 3287 2872 3340 metuens
2904 3284 3247 3355 ambiguum
3287 3281 3404 3338 viri
3443 3282 3698 3346 animum,
3718 3291 3777 3331 ne

2173 3371 2484 3427 Berenicen
2514 3372 2836 3440 reduceret,
2865 3371 3057 3427 virum
3091 3388 3193 3444 per
3233 3371 3535 3428 ministros
3587 3379 3775 3423 veneno

2177 3460 2483 3516 interfecit.
2517 3459 2829 3515 Berenicen
2862 3465 3060 3516 autem
3091 3477 3226 3515 cum
3258 3459 3384 3517 ﬁlio
3415 3459 3508 3532 qui
3530 3453 3778 3515 exAntio-

2173 3550 2278 3605 cho
2319 3553 2493 3604 natus
2520 3553 2663 3618 erat,
2701 3549 2949 3604 Icadioni
2985 3554 3041 3604 et
3068 3553 3302 3606 Genneo
3329 3543 3801 3618 Antiochimpring

2171 3637 2400 3711 cipibus
2432 3637 2811 3693 occidendam
2840 3637 3109 3694 tradidit:
3146 3637 3447 3710 ﬁliumque
3473 3651 3636 3692 suum
3667 3647 3779 3687 ma-

2163 3729 2354 3800 jorem
2385 3727 2693 3782 Seleucum
2725 3726 3070 3782 Callinicum
3102 3727 3162 3782 in
3193 3727 3378 3799 patris
3430 3725 3544 3782 loco
3593 3736 3775 3793 regem

2173 3816 2493 3873 constituit.
2521 3817 2588 3871 Et
2607 3815 2715 3872 hoc
2736 3816 2991 3887 estquod
3015 3833 3170 3872 nunc
3185 3817 3428 3872 dicitur:
3446 3808 3782 3870 Postmultos

2173 3923 2356 3962 annos
2389 3905 2735 3961 Ptolemaeus
2765 3904 3184 3977 Philadelphus
3213 3909 3269 3961 et
3297 3903 3609 3961 Antiochus
3663 3894 3780 3956 Θεός

2173 3994 2384 4050 facient
2413 3994 2734 4050 amicitias:
2759 3998 2816 4049 et
2845 3993 2967 4049 filia
2998 3994 3197 4049 Austri
3231 3995 3413 4067 regis,
3443 3994 3548 4049 hoc
3577 3993 3659 4046 est
3681 3988 3785 4044 Pto-

2171 4083 2378 4155 lemaei,
2413 4083 2605 4138 veniet
2634 4083 2706 4139 ad
2738 4099 2934 4156 regem
2958 4081 3290 4156 Aquilonis,
3314 4083 3375 4139 id
3399 4087 3507 4156 est,
3530 4080 3598 4138 ad
3611 4075 3787 4133 Antio-

2173 4171 2369 4238 chum,
2403 4174 2467 4225 ut
2495 4171 2647 4226 inter
2675 4177 2901 4245 patrem
2929 4189 2994 4228 ac
3024 4172 3217 4228 virum
3241 4172 3466 4246 jungat
3506 4166 3784 4227 amicitias.

2170 4259 2240 4314 Et
2270 4275 2385 4314 non
2418 4259 2647 4330 poterit,
2679 4261 2894 4333 inquit,
2945 4262 3230 4330 obtinere,
3265 4277 3372 4317 nec
3406 4277 3604 4318 semen
3652 4253 3786 4312 illius

2173 4351 2325 4404 stare
2355 4347 2414 4402 in
2445 4363 2621 4420 regno
2653 4349 2829 4422 Syriae
2856 4369 2868 4419 ;
2902 4352 3001 4407 sed
3027 4356 3085 4407 et
3115 4351 3245 4424 ipsa
3274 4351 3573 4417 Berenice,
3609 4350 3662 4404 et
3706 4338 3792 4414 qui

2171 4453 2298 4492 eam
2329 4438 2718 4505 adduxerunt,
2751 4439 3193 4497 interﬁcientur.
3219 4445 3336 4497 Rex
3367 4431 3788 4514 quoqueAntio-

418 4520 798 4603 dominabitur
825 4520 1051 4604 (titione.
1083 4520 1260 4603 blatta
1297 4549 1450 4602 enim
1477 4520 1778 4602 domznatio
1805 4546 2061 4617 ejus.Iste

2173 4526 2320 4583 chus
2349 4527 2450 4599 qui
2480 4528 2843 4583 contortabat
2872 4529 3138 4595 eam,hoc
3158 4533 3566 4602 est,perquem
3591 4520 3788 4600 poterat

419 4641 509 4693 est
541 4633 887 4692 Ptolemaeus
915 4635 1334 4708 Philadelphus
1366 4635 1659 4692 secundus
1690 4651 1788 4690 rex
1809 4635 2060 4707 zEgypti,

419 4725 578 4782 ﬁlius
602 4725 895 4782 Ptolemasi
914 4724 1232 4798 superioris
1258 4725 1391 4781 :sub
1409 4741 1525 4797 quo
1551 4723 1694 4779 LXX
1717 4723 2062 4798 interpretes

415 4814 773 4872 Alexandriae
802 4815 1166 4887 Scripturam
1197 4818 1461 4872 sanctam
1491 4813 1550 4868 in
1573 4813 1838 4870 Graecum
1857 4813 2062 4869 dicun-

416 4909 514 4962 tur
541 4904 785 4962 vertisse
817 4921 1184 4961 sermonem:
1219 4904 1320 4976 qui
1369 4907 1426 4959 et
1486 4903 1755 4959 Eleazaro
1804 4903 2062 4976 pontifici

419 4992 606 5048 multa
617 4993 1127 5066 Jerosolymam,et
1150 4994 1208 5048 in
1233 4991 1437 5064 templi
1460 4992 1701 5048 donaria
1721 5010 1859 5048 vasa
1871 4997 2062 5050 trans-

421 5079 618 5136 misit:
652 5084 824 5154 cujus
854 5082 1216 5139 bibliolhecae
1249 5081 1478 5154 praefuit
1531 5082 1858 5137 Demetrius
1915 5081 2062 5137 Pha-

419 5169 634 5235 lereus,
657 5170 810 5226 idem
843 5173 997 5245 apud
1030 5175 1255 5228 Graecos
1286 5175 1502 5237 orator,
1552 5175 1610 5227 et
1637 5169 2060 5243 philosophus:

419 5261 715 5330 tantisque
745 5261 1016 5330 potentia:
1045 5261 1229 5318 fuisse
1259 5264 1593 5331 narrantur,
1627 5264 1694 5316 ut
1720 5259 2065 5316 Ptolmaeum

422 5351 649 5420 patrem
678 5345 953 5403 vinceret.
986 5349 1241 5406 Narrant
1269 5348 1425 5405 enim
1474 5348 1728 5404 historiae
1788 5348 2068 5405 habuisse

421 5452 556 5493 eum
570 5435 833 5510 peditum
856 5435 1107 5495 ducenta
1129 5437 1838 5512 millia,equitumviginta
1859 5437 2065 5509 millia,

420 5540 705 5582 curruum
734 5541 868 5583 vero
901 5525 1015 5581 duo
1046 5527 1250 5594 millia,
1279 5526 1625 5601 elephantos
1655 5544 1803 5600 quos
1841 5530 2068 5602 primus

423 5613 622 5672 eduxit
649 5631 720 5673 ex
745 5613 1054 5690 Ethiopia,
1087 5615 1566 5695 quadringentos.
1625 5616 1811 5678 Naves
1840 5615 2066 5695 longae,

2172 4615 2500 4688 praevalere,
2534 4631 2757 4671 veneno
2784 4617 2980 4673 uxoris
3010 4618 3243 4674 occisus
3272 4623 3383 4674 est.

2243 4725 2430 4794 (Vera.
2463 4723 2610 4793 7-9.)
2631 4725 2698 4778 Et
2715 4724 2885 4780 stabit
2905 4725 2970 4780 de
2983 4727 3231 4793 germine
3256 4725 3510 4782 radicum
3528 4724 3641 4796 ejus
3649 4720 3792 4793 plan-

2170 4815 2340 4869 talio:
2375 4821 2427 4868 et
2453 4815 2626 4868 veniet
2654 4829 2779 4868 cum
2807 4816 3074 4879 exercitu,
3106 4819 3157 4870 et
3200 4815 3544 4886 ingredietur
3596 4809 3794 4884 provin-

2171 4904 2314 4958 ciam
2338 4904 2482 4972 regis
2511 4903 2813 4972 Aquilonis,
2845 4907 2896 4958 et
2923 4903 3180 4958 abutetur
3207 4906 3308 4974 eis,
3342 4909 3396 4960 et
3417 4903 3696 4960 obtinebit.
3718 4897 3793 4950 ln-

2171 5007 2333 5062 super
2359 5000 2410 5046 et
2436 4991 2556 5048 deos
2587 5007 2792 5056 eorum,
2825 4995 2873 5046 et
2889 4993 3191 5064 sculptilia,
3211 5010 3342 5049 vasa
3365 4987 3792 5065 quoquepretiom

2174 5082 2301 5136 auri
2329 5083 2378 5135 et
2416 5082 2629 5151 argenti
2658 5083 2874 5152 captiva
2901 5081 3053 5137 ducet
3085 5084 3144 5136 in
3175 5085 3470 5154 [Egyptum
3495 5099 3508 5136 :
3535 5084 3647 5153 ipse
3671 5086 3792 5148 prat‘

2172 5170 2374 5224 valebit
2403 5169 2656 5224 adversus
2685 5186 2863 5240 regem
2891 5170 3201 5240 Aquilonis.
3246 5176 3315 5228 Et
3343 5171 3580 5226 intrabit
3623 5169 3678 5222 in
3721 5174 3790 5215 νϐ-

2175 5276 2347 5332 gnum
2376 5259 2583 5326 Austri,
2614 5267 2664 5314 et
2693 5262 2991 5314 revertetur
3018 5260 3091 5314 ad
3119 5268 3328 5315 terram
3383 5276 3563 5315 suam.
3620 5250 3796 5312 Occisa

2177 5347 2468 5414 Berenice,
2501 5351 2557 5402 et
2592 5351 2820 5402 mortuo
2855 5347 3162 5404 Ptolemaeo
3201 5347 3583 5420 Philadelpho
3640 5343 3782 5415 patre

2176 5441 2305 5511 ejus
2334 5437 2394 5492 in
2425 5437 2685 5508 Egypto,
2719 5437 2895 5492 frater
2924 5437 3080 5493 illius
3111 5441 3168 5494 et
3194 5437 3321 5510 ipse
3350 5435 3690 5492 Ptolemaeus
3709 5442 3790 5483 co-

2176 5530 2488 5603 gnomento
2521 5526 2842 5598 Evergetes,
2860 5527 3067 5584 tertius
3089 5525 3446 5584 successitin
3470 5514 3790 5597 regnum,d0

2177 5615 2538 5693 plantatione
2569 5618 2626 5673 et
2650 5613 2720 5674 de
2750 5614 3011 5691 germine
3043 5617 3257 5678 radicis
3283 5617 3432 5694 ejus,
3465 5607 3785 5689 ecquodn-
