3944 6178
225 387 320 459 569

911 391 1655 458 COMMENTARIORUM
1702 387 1781 452 IN
1825 383 2234 451 DANIELEM
2278 385 2512 451 LIBER
2555 389 2723 452 CAP.
2760 388 2868 453 XI.

3473 387 3593 452 570

223 525 397 587 ﬂcaret
425 527 668 604 stirpem
699 529 873 602 atque
894 524 1252 602 progeniem.
1270 525 1489 582 Volunt
1515 529 1711 582 autem
1737 537 1836 579 eos
1865 533 1922 602 Α
1948 524 2037 578 est
2065 520 2123 576 in
2151 520 2346 593 praelio
2369 522 2742 594 Mathathias,
2766 526 2823 580 et
2843 525 3047 597 postea
3071 521 3104 581 J
3110 522 3256 582 udas
3283 521 3440 580 filius
3460 522 3591 596 ejus

218 618 516 693 signiﬁcari
533 617 632 691 qui
665 618 736 674 ab
754 617 1038 674 Antiocho
1053 615 1217 673 missi
1232 619 1370 671 sunt
1386 618 1516 688 post
1531 612 1834 670 biennium

219 724 372 780 quam
404 708 693 780 templum
725 706 1165 779 exspoliaverat,
1201 710 1265 761 ut
1291 705 1513 760 tributa
1546 703 1840 776 exigerent

217 813 246 854 a
284 796 518 863 Judaais,
551 800 609 852 et
655 797 953 852 auferrent
982 795 1206 852 cultum
1237 795 1358 865 Dei,
1409 798 1467 850 et
1514 793 1572 848 in
1619 790 1838 863 templo

212 885 545 955 Jerusalem,
576 884 736 941 Jovis
779 884 1032 957 Olympii
1078 883 1463 940 simulacrum
1486 885 1543 938 et
1572 878 1840 936 Antiochi

213 979 420 1032 statuas
450 978 754 1046 ponerent,
781 989 929 1046 quas
961 990 1117 1028 nunc
1147 973 1614 1030 abominationem
1637 970 1842 1026 desola-

213 1055 360 1119 tioni:
386 1067 576 1134 vocat,
610 1061 845 1133 quando
877 1061 1180 1116 abblatum
1207 1065 1296 1117 est
1324 1059 1753 1128 holocaustum,
1786 1061 1844 1111 et

214 1151 333 1224 iuge
353 1149 740 1208 sacrificium.
774 1151 910 1216 Qum
943 1149 1298 1205 universain
1330 1153 1464 1221 typo
1483 1145 1840 1213 Antichristi,

215 1240 378 1297 nostri
410 1237 786 1314 praecessisse
817 1239 1196 1309 contendunt,
1229 1238 1330 1310 qui
1356 1254 1419 1294 se
1455 1254 1727 1293 sessurus
1757 1239 1846 1291 est

218 1329 269 1386 in
293 1329 507 1401 templo
527 1328 650 1397 Dei,
675 1331 731 1384 et
751 1344 814 1384 se
837 1328 1098 1384 facturus
1125 1332 1188 1383 ut
1211 1332 1412 1383 Deum.
1439 1326 1623 1382 Judaei
1647 1330 1843 1380 autem

219 1417 311 1475 hoc
334 1434 438 1474 nec
466 1419 538 1474 de
569 1416 856 1474 Antiocho
887 1416 1208 1489 Epiphane,
1233 1432 1341 1472 nec
1368 1418 1440 1472 de
1463 1415 1841 1485 Antichristo,

227 1508 309 1564 Sed
338 1508 404 1563 de
436 1506 718 1564 Romanis
764 1504 1015 1577 intelligi
1046 1505 1272 1574 volunt,
1307 1506 1377 1561 de
1417 1505 1634 1577 quibus
1667 1519 1846 1574 supra

234 1596 414 1654 dictum
447 1600 575 1652 est:
608 1596 677 1650 Et
707 1597 928 1650 venient
974 1597 1190 1662 trieres,
1223 1594 1342 1650 sive
1375 1593 1501 1649 Itali
1527 1598 1703 1665 atque
1731 1593 1843 1647 Ro-

241 1685 377 1756 mani,
408 1687 468 1741 et
495 1683 928 1740 humiliabitur.
953 1688 1092 1739 Post
1113 1683 1318 1753 multa,
1345 1683 1558 1754 inquit,
1582 1686 1845 1753 tempora

249 1775 297 1831 de
317 1773 445 1848 ipsis
475 1771 777 1844 Romanis,
813 1771 914 1845 qui
943 1771 1254 1846 Ptolemaeo
1285 1787 1494 1828 venere
1525 1770 1760 1841 auxilio,
1790 1772 1847 1824 et

246 1863 478 1920 Antiocho
500 1860 845 1918 comminati
877 1864 1035 1928 sunt,
1064 1864 1379 1932 consurget
1407 1877 1506 1916 rex
1535 1858 1843 1931 Vespasia-

248 1969 344 2023 nus,
370 1955 614 2024 surgent
644 1949 886 2005 brachia
929 1951 1079 2021 ejus,
1111 1954 1168 2005 et
1197 1949 1443 2017 semina,
1481 1949 1648 2004 Titus
1688 1945 1845 2002 ﬁlius

243 2058 344 2099 cum
375 2039 650 2108 exercitu,
683 2043 741 2094 et
771 2037 1036 2110 polluent
1086 2038 1512 2104 sanctuarium,
1557 2038 1844 2094 auferent-

240 2146 327 2204 qne
360 2131 497 2203 juge
536 2127 920 2197 sacriﬁcium,
952 2131 1009 2183 et
1040 2128 1328 2200 templum
1358 2128 1591 2183 tradent
1621 2131 1846 2182 aeternae

234 2219 524 2278 solitudini.
545 2218 683 2274 Smu
697 2218 903 2289 (Dur),
923 2218 1140 2289 quippe
1157 2221 1215 2272 et
1225 2233 1472 2272 cunmm
1487 2216 1687 2287 (mna)
1704 2232 1849 2287 quos

231 2314 324 2366 nos
359 2310 545 2364 tricres
581 2314 634 2363 et
665 2308 934 2362 Romanos
956 2307 1317 2378 interpretati
1363 2322 1594 2377 sumus,
1628 2304 1850 2360 Hebraei

231 2399 381 2454 Italos
414 2397 608 2452 volunt
643 2394 897 2468 intelligi
928 2399 1103 2467 atque
1138 2396 1424 2451 Romanos.

300 2486 480 2557 (Vere.
513 2485 618 2555 32).
664 2487 742 2540 Et
781 2485 942 2556 impii
991 2485 1050 2540 in
1094 2487 1477 2539 testamentum
1520 2483 1858 2538 simulabant

227 2574 614 2648 fraudulenter.
647 2574 890 2646 Populus
912 2577 1103 2630 autem
1121 2575 1298 2629 sciens
1318 2577 1496 2628 Deum
1518 2589 1700 2641 suum,
1726 2571 1860 2626 obti-
1893 2589 1903 2596 ο

226 2664 364 2720 nebit
385 2668 434 2719 et
459 2663 649 2736 faciet.
685 2664 754 2718 Et
783 2663 892 2718 hoc
923 2663 982 2718 in
1015 2660 1368 2718 Macbabaais
1396 2661 1672 2734 legimus,
1704 2659 1858 2732 quod

228 2753 449 2826 quidem
480 2751 891 2808 simulaverint
920 2766 982 2807 se
1013 2751 1178 2824 Legis
1208 2751 1309 2807 Dei
1340 2767 1468 2807 esse
1488 2750 1782 2820 custodes,
1807 2752 1864 2804 et

225 2845 413 2914 postea
432 2857 568 2897 cum
592 2841 870 2914 gentibus
892 2845 1127 2912 pactum
1152 2839 1398 2896 fecerint
1423 2858 1435 2895 :
1461 2839 1560 2895 alii
1582 2856 1713 2895 vero
1739 2854 1864 2911 per-

225 2931 537 2988 manserint
568 2931 628 2985 in
661 2929 973 3002 religione;
1009 2930 1163 3001 quod
1191 2933 1250 2984 et
1277 2928 1616 2985 Antichristi
1643 2933 1866 2999 tempo-

223 3019 380 3076 ribus
410 3021 680 3075 futurum
704 3019 972 3086 arbitror,
997 3019 1234 3091 quando
1256 3017 1593 3090 refrigescet
1609 3017 1866 3073 charitas

224 3107 554 3165 multorum.
589 3109 672 3164 De
702 3107 916 3180 quibus
937 3107 1223 3163 Dominus
1245 3106 1506 3178 loquitur
1525 3108 1586 3160 in
1610 3107 1864 3177 Evange-

224 3196 329 3253 lio:
360 3199 548 3268 Putas,
581 3197 1247 3253 Filiushominisveniens
1260 3197 1502 3251 inveniet
1530 3195 1868 3266 ﬁdemsuper

223 3289 420 3342 terram
449 3289 602 3356 (Luc.
634 3303 798 3352 xvm,
829 3285 927 3358 8)?

284 3377 350 3432 Et
406 3376 548 3433 docti
607 3377 667 3431 in
703 3375 908 3448 papulo
965 3373 1230 3430 docebunt
1256 3374 1545 3444 plurimos,
1605 3380 1658 3428 et
1715 3375 1861 3429 711

215 3473 374 3522 ruent
407 3468 461 3521 in
492 3464 702 3536 gladio,
734 3466 785 3519 et
812 3465 868 3518 in
898 3465 1143 3534 ﬂamma,
1175 3470 1228 3518 et
1255 3464 1314 3517 in
1343 3464 1678 3534 captivitate,
1719 3467 1769 3518 et
1806 3464 1865 3517 in

211 3557 415 3627 rapina
426 3555 666 3610 dierum.
683 3552 1106 3617 QuantaJudaei
1131 3551 1203 3607 ab
1225 3551 1508 3607 Antiocho
1523 3552 1679 3624 passi
1705 3555 1866 3616 sunt,

207 3640 682 3696 Machabaeorum
704 3638 839 3695 libri
864 3639 1140 3708 referunt,
1164 3641 1217 3694 et
1239 3638 1525 3710 triumphi
1542 3656 1742 3694 eorum
1758 3643 1870 3695 tes-

204 3729 457 3785 timonio
488 3731 670 3786 sunt:
705 3727 805 3800 qui
835 3743 940 3800 pro
963 3727 1228 3783 custodia
1245 3725 1395 3799 legis
1430 3727 1548 3797 Dei,
1572 3727 1867 3797 ﬂammas,

199 3821 262 3873 et
289 3818 544 3890 gladios,
575 3819 636 3873 et
669 3817 1034 3882 servitutem,
1070 3819 1126 3872 et
1147 3816 1405 3888 rapinas,
1439 3821 1496 3871 et
1519 3833 1715 3887 paenae
1737 3816 1869 3872 ulti-

203 3920 346 3962 mas
367 3908 798 3964 sustinuerunt.
815 3907 948 3971 Quae
967 3905 1166 3960 futura
1182 3921 1354 3960 nemo
1377 3905 1602 3960 dubitet
1622 3905 1732 3960 sub
1749 3907 1866 3960 An-

202 3992 502 4065 tichristo,
539 3993 748 4050 multis
778 3993 1190 4050 resistentibus
1233 3993 1504 4065 potentias
1535 3994 1689 4065 ejus,
1722 3998 1778 4049 et
1806 3993 1868 4049 in

201 4081 448 4140 diversa
466 4083 850 4158 fugientibus.
872 4085 1005 4150 Quae
1023 4082 1247 4158 Hebraei
1261 4082 1321 4137 in
1341 4081 1553 4138 ultima
1568 4083 1868 4139 eversione

194 4172 442 4245 templi,
465 4189 595 4246 qua
628 4171 741 4228 sub
770 4171 1131 4243 Vespasiano
1171 4175 1228 4226 et
1257 4171 1389 4226 Tito
1420 4170 1650 4240 accidit,
1689 4171 1866 4227 inter-

195 4266 540 4332 pretantur,
595 4261 779 4317 fuisse
826 4259 1115 4332 plurimos
1154 4261 1225 4315 de
1255 4259 1469 4332 populo
1518 4261 1619 4332 qui
1650 4260 1870 4317 scirent

197 4351 530 4406 Dominum
562 4363 764 4419 suum,
798 4351 855 4404 et
879 4363 984 4420 pro
1024 4347 1294 4404 custodia
1322 4345 1491 4418 Legis
1529 4348 1657 4419 ejus
1689 4347 1868 4404 inter-

199 4437 343 4494 fecti
381 4442 523 4496 sunt
552 4438 664 4510 (Al.
698 4436 861 4509 sint].

276 4527 473 4596 (Vere.
503 4527 596 4594 34,
646 4526 762 4598 35.)
797 4525 1034 4598 Cumque
1080 4526 1410 4596 corruerint,
1443 4524 1872 4580 sublevabuntur

207 4617 432 4705 auxilio
457 4617 715 4690 parvulo,
735 4617 788 4705 et
817 4615 1244 4688 applicabuntur
1271 4616 1348 4705 eis
1377 4614 1614 4705 plurimi
1639 4613 1873 4687 fraudw
1900 4639 1947 4705 Β

212 4704 417 4763 tenter.
445 4707 510 4762 Et
523 4707 592 4762 de
609 4703 842 4762 eruditi:
857 4708 1041 4772 ruent,
1061 4708 1122 4759 ut
1146 4703 1473 4774 con/lentur,
1499 4707 1549 4758 et
1569 4703 1866 4773 eligantur,

214 4793 266 4847 et
295 4793 624 4853 dmlbentur
643 4809 813 4867 usque
839 4794 910 4850 ad
929 4799 1138 4866 tempus
1157 4793 1519 4865 praeﬁnitum,
1542 4793 1674 4866 quia
1695 4792 1871 4849 adhuc

217 4881 376 4940 aliud
406 4895 613 4959 tmpus
646 4887 771 4942 erit.
799 4881 1114 4939 Parvulum
1145 4882 1452 4952 auxilium,
1483 4881 1869 4938 Mathathiam

219 4971 539 5044 signiﬁcari
557 4973 878 5030 arbitratur
897 4971 1274 5045 Porphyrius,
1298 4971 1369 5026 de
1384 4970 1509 5026 vico
1525 4970 1630 5042 (Al.
1650 4973 1870 5040 monte)

220 5058 422 5119 Modin
447 5083 460 5132 ;
491 5062 595 5136 qui
627 5062 938 5118 adversum
970 5061 1148 5116 duces
1170 5058 1442 5115 Antiochi
1473 5057 1793 5127 rebellavit,
1816 5063 1873 5116 et

219 5149 447 5208 cultum
474 5151 596 5209 veri
625 5150 729 5208 Dei
780 5165 1008 5207 servare
1043 5153 1292 5206 conatus
1337 5152 1428 5203 est
1463 5149 1511 5219 (1
1554 5149 1735 5205 Mach.
1784 5149 1867 5221 ιι).

217 5236 471 5298 Parvum
492 5244 710 5309 autem,
735 5239 944 5313 inquit,
970 5237 1252 5294 auxilium
1274 5241 1460 5305 vocat,
1487 5236 1627 5309 quia
1643 5237 1871 5295 occisus

310 5383 374 5454 α)
391 5382 572 5454 Palat.
595 5387 655 5440 et
673 5382 858 5454 Vatia.
870 5396 1023 5454 mss.
1040 5395 1202 5454 quem
1216 5381 1356 5454 falso
1372 5387 1593 5454 sperant
1610 5395 1738 5448 esse,
1758 5384 1868 5436 etc.

310 5398 348 5438 α
391 5383 572 5440 Palat.
595 5387 655 5440 et
673 5383 858 5439 Vatia.
877 5396 1023 5437 mss.
1040 5395 1202 5454 quem
1216 5383 1356 5452 falso
1372 5387 1593 5451 sperant
1610 5395 1738 5448 esse,
1758 5384 1868 5436 etc.

295 5383 374 5581 Et}
403 5453 693 5512 Victorius
735 5455 806 5510 ad
837 5452 1100 5526 Vulgata:
1126 5451 1456 5524 exemplum
1499 5452 1772 5523 loquetur,
1815 5455 1873 5508 et

367 5541 403 5580 ο
431 5533 562 5581 post
587 5525 882 5581 diriaetur.

214 5525 408 5598 paulo
416 5533 562 5598 post
587 5525 882 5598 dirigetur.

285 5598 366 5668 (ε)
387 5592 486 5671 Est
505 5597 610 5671 qui
626 5592 790 5671 valde
810 5592 949 5653 velit
967 5593 1206 5671 rescribi
1230 5597 1302 5671 e_t_
1317 5592 1873 5671 corrigi._Bibliothe-

210 5665 306 5740 cae
325 5665 978 5740 ecﬁbunthiswriarum,
1000 5684 1070 5740 ex
1090 5666 1218 5740 ipso
1243 5665 1786 5740 Diqdoriauioperis
1804 5667 1872 5740 ti-

208 5739 370 5814 tulo,
405 5745 577 5815 atque
603 5740 836 5802 Eusebii
867 5731 992 5799 loco
1020 5731 1290 5813 ’Prispar.
1320 5735 1539 5812 Evang.
1581 5731 1694 5810 1.3,
1723 5755 1772 5795 ο.
1799 5739 1866 5796 6:

1948 610 2049 682 qui
2078 612 2395 666 vocabatur
2424 612 2814 680 Machabzsus,
2848 630 3118 687 pugnans
3151 613 3380 681 cecidit,
3405 616 3462 669 et
3481 629 3588 668 cae-

1946 699 2056 754 teri
2079 699 2286 756 fratres
2308 701 2436 771 ejus
2463 703 2929 759 adversariorum
2952 704 3155 760 fraude
3180 703 3404 776 decepti
3428 706 3586 759 sunt.

1949 789 2100 860 Lege
2129 789 2592 847 Machabeeorum
2622 793 2824 849 libros.
2856 793 3009 864 Haec,
3034 795 3134 860 ait,
3161 792 3594 851 omniaidcirco

1949 881 2089 932 sunt
2119 877 2287 946 facta,
2311 884 2376 935 ut
2400 883 2720 952 probentur
2740 887 2796 938 et
2816 883 3108 954 eligantur
3128 883 3336 950 sancti,
3357 886 3414 938 et
3434 881 3592 938 deal-

1948 965 2161 1021 bentur
2190 984 2378 1038 usque
2409 969 2481 1024 ad
2510 974 2746 1042 tempus
2777 973 3154 1044 praeﬁnitum,
3175 973 3315 1044 quia
3342 971 3402 1027 in
3433 971 3591 1027 aliud

1951 1057 2185 1126 tempus
2207 1060 2328 1112 erat
2345 1056 2526 1114 dilata
2544 1060 2801 1117 victoria.
2828 1062 2947 1117 Sub
2969 1061 3324 1117 Antichristo
3347 1078 3590 1133 parvum

1954 1143 2240 1200 auxilium
2270 1147 2454 1201 nostri
2512 1147 2760 1221 intelligi
2791 1150 3016 1217 volunt,
3066 1151 3204 1223 quia
3260 1151 3592 1223 congregati

1954 1233 2139 1288 sancti
2189 1235 2462 1290 resistent
2514 1236 2588 1308 ei,
2622 1244 2678 1294 et
2709 1243 2946 1295 utentur
3003 1239 3217 1296 auxilio
3249 1239 3508 1311 parvulo,
3542 1243 3599 1295 et

1953 1325 2156 1392 postea
2187 1324 2258 1378 de
2283 1324 2526 1381 eruditis
2549 1331 2823 1382 corruent
2851 1326 3113 1400 plurimi.
3146 1329 3218 1384 Et
3246 1329 3357 1384 hoc
3387 1329 3504 1396 fiet,
3537 1331 3603 1383 ut

1953 1411 2122 1482 quasi
2161 1411 2490 1469 conﬂentur
2519 1415 2577 1471 in
2612 1415 2863 1485 fornace,
2897 1421 2953 1472 et
3010 1417 3376 1489 dealbentur,
3410 1421 3469 1474 et
3499 1416 3602 1473 eli-

1952 1504 2167 1570 gantur
2197 1501 2381 1557 donec
2401 1503 2596 1560 veniat
2618 1507 2851 1578 tempus
2884 1505 3258 1577 praeﬁnitum,
3290 1505 3430 1578 quia
3465 1522 3602 1562 vera

1950 1586 2195 1643 victoria
2212 1589 2271 1642 in
2291 1590 2543 1646 adventu
2568 1591 2778 1648 Christi
2803 1593 2931 1650 erit.
2956 1593 3334 1651 Hebraeorum
3357 1594 3599 1667 quidam

1953 1674 2074 1730 haec
2107 1677 2178 1732 de
2209 1677 2439 1747 Severo,
2465 1683 2521 1735 et
2544 1681 2835 1738 Antonino
2857 1682 3222 1755 principibus
3239 1681 3600 1756 intelligunt,

1954 1765 2054 1838 qui
2086 1765 2320 1823 Judzeos
2353 1768 2675 1839 plurimum
2706 1770 3052 1827 dilexerunt.
3085 1771 3195 1827 Alii
3225 1788 3362 1828 vero
3394 1773 3466 1828 de
3491 1773 3599 1828 Ju-

1953 1855 2109 1910 liano
2141 1855 2530 1928 imperatore:
2575 1861 2728 1931 quod
2762 1863 2998 1932 quando
3029 1859 3293 1934 oppressi
3325 1861 3541 1917 fuerint
3569 1879 3603 1917 a

1955 1944 2090 2000 Caio
2122 1943 2363 2012 Caasare,
2396 1951 2452 2002 et
2478 1947 2538 2003 in
2568 1949 2920 2020 captivitatis
2951 1949 3237 2022 angustiis
3261 1949 3449 2007 multa
3477 1967 3605 2022 per-

1958 2034 2138 2108 pessi,
2171 2033 2270 2090 ille
2292 2042 2628 2110 consurgat,
2651 2039 2885 2096 Judzeos
2912 2057 3110 2095 amare
3131 2056 3194 2096 se
3219 2037 3528 2109 simulans,
3551 2041 3610 2095 et

1957 2122 2019 2179 in
2049 2123 2267 2196 templo
2287 2141 2490 2182 eorum
2521 2127 2962 2185 immolaturum
2985 2146 3047 2186 se
3067 2145 3196 2185 esse
3216 2128 3567 2201 promittens
3589 2145 3604 2184 :

1960 2212 2022 2268 in
2055 2229 2171 2285 quo
2203 2230 2439 2285 parvam
2473 2233 2635 2289 spem
2669 2217 2868 2273 auxilii
2893 2218 3212 2286 habebunt,
3253 2222 3312 2274 et
3352 2217 3609 2291 applica-

1963 2303 2185 2358 buntur
2214 2302 2332 2358 illis
2359 2305 2506 2361 718
2531 2307 2839 2378 gentilium
2857 2307 3246 2379 plurimi,non
3270 2307 3330 2363 in
3349 2308 3610 2374 veritate,

1967 2393 2069 2448 sed
2103 2393 2160 2447 in
2193 2393 2517 2449 mendacio.
2551 2394 2660 2450 Pro
2691 2395 2982 2451 idolorum
3004 2396 3162 2452 enim
3181 2397 3362 2462 cultu,
3390 2395 3518 2467 ejus
3540 2395 3615 2452 si-

1968 2479 2282 2536 mulabunt
2313 2482 2622 2539 amicitias.
2659 2485 2728 2538 Et
2757 2484 2866 2540 hoc
2900 2484 3136 2552 facient,
3155 2487 3221 2540 ut
3249 2483 3347 2556 qui
3383 2483 3612 2556 probati

1969 2574 2128 2636 sunt,
2159 2570 2453 2626 manifesti
2476 2571 2637 2627 ﬁant.
2662 2574 2920 2644 Tempus
2941 2573 3097 2628 enim
3116 2589 3262 2629 vera:
3285 2572 3496 2629 salutis
3521 2589 3618 2628 eo-

1971 2675 2124 2729 rum,
2159 2663 2215 2714 et
2244 2659 2443 2715 auxilii
2475 2660 2739 2716 futurum
2771 2677 2897 2717 esse
2922 2660 3244 2729 Christum,
3270 2678 3446 2733 quem
3468 2661 3614 2718 falso

1972 2748 2050 2819 (a)
2083 2751 2294 2820 putant
2323 2766 2450 2806 esse
2479 2753 2826 2807 venturum:
2861 2767 2995 2806 cum
3019 2750 3138 2806 sint
3154 2750 3444 2823 recepturi
3463 2750 3621 2806 Anti-

1974 2835 2260 2892 christum
2294 2840 2359 2906 (l.
2395 2841 2522 2895 Cor.
2555 2843 2657 2907 x1).

2045 2925 2232 2993 (Vere.
2259 2927 2375 2998 36.)
2405 2929 2468 2983 Et
2499 2931 2664 2998 faciet
2683 2931 2850 3001 juxta
2881 2930 3214 2986 voluntatem
3241 2945 3401 2984 suam
3428 2943 3550 3000 rex,
3570 2937 3620 2985 et

1973 3013 2303 3082 elevabitur,
2336 3019 2386 3072 et
2415 3018 2860 3088 magni/imbitur
2886 3018 3174 3074 adversum
3202 3033 3418 3074 omnem
3435 3017 3617 3084 deum,

1971 3111 2024 3160 et
2053 3104 2343 3160 adversum
2373 3108 2541 3162 Deum
2570 3107 2798 3163 deorum
2827 3108 3075 3179 loquetur
3092 3107 3430 3180 magniﬁca:
3461 3115 3512 3162 et
3539 3107 3622 3162 di-

1977 3195 2116 3263 riget
2159 3193 2351 3266 (Vulg.
2401 3195 2694 3268 dirigetur)
2725 3196 2893 3252 douec
2920 3197 3255 3268 compleatur
3308 3198 3396 3252 ira
3423 3195 3618 3268 (Vulg.

1896 3267 1939 3334 C
1976 3283 2313 3356 iracundia),
2358 3267 2683 3357 perpetrata
2711 3288 2910 3358 quippe
2955 3267 3203 3357 deﬁnitio
3258 3288 3355 3342 est.
3405 3267 3530 3340 Sive
3561 3267 3628 3342 ut

1977 3370 2566 3445 aliusinterpretatus
2597 3377 2716 3430 est:
2750 3377 2811 3430 in
2833 3376 2946 3446 ipso
2975 3376 3123 3430 enim
3150 3376 3256 3430 erit
3273 3391 3623 3430 consumma-

1975 3462 2068 3516 tio.
2101 3461 2186 3516 Ab
2221 3463 2325 3516 hoc
2357 3461 2480 3518 loco
2512 3463 2698 3518 Judaei
2731 3463 2845 3519 dici
2889 3463 2958 3518 de
2987 3463 3345 3519 Antichristo
3393 3466 3622 3534 putant,

1976 3551 2129 3621 quod
2159 3555 2291 3623 post
2319 3550 2542 3607 Juliani
2568 3568 2815 3624 parvum
2838 3551 3122 3607 auxilium
3145 3554 3517 3607 surrecturus
3549 3551 3627 3607 sit

1975 3655 2076 3694 rex
2113 3639 2214 3710 qui
2246 3639 2422 3695 faciat
2445 3640 2616 3712 juxta
2653 3637 3017 3696 voluntatem
3051 3657 3242 3709 suam,
3284 3643 3341 3695 et
3371 3640 3627 3696 elevetur

1975 3731 2178 3782 contra
2207 3744 2378 3783 omne
2407 3728 2562 3800 quod
2586 3727 2802 3784 dicitur
2827 3729 2996 3795 deus,
3027 3731 3084 3784 et
3105 3729 3416 3784 adversum
3438 3728 3622 3784 Deum

1977 3814 2217 3871 deorum
2243 3816 2516 3887 loquatur
2536 3816 2613 3887 (b)
2637 3815 2952 3888 magniﬁca
2976 3834 2988 3872 :
3009 3816 3090 3872 ita
3104 3821 3171 3872 ut
3188 3818 3386 3873 sedeat
3400 3816 3459 3872 in
3481 3821 3626 3873 tem-

1975 3903 2070 3976 plo
2094 3905 2211 3969 Dei,
2245 3909 2302 3960 et
2323 3905 2402 3960 sei
2411 3922 2582 3977 psum
2608 3905 2783 3961 faciat
2801 3911 3004 3977 Deum,
3029 3910 3086 3962 et
3107 3906 3398 3980 dirigatur
3417 3905 3623 3963 volun-

1973 3996 2066 4048 tas
2086 3993 2238 4063 ejus,
2257 3993 2440 4049 donec
2456 3993 2821 4067 compleatur
2841 3994 2928 4050 ira
2961 3994 3085 4067 Dei,
3110 3995 3324 4068 quiain
3363 3995 3492 4069 ipso
3515 3997 3627 4054 erit

1975 4083 2426 4140 consummatio.
2462 4083 2627 4149 Quod
2659 4083 2897 4156 quidem
2929 4088 2989 4141 et
3018 4102 3124 4142 nos
3169 4086 3240 4142 de
3271 4085 3626 4144 Antichristo

1975 4170 2384 4245 intelligimus.
2439 4172 2796 4246 Porphyrius
2827 4178 3025 4230 autem
3072 4178 3129 4230 et
3159 4175 3351 4231 caeteri
3399 4175 3501 4248 qni
3533 4193 3626 4233 se-

1977 4264 2241 4334 quuntur
2270 4278 2428 4329 eum,
2460 4262 2532 4318 de
2554 4261 2842 4318 Antiocho
2864 4262 3165 4335 Epiphane
3191 4262 3306 4320 dici
3337 4265 3626 4322 arbitran-

1976 4355 2074 4407 tur
2095 4350 2249 4422 quod
2271 4354 2499 4408 erectus
2523 4350 2599 4407 sit
2619 4355 2823 4408 contra
2843 4351 3066 4408 cultum
3090 4353 3213 4419 Dei,
3237 4357 3296 4409 et
3315 4353 3376 4408 in
3398 4357 3625 4410 tantam

1978 4438 2316 4512 superbiam
2347 4441 2588 4506 venerit,
2623 4439 2768 4495 utin
2796 4439 3014 4512 templo
3043 4439 3421 4512 Jerosolymis
3439 4440 3624 4496 simu-

1977 4527 2202 4584 lacrum
2237 4545 2411 4584 suum
2462 4528 2599 4600 poni
2621 4529 2890 4600 jusserit.
2925 4529 3207 4601 Quodque
3237 4528 3539 4599 sequitur:
3572 4533 3627 4586 et

1977 4617 2197 4688 diriget,
2220 4617 2386 4674 donec
2403 4618 2742 4689 compleatur
2754 4619 2862 4688 ira,
2883 4619 3015 4690 quia
3035 4619 3096 4672 in
3121 4619 3236 4688 ipso
3250 4619 3355 4674 erit
3373 4633 3624 4674 consum-

1975 4708 2166 4777 matio,
2192 4706 2276 4760 sic
2297 4704 2782 4778 intelligunt,tam
2801 4705 2898 4761 diu
2919 4723 3053 4761 eum
3071 4721 3265 4778 posse,
3285 4706 3626 4764 doneciras-

1978 4799 2147 4851 catur
2175 4793 2226 4850 ei
2258 4794 2434 4864 Deus,
2465 4798 2522 4850 et
2563 4793 2758 4866 ipsum
2784 4793 3032 4850 interfici
3056 4794 3280 4866 jubeat.
3325 4794 3625 4867 Siquidem

1979 4882 2251 4956 Polybius
2273 4887 2330 4939 et
2353 4883 2635 4939 Diodorus
2652 4883 2750 4956 qui
2775 4882 3340 4956 (c)Bibliothecarum
3363 4883 3629 4941 scribunt

1978 4971 2277 5038 historias,
2313 4975 2553 5027 narrant
2584 4988 2717 5028 eum
2745 4989 2859 5028 non
2892 4971 3086 5028 solum
3115 4976 3322 5028 contra
3341 4972 3526 5029 Deum
3550 4973 3628 5030 fe-

1979 5060 2129 5116 cisse
2158 5059 2389 5131 Judaeae,
2427 5061 2528 5116 sed
2554 5061 2805 5118 avaritiae
2839 5061 3062 5117 facibus
3084 5077 3416 5130 accensum,
3447 5063 3624 5120 etiam

1979 5147 2546 5220 templum(d)Dianae
2569 5149 2630 5204 in
2647 5148 3109 5222 Elimaide,quod
3124 5154 3247 5206 erat
3261 5150 3623 5208 ditissimum

1979 5236 2230 5310 spoliare
2254 5242 2526 5294 conatum
2550 5255 2564 5295 :
2585 5253 3052 5311 oppressumque
3073 5257 3106 5296 a
3128 5240 3472 5297 custodibus
3485 5244 3627 5297 tem-

1981 5377 2084 5456 ὑπὸ
2119 5376 2241 5456 ptigit
2275 5379 2636 5456 euvyppoxtbc
2653 5377 3027 5455 πραγματείαν
3050 5379 3266 5437 ἅπασαῆ
3287 5383 3388 5451 τὴν
3422 5383 3624 5456 ἱστορι-

1978 5451 2080 5518 κὴν
2120 5443 2512 5520 Βιϐλιοθήξτίν.

2053 5521 2126 5592 (d)
2157 5523 2372 5599 Confer
2395 5528 2453 5578 et
2480 5523 3006 5599 Machabaeoruml.
3033 5541 3072 5591 ι,
3094 5541 3232 5599 cap.
3251 5527 3310 5599 7_,
3334 5529 3394 5599 et
3413 5525 3626 5599 Appia-

1979 5609 2124 5668 num
2155 5593 2215 5668 in
2248 5594 2467 5668 Syriae.
2502 5596 2602 5668 qui
2638 5595 2920 5668 templum
2951 5596 3110 5653 istud
3133 5593 3249 5652 non
3281 5593 3622 5666 Diania—[sed

1978 5664 2218 5746 Veneris
2251 5664 2544 5746 appellat}
2581 5664 2778 5726 Dianae
2802 5685 2958 5738 vero,
2993 5672 3203 5741 praeter
3231 5664 3536 5746 Polybium
3557 5685 3625 5731 ac

1978 5736 2662 5814 Diodorum—,Josephus.
