3944 6178
401 333 512 399 871

1639 328 1702 396 S.
1748 330 2060 397 EUSEBII
2103 331 2551 396 HlERONYMI

3654 337 3758 404 ϐτί

401 468 482 543 pli
504 471 560 526 et
573 465 778 525 vicinis
799 465 1018 525 circum
1042 464 1334 542 gentibus,
1359 465 1783 540 etquibusdam
1805 465 2050 538 phanta-
2076 467 2133 533 Α
2164 470 2323 522 tatus
2351 472 2472 521 est:
2505 467 2571 521 Et
2600 471 2721 538 aget
2748 463 2865 524 hac
2891 468 2952 523 ut
2989 465 3207 524 muniat
3241 464 3502 540 praesidia
3538 483 3651 527 cum
3673 470 3758 530 deo

403 559 507 615 siis
538 562 712 630 atque
742 557 1062 613 terroribus
1090 573 1324 613 versum
1356 555 1416 612 in
1447 555 1789 622 amentiam,
1812 571 1877 610 ac
1909 572 2044 626 pos-

399 651 653 704 tremum
685 647 888 702 morbo
918 647 1230 713 interiisse,
1264 650 1320 701 et
1358 646 1467 701 hoe
1498 645 1548 700 ei
1581 645 1863 700 accidisse
1884 661 2043 700 com-

402 740 750 803 memorant,
773 735 911 807 quia
930 735 1216 808 templum
1233 736 1421 790 Diana
1443 734 1656 789 violare
1675 739 1918 789 conatus
1943 735 2039 788 sit.

397 825 514 880 Nos
547 829 742 880 autem
775 824 1050 891 dicimus,
1081 824 1310 880 etiamsi
1337 822 1610 879 acciderit
1631 823 1704 890 ei,
1738 822 1866 877 ideo
1898 822 2043 877 acci-

397 913 574 978 disse,
609 914 746 987 quia
766 914 824 968 in
845 918 1078 970 sanctos
1109 914 1208 968 Dei
1233 912 1473 968 multam
1491 913 1814 967 exercuerit
1836 912 2040 966 crude-

395 1002 644 1069 litatem,
665 1007 720 1058 et
751 1002 1021 1075 polluerit
1035 1002 1315 1073 templum
1335 1002 1481 1072 ejus.
1515 1001 1640 1055 Non
1670 999 1826 1056 enim
1851 1016 1952 1073 pro
1975 1017 2040 1056 eo

393 1094 549 1164 quod
587 1093 735 1147 719
795 1098 1037 1148 conatus
1074 1096 1163 1146 est
1197 1093 1401 1158 facere,
1439 1095 1495 1144 et
1527 1093 1656 1144 acta
1685 1089 2039 1161 paenitentia,

391 1181 602 1237 desivit
633 1183 895 1254 implere,
931 1183 1029 1238 sed
1063 1198 1166 1254 pro
1196 1197 1261 1236 eo
1292 1180 1446 1252 quod
1480 1179 1616 1234 fecit
1646 1179 1887 1250 punitus
1913 1195 2040 1234 esse

391 1272 718 1327 credendus
751 1276 859 1326 est.

450 1361 638 1431 (Vers.
673 1361 739 1412 37
785 1360 972 1431 seqq.)
1029 1362 1092 1414 Et
1149 1359 1320 1413 Deum
1372 1361 1600 1429 patrum
1647 1372 1872 1411 suorum
1930 1373 2040 1411 non

389 1450 687 1517 reputabit,
718 1452 768 1503 et
797 1450 900 1503 erit
932 1449 994 1501 in
1031 1449 1481 1518 concupiscentiis
1507 1448 1890 1518 feminarum:
1940 1463 2039 1501 nec

386 1553 714 1609 quemquam
743 1537 965 1591 deorum
994 1537 1230 1605 curabit,
1266 1538 1396 1607 quia
1438 1536 1728 1591 adversum
1777 1539 2038 1591 universa

383 1629 690 1696 consurget.
721 1627 891 1680 Deum
920 1629 1102 1680 autem
1135 1643 1354 1680 MAOZIM
1383 1626 1442 1679 in
1475 1626 1587 1680 loco
1616 1640 1714 1680 suo
1747 1625 2036 1680 venerabi-

384 1720 506 1782 tur;
540 1721 591 1770 et
620 1715 787 1769 Deum
809 1731 973 1785 quem
992 1716 1391 1782 ignoraverunt
1410 1721 1596 1785 patres
1625 1713 1763 1784 ejus,
1785 1714 1920 1768 colet
1941 1731 2036 1768 au-

384 1819 446 1860 ro
466 1807 520 1860 et
546 1807 793 1873 argento,
826 1811 876 1858 et
906 1803 1089 1874 lapide
1113 1805 1374 1874 pretioso,
1405 1802 1674 1874 rebusque
1693 1804 2035 1874 pretiosis.Et
2065 1839 2112 1903 Β

385 1894 552 1964 faciet
581 1897 642 1948 ut
668 1893 890 1946 muniat
919 1909 1136 1946 MAOZIM
1164 1907 1289 1946 cum
1319 1891 1415 1946 deo
1445 1891 1626 1946 alieno
1656 1907 1816 1962 quem
1854 1891 1930 1963 (a)
1951 1908 2035 1946 co-

382 1984 586 2053 gnovit,
619 1985 671 2036 et
689 1981 1085 2051 multiplicabit
1104 1981 1366 2049 gloriam,
1391 1989 1442 2034 et
1460 1980 1608 2034 dabit
1624 1982 1703 2034 eis
1720 1984 2037 2051 potestatem

384 2071 447 2125 in
475 2071 686 2135 multis,
713 2078 763 2125 et
794 2074 1001 2124 terram
1019 2069 1229 2124 dividet
1257 2071 1520 2139 gratuito.
1548 2068 1654 2123 Pro
1667 2085 1733 2123 eo
1755 2070 1907 2140 quod
1928 2087 2035 2125 nos

383 2159 744 2230 interpretati
778 2175 1010 2225 sumus,
1040 2165 1093 2212 et
1119 2159 1228 2213 erit
1248 2159 1305 2212 in
1337 2159 1786 2228 concupiscentiis
1797 2159 2034 2228 femina-

383 2264 531 2319 rum,
567 2247 708 2302 LXX
731 2247 1178 2312 transtulerunt,
1202 2255 1253 2302 et
1273 2248 1724 2316 concupiscentiis
1736 2248 2036 2302 mulierum

381 2353 493 2392 non
548 2335 871 2406 s-ubjacebit.
926 2336 1183 2389 Rursum
1219 2351 1320 2406 pro
1353 2334 1468 2389 Deo
1502 2351 1722 2390 MAOZlM
1762 2336 2032 2406 (ω’-τωο),

383 2425 540 2497 quod
572 2425 820 2479 habetur
849 2424 908 2478 in
941 2423 1242 2489 Hebraico,
1276 2423 1488 2494 Aquila
1518 2423 1839 2492 transtulit,
1867 2426 2036 2479 Deum

381 2513 806 2585 fortitudinum;
840 2511 997 2578 LXX,
1027 2513 1199 2566 Deum
1225 2514 1609 2582 fortissimum.
1641 2512 1786 2577 Quia
1815 2529 1949 2567 vero
1973 2515 2032 2568 in

383 2602 666 2658 Hebraico
697 2617 798 2672 pro
831 2617 918 2666 eo,
954 2601 1107 2672 quod
1141 2618 1247 2656 nos
1279 2601 1575 2656 diximus:
1611 2606 1663 2657 et
1691 2604 1796 2657 erit
1828 2603 1882 2656 in
1907 2619 2032 2658 con-

382 2692 732 2762 cupiscentiis
741 2691 1097 2762 feminarum,
1114 2691 1388 2762 ambigue
1400 2691 1654 2761 positum
1673 2695 1783 2756 est,
1807 2691 2034 2746 dicente

381 2779 611 2851 Aquila,
645 2779 742 2850 qui
775 2779 1020 2833 verbum
1052 2779 1336 2850 expressit
1368 2796 1400 2833 e
1428 2779 1637 2834 verbo:
1671 2779 1760 2831 καὶ
1793 2777 1880 2831 ἔπὶ
1904 2778 2030 2832 Θεὸν

381 2867 626 2941 πατέρων
691 2864 853 2919 αὐτοῦ
886 2864 946 2918 οὐ
1007 2867 1247 2934 συνήσει,
1273 2864 1363 2919 καί
1388 2868 1464 2938 (b)
1492 2866 1578 2919 ἐπὶ
1611 2866 1897 2938 ἐπιθυμίαν
1933 2888 2030 2940 γυ-

381 2958 600 3023 ναικῶν,
633 2953 723 3007 κάὶ
755 2953 841 3007 ἐπὶ
872 2954 1045 3007 πάντα
1075 2953 1191 3008 θεὸν
1217 2954 1278 3007 οὑ
1311 2956 1548 3025 συνήσει,
1583 2955 1641 3010 id
1669 2960 1778 3020 est,
1803 2965 1853 3011 et
1867 2973 2033 3027 super

383 3046 550 3100 Deum
571 3052 792 3114 patrum
813 3059 1037 3098 suorum
1068 3060 1175 3098 non
1209 3043 1502 3112 intelliget,
1556 3048 1608 3099 et
1636 3060 1798 3116 super
1827 3061 2030 3100 concu-

379 3134 708 3206 piscentiam
735 3133 1096 3203 feminarum,
1132 3136 1183 3187 et
1201 3148 1364 3203 super
1393 3148 1606 3187 omnem
1629 3133 1792 3188 Deum
1814 3149 1920 3188 non
1947 3136 2030 3188 in-

382 3203 612 3290 telliget.
637 3221 862 3286 Quibus
892 3221 1081 3276 verbis
1111 3219 1457 3293 intelligitur
1486 3221 1698 3276 habere
1729 3238 1864 3277 eum
1897 3239 2028 3278 con-
2059 3203 2102 3270 (ἶ

343 3301 350 3307 ’
381 3310 804 3383 cupiscentiam
837 3309 1210 3373 feminarum,
1245 3315 1300 3364 et
1331 3327 1445 3365 non
1477 3310 1712 3365 habere.
1749 3311 2030 3384 Silegeri-

383 3417 536 3470 mus,
569 3405 625 3455 et
649 3398 1109 3454 intellexerimus
1141 3397 1245 3451 ἀπὸ
1268 3401 1475 3465 κοινοῦ,
1508 3403 1561 3454 et
1588 3416 1753 3470 super
1780 3403 2032 3472 concupi-

383 3491 650 3544 scentiam
659 3490 998 3560 feminarum
1010 3505 1122 3542 non
1142 3489 1429 3556 intelliget,
1449 3488 1519 3543 de
1531 3489 1735 3543 Antich
1746 3489 1886 3545 risto
1900 3490 2033 3545 faci-

385 3577 496 3634 lior
524 3577 924 3650 interpretatio
948 3582 1038 3632 est
1060 3594 1072 3632 :
1091 3578 1246 3648 quod
1270 3577 1397 3632 ideo
1418 3576 1657 3632 simulet
1678 3579 2030 3647 castitatem,

383 3671 450 3722 ut
480 3665 765 3740 plurimos
795 3665 1062 3738 decipiat.
1124 3665 1226 3720 Sin
1259 3669 1456 3722 autem
1489 3665 1571 3721 ita
1617 3666 1958 3738 legerimus,
1980 3673 2031 3724 et

382 3772 546 3828 super
574 3757 1067 3828 concupiscentiam
1117 3757 1473 3826 feminarum,
1529 3761 1592 3810 ut
1646 3757 2032 3812 subaudiatur

383 3847 510 3917 erit,
543 3845 810 3901 Antiochi
834 3862 1094 3918 persona
1123 3845 1310 3917 magis
1325 3845 1712 3916 coaptabitur,
1746 3846 1844 3918 qui
1869 3845 2033 3902 luxu-

386 3935 749 3990 riosissimus
779 3935 963 3989 fuisse
994 3934 1226 4000 dicitur,
1255 3938 1312 3988 et
1336 3935 1636 3990 intentum
1654 3936 1906 3990 dedecus
1929 3953 2034 4007 per

386 4027 594 4093 stupra
623 4028 679 4076 et
695 4022 1054 4092 corruptelas
1072 4023 1300 4077 venisse
1314 4021 1481 4093 regia
1499 4023 1818 4094 dignitatis,
1835 4028 1898 4077 ut
1920 4025 2029 4078 mi-

386 4109 499 4164 mis
531 4124 765 4179 quoque
795 4113 852 4163 et
881 4109 1092 4164 scortis
1117 4109 1351 4180 publice
1372 4111 1738 4181 jungeretur,
1755 4117 1811 4165 et
1841 4111 2032 4167 libidi-

383 4212 519 4252 nem
579 4211 771 4265 suam,
850 4195 1064 4265 populo
1115 4202 1416 4266 prasente,
1475 4197 1791 4270 compleret
1842 4200 2027 4255 Deum

383 4300 600 4341 MAOZIM
632 4282 876 4338 ridicule
900 4282 1255 4355 Porphyrius
1278 4285 1696 4356 interpretatus
1721 4291 1828 4354 est,
1853 4293 1917 4342 ut
1946 4290 2030 4344 di-

385 4378 541 4431 ceret
586 4373 646 4428 in
675 4371 802 4427 vico
835 4371 1055 4438 Modin,
1089 4372 1243 4427 unde
1275 4371 1386 4426 fuit
1431 4372 1805 4440 Mathathias,
1837 4379 1894 4430 et
1925 4377 2031 4431 filii

385 4465 535 4537 ejus,
584 4461 853 4518 Antiochi
907 4461 1108 4530 duces,
1140 4460 1300 4516 Jovis
1345 4461 1610 4534 posuisse
1642 4465 1897 4518 statuam
1926 4481 1938 4519 :
1971 4470 2030 4520 et

2150 555 2366 611 alieno:
2397 563 2446 610 et
2475 571 2600 610 cum
2625 556 2706 611 eis
2733 556 3043 627 ostenderit,
3094 558 3480 630 multiplzcabit
3508 558 3758 630 honorem,

2147 650 2196 700 et
2214 645 2495 700 dominari
2523 661 2609 699 eos
2629 645 2819 700 multis
2842 647 3036 716 faciet,
3056 654 3109 701 et
3137 651 3342 702 terram
3363 647 3560 702 dividet
3579 652 3754 718 gratis.

2153 733 2259 789 Pro
2266 734 2832 805 prasidiismonfugia
2846 733 3262 806 interpretatus
3276 741 3363 791 est
3378 737 3757 808 Symmachus:

2151 825 2305 894 quod
2339 822 2688 894 Porphyrius
2712 823 2792 877 ita
2821 823 3091 878 edisserit
3118 841 3130 878 :
3167 824 3336 880 faciet
3369 825 3490 880 hac
3519 827 3698 882 omnia
3714 833 3769 884 ut

2152 912 2381 966 muniat
2393 927 2586 966 arcem
2599 910 2946 976 Jerusalem,
2971 917 3028 968 et
3045 913 3102 966 in
3117 913 3338 969 cateris
3366 913 3768 986 urbibusponat

2148 1000 2435 1072 prasidia,
2455 1003 2513 1055 et
2531 1000 2762 1054 Judaos
2794 1000 2998 1055 doceat
3019 1001 3260 1056 adorare
3282 1007 3464 1058 Deum
3488 1001 3754 1060 alienum:

2147 1088 2304 1143 haud
2319 1089 2566 1142 dubium
2580 1088 2720 1159 quin
2733 1091 2934 1143 Jovem
2949 1089 3258 1161 significet.
3283 1092 3464 1155 Quem
3487 1107 3618 1146 cum
3639 1091 3762 1147 illis-

2147 1176 2489 1244 ostenderit,
2505 1182 2562 1231 et
2581 1177 2946 1232 adorandum
2969 1194 3097 1234 esse
3112 1180 3503 1249 persuaserit:
3532 1183 3666 1235 tunc
3685 1183 3766 1237 da-

2147 1265 2231 1320 bit
2263 1266 2518 1338 dcceptis
2547 1265 2847 1334 honorem,
2883 1271 2938 1320 et
2968 1266 3214 1339 gloriam
3264 1267 3602 1340 plurimam,
3630 1274 3680 1325 et
3700 1271 3770 1325 fa-

2147 1355 2257 1409 ciet
2287 1355 2532 1419 cateris,
2566 1355 2668 1426 qui
2707 1354 2767 1409 in
2796 1357 2996 1410 Judaa
3024 1356 3240 1412 fuerint
3267 1357 3578 1424 dominati,
3607 1364 3660 1414 et
3686 1377 3770 1431 pro

2147 1443 2616 1514 praevaricatione
2651 1443 3049 1514 possessiones
3070 1445 3310 1513 dividet,
3342 1450 3400 1500 et
3422 1446 3580 1501 dona
3599 1447 3772 1501 distri-

2144 1533 2312 1586 buet.
2346 1531 2744 1587 Antichristus
2777 1549 3010 1604 quoque
3041 1533 3227 1589 multa
3257 1534 3522 1606 deceptis
3553 1551 3772 1592 munera

2145 1620 2445 1692 largietur,
2480 1624 2536 1675 et
2565 1624 2782 1675 terram
2814 1637 2920 1677 suo
2944 1622 3220 1677 exercitui
3244 1623 3502 1678 dividet:
3533 1640 3776 1696 quosque

2142 1713 2360 1765 terrore
2391 1726 2506 1765 non
2543 1711 2811 1782 quiverit,
2847 1711 3187 1784 subjugabit
3217 1712 3483 1768 avaritia.

2215 1798 2402 1869 (Vers.
2437 1799 2524 1867 40,
2560 1797 2674 1868 lii.)
2703 1799 2769 1852 Et
2795 1799 2855 1852 in
2879 1802 3118 1870 tempore
3140 1800 3424 1871 prae/inito
3443 1801 3775 1872 praeliabitur

2144 1887 2436 1944 adversum
2464 1903 2588 1942 eum
2617 1903 2719 1941 rex
2755 1889 2982 1943 Austri:
3022 1893 3075 1942 et
3105 1891 3268 1959 quasi
3299 1893 3591 1960 tempestas
3619 1893 3775 1947 veniet

2143 1982 2336 2032 contra
2364 1977 2521 2030 illum
2536 1992 2636 2030 rex
2664 1976 2947 2046 Aquilonis
2960 1978 3020 2031 in
3047 1979 3320 2049 curribus,
3345 1981 3474 2034 etin
3507 1981 3770 2051 equitibus,

2143 2069 2198 2120 et
2229 2067 2287 2119 in
2316 2065 2488 2119 classe
2517 2082 2755 2133 magna:
2786 2069 2836 2119 et
2868 2065 3211 2136 ingredietur
3236 2070 3437 2134 terras,
3464 2073 3516 2123 et
3536 2072 3770 2136 conteret,

2143 2163 2194 2210 et
2226 2156 2578 2226 pertransiet.
2642 2159 2706 2210 Et
2738 2155 2987 2209 introibit
3024 2156 3079 2208 in
3131 2162 3339 2210 terram
3384 2158 3698 2225 gloriosam,
3725 2166 3767 2213 et

2141 2243 2309 2298 multi
2334 2247 2606 2298 corruent.
2655 2243 2761 2298 Pro
2792 2259 2907 2314 quo
2952 2243 3370 2315 interpretatus
3401 2251 3500 2301 est
3531 2248 3766 2318 Symma-

2143 2331 2288 2387 chus
2315 2348 2326 2386 :
2359 2339 2413 2387 et
2445 2333 2620 2386 multa
2648 2331 2837 2386 millia
2863 2341 3148 2388 corruent:
3182 2333 3532 2404 Theodotio,
3563 2341 3611 2391 et
3631 2337 3773 2391 multi

2142 2421 2592 2490 inﬁrmabuntur.
2608 2421 2817 2476 Multas
2831 2425 3025 2477 autem
3041 2424 3419 2494 corruerejux
3429 2429 3493 2479 ta
3510 2425 3767 2496 Aquilam,

2141 2510 2232 2566 vel
2268 2511 2464 2579 urbes,
2498 2509 2584 2565 vel
2619 2509 2907 2582 regiones,
2934 2508 3022 2565 vel
3053 2510 3383 2582 provincias
3406 2511 3684 2586 intellige.
3714 2514 3768 2568 Et

2142 2599 2261 2656 hac
2280 2598 2632 2672 Porphyrius
2662 2599 2732 2652 ad
2763 2597 3114 2653 Antiochum
3137 2599 3345 2654 refert:
3382 2601 3546 2671 quod
3569 2601 3771 2656 undeci-

2143 2705 2238 2744 mo
2259 2705 2412 2744 anno
2426 2687 2584 2760 regni
2610 2687 2701 2742 sui
2715 2703 2922 2742 rursus
2944 2691 3146 2742 contra
3163 2688 3380 2742 sororis
3395 2689 3590 2745 {ilium
3614 2689 3771 2745 Ptole-

2143 2795 2352 2834 maum
2387 2777 2833 2832 Philometorem
2866 2775 3246 2831 dimicaverit.
3281 2777 3387 2840 Qui
3423 2778 3664 2834 audiens
3689 2794 3766 2833 ve-

2141 2867 2266 2922 nire
2286 2867 2658 2932 Antiochum,
2683 2865 3051 2938 congregavit
3073 2865 3262 2920 multa
3284 2867 3636 2938 populorum
3656 2866 3766 2922 mil-

2140 2956 2237 3011 lia.
2271 2956 2379 3010 Sed
2411 2955 2729 3010 Antiochus
2761 2954 2929 3026 quasi
2958 2958 3278 3024 tempestas
3301 2954 3502 3012 valida
3530 2956 3585 3010 in
3607 2955 3764 3011 curri-

2140 3045 2271 3109 bus,
2300 3048 2356 3098 et
2385 3043 2444 3098 in
2476 3043 2793 3115 equitibus,
2827 3047 2885 3098 et
2914 3042 2973 3098 in
3005 3041 3192 3098 classe
3239 3060 3462 3116 magna
3494 3046 3765 3118 ingressus

2141 3135 2218 3190 sit
2248 3137 2430 3188 terras
2453 3132 2758 3204 plurimas,
2783 3136 2841 3187 et
2863 3132 3218 3188 transeundo
3242 3134 3519 3190 universa
3539 3139 3766 3191 vastave-

2143 3223 2248 3278 rit:
2273 3221 2608 3293 veneritque
2630 3221 2701 3276 ad
2723 3225 2938 3276 terram
2962 3220 3261 3292 inclytam,
3283 3221 3342 3276 id
3367 3227 3482 3290 est,
3503 3224 3764 3288 Judaam,

2141 3328 2318 3384 quam
2350 3309 2735 3382 Symmachus
2766 3314 2971 3364 terram
2997 3309 3344 3380 fortitudinis
3375 3310 3767 3384 interpretatus

2141 3404 2268 3456 est:
2305 3417 2406 3472 pro
2439 3416 2556 3470 qua
2585 3398 2906 3453 Theodotio
2937 3399 3132 3470 ipsum
3165 3399 3406 3454 verbum
3443 3400 3768 3456 Hebraicum

2139 3489 2338 3561 posuit
2363 3505 2520 3543 SABAI
2543 3489 2650 3557 [Αἰ.
2680 3504 2869 3542 SABAM
2900 3495 2950 3542 et
2971 3489 3123 3557 sam]
3147 3487 3296 3560 (331’)
3318 3505 3337 3541 :
3368 3492 3424 3542 et
3447 3505 3638 3544 arcem
3661 3505 3773 3544 mu-

2141 3577 2316 3633 nierit
2346 3578 2417 3632 de
2449 3577 2636 3632 ruinis
2660 3592 2963 3632 murorum
2988 3576 3259 3642 civitatis,
3287 3577 3424 3631 72]
3457 3581 3513 3631 et
3536 3577 3619 3632 sic
3647 3594 3770 3648 pcr-

2142 3668 2351 3724 rexerit
2381 3667 2438 3721 in
2471 3668 2802 3740 Egyptum.
2827 3665 3021 3720 Nostri
3051 3670 3245 3721 autem
3269 3666 3338 3720 ad
3351 3663 3769 3722 Antichristum

2140 3763 2197 3813 et
2224 3756 2339 3812 ista
2366 3755 2698 3821 referentes,
2724 3754 2930 3810 dicunt
2961 3756 3118 3826 quod
3136 3755 3393 3827 primum
3410 3759 3765 3826 pugnaturus

2141 3846 2219 3902 sit
2247 3850 2447 3902 contra
2476 3861 2670 3916 regem
2718 3843 2938 3912 Austri,
2970 3843 3028 3898 id
3078 3850 3185 3914 est,
3217 3844 3464 3917 Egypti,
3495 3847 3552 3898 et
3579 3847 3773 3916 postea

2140 3935 2370 4007 Libyas,
2431 3939 2486 3988 et
2516 3933 2816 4004 Aithiopas
2846 3935 3264 4004 superaturus:
3318 3951 3443 4005 qua
3477 3933 3548 3989 de
3579 3933 3770 3988 decem

2139 4023 2415 4079 cornibus
2439 4023 2550 4076 tria
2569 4021 2816 4076 contrita
2841 4037 3059 4075 cornua
3076 4037 3257 4093 supra
3273 4020 3546 4094 legimus;
3571 4027 3626 4076 et
3646 4021 3772 4094 quia

2136 4115 2419 4168 venturus
2449 4109 2525 4163 sit
2556 4109 2612 4162 in
2646 4115 2860 4164 terram
2884 4108 3082 4177 Israel,
3107 4114 3163 4165 et
3184 4109 3380 4165 multa
3401 4110 3450 4166 ei
3474 4111 3562 4168 vel
3591 4111 3776 4178 urbes,

2136 4198 2224 4253 vel
2259 4196 2564 4268 provincia
2597 4198 2816 4252 datura
2850 4215 3081 4253 manus.

2210 4287 2336 4341 Haec
2350 4291 2532 4339 autem
2552 4285 3071 4342 solasaivabuntur
3082 4287 3413 4344 demanibus
3434 4290 3582 4361 ejus,
3603 4287 3778 4354 Edom,

2139 4382 2190 4431 et
2217 4373 2383 4440 Moab,
2416 4381 2466 4428 et
2508 4375 2846 4446 principium
2894 4377 3139 4446 ﬁliorum
3158 4379 3409 4434 Ammon.
3443 4377 3777 4445 Antiochus,

2138 4463 2322 4529 aiunt,
2357 4461 2641 4518 festinans
2673 4471 2877 4519 contra
2917 4464 3297 4521 Ptolemaeum
3341 4482 3542 4539 regem
3571 4464 3780 4530 Austri,

385 4551 741 4625 compulisse
769 4551 1026 4616 Judaos,
1059 4554 1123 4605 ut
1152 4550 1203 4606 ei
1234 4550 1502 4606 victimas
1533 4549 1925 4618 immolarent,
1970 4552 2029 4608 id
2062 4569 2110 4635 Β
2144 4552 2451 4618 ldumaos,
2483 4557 2539 4607 et
2570 4552 2875 4620 Moabitae,
2905 4557 2962 4608 et
2989 4555 3355 4611 Ammonitas
3386 4556 3490 4627 qui
3519 4573 3590 4613 ex
3613 4555 3780 4612 latere

385 4647 492 4710 est,
538 4643 644 4698 deo
674 4639 892 4696 Modin.
956 4640 1118 4704 Quod
1173 4642 1367 4694 autem
1426 4639 1706 4710 sequitur,
1765 4647 1817 4695 et
1863 4641 2033 4697 Deum

385 4745 546 4805 quem
575 4733 970 4802 ignoraverunt
995 4737 1178 4801 patres
1207 4729 1345 4800 ejus,
1377 4729 1528 4796 colet,
1564 4728 1673 4784 hoc
1704 4729 1891 4802 magis
1917 4733 2032 4786 An-

384 4821 651 4876 tichristo
695 4836 872 4891 quam
902 4818 1184 4874 Antiocho
1243 4817 1528 4872 convenit.
1565 4818 1837 4890 Legimus
1871 4821 2028 4875 enim

387 4909 740 4965 Antiochum
763 4907 1054 4964 idolorum
1077 4908 1227 4964 720
1248 4906 1480 4962 Gracia
1493 4906 1770 4964 habuisse
1783 4908 2029 4978 cultum,

388 4999 693 5053 etJudaos
710 5003 887 5068 atque
901 4996 1219 5053 Samarites
1251 4997 1322 5052 ad
1347 4996 1772 5053 venerationem
1792 5014 2031 5054 suorum

391 5084 632 5139 deorum
664 5084 1038 5156 compulisse.
1072 5085 1305 5140 Necnon
1337 5088 1394 5138 et
1421 5083 1530 5139 hoc
1579 5085 1733 5156 quod
1765 5085 1956 5153 infert,
1983 5089 2033 5141 et

387 5173 621 5244 facietut
649 5176 871 5229 muniat
901 5190 1258 5230 nuozmcum
1269 5171 1565 5228 deoalieno
1591 5176 2030 5245 quemcognovit:

390 5269 444 5316 et
473 5260 874 5332 multiplicabit
928 5262 1190 5333 gloriam,
1219 5270 1272 5317 et
1323 5261 1474 5316 dabit
1518 5264 1595 5316 eis
1623 5265 1942 5333 potestatem
1972 5266 2034 5319 in

389 5351 600 5421 multis,
621 5351 671 5406 et
697 5351 905 5405 terram
930 5351 1131 5407 dividet
1151 5351 1407 5420 gratuito,
1421 5349 1734 5406 Theodotio
1751 5350 2032 5424 interpre-

464 5508 540 5576 (a)
573 5507 675 5561 Hic
704 5510 880 5578 atque
907 5504 1152 5578 inferius
1176 5506 1275 5561 ubi
1294 5505 1456 5562 locus
1477 5505 1586 5562 iste
1609 5510 1872 5576 recurrit,
1899 5527 2033 5566 cum

394 5578 645 5704 nggapdi
678 5576 984 5650 particula,
1015 5594 1175 5648 quem
1193 5594 1305 5634 non
1332 5581 1598 5648 cognovit,
1631 5579 1689 5635 in
1721 5581 1898 5638 Palal.
1922 5599 2030 5641 ms.

395 5663 428 5711 ο
472 5663 535 5703 er
562 5664 651 5705 ur.

2137 4639 2346 4697 Judaa
2381 4641 2487 4710 [AL
2543 4641 2831 4712 Idumaa]
2863 4647 3047 4712 erant,
3081 4661 3198 4700 non
3227 4644 3458 4717 tetigit:
3518 4661 3594 4701 ne
3622 4660 3782 4702 occu-

2140 4735 2314 4803 patus
2346 4730 2459 4786 alio
2490 4729 2708 4802 praelio,
2742 4731 3118 4788 Ptolemaeum
3167 4735 3436 4790 redderet
3468 4735 3778 4791 fortiorem.

2139 4819 2538 4876 Antichristus
2570 4836 2801 4892 quoque
2831 4821 3170 4890 Idumaam,
3203 4827 3262 4878 et
3289 4823 3608 4892 Moabitas,
3637 4839 3700 4879 ac
3720 4822 3782 4877 ﬁ-

2140 4909 2251 4964 lios
2292 4911 2563 4978 Ammon,
2597 4910 2653 4964 id
2687 4913 2795 4975 est,
2844 4912 3116 4967 Arabiam
3152 4912 3443 4984 relinquet
3476 4914 3778 4970 intactam:

2142 4997 2280 5070 quia
2308 4995 2450 5052 illuc
2478 4997 2674 5052 Sancti
2701 4999 2774 5053 ad
2811 4999 3042 5056 deserta
3072 5001 3428 5074 confugient.

2214 5087 2401 5157 (Vers.
2451 5086 2539 5157 42,
2574 5087 2684 5157 43.)
2714 5090 2790 5143 Et
2815 5090 2994 5144 mittet
3023 5107 3254 5145 manum
3279 5107 3438 5146 suam
3495 5091 3559 5145 in
3594 5099 3780 5153 terras,

2141 5179 2191 5231 et
2221 5183 2371 5230 terra
2401 5175 2624 5246 Egypti
2650 5191 2758 5230 non
2787 5177 3038 5248 eﬁ'ugiet:
3074 5186 3126 5234 et
3153 5179 3535 5235 dominabitur
3566 5179 3784 5235 thesau—

2141 5279 2332 5320 rorum
2381 5264 2508 5317 auri
2535 5265 2694 5333 atque
2744 5267 2978 5336 argenti,
3035 5271 3086 5322 et
3143 5267 3204 5322 in
3233 5267 3484 5324 omnibus
3533 5266 3783 5339 pretiosis

2143 5352 2383 5425 Egypti.
2424 5352 2531 5407 Per
2558 5352 2757 5424 Libyas
2814 5354 2999 5427 [Vulg.
3031 5355 3264 5428 Libyam
3317 5361 3376 5414 et
3422 5355 3783 5430 xEthiopiam]

2216 5512 2291 5584 (ὁ)
2324 5509 2733 5584 Supplevimus
2763 5511 2856 5568 hic
2887 5529 3085 5571 vocem
3117 5513 3204 5569 ἐπὶ
3235 5533 3304 5572 ex
3340 5532 3452 5573 ms.
3480 5515 3780 5584 Vaticano,

2145 5582 2280 5661 qua
2306 5582 2476 5638 antea
2506 5582 2580 5638 ob
2610 5585 2948 5661 earumdem
2969 5585 3296 5661 litterarum
3313 5588 3375 5646 in
3405 5583 3783 5661 subsequenti

2143 5655 2319 5714 verbo
2350 5671 2681 5725 recursum,
2728 5655 2919 5715 fuerat
2947 5659 3357 5733 pratermissa.
