3944 6178
345 422 466 488 B75

1607 424 1672 487 S.
1716 420 2028 488 EUSEBII
2071 421 2514 488 HIERONYMI

3619 422 3741 488 ωδ

344 559 458 616 tio:
493 556 558 616 El
583 558 714 631 ﬁget
730 555 1149 614 tabernaculum
1167 571 1328 614 suum
1352 557 1414 614 in
1430 555 1508 631 (α)
1530 557 1819 630 Aphedano
1837 549 1983 616 inter
2010 557 2068 625 Α
2093 556 2339 631 ipsoque
2365 557 2653 616 Antiocho
2686 557 2747 615 in
2771 557 3008 616 Perside
3065 559 3318 632 mortuo,
3348 553 3614 616 salvatus.
3651 560 3739 617 est

343 650 531 704 maria
551 649 611 703 in
639 655 818 703 monte
846 645 990 702 Saba
1017 652 1286 716 sancto,et
1297 649 1478 704 veniet
1505 664 1672 721 usque
1690 648 1760 703 ad
1775 652 1990 720 partem

341 739 478 809 ejus.
501 736 712 808 Aquila
739 753 751 791 :
783 737 848 792 Et
870 737 1148 808 plantabit
1177 739 1599 794 tabernaculum
1625 739 1874 810 praetorii
1901 740 1991 793 sui

340 828 402 881 in
434 821 719 902 Ἀφαδανῷ
751 827 897 881 inter
924 827 1129 897 maria,
1152 828 1212 881 in
1242 829 1422 882 monte
1440 828 1674 898 glorioso
1703 829 1752 882 et
1779 835 1986 894 sancto,

339 923 392 972 et
420 918 595 972 veniet
621 932 788 988 usque
817 916 887 970 ad
917 917 1082 985 ﬁnem
1113 919 1257 987 ejus.
1278 915 1395 971 Soli
1419 915 1800 988 Septuaginta
1827 915 1988 971 omni

340 1021 401 1060 se
433 1005 691 1060 nominis
723 1003 1046 1076 quaestione
1075 1004 1390 1059 liberantes
1421 1003 1779 1074 interpretati
1812 1008 1983 1060 sunt:

335 1095 387 1148 et
414 1097 610 1148 statuet
641 1093 1059 1148 tabernaculum
1111 1108 1277 1148 suum
1333 1101 1460 1148 tunc
1515 1095 1663 1148 inter
1703 1095 1903 1158 maria,
1935 1102 1986 1148 et

336 1186 576 1238 montem
603 1183 901 1238 voluntatis
930 1185 1255 1252 sanctum,et
1282 1184 1461 1237 ueniet
1490 1183 1622 1237 hora
1650 1199 1987 1237 consumma-

337 1273 508 1327 tionis
536 1272 674 1343 ejus.
709 1271 864 1334 Quos
911 1269 1309 1342 Apollinarius
1357 1275 1615 1341 secutus,
1649 1271 1720 1326 de
1751 1272 1987 1327 nomine

337 1360 552 1433 Apedno
583 1359 821 1415 omnino
839 1360 1138 1414 conticuit.
1166 1359 1282 1415 Hoc
1311 1359 1440 1415 ideo
1472 1359 1754 1431 prolixius
1792 1359 1983 1432 posui,

337 1453 403 1504 ut
430 1448 797 1524 etPorphyrii
820 1448 1122 1504 ostendam
1139 1447 1493 1503 calumniam
1515 1448 1615 1520 qui
1640 1449 1760 1504 haec
1783 1449 1985 1504 omnia

337 1535 753 1609 ignoravit,aut
781 1537 1004 1592 nescire
1033 1553 1096 1592 se
1131 1536 1380 1605 ﬁnxit,et
1426 1537 1737 1610 Scriptura:
1769 1541 1982 1592 sanctas

334 1624 740 1680 difﬁcultatem
766 1641 778 1679 :
815 1627 983 1696 cujus
1001 1625 1448 1698 intelligentiam
1477 1627 1697 1698 absque
1719 1627 1822 1682 Dei
1851 1643 1981 1698 gra-

331 1712 417 1768 tia
446 1716 504 1768 et
531 1711 796 1769 doctrina
830 1715 1121 1784 majorum
1155 1715 1266 1771 sibi
1297 1714 1725 1787 imperitissimi
1749 1714 1838 1770 vel
1863 1731 1983 1770 ma-

331 1801 487 1859 xime
511 1801 828 1858 vindicant.
863 1803 1199 1860 Notandum
1251 1809 1471 1870 autem,
1531 1805 1686 1876 quod
1727 1804 1768 1858 P
1821 1803 1980 1859 litte-

2099 647 2350 720 populus
2375 647 2548 704 Israel
2573 667 2589 702 :
2613 664 2817 704 omnes
2839 647 2939 721 qui
2962 647 3164 721 scripti
3183 651 3350 704 erant
3365 647 3423 703 in
3446 647 3595 704 libro
3618 647 3739 720 Dei,

2097 735 2207 793 hoc
2224 743 2332 809 est,
2356 738 2455 810 qui
2481 738 2690 811 Legem
2712 737 3029 794 fortissime
3058 737 3464 807 defenderunt,
3491 741 3549 793 et
3566 754 3737 794 econ-

2096 825 2274 881 trario
2306 826 2406 898 qui
2438 827 2612 882 deleti
2644 831 2782 882 sunt
2803 827 2873 882 de
2902 825 3070 894 libro,
3103 826 3211 883 hoc
3242 826 3484 897 est,-qui
3529 843 3737 898 preva-

2098 914 2376 970 ricatores
2394 916 2742 971 exstiterunt
2762 916 3016 987 Legis,et
3033 915 3302 971 Antiochi
3335 915 3573 971 fuerunt
3610 933 3738 988 par-

2096 1002 2266 1058 tium.
2289 1003 2469 1070 Tunc,
2501 1004 2600 1070 ait,
2624 1004 2686 1058 hi
2719 1004 2816 1075 qui
2848 1004 3015 1076 quasi
3038 1004 3095 1058 in
3123 1008 3288 1060 terrae
3328 1003 3564 1076 pulvere
3605 1005 3738 1060 dor-

2096 1091 2439 1158 miebant,et
2459 1091 2641 1163 operti
2671 1096 2835 1148 erant
2863 1090 3152 1151 malorum
3186 1092 3458 1164 pondere,
3482 1097 3541 1148 et
3574 1093 3742 1165 quasi

2096 1179 2155 1235 in
2187 1180 2468 1253 sepulcris
2502 1181 2874 1236 miseriarum
2924 1181 3224 1249 reconditi,
3258 1182 3328 1236 ad
3381 1182 3738 1255 insperatam

2093 1267 2409 1324 Victoriam
2431 1270 2503 1325 de
2520 1274 2684 1325 terrae
2706 1270 2940 1342 pulvere
2961 1273 3360 1340 surrexerunt,
3379 1274 3436 1327 et
3467 1272 3538 1327 de
3558 1271 3738 1328 humo

2093 1357 2462 1413 elevaverunt
2491 1359 2962 1430 caput,custodes
2988 1358 3156 1431 Legis
3185 1363 3556 1432 resurgentes
3576 1360 3639 1416 in
3658 1361 3736 1416 vi-

2091 1451 2213 1502 tam
2235 1451 2596 1516 aternam,et
2609 1447 3082 1520 praevaricatores
3106 1447 3167 1502 in
3183 1449 3563 1521 opprobrium
3583 1466 3734 1506 sem-

2092 1536 2410 1608 piternum.
2440 1536 2708 1609 Magistri
2738 1541 2934 1592 autem
2953 1541 3011 1592 et
3041 1537 3309 1594 doctores
3325 1539 3426 1609 qui
3450 1539 3620 1612 Legis
3644 1555 3734 1596 no-

2089 1624 2279 1680 titiam
2308 1624 2976 1697 habuerunt,fulgebunt
2995 1625 3164 1696 quasi
3195 1625 3490 1698 coelum,et
3517 1628 3620 1700 qui
3652 1628 3736 1684 in-

2088 1713 2330 1771 feriores
2360 1714 2606 1787 populos
2627 1712 2911 1770 exhortati
2929 1718 3068 1770 sunt
3083 1715 3156 1770 ad
3188 1715 3604 1773 custodiendas
3635 1733 3736 1773 ca:-

2087 1803 2381 1860 remonias
2415 1804 2533 1874 Dei,
2565 1804 2637 1859 ad
2667 1803 2855 1859 instar
2891 1807 3183 1859 astrorum
3233 1804 3629 1877 splendebant
3676 1806 3736 1863 in

331 1907 457 1948 ram
487 1892 765 1947 Hebraeus
795 1908 990 1948 sermo
1019 1908 1136 1948 non
1166 1893 1401 1960 habeat,
1429 1895 1530 1949 sed
1563 1911 1665 1965 pro
1698 1893 1826 1966 ipsa
1854 1900 1978 1949 uta-
2009 1929 2058 1995 B
2091 1897 2402 1964 perpetuas
2429 1891 2799 1948 aeternitates.
2831 1891 3005 1947 Ponit
3048 1907 3283 1964 quoque
3327 1891 3638 1950 historiam
3670 1895 3738 1951 de

330 1984 428 2038 tur
449 1997 578 2049 pus,
598 1981 767 2052 cujus
799 1981 915 2035 vim
935 1982 1197 2037 Graecum
1228 2002 1263 2058 φ
1295 1988 1483 2039 sonat.
1509 1984 1569 2038 In
1600 1982 1727 2054 ipso
1749 1987 1977 2038 tantum
2009 1980 2057 1995 ⁵’
2087 1981 2452 2049 Machabaeis,
2485 1981 2545 2036 in
2577 1998 2693 2054 qua
2748 1980 2963 2036 dicitur
3006 1981 3224 2038 multos
3260 1982 3597 2040 Judaaorum
3629 1986 3736 2041 sub

329 2069 456 2126 loco
470 2071 621 2142 apud
643 2070 918 2125 Hebraeos
940 2069 1231 2126 scribatur
1254 2071 1816 2143 quidem(b)pns,sed
1831 2071 1982 2143 lega-

331 2162 428 2214 tur
456 2163 519 2214 P.
550 2159 712 2223 Quod
768 2162 962 2214 autem
1002 2158 1393 2230 Antichristus
1437 2161 1632 2215 veniat
1681 2177 1868 2232 usque
1907 2162 1978 2217 ad

330 2247 732 2304 summitatem
765 2247 980 2303 montis
1009 2248 1195 2303 sancti
1227 2253 1283 2304 et
1310 2248 1530 2321 inclyti,
1564 2253 1620 2304 et
1648 2248 1726 2303 ibi
1759 2254 1977 2321 pereat,

329 2337 516 2393 Isaias
547 2335 779 2409 plenius
810 2336 1109 2408 loquitur:
1169 2340 1548 2410 Prmoipitabit
1603 2339 1867 2394 Dominus
1913 2341 1979 2395 in

327 2432 514 2481 monte
537 2429 728 2481 sancto
755 2427 958 2497 faciem
1003 2425 1364 2483 dominatoris
1416 2427 1771 2483 tenebrarum
1812 2445 1978 2500 super

327 2531 513 2572 omnes
540 2519 746 2586 gentes,
787 2523 839 2571 et
867 2531 987 2570 eum
1015 2516 1112 2586 qui
1138 2515 1457 2572 dominatur
1503 2518 1711 2572 cunctis
1735 2519 1972 2589 papulis,

325 2607 378 2660 et
408 2604 476 2675 (c)
508 2605 822 2660 unctionem
848 2621 966 2675 qua
994 2612 1164 2661 uncta
1195 2603 1304 2673 [ΑΙ.
1339 2622 1447 2677 qua
1474 2609 1687 2677 unctus]
1718 2609 1793 2662 est
1840 2622 1972 2664 con-

327 2696 418 2751 tra
446 2694 733 2749 universas
761 2694 1038 2749 nationes.

397 2786 533 2855 Cap.
566 2782 687 2838 XII.
719 2813 788 2821 —
820 2785 986 2838 Vers.
1017 2781 1040 2836 4
1081 2797 1246 2855 seqq.
1279 2787 1344 2838 In
1377 2786 1618 2853 tempore
1664 2791 1848 2839 autem
1876 2784 1973 2840 illo

321 2881 611 2942 consurget
638 2872 866 2927 Michael
875 2873 1130 2943 princeps
1170 2887 1416 2942 magnus,
1437 2874 1533 2942 qui
1571 2876 1682 2926 stat
1706 2889 1806 2942 pro
1837 2872 1972 2942 ﬁliis

316 2962 510 3033 populi
539 2961 642 3027 tui,
673 2965 725 3016 et
748 2962 922 3016 veniet
946 2969 1155 3031 tempus
1183 2961 1344 3032 quale
1369 2976 1477 3015 non
1525 2963 1635 3031 fuit
1681 2977 1751 3016 ea:
1778 2977 1838 3017 eo
1867 2977 1970 3033 quo

327 3048 595 3122 [Vulgab
611 3065 675 3105 eo
695 3066 764 3105 ex
783 3051 908 3121 quo]
929 3052 1114 3121 gentes
1128 3065 1244 3105 esse
1265 3057 1543 3120 coeperunt
1553 3065 1721 3122 usque
1740 3049 1810 3104 ad
1834 3059 1968 3105 tem-

316 3154 422 3211 pus
451 3139 612 3194 illud.
645 3140 710 3193 Et
740 3140 800 3193 in
829 3142 1067 3210 tempore
1092 3139 1190 3194 illo
1217 3138 1522 3194 salvabitur
1542 3139 1776 3210 populus
1804 3146 1964 3194 tuus:

2088 2071 2410 2128 Mathathia
2433 2074 2490 2126 et
2507 2071 2537 2127 J
2546 2071 2662 2126 uda
2675 2070 3000 2127 Machabwo
3024 2070 3095 2126 ad
3122 2087 3383 2126 eremum
3405 2072 3738 2143 confugisse

2088 2165 2144 2217 et
2164 2160 2403 2216 latuisse
2433 2159 2495 2214 in
2524 2159 2842 2232 speluncis,
2873 2164 2929 2215 et
2957 2159 3017 2214 in
3050 2160 3314 2215 cavernis
3335 2164 3658 2232 petrarum,
3673 2178 3738 2218 ac

2087 2253 2220 2322 post
2239 2247 2541 2304 victoriam
2581 2247 2936 2320 processisse
2958 2248 3001 2318 (Ι
3020 2247 3264 2319 Mach.u)
3296 2248 3366 2303 Et
3415 2248 3539 2304 hac
3581 2269 3736 2320 μετα-

2086 2341 2327 2416 φορικῶς
2365 2339 2514 2394 726
2560 2336 2729 2409 quasi
2789 2337 2859 2392 de
2889 2337 3314 2392 resurrectione
3363 2341 3732 2395 mortuorum

2085 2443 2214 2484 esse
2239 2426 2681 2500 praedicta.Tem
2689 2441 2829 2496 pore
2850 2427 3045 2480 autem
3065 2424 3411 2481 Antichristi
3431 2425 3616 2482 talem
3631 2427 3735 2482 tri-

2084 2516 2445 2573 bulationem
2477 2515 2616 2586 fore,
2649 2512 2840 2586 qualis
2889 2530 3216 2584 numquam
3265 2515 3376 2570 fuit
3421 2531 3489 2571 ex
3518 2532 3588 2572 eo
3618 2533 3733 2588 quo

2081 2611 2286 2679 gentes
2316 2621 2443 2662 esse
2467 2607 2785 2675 caeperunt,
2815 2604 3008 2659 verius
3039 2602 3403 2676 intelligitur.
3435 2604 3734 2663 Ponamus

2082 2695 2239 2752 enim
2269 2694 2480 2750 vicisse
2511 2693 2741 2764 Lysiam
2775 2691 2876 2764 qui
2905 2692 3093 2747 victus
3123 2696 3232 2762 est,
3264 2696 3321 2748 et
3365 2693 3602 2765 penitus
3632 2713 3733 2768 op-

2083 2800 2316 2857 pressos
2333 2783 2568 2838 Judzeos
2584 2798 2713 2837 esse
2733 2780 2834 2852 qui
2853 2780 3116 2836 vicerunt
3129 2797 3144 2836 :
3159 2781 3448 2853 numquid
3465 2782 3579 2838 fuit
3597 2783 3734 2840 talis

2080 2871 2380 2927 tribulatio
2401 2870 2594 2943 qualis
2610 2886 2676 2926 eo
2701 2874 2961 2941 tempore
2986 2885 3099 2941 quo
3112 2869 3442 2926 Jerusalem
3454 2876 3630 2944 capta
3645 2877 3736 2930 est

2080 2977 2115 3016 a
2144 2957 2908 3032 Babyloniis,templumque
2929 2958 3370 3024 subversum,et
3398 2959 3594 3014 omnis
3631 2977 3734 3033 po-

2078 3047 2254 3121 pulus
2277 3049 2488 3104 ductus
2509 3047 2568 3102 in
2593 3046 2986 3119 captivitatem
3006 3045 3034 3100 7
3079 3045 3370 3118 Oppresso
3405 3041 3588 3118 igitur
3615 3051 3734 3106 An-

2077 3137 2366 3207 tichristo,
2401 3140 2458 3191 et
2487 3135 2699 3206 spiritu
2729 3133 3044 3190 Salvatoris
3073 3133 3381 3206 exstincto,
3405 3134 3736 3192 salvabitur

320 3229 498 3284 omnis
525 3231 622 3300 qui
651 3231 903 3284 inventus
930 3229 1101 3298 fuerit
1127 3229 1366 3298 scriptus
1419 3229 1480 3282 in
1520 3229 1677 3285 libro.
1710 3229 1777 3284 Et
1803 3229 1970 3284 multi
2011 3296 2039 3300 __
2077 3226 2329 3298 populus
2361 3225 2461 3297 qui
2492 3224 2748 3297 scriptus
2778 3221 2954 3279 fuerit
2979 3223 3038 3278 in
3086 3222 3235 3280 libro
3266 3223 3388 3296 Dei,
3419 3228 3475 3280 et
3503 3241 3610 3296 pro
3642 3226 3731 3281 di-

320 3317 386 3373 de
416 3317 502 3373 his
531 3296 628 3389 qui
654 3296 938 3374 dormiunt
984 3318 1044 3372 in
1085 3296 1252 3372 terra;
1301 3317 1544 3386 pulvere,
1587 3317 1968 3388 evigilabunt:
1997 3296 2042 3364 (ἶ
2075 3296 2348 3372 versitate
2378 3296 2744 3381 meritorum,
2779 3312 2878 3368 alii
2900 3315 3206 3385 resurgent
3234 3311 3294 3367 in
3342 3313 3523 3370 vitam
3563 3318 3731 3370 teter-

325 3405 441 3464 alii
467 3408 528 3462 in
555 3407 732 3463 vitam
757 3411 1059 3475 aeternam,
1090 3406 1142 3461 el
1169 3405 1280 3460 alii
1305 3405 1367 3460 in
1394 3406 1790 3474 opprobrium,
1818 3407 1986 3463 725‘

328 3503 394 3552 ut
421 3497 656 3553 videant
684 3511 933 3568 semper.
968 3496 1075 3564 Qui
1103 3503 1298 3558 autem
1313 3496 1471 3550 docti
1492 3495 1737 3565 fuerint,
1767 3494 1969 3569 fulge-

331 3590 470 3645 bunt
495 3588 672 3660 quasi
696 3585 975 3658 splendor
1001 3583 1382 3656 ﬁrmamenti,
1413 3589 1468 3638 et
1515 3586 1619 3656 qui
1659 3585 1750 3640 ad
1782 3587 1969 3658 justi-

327 3679 478 3734 tiam
504 3676 775 3732 erudiunt
804 3673 1046 3740 multos,
1076 3674 1244 3745 quasi
1269 3671 1466 3730 stella:
1485 3673 1545 3728 in
1581 3683 1887 3748 perpetuas
1905 3691 1971 3732 az-

322 3765 947 3837 ternitqtesﬂactenus
970 3761 1322 3835 Porphyrius
1343 3766 1660 3835 utcumque
1682 3780 1744 3819 se
1761 3765 1969 3835 tenuit,

324 3861 382 3913 et
401 3861 523 3912 tam
537 3859 869 3912 nostrorum
889 3852 1401 3925 imperitus,quam
1423 3868 1665 3907 suorum
1681 3852 1832 3909 male
1844 3870 1971 3910 eru-

326 3945 464 4001 ditis
485 3944 800 4016 imposuit:
836 3943 906 3997 de
936 3942 1046 3997 hoc
1094 3939 1347 4013 capitulo
1379 3940 1518 4012 quid
1560 3943 1825 3998 dicturus
1859 3947 1968 4013 est,

323 4034 385 4090 in
403 4051 519 4106 quo
540 4035 905 4089 mortuorum
922 4031 1274 4087 describitur
1293 4031 1637 4087 resurrectio
1663 4048 1676 4086 :
1706 4031 1834 4088 aliis
1848 4049 1971 4088 sus-

324 4121 520 4177 citatis
551 4122 608 4175 in
640 4120 816 4176 vitam
847 4125 1148 4187 aeternam,
1201 4123 1257 4175 et
1314 4118 1445 4175 aliis
1501 4119 1558 4174 in
1593 4121 1967 4192 opprobrium

319 4210 747 4282 sempiternum
775 4209 802 4263 ?
831 4209 947 4263 Nec
979 4212 1170 4279 potest
1198 4207 1387 4264 dicere
1437 4209 1538 4280 qui
1595 4209 1810 4265 iuerint
1858 4210 1968 4265 sub

315 4297 606 4356 Antiocho
629 4297 917 4370 fulgentes
939 4295 1107 4368 quasi
1121 4295 1396 4367 splendor
1413 4298 1850 4364 ﬁrmamenti,et
1873 4297 1969 4353 alii

319 4387 490 4462 quasi
512 4387 692 4444 stellae
724 4387 782 4442 in
810 4389 1123 4459 perpetuas
1145 4386 1514 4442 eeternitates.
1539 4387 1648 4443 Sed
1671 4388 1808 4458 quid
1851 4404 1967 4444 non

317 4477 459 4535 iacit
476 4476 826 4550 pertinacia?
839 4475 1013 4543 Quasi
1029 4475 1313 4532 contritus
1331 4475 1567 4531 coluber
1587 4474 1774 4531 elevat
1794 4481 1970 4547 caput

318 4570 376 4624 et
404 4567 728 4624 moriturus
750 4567 810 4623 in
824 4582 922 4623 eos
943 4565 1044 4638 qui
1066 4564 1334 4620 morituri
1357 4570 1497 4620 sunt
1515 4580 1739 4622 venena
1760 4564 1968 4620 diffun-

2078 3422 2236 3473 nam,
2269 3409 2327 3460 et
2355 3403 2454 3459 alii
2482 3402 2544 3458 in
2564 3401 2943 3474 opprobrium
2987 3401 3431 3474 sempiternum.
3463 3403 3728 3476 Magistri

2078 3499 2272 3552 autem
2284 3492 2586 3548 habebunt
2602 3489 2779 3546 simili
2788 3488 3054 3546 tudinem
3074 3489 3287 3558 coeli,et
3304 3491 3405 3562 qui
3427 3490 3574 3548 alios
3599 3509 3730 3548 eru-

2079 3580 2639 3651 dierunt,stellarum
2658 3578 2868 3651 fulgori
2891 3578 3540 3650 comparabuntur.Non
3564 3580 3725 3638 enim

2079 3672 2298 3730 sufﬁcit
2327 3671 2476 3727 scire
2505 3667 2996 3741 sapientiam,nisi
3018 3671 3075 3722 et
3103 3666 3248 3724 alios
3269 3667 3501 3724 erudias
3528 3687 3544 3724 :
3579 3669 3731 3725 taci-

2076 3766 2291 3835 tusque
2313 3775 2503 3817 sermo
2525 3757 2822 3823 doctrinae,
2841 3755 3022 3811 alium
3046 3771 3163 3812 non
3184 3755 3727 3826 zediﬁcans,merce-

2079 3849 2414 3921 demOperis
2435 3849 2540 3916 (Al.
2573 3846 2697 3918 otii)
2727 3844 2981 3916 recipere
3011 3861 3127 3900 non
3175 3847 3382 3916 potest.
3416 3844 3596 3908 Quem
3630 3843 3726 3900 lo-

2079 3957 2213 3995 cum
2245 3936 2565 3996 Theodotio
2595 3939 2651 3991 et
2678 3933 2931 4007 Vulgata
2985 3932 3162 3989 editio
3203 3934 3286 3990 ita
3312 3933 3630 4005 expressit:
3666 3937 3736 3991 Et

2077 4029 2448 4098 intelligentes
2476 4025 2766 4096 fulgebunt
2796 4025 2957 4094 quasi
2981 4022 3234 4095 splendor
3288 4024 3654 4094 ﬁrmamenti,
3687 4031 3741 4080 et

2076 4116 2140 4172 de
2164 4118 2332 4188 justis
2362 4115 2599 4188 plurimi
2626 4112 2737 4185 (Al.
2767 4111 3052 4184 plurimis)
3084 4113 3244 4184 quasi
3271 4112 3450 4169 stellae
3480 4129 3542 4168 in
3571 4121 3737 4169 aeter-

2076 4222 2211 4260 num
2239 4212 2292 4260 et
2331 4205 2500 4258 ultra.
2535 4201 2735 4258 Solent
2764 4200 3032 4257 nonnulli
3064 4214 3344 4273 quaerere,
3377 4205 3578 4257 utrum
3629 4202 3739 4258 dov-

2078 4296 2206 4357 ctus
2233 4294 2557 4359 sanctus,et
2578 4289 2826 4362 simplex
2841 4293 3078 4348 sanctus
3108 4289 3374 4346 eamdem
3397 4290 3733 4347 mercedem

2077 4381 2350 4448 habeant,
2383 4382 2438 4434 et
2469 4395 2649 4434 unam
2680 4378 2738 4433 in
2771 4377 3114 4434 leestibus
3153 4377 3542 4435 mansionem.
3565 4379 3737 4438 Unde

2076 4486 2232 4527 nunc
2258 4468 2426 4540 juxta
2457 4467 2915 4541 Theodotionem
2935 4467 3165 4540 dicitur,
3193 4468 3351 4540 quod
3381 4467 3540 4524 docti
3559 4468 3733 4525 simi-

2074 4558 2383 4614 litudinem
2415 4555 2539 4613 coeli
2573 4555 2846 4625 habeant,
2906 4559 2964 4612 et
3002 4556 3224 4628 absque
3265 4557 3732 4629 doctrinajusti,

316 4656 422 4714 dit.
455 4658 525 4714 Et
554 4656 684 4728 hoc,
718 4655 931 4728 inquit,
965 4656 1036 4710 de
1065 4653 1352 4710 Antiocho
1409 4653 1696 4725 scriptum
1726 4657 1834 4725 est,
1868 4655 1966 4726 qui
1997 4665 2046 4732 ι)
2076 4647 2378 4706 stellarum
2411 4645 2622 4718 fulgori
2654 4649 3102 4718 comparentur:
3149 4649 3500 4718 tantumque
3527 4647 3607 4703 sit
3635 4647 3736 4702 in-

315 4747 534 4804 vadens
560 4747 619 4802 in
641 4746 960 4811 Persidem,
994 4743 1180 4816 Lysiae
1210 4743 1311 4815 qui
1341 4743 1665 4809 Antiochea,
1694 4746 1751 4798 et
1795 4743 1965 4799 Phoe-

318 4835 482 4893 niciaa
503 4837 610 4908 (Al.
644 4833 921 4905 Phoenici)
946 4836 1208 4904 praeerat,
1261 4830 1493 4901 reliquit
1527 4831 1867 4904 exercitum,
1899 4837 1967 4888 ut

317 4924 631 4980 adversum
670 4923 701 4979 J
711 4923 902 4979 udaaos
920 4918 1559 4994 pugnaret,urbemque
1578 4935 1780 4974 eorum
1804 4919 1970 4975 Jeru-

318 5011 504 5068 salem
538 5012 900 5068 subverteret
922 5053 935 5078 ,
963 5007 1291 5080 quaeomnia
1313 5011 1512 5062 narrat
1530 5007 1823 5079 Josephus
1846 5007 1967 5065 his-

318 5100 480 5156 torica
510 5104 715 5155 auctor
743 5100 1011 5167 Hebrum,
1047 5097 1201 5169 quod
1259 5095 1396 5151 talis
1425 5095 1599 5151 fuerit
1635 5095 1960 5166 tribulatio,

320 5186 515 5261 qualis
535 5191 1170 5258 nunquam,ettempus
1189 5183 1481 5239 advenerit
1515 5183 1684 5256 quale
1715 5202 1827 5240 non
1863 5185 1972 5241 fuit

321 5294 392 5334 ex
420 5293 537 5348 quo
569 5281 772 5349 gentes
785 5292 912 5332 esse
931 5277 1229 5346 cmperunt
1246 5274 1524 5345 usquead
1547 5273 1691 5329 illud
1712 5279 1967 5346 tempus.

321 5367 569 5424 Reddita
598 5368 793 5421 autem
823 5365 1084 5430 victoria,
1116 5367 1173 5418 et
1202 5363 1373 5419 ccesis
1402 5362 1675 5419 Antiochi
1698 5363 1967 5432 ducibus,

393 5545 468 5617 (α)
489 5543 682 5623 Nostri
712 5558 854 5623 mss.
889 5539 1854 5623 Eptiadano,velAEpadnomect‘ius
1875 5541 1972 5623 ab:

321 5612 468 5686 sque
480 5620 540 5708 in
552 5612 1970 5708 praepositip'preltgsiqu'oqueSangerijPAAANO

323 5685 581 5744 secunda
610 5685 786 5744 manu
819 5687 1092 5740 EPEANO
1144 5685 1344 5755 sicque
1390 5700 1525 5739 mox
1571 5685 1644 5740 ad
1673 5685 1970 5757 Aquilam,

321 5760 578 5818 Praetorii
606 5762 715 5826 sui,
747 5759 1046 5814 APEANO.
1081 5728 1383 5812 hectiones
1412 5759 1607 5812 autem
1630 5772 1733 5828 per
1763 5757 1804 5814 P
1839 5773 1973 5831 pro-

2074 4743 2162 4795 ter
2190 4736 2481 4794 eruditam
2503 4733 2874 4791 sanctitatem
2905 4740 2964 4790 et
3001 4738 3264 4791 sanctam
3315 4734 3737 4804 rusticitatem,

2075 4831 2363 4901 quantum
2397 4824 2610 4880 coelum
2642 4823 2821 4880 distat
2850 4828 2908 4879 et
2939 4823 3139 4880 stellae.

2145 4916 2331 4987 (Vers.
2364 4913 2436 4986 4).
2471 4915 2545 4968 Tu
2571 4922 2754 4970 autem
2781 4913 2995 4985 Daniel,
3027 4911 3228 4968 claude
3255 4927 3530 4968 sermones
3557 4917 3614 4968 et
3645 4915 3730 4970 si-

2075 5022 2186 5076 gna
2215 5003 2412 5059 librum
2440 5019 2611 5074 usque
2641 5003 2711 5058 ad
2740 5010 2950 5075 tempus
2975 5006 3263 5058 statutum.
3302 5002 3742 5060 Pertransibunt

2075 5092 2326 5164 plurimi,
2358 5094 2407 5147 et
2437 5091 2729 5163 multiplex
2755 5093 2861 5147 erit
2876 5091 3125 5147 scientia.
3149 5090 3255 5154 Qui
3278 5090 3502 5147 Danieli
3519 5091 3738 5148 multi-

2077 5182 2288 5256 plicem
2311 5179 2660 5236 revelaverat
2676 5179 3135 5252 veritatem,ipsa
3160 5179 3387 5235 occulta
3397 5195 3525 5235 esse
3549 5179 3737 5253 signi-

2078 5272 2262 5328 ficans
2293 5286 2421 5342 quae
2451 5268 2681 5325 locutus
2696 5273 2806 5342 est,
2826 5269 3100 5341 praecepit
3130 5272 3195 5324 ut
3224 5267 3478 5324 involvat
3503 5284 3736 5326 sermo-

2077 5377 2203 5430 nes,
2236 5362 2292 5416 et
2323 5359 2513 5431 signet
2541 5357 2850 5430 librum,ut
2879 5357 3077 5431 legant
3105 5357 3432 5430 plurimi,et
3459 5361 3739 5430 quaerant

2079 5539 2215 5612 ipse
2233 5535 2620 5612 Hieronymus
2647 5534 2819 5612 paulo
2849 5538 3000 5608 post.

2150 5611 2225 5681 (b)
2254 5604 2520 5679 Plerique
2550 5604 2693 5664 mss.
2725 5604 2947 5679 absque
2977 5604 3330 5681 aspiratione
3356 5611 3412 5678 te
3448 5610 3737 5665 constan-

2080 5685 2168 5739 ter
2191 5681 2428 5736 habent.

2152 5753 2224 5824 (c)
2251 5747 2527 5821 Palatin.,
2558 5753 2608 5809 et
2626 5752 2993 5825 junctionem,
3023 5765 3151 5826 quae
3169 5749 3492 5825 juncta-est.
