3944 6178
169 336 256 398 589

627 338 1126 401 TRANSLATIO
1171 339 1678 404 HOMILIARUM
1725 336 2091 404 ORIGENIS
2135 341 2216 401 IN
2259 341 2687 405 JEREMIAM.
2736 342 2925 406 HOM.
2972 341 3026 405 Ι.

3407 339 3524 407 590

165 465 282 522 {acili
306 465 597 524 intellectu
630 471 701 525 ad
732 487 866 526 eum
891 471 1242 526 referuntur.
1274 471 1473 526 Dicere
1493 488 1626 528 vero
1651 472 1768 528 alia
1795 477 1845 540 Α
1881 475 2233 544 conjungere
2261 473 2540 530 Salvatori
2561 475 2588 529 ?
2619 475 2723 530 Det
2750 473 2898 530 mihi
2923 472 3327 530 testimonium
3356 479 3526 533 vetus

163 572 302 628 super
326 556 598 625 Jeremia,
646 559 760 615 alia
799 576 976 633 super
1007 559 1302 615 Salvatore
1333 560 1768 632 interpretanda

164 645 277 700 748
296 662 438 711 esse,
462 663 578 703 non
606 649 930 719 pessimum
951 653 1060 704 est.
1085 649 1196 704 Sed
1221 649 1321 720 qui
1345 651 1491 706 bene
1513 651 1772 723 Scriptu-

159 750 229 789 ras
247 750 402 789 nosse
431 741 698 803 conatur,
734 738 1109 793 vehementer
1129 737 1187 792 in
1215 737 1328 793 isto
1351 738 1592 794 instabit
1621 739 1769 811 loco,

155 821 316 878 videns
336 823 444 878 sub
471 840 588 878 uno
612 829 770 880 textu
794 825 1083 880 sermonis
1105 825 1282 880 dividi
1304 826 1686 895 intellectum,
1714 834 1772 884 et

158 910 262 975 dici,
303 910 441 976 haec,
493 912 771 983 quoniam
805 915 1035 968 minora
1078 917 1236 982 sunt,
1269 931 1386 970 non
1420 917 1772 972 conveniunt

153 998 413 1066 Salvatori,
451 1001 554 1056 sed
583 1001 882 1058 Jeremiaa:
914 1002 1015 1058 illa
1043 1020 1198 1068 vero,
1233 1003 1515 1075 quoniam
1548 1006 1773 1076 majora

153 1092 276 1155 sunt,
295 1104 404 1143 non
424 1090 716 1159 Jeremiae,
740 1092 840 1148 sed
867 1091 1116 1147 Christo.
1145 1091 1229 1146 Ob
1251 1091 1309 1146 id
1333 1097 1542 1148 cuncta
1565 1110 1672 1150 nos
1695 1095 1768 1149 ad

152 1175 424 1233 Jeremiam
458 1179 671 1234 referre
701 1181 1102 1236 tentabimus:
1138 1180 1246 1236 hoc
1277 1185 1386 1248 est,
1433 1186 1492 1237 et
1521 1197 1606 1252 ea,
1642 1200 1769 1254 quae

153 1282 258 1321 cum
283 1266 507 1337 majora
537 1267 680 1336 sint,
717 1268 992 1324 videntur
1019 1269 1414 1325 conditionem
1445 1271 1573 1341 ejus
1602 1287 1770 1328 exce-

153 1355 274 1410 dere.
300 1354 666 1428 Quicumque
696 1374 730 1412 a
759 1357 876 1412 Deo
898 1358 1122 1429 accepit
1147 1359 1347 1429 verba,
1370 1375 1614 1415 sumens
1634 1376 1767 1432 gra-

152 1443 263 1498 tiam
291 1443 541 1500 ctelestis
590 1444 828 1517 eloquii,
878 1446 1093 1502 idcirco
1137 1463 1207 1502 ea
1235 1447 1464 1519 accipit,
1498 1453 1564 1504 ut
1592 1464 1772 1520 regna

151 1538 426 1604 gentesque
451 1533 711 1589 eradicet
732 1538 908 1605 atque
932 1535 1250 1591 subvertat.
1280 1536 1390 1591 Sed
1421 1553 1553 1592 cum
1583 1537 1772 1592 nomi-

149 1626 323 1676 nentur
339 1626 562 1693 gentes,
591 1626 647 1677 et
670 1638 869 1695 regna,
895 1623 1088 1678 omnis
1103 1624 1204 1694 qui
1226 1623 1424 1679 divina
1439 1625 1619 1679 verba
1639 1642 1771 1682 sus-

145 1709 273 1780 cipit,
318 1710 449 1765 nolo
503 1727 641 1766 eum
690 1711 1068 1784 corporaliter
1096 1711 1418 1785 intelligere
1465 1729 1663 1785 regna,
1716 1719 1774 1770 et

1879 562 2322 617 Testamentum
2347 579 2359 617 :
2391 564 2538 633 Quia
2555 565 2878 634 priusquam
2896 569 3149 634 agnoscat
3163 579 3306 634 puer
3324 564 3527 620 bonum

1877 657 1974 704 ant
1995 651 2204 704 malum
2228 651 2380 721 (lsai.
2404 669 2506 720 v11,
2529 652 2643 723 46),
2668 658 2724 707 et
2743 657 2966 708 caetera.
2989 653 3094 707 Det
3114 651 3291 707 etiam
3314 653 3524 709 Isaias:

1881 739 2008 793 Ecce
2062 740 2217 809 Virgo
2254 739 2518 811 concipiet
2545 741 2608 794 in
2632 744 2807 807 utero,
2838 749 2890 796 et
2911 743 3095 812 pariet
3122 741 3320 811 ﬁlium,
3353 748 3406 797 et
3434 756 3527 797 vo-

1880 826 2097 880 cabitur
2123 842 2321 882 nomen
2349 828 2466 898 ejus
2495 830 2825 884 Emmanuel
2855 829 3003 901 (Isai.
3033 846 3135 898 vn,
3171 829 3257 900 14)
3285 844 3298 883 :
3333 828 3529 900 ibique

1881 914 2153 970 additur:
2197 917 2530 987 Priusquam
2556 922 2840 988 cognoscat
2862 932 3020 988 puer.
3053 917 3114 972 Si
3145 921 3428 995 autemet
3455 917 3529 973 de

1879 1002 2187 1075 Evangelio
2216 1005 2477 1076 accipere
2499 1011 2728 1077 Oportet
2747 1005 3173 1076 testimonium,
3196 1006 3370 1061 Jesus
3398 1021 3530 1061 nec-

1879 1092 2020 1146 dum
2059 1091 2166 1161 vir,
2219 1094 2320 1148 sed
2355 1094 2545 1149 adhuc
2576 1095 2791 1163 infans,
2840 1095 2979 1167 quia
3023 1109 3084 1150 se
3131 1094 3527 1150 exinaniverat

1879 1180 2129 1236 formam
2161 1180 2309 1236 servi
2341 1181 2653 1254 accipiens,
2706 1182 3046 1255 proﬁciebat
3093 1183 3243 1253 (Luc.
3296 1199 3360 1252 II,
3410 1182 3523 1253 32).

1881 1267 2061 1325 Nemo
2092 1273 2289 1324 autem
2321 1270 2569 1341 proﬁcit,
2623 1272 2724 1343 qui
2765 1274 2855 1328 est
2899 1271 3234 1343 perfectus;
3285 1270 3388 1326 sed
3433 1269 3533 1326 ille

1880 1357 2129 1427 proﬁcit,
2163 1357 2265 1429 qui
2296 1357 2520 1431 indiget
2548 1360 2832 1430 profectu.
2864 1360 3011 1432 Ergo
3042 1359 3386 1430 proﬁciebat
3404 1361 3539 1414 teta-

1876 1449 1954 1516 te,
1989 1445 2329 1518 proﬁciebat
2358 1447 2666 1519 sapientia,
2699 1447 3038 1520 proﬁciebat
3057 1447 3268 1519 gratia,
3299 1451 3360 1503 et
3377 1447 3534 1520 apud

1879 1535 2088 1603 Deum,
2139 1539 2197 1590 et
2245 1537 2400 1606 apud
2451 1535 2740 1593 homines.
2791 1537 2937 1591 Nam
2983 1536 3032 1592 si
3063 1540 3439 1593 evacuaverat
3470 1549 3534 1591 se

1881 1622 2078 1693 ipsum
2104 1624 2176 1678 ad
2200 1640 2306 1679 nos
2327 1625 2710 1692 descendens,
2744 1628 2801 1680 et
2830 1641 3116 1681 evacuans
3143 1625 3404 1696 seipsum
3435 1639 3532 1680 re-

1882 1711 2139 1783 sumpsit
2167 1711 2381 1766 iterum
2411 1729 2479 1767 ea
2509 1714 2580 1768 de
2610 1713 2828 1784 quibus
2859 1730 2922 1767 se
2948 1712 3114 1784 prius
3136 1715 3534 1783 evacuaverat,

145 1800 435 1870 gentes,sed
452 1799 835 1856 considerans
851 1800 1080 1856 animas
1099 1801 1772 1874 hominum(a)regnatas
1800 1837 1850 1903 B
1882 1800 2022 1870 quid
2054 1799 2366 1871 indignum
2396 1805 2485 1856 est
2506 1802 2821 1874 profecisse
2841 1818 2977 1857 eum
3001 1800 3308 1872 sapientia,
3342 1801 3534 1873 profe-

145 1903 171 1942 a
192 1893 420 1960 peccato,
446 1889 624 1959 juxta
654 1888 712 1944 id
746 1889 900 1960 quod
935 1889 993 1944 in
1023 1889 1300 1962 Apostolo
1335 1890 1618 1961 scriptum
1644 1894 1766 1947 est:

140 1975 236 2031 Non
258 1985 438 2047 regnet
481 1992 614 2048 ergo
656 1981 942 2048 peccatum
969 1979 1031 2032 in
1063 1986 1230 2034 vestro
1276 1980 1509 2034 mortali
1549 1995 1774 2051 corpore

140 2064 288 2134 (Rom.
314 2083 392 2133 v1,
416 2067 507 2134 12)
529 2083 541 2120 :
569 2065 773 2121 videns
794 2082 1023 2138 quoque
1046 2065 1264 2122 multas
1287 2066 1511 2139 species
1533 2067 1773 2124 delicto-

139 2169 252 2208 rum
273 2151 602 2226 allegorizet
623 2169 802 2227 regna
826 2159 882 2210 et
903 2159 1105 2227 gentes
1128 2171 1230 2226 per
1249 2155 1324 2227 (b)
1346 2157 1508 2210 varia
1539 2156 1772 2225 delicta,

137 2257 255 2312 quae
281 2241 566 2298 humanas
600 2243 830 2298 animas
874 2244 1264 2315 possederunt
1297 2261 1310 2298 :
1361 2248 1418 2298 et
1445 2243 1568 2299 haee
1598 2251 1773 2300 erunt

141 2343 264 2400 quae
279 2327 584 2384 evellentur
597 2332 777 2400 atque
799 2329 1190 2386 suifodientur
1203 2347 1239 2385 a
1258 2330 1631 2386 sermonibus
1654 2331 1772 2402 Dei,

134 2415 233 2488 qui
255 2416 370 2471 dati
394 2420 528 2472 sunt
543 2417 660 2474 sive
688 2417 977 2488 Jeremiae,
1018 2418 1138 2474 sive
1164 2418 1388 2474 caeteris
1418 2419 1659 2475 sanctis.
1691 2420 1778 2475 Ita

132 2505 242 2571 ﬁet,
267 2509 332 2560 ut
343 2505 534 2578 prima
548 2523 676 2578 quas
697 2523 815 2562 non
838 2507 1226 2563 videbanntur
1244 2523 1566 2579 congruere
1585 2507 1778 2565 Salva-

131 2595 256 2660 tori,
285 2594 359 2650 ad
389 2595 708 2651 Jeremiam
733 2596 1059 2652 referantur
1083 2613 1096 2651 :
1131 2601 1190 2652 et
1210 2598 1468 2653 secunda
1489 2597 1562 2652 ab
1585 2614 1651 2653 eo
1675 2597 1778 2669 qui

131 2682 233 2737 scit
255 2683 324 2755 (c)
350 2684 602 2756 ﬁgurate
629 2684 785 2741 dicta
810 2703 938 2757 quas
959 2685 1115 2742 dicta
1131 2691 1290 2757 sunt,
1307 2686 1570 2742 Jeremize
1593 2687 1776 2758 depu-

131 2777 334 2828 tentur.

198 2861 352 2918 Dicet
382 2861 532 2918 mihi
561 2860 776 2934 aliquis
798 2862 1156 2931 auditorum,
1184 2863 1360 2919 etiam
1381 2863 1559 2919 alium
1586 2864 1779 2936 pande

131 2966 468 3021 sermonem,
504 2955 566 3006 et
607 2956 816 3008 cuncta
847 2968 974 3023 quae
1029 2952 1242 3024 scripta
1277 2957 1416 3009 sunt
1445 2969 1622 3025 super
1647 2951 1781 3008 Sal-

131 3045 338 3107 vatore,
387 3041 563 3112 quasi
597 3041 666 3096 de
700 3041 776 3112 (d)
807 3058 873 3097 eo
903 3041 1024 3097 sint
1052 3042 1290 3114 scripta,
1323 3043 1613 3098 constitue
1644 3058 1658 3099 :
1706 3042 1777 3098 de

133 3130 392 3185 secundis
415 3129 536 3185 noli
559 3146 689 3186 esse
715 3129 1018 3186 sollicitus.
1045 3133 1295 3202 Apparet
1315 3131 1473 3186 enim
1497 3131 1636 3202 quia
1654 3130 1774 3186 Sal-

1882 1888 2032 1944 cisse
2061 1893 2248 1957 aetate,
2300 1889 2618 1960 profecisse
2648 1890 2838 1962 gratia
2867 1890 3022 1962 apud
3051 1890 3258 1960 Deum,
3293 1893 3350 1944 et
3379 1889 3538 1960 apud

1883 1976 2172 2048 homines,
2223 1981 2280 2032 et
2319 1994 2454 2033 vera
2484 1978 2555 2032 de
2585 1994 2684 2034 eos
2715 1994 2845 2034 esse
2873 1977 2987 2034 ista
3015 1993 3142 2048 quas
3173 1977 3331 2033 dicta
3359 1980 3538 2038 sunt:

1881 2066 2216 2137 Priusquam
2259 2074 2541 2138 cognoscat
2586 2082 2728 2138 puer
2770 2067 2972 2122 bonum
3017 2074 3113 2122 aut
3140 2066 3349 2122 malum
3382 2066 3537 2137 (Isai.

1882 2171 1983 2219 vn,
2020 2155 2132 2226 16),
2181 2159 2239 2208 et
2268 2170 2336 2209 ea
2366 2171 2494 2226 quae
2525 2155 2596 2210 de
2625 2157 2829 2212 eodem
2860 2154 3324 2227 interposuimus
3345 2153 3374 2209 *ἶ
3421 2154 3535 2210 Sed

1885 2243 2038 2298 dicet
2054 2241 2197 2298 mihi
2217 2241 2431 2313 aliquis
2453 2259 2465 2298 :
2489 2243 2732 2300 Etiamsi
2751 2245 2820 2314 (Γ)
2836 2247 3029 2315 potest
3047 2244 3118 2299 de
3140 2242 3436 2300 Salvatore
3457 2242 3543 2299 in-

1883 2330 2065 2402 telligi
2113 2330 2336 2386 dictum
2380 2347 2508 2388 esse
2537 2332 2675 2402 quia
2703 2333 2946 2399 nesciat,
2995 2336 3054 2387 et
3091 2335 3298 2388 caetera
3326 2331 3540 2402 hujus-

1886 2419 2044 2474 modi
2075 2436 2203 2491 quae
2234 2420 2459 2490 majora
2481 2424 2638 2487 sunt,
2672 2409 2729 2476 et
2751 2420 2800 2475 si
2827 2436 3077 2492 puerum
3099 2435 3233 2476 eum
3257 2419 3534 2491 accipias,

1887 2523 2078 2564 nonne
2108 2507 2352 2563 offendis
2383 2508 2498 2564 ista
2529 2507 2832 2564 sentiendo
2877 2508 2948 2564 de
2982 2507 3296 2581 unigenito,
3331 2512 3388 2563 et
3416 2506 3536 2579 pri-

1887 2595 2180 2668 mogenito
2215 2595 2495 2651 universae
2527 2598 2802 2652 creaturas
2829 2613 2842 2664 ;
2887 2597 2958 2653 de
2989 2613 3055 2652 eo
3087 2595 3190 2668 qui
3221 2599 3538 2667 antequam

1886 2683 2308 2756 conciperetur,
2353 2685 2742 2741 annuntiatus
2772 2689 2884 2754 est,
2930 2684 3206 2756 loquente
3233 2682 3533 2740 Gabriele:

1887 2773 2125 2846 Spiritus
2147 2777 2372 2829 sanctus
2401 2775 2578 2828 veniet
2617 2789 2783 2845 super
2826 2777 2900 2841 te,
2948 2781 3000 2829 et
3043 2775 3220 2829 virtus
3264 2771 3538 2829 Altisszmi

1886 2862 2230 2919 obrumbabit
2260 2870 2309 2917 te
2339 2861 2489 2934 (Luc.
2515 2879 2552 2933 ι,
2581 2863 2675 2935 37)
2700 2879 2712 2918 :
2745 2866 2803 2918 et
2831 2862 3014 2918 audes
3045 2861 3235 2917 dicere
3269 2860 3405 2932 quia
3433 2875 3538 2916 ne-

1887 2951 2034 3009 sciat
2081 2951 2239 3023 loqui
2269 2951 2298 3005 ?
2345 2951 2733 3016 Quamobrem
2763 2951 2968 3006 videbo
3001 2950 3050 3006 si
3079 2955 3280 3022 potero
3310 2948 3535 3022 aliquid

1887 3040 2131 3113 dignum
2163 3041 2235 3094 de
2263 3039 2557 3095 Salvatore
2586 3039 2644 3094 in
2679 3039 2787 3094 hoc
2818 3039 2943 3095 loco
2975 3039 3182 3094 afferre
3219 3038 3375 3110 quod
3425 3036 3534 3106 [Αι.

1887 3129 2202 3201 quomodo]
2228 3129 2497 3200 quaedam
2522 3128 2791 3185 nesciens
2814 3129 3003 3200 major
3022 3128 3118 3196 sit,
3142 3127 3192 3183 si
3213 3145 3282 3184 ea
3301 3127 3536 3200 ignora-

129 3223 278 3272 vator
297 3217 684 3274 eradicaverit
704 3234 884 3289 regna
904 3217 1140 3285 diaboli,
1165 3223 1223 3274 et
1243 3219 1509 3274 nationes
1532 3219 1770 3274 subver-
1803 3202 1844 3268 C
1880 3218 2046 3285 verit,
2081 3234 2259 3289 quam
2290 3217 2340 3272 si
2369 3217 2587 3274 scierit.
2621 3218 2867 3274 Utamur
2896 3233 3032 3273 voce
3057 3218 3208 3288 ejus,
3239 3217 3534 3289 quomodo

131 3306 270 3375 terit,
303 3306 588 3379 gentilem
614 3307 926 3363 destruens
943 3307 1142 3362 vitam.
1183 3308 1246 3361 In
1273 3307 1402 3363 istis
1425 3308 1580 3378 quod
1603 3307 1773 3362 intel-

133 3394 331 3451 lectum
352 3395 662 3451 difﬁcilem
687 3396 844 3465 facit,
868 3396 977 3451 hoc
999 3400 1105 3463 est,
1132 3397 1426 3467 quomodo
1447 3396 1634 3468 possit
1651 3396 1774 3451 Sal-

135 3489 280 3539 vator
307 3485 504 3540 dicere
530 3503 543 3539 :
593 3485 782 3540 Nescio
815 3486 985 3556 loqui,
1017 3487 1149 3556 quia
1170 3485 1393 3556 juvenis
1423 3501 1520 3553 ego
1548 3502 1687 3554 sum,
1721 3489 1778 3540 et

133 3577 343 3630 cetera.
376 3573 441 3628 In
477 3573 587 3628 hoc
615 3589 885 3628 sermone
919 3573 1368 3644 interpretantes
1389 3573 1460 3645 (e)
1487 3589 1778 3646 coangus-

132 3665 336 3716 tantur.
369 3662 582 3717 Jesum
614 3660 912 3716 Christum
945 3662 1168 3717 scimus
1199 3667 1421 3719 Deum:
1457 3662 1777 3734 quaerimus

130 3750 293 3804 verba
344 3767 474 3822 quae
505 3750 664 3805 dicta
691 3753 830 3805 sunt
863 3751 1032 3822 juxta
1090 3767 1348 3823 personae
1379 3767 1661 3823 exponere
1690 3751 1778 3806 di-

124 3837 441 3907 gnitatem:
492 3843 854 3912 quapmpter
903 3855 1140 3894 necesse
1187 3842 1276 3896 est
1315 3838 1484 3895 nobis
1516 3839 1778 3910 Scriptu-

123 3941 227 3980 ras
254 3931 482 3982 sanctas
503 3929 565 3982 in
599 3926 1002 3983 testimonium
1034 3943 1276 3984 vocare:
1322 3944 1535 3983 sensus
1565 3927 1780 3999 quippe

129 4013 285 4069 149
303 4016 483 4071 nostri
504 4021 563 4072 et
583 4016 984 4072 enarrationes
1005 4016 1133 4072 sine
1153 4016 1228 4072 iis
1250 4015 1498 4072 testibus
1528 4033 1644 4071 non
1675 4015 1780 4071 ha-

120 4102 260 4158 bent
289 4104 468 4160 ﬁdem
493 4121 507 4160 :
541 4109 600 4160 et
628 4104 740 4160 hoc
764 4105 919 4176 quod
943 4104 1168 4160 dictum
1194 4109 1284 4160 est
1307 4121 1320 4158 :
1353 4105 1418 4160 In
1439 4121 1530 4160 ore
1547 4105 1781 4160 duorum

120 4192 201 4247 vel
230 4197 410 4250 trium
436 4194 664 4249 testium
691 4194 860 4249 stabit
882 4209 1041 4250 omne
1062 4194 1282 4249 verbum
1312 4194 1460 4266 (Mat.
1483 4211 1644 4264 xvm,
1669 4194 1780 4266 16),

121 4283 306 4354 magis
320 4281 597 4340 convenit
612 4283 682 4338 ad
702 4282 1142 4354 interpretantis
1160 4283 1588 4353 probationem,
1603 4299 1781 4355 quam

1884 3307 2004 3362 sint
2032 3306 2231 3377 aliqua
2261 3323 2388 3377 quas
2422 3307 2663 3362 nesciat.
2717 3305 3038 3378 Respondit
3081 3307 3232 3363 750
3277 3306 3384 3375 eis,
3435 3305 3534 3377 qui

1885 3394 1998 3452 sibi
2029 3395 2338 3451 dicebant:
2371 3396 2561 3450 Nonne
2606 3397 2666 3450 in
2712 3397 2933 3450 nomine
2978 3404 3073 3450 tuo
3102 3394 3452 3464 comedimus,
3482 3401 3537 3450 et

1885 3486 1948 3539 in
1974 3485 2196 3539 nomine
2223 3488 2314 3538 tuo
2336 3484 2590 3552 bibimus,
2623 3492 2674 3540 et
2695 3485 2757 3538 in
2775 3485 2996 3540 nomine
3016 3491 3107 3538 tuo
3131 3482 3406 3539 (lamenta
3425 3482 3536 3553 eje-

1884 3575 2080 3638 cimus,
2111 3575 2163 3627 et
2191 3574 2423 3627 virtutes
2451 3571 2658 3627 multas
2703 3574 2936 3640 fecimus
2963 3575 2989 3624 .9
3036 3569 3303 3625 Discedite
3347 3587 3384 3626 a
3427 3585 3536 3639 me,

1885 3676 1996 3715 non
2023 3662 2152 3716 novi
2179 3676 2293 3730 vos,
2326 3660 2472 3731 (Mat.
2507 3677 2608 3728 vn,
2641 3662 2756 3729 22).
2811 3664 3060 3715 Putasne
3089 3657 3199 3714 hoc
3228 3659 3384 3729 quod
3413 3657 3534 3713 ait:

1886 3749 2003 3804 Non
2032 3751 2160 3804 novi
2189 3763 2299 3814 vos,
2331 3747 2619 3804 minorem
2650 3749 2780 3819 ejus
2810 3748 3082 3804 virtutem
3113 3747 3418 3820 approbat,
3460 3763 3538 3803 an

1887 3839 2169 3908 majorem
2191 3839 2367 3907 atque
2388 3834 2742 3908 mirabilem,
2767 3836 2906 3908 quia
2926 3836 3112 3892 malos
3132 3836 3541 3908 periturasque

1888 3924 2150 3982 nesciat?
2175 3925 2296 3980 Scit
2320 3924 2478 3980 enim
2501 3924 2580 3996 (g)
2602 3925 2673 3980 ab
2695 3924 2790 3980 his
2813 3925 3189 3993 differentias,
3211 3924 3324 3980 scit
3343 3923 3544 3980 melio-

1889 4032 1971 4084 ra,
1993 4014 2104 4070 scit
2118 4013 2403 4069 Dominus
2426 4029 2525 4069 eos
2547 4014 2648 4084 qui
2666 4013 2795 4085 ejus
2817 4017 2977 4081 sunt,
2995 4021 3051 4070 et
3071 4014 3120 4070 si
3138 4013 3272 4086 quis
3287 4013 3541 4088 ignorat,

1887 4103 2216 4175 ignoratur.
2248 4103 2435 4175 Igitur
2465 4101 2554 4174 (ut
2583 4105 2833 4173 constat)
2881 4106 3148 4175 peccator
3176 4102 3482 4176 ignoratur
3509 4117 3547 4159 ι

1891 4197 2028 4248 Deo.
2077 4191 2240 4247 Dicet
2269 4191 2415 4246 mihi
2445 4190 2662 4262 aliquis
2693 4191 2766 4247 de
2795 4191 3201 4248 auditoribus:
3235 4190 3548 4249 ostendisti

1892 4281 2030 4352 quia
2060 4278 2282 4335 nesciat
2312 4283 2644 4351 peccatores
2674 4283 2848 4351 Deus,
2881 4280 3189 4336 ostendisti
3219 4280 3358 4351 quia
3377 4280 3544 4351 igno-

124 4371 188 4424 ad
211 4387 736 4442 quorumcumque
757 4371 1066 4426 hominum
1091 4387 1404 4427 numerum
1427 4388 1440 4427 :
1467 4375 1533 4428 ut
1553 4372 1784 4427 ﬁrmem
1892 4373 1982 4426 ret
1997 4386 2096 4426 eos
2118 4368 2218 4440 qui
2245 4371 2561 4440 operantur
2577 4368 2973 4440 iniquitatem,
2992 4384 3180 4440 neque
3196 4368 3353 4424 enim
3379 4365 3545 4439 digni

123 4459 363 4515 verbum
415 4458 754 4515 intellectus
801 4460 938 4531 mei,
981 4459 1275 4532 accipiens
1324 4460 1473 4516 duos
1502 4464 1684 4517 testes
1713 4461 1784 4516 de
1895 4461 2036 4515 sunt
2054 4457 2350 4530 agnitione
2373 4458 2536 4528 ejus:
2574 4457 2867 4528 quomodo
2890 4456 3242 4529 approbabis
3262 4470 3547 4529 magnum

128 4561 266 4602 novo
299 4554 362 4604 et
389 4548 577 4604 veteri
605 4548 998 4615 Testamento,
1033 4547 1324 4620 accipiens
1353 4553 1474 4604 tres
1505 4551 1682 4604 testes
1713 4549 1784 4605 de
1814 4568 1861 4632 Ι)
1891 4551 1949 4604 et
1977 4546 2299 4620 gloriosum
2351 4561 2480 4602 esse
2527 4546 2681 4617 quod
2733 4546 2804 4601 ab
2845 4561 2912 4600 eo
2943 4545 3165 4601 dictum
3197 4549 3323 4600 est:
3353 4545 3546 4600 Nescio

129 4632 459 4710 Evangelia,
492 4637 566 4692 de
595 4635 901 4708 Propheta,
934 4637 1005 4692 de
1025 4636 1320 4704 Apostolo.
1357 4636 1450 4692 Sic
1480 4637 1638 4692 enim
1660 4640 1784 4693 sta-
1895 4637 2080 4708 loqui?
2101 4634 2281 4707 Loqui
2301 4635 2379 4707 (h)
2396 4634 2724 4690 humanum
2742 4637 2851 4700 est,
2867 4636 2926 4689 et
2941 4632 3172 4706 eloquio
3189 4649 3423 4705 semper
3438 4632 3548 4688 uti-

135 4721 212 4778 bit
239 4743 417 4782 omne
451 4725 719 4782 verbum.
769 4726 1069 4792 Quomodo
1100 4725 1280 4798 igitur
1310 4725 1636 4783 valebimus
1673 4727 1789 4783 ista
1896 4742 2050 4794 mur,
2067 4725 2442 4791 verbicausa,
2464 4722 2838 4779 Hebraeorum
2861 4738 3020 4791 voce,
3051 4723 3172 4780 sive
3189 4723 3543 4795 Grecorum,

211 4937 597 5012 (a)Rabanus,
616 4940 954 5012 gubernatas
970 4957 1072 5012 pro
1089 4943 1386 5012 regnatas;
1409 4943 1611 4996 contra
1626 4940 1788 4996 estin
1899 4957 2045 5010 qere,
2077 4944 2135 4996 et
2163 4939 2337 5012 paulo
2368 4942 2520 5012 post,
2554 4955 2673 5012 quae
2701 4941 2920 5012 minora
2944 4943 3098 5012 sunt.

145 5006 357 5066 Grecos
383 5006 839 5084 βασιλεὺόμένας.
865 5006 1139 5076 Quaedam
1157 5006 1390 5068 levioris
1407 5013 1688 5068 momenti

153 5077 320 5137 terius
350 5085 738 5137 castigamus.

2064 5014 2123 5068 In
2138 5006 2332 5067 Graeco
2345 5006 2588 5084 ἑδιὲγνὼ
2604 5011 2706 5084 γὰρ
2724 5010 2790 5063 τὰ
2806 5006 3126 5086 διαφέροντα
3137 5007 3226 5063 καὶ
3242 5007 3543 5137 κῖείττονα.

1986 5102 2007 5137 c
2047 5084 2250 5137 lansus
2274 5087 2362 5137 est
2402 5081 2788 5137 Hieronvmus
2813 5099 2826 5137 :
2859 5081 2972 5137 Scit
2999 5083 3146 5137 enim
3173 5082 3241 5137 ab
3311 5084 3357 5137 is
3386 5082 3543 5137 diﬁc-

153 5077 738 5156 feriusvc'astigamus.
1004 5154 1011 5156 _
1320 5155 1329 5156 ί
1438 5154 1449 5156 _
1577 5154 1587 5156 _
1662 5153 1677 5156 ᾼ
1902 5077 2013 5139 Ηἰό
2030 5077 2250 5156 Ἰαρδυε
2274 5087 2362 5139 est
2402 5077 2788 5156 Hieronymus
2813 5099 2841 5156 ε
2999 5083 3146 5138 enim
3173 5082 3241 5138 ab
3272 5077 3547 5156 hisrdiﬂ'e-

217 5151 447 5226 (hmine
466 5151 1796 5226 réctemonetHuetius,emendanduminGraag
1902 5151 2147 5226 rentius,
2193 5156 2290 5209 scit
2347 5151 2755 5222 mcliorafscit
2809 5154 3069 5208 Dominus
3115 5169 3222 5220 eos,
3281 5151 3549 5226 quietius

158 5234 214 5301 09
239 5225 374 5301 καῖᾲ
394 5226 462 5278 τὰ
490 5223 874 5301 ecata‘prout
891 5226 1280 5301 Hieronymus
1305 5225 1542 5298 legerat,
1574 5243 1677 5297 pro
1705 5225 1794 5278 καὶ
1903 5235 2052 5283 sunt.
2105 5225 2271 5282 Verte
2304 5241 2316 5280 :
2366 5227 2531 5280 Novit
2575 5226 2723 5279 enim
2765 5226 3154 5295 praestantiora
3198 5227 3248 5281 et
3287 5223 3546 5283 meliora.

161 5243 214 5302 uc
239 5243 374 5276 κατα
394 5243 462 5278 τα
490 5243 674 5301 cauta:
701 5243 874 5351 prout.
891 5243 1280 5297 hieronymus
1305 5243 1542 5298 legerat,
1574 5243 1677 5297 pro
1705 5243 1794 5278 καί
1903 5243 2052 5283 sunt.
2111 5243 2188 5282 ve:

161 5293 438 5369 uirga,
467 5298 623 5369 quod
655 5296 692 5351 li
741 5297 876 5369 rarii
907 5301 995 5369 est
1020 5297 1320 5369 mendum.
1505 5367 1515 5369 _
1905 5303 2188 5353 Hunnus.

219 5364 283 5441 (6)
308 5364 581 5441 bis'R-eg.
606 5368 1079 5441 apudHuetium,
1098 5368 1329 5439 ﬁgurate
1342 5381 1468 5438 quae
1482 5367 1627 5423 dicta
1641 5375 1786 5424 sunt.
1977 5369 2055 5441 (h)
2086 5372 2196 5424 Pro
2231 5367 2417 5441 Loqui,
2465 5367 2622 5437 quod
2653 5367 2826 5438 juxta
2855 5365 3116 5441 Graecum
3146 5366 3210 5420 τὸ
3241 5364 3451 5439 λαλεῖν,
3482 5383 3551 5424 ex

239 5437 292 5502 ά)
313 5439 500 5511 μάθω
528 5437 703 5506 insi,
734 5439 800 5494 de
827 5441 954 5495 Deo.
1140 5437 1151 5439 θ
1354 5437 1365 5438 ί
1909 5437 2570 5511 Rabanorepo’suimus,
2600 5437 2726 5493 erat
2752 5437 2911 5509 quod,
2945 5441 3166 5511 etsazpe
3185 5455 3288 5511 pro
3316 5437 3546 5511 semper.

235 5515 284 5574 e)
309 5509 490 5566 Penes
521 5512 848 5575 Rabanum,
879 5526 1058 5565 sermo
1089 5511 1504 5582 interpretantis
1533 5526 1795 5580 coangus-
1909 5512 2019 5566 Sed
2053 5515 2109 5566 ct
2138 5509 2278 5564 illud
2322 5509 2692 5582 paulopost,
2742 5511 2856 5565 sive
2901 5509 3235 5582 reliquorum
3281 5509 3550 5580 sermone,

156 5580 350 5664 mgf,“
367 5583 625 5664 pressius
668 5583 742 5664 ad
791 5580 1115 5664 Graecum-f3
1147 5577 1323 5664 λόῩοςὶ
1347 5577 1713 5664 σςτενρχωρεῖῖτη

1989 5583 2140 5653 igius
2173 5597 2208 5636 a
2236 5577 2431 5638 Graeco
2464 5577 2661 5646 distat,
2693 5577 3053 5664 quam_quod
3082 5581 3223 5664 legit
3247 5577 3546 5664 Rabauus,

215 5650 283 5723 If)
306 5650 608 5726 Rabanus,
628 5655 846 5713 etiamsi
860 5657 1011 5720 potes
1035 5652 1177 5712 illud
1204 5650 1270 5713 de
1287 5650 1572 5714 Saluatore
1590 5650 1800 5714 intetti-
1911 5650 2380 5730 Quorumcumque
2406 5668 2535 5732 ergo
2563 5650 2810 5715 sermone
2835 5654 2886 5714 si
2911 5650 3238 5732 ascenderis,
3264 5658 3375 5718 etc.
