  <div class='ocr_page' id='page_1' title='image "/cluster/home/n/w/nwhite01/storage/ocr_20150623/25/hvd.32044096580493/301.png"; bbox 0 0 3944 6178; ppageno 0'>
   <div class='ocr_carea' id='block_1_1' title="bbox 457 437 575 499">
    <p class='ocr_par' dir='ltr' id='par_1_1' title="bbox 457 437 575 499">
     <span class='ocr_line' id='line_1_1' title="bbox 457 437 575 499; baseline 0 0"><span class='ocrx_word' id='word_1_1' title='bbox 457 437 575 499; x_wconf 70' lang='grc'><strong>691</strong></span> 
     </span>
    </p>
   </div>
   <div class='ocr_carea' id='block_1_2' title="bbox 1724 444 2635 512">
    <p class='ocr_par' dir='ltr' id='par_1_2' title="bbox 1724 444 2635 512">
     <span class='ocr_line' id='line_1_2' title="bbox 1724 444 2635 512; baseline 0.007 -6"><span class='ocrx_word' id='word_1_2' title='bbox 1724 446 1792 506; x_wconf 90' lang='lat' dir='ltr'><strong>S.</strong></span> <span class='ocrx_word' id='word_1_3' title='bbox 1842 444 2151 509; x_wconf 82' lang='lat' dir='ltr'><strong>EUSEBII</strong></span> <span class='ocrx_word' id='word_1_4' title='bbox 2193 444 2635 512; x_wconf 80' lang='lat' dir='ltr'><strong>HIERONYMI</strong></span> 
     </span>
    </p>
   </div>
   <div class='ocr_carea' id='block_1_3' title="bbox 461 570 3782 660">
    <p class='ocr_par' dir='ltr' id='par_1_3' title="bbox 461 570 3782 660">
     <span class='ocr_line' id='line_1_3' title="bbox 461 570 3782 660; baseline 0.005 -31"><span class='ocrx_word' id='word_1_5' title='bbox 461 572 584 629; x_wconf 79' lang='lat' dir='ltr'><strong>sive</strong></span> <span class='ocrx_word' id='word_1_6' title='bbox 605 570 967 644; x_wconf 90' lang='lat' dir='ltr'><strong>reliquorum</strong></span> <span class='ocrx_word' id='word_1_7' title='bbox 987 588 1278 631; x_wconf 97' lang='lat' dir='ltr'><strong>sermone.</strong></span> <span class='ocrx_word' id='word_1_8' title='bbox 1299 575 1448 648; x_wconf 89' lang='lat' dir='ltr'><strong>Ergo</strong></span> <span class='ocrx_word' id='word_1_9' title='bbox 1469 575 1520 631; x_wconf 87' lang='lat' dir='ltr'><strong>si</strong></span> <span class='ocrx_word' id='word_1_10' title='bbox 1542 576 1872 633; x_wconf 88' lang='lat' dir='ltr'><strong>ascenderis</strong></span> <span class='ocrx_word' id='word_1_11' title='bbox 1893 578 1965 634; x_wconf 88' lang='lat' dir='ltr'><strong>ad</strong></span> <span class='ocrx_word' id='word_1_12' title='bbox 1989 577 2110 634; x_wconf 90' lang='lat' dir='ltr'><strong>Sal-</strong></span> <span class='ocrx_word' id='word_1_13' title='bbox 2134 581 2192 648; x_wconf 76' lang='grc' dir='ltr'>Α</span> <span class='ocrx_word' id='word_1_14' title='bbox 2221 584 2403 636; x_wconf 82' lang='lat' dir='ltr'><strong>etnon</strong></span> <span class='ocrx_word' id='word_1_15' title='bbox 2421 581 3216 653; x_wconf 88' lang='lat' dir='ltr'><strong>dicit,plasmemus.Quando</strong></span> <span class='ocrx_word' id='word_1_16' title='bbox 3228 589 3412 642; x_wconf 88' lang='lat' dir='ltr'><strong>autem</strong></span> <span class='ocrx_word' id='word_1_17' title='bbox 3424 588 3782 660; x_wconf 84' lang='lat' dir='ltr'><strong>accepitlutum</strong></span> 
     </span>
    </p>
   </div>
   <div class='ocr_carea' id='block_1_4' title="bbox 462 662 2110 738">
    <p class='ocr_par' dir='ltr' id='par_1_4' title="bbox 462 662 2110 738">
     <span class='ocr_line' id='line_1_4' title="bbox 462 662 2110 738; baseline 0.004 -20"><span class='ocrx_word' id='word_1_18' title='bbox 462 665 744 732; x_wconf 82' lang='lat' dir='ltr'><strong>veterem,</strong></span> <span class='ocrx_word' id='word_1_19' title='bbox 795 667 853 718; x_wconf 93' lang='lat' dir='ltr'><strong>et</strong></span> <span class='ocrx_word' id='word_1_20' title='bbox 898 662 1099 720; x_wconf 87' lang='lat' dir='ltr'><strong>scieris</strong></span> <span class='ocrx_word' id='word_1_21' title='bbox 1147 680 1281 720; x_wconf 91' lang='lat' dir='ltr'><strong>eum</strong></span> <span class='ocrx_word' id='word_1_22' title='bbox 1333 664 1394 720; x_wconf 90' lang='lat' dir='ltr'><strong>in</strong></span> <span class='ocrx_word' id='word_1_23' title='bbox 1426 664 1711 737; x_wconf 89' lang='lat' dir='ltr'><strong>principio</strong></span> <span class='ocrx_word' id='word_1_24' title='bbox 1741 667 1896 738; x_wconf 89' lang='lat' dir='ltr'><strong>apud</strong></span> <span class='ocrx_word' id='word_1_25' title='bbox 1927 667 2110 724; x_wconf 92' lang='lat' dir='ltr'><strong>Deum</strong></span> 
     </span>
    </p>
   </div>
   <div class='ocr_carea' id='block_1_5' title="bbox 465 751 2110 826">
    <p class='ocr_par' dir='ltr' id='par_1_5' title="bbox 465 751 2110 826">
     <span class='ocr_line' id='line_1_5' title="bbox 465 751 2110 826; baseline 0.004 -21"><span class='ocrx_word' id='word_1_26' title='bbox 465 751 744 817; x_wconf 85' lang='lat' dir='ltr'><strong>Verbum,</strong></span> <span class='ocrx_word' id='word_1_27' title='bbox 771 751 994 825; x_wconf 85' lang='lat' dir='ltr'><strong>inspice</strong></span> <span class='ocrx_word' id='word_1_28' title='bbox 1016 753 1155 825; x_wconf 85' lang='lat' dir='ltr'><strong>quia</strong></span> <span class='ocrx_word' id='word_1_29' title='bbox 1174 753 1396 810; x_wconf 87' lang='lat' dir='ltr'><strong>nesciat</strong></span> <span class='ocrx_word' id='word_1_30' title='bbox 1416 753 1597 826; x_wconf 86' lang='lat' dir='ltr'><strong>loqui,</strong></span> <span class='ocrx_word' id='word_1_31' title='bbox 1621 771 1756 812; x_wconf 91' lang='lat' dir='ltr'><strong>cum</strong></span> <span class='ocrx_word' id='word_1_32' title='bbox 1781 755 2110 812; x_wconf 90' lang='lat' dir='ltr'><strong>humanum</strong></span> 
     </span>
    </p>
   </div>
   <div class='ocr_carea' id='block_1_6' title="bbox 467 839 2111 916">
    <p class='ocr_par' dir='ltr' id='par_1_6' title="bbox 467 839 2111 916">
     <span class='ocr_line' id='line_1_6' title="bbox 467 839 2111 916; baseline 0.002 -20"><span class='ocrx_word' id='word_1_33' title='bbox 467 839 680 897; x_wconf 89' lang='lat' dir='ltr'><strong>sithoc</strong></span> <span class='ocrx_word' id='word_1_34' title='bbox 709 841 862 912; x_wconf 94' lang='lat' dir='ltr'><strong>quod</strong></span> <span class='ocrx_word' id='word_1_35' title='bbox 893 841 1108 898; x_wconf 90' lang='lat' dir='ltr'><strong>dicitur</strong></span> <span class='ocrx_word' id='word_1_36' title='bbox 1135 841 1316 914; x_wconf 91' lang='lat' dir='ltr'><strong>loqui,</strong></span> <span class='ocrx_word' id='word_1_37' title='bbox 1349 843 1399 899; x_wconf 92' lang='lat' dir='ltr'><strong>si</strong></span> <span class='ocrx_word' id='word_1_38' title='bbox 1419 843 1528 914; x_wconf 98' lang='lat' dir='ltr'><strong>[AL</strong></span> <span class='ocrx_word' id='word_1_39' title='bbox 1561 844 1686 915; x_wconf 87' lang='lat' dir='ltr'><strong>sed]</strong></span> <span class='ocrx_word' id='word_1_40' title='bbox 1717 843 1845 899; x_wconf 90' lang='lat' dir='ltr'><strong>ideo</strong></span> <span class='ocrx_word' id='word_1_41' title='bbox 1869 846 2111 916; x_wconf 89' lang='lat' dir='ltr'><strong>nesciat,</strong></span> 
     </span>
    </p>
   </div>
   <div class='ocr_carea' id='block_1_7' title="bbox 466 937 2115 1015">
    <p class='ocr_par' dir='ltr' id='par_1_7' title="bbox 466 937 2115 1015">
     <span class='ocr_line' id='line_1_7' title="bbox 466 937 2115 1015; baseline 0.004 -22"><span class='ocrx_word' id='word_1_42' title='bbox 466 938 607 1010; x_wconf 88' lang='lat' dir='ltr'><strong>quia</strong></span> <span class='ocrx_word' id='word_1_43' title='bbox 631 937 754 994; x_wconf 87' lang='lat' dir='ltr'><strong>sint</strong></span> <span class='ocrx_word' id='word_1_44' title='bbox 783 939 1007 1011; x_wconf 78' lang='lat' dir='ltr'><strong>majora</strong></span> <span class='ocrx_word' id='word_1_45' title='bbox 1035 956 1162 1012; x_wconf 77' lang='lat' dir='ltr'><strong>quae</strong></span> <span class='ocrx_word' id='word_1_46' title='bbox 1194 942 1438 998; x_wconf 89' lang='lat' dir='ltr'><strong>noverit.</strong></span> <span class='ocrx_word' id='word_1_47' title='bbox 1471 942 1530 997; x_wconf 89' lang='lat' dir='ltr'><strong>Si</strong></span> <span class='ocrx_word' id='word_1_48' title='bbox 1561 947 1757 998; x_wconf 89' lang='lat' dir='ltr'><strong>autem</strong></span> <span class='ocrx_word' id='word_1_49' title='bbox 1788 947 1846 998; x_wconf 92' lang='lat' dir='ltr'><strong>et</strong></span> <span class='ocrx_word' id='word_1_50' title='bbox 1873 942 2115 1015; x_wconf 87' lang='lat' dir='ltr'><strong>Angelo-</strong></span> 
     </span>
    </p>
   </div>
   <div class='ocr_carea' id='block_1_8' title="bbox 467 1026 2114 1104">
    <p class='ocr_par' dir='ltr' id='par_1_8' title="bbox 467 1026 2114 1104">
     <span class='ocr_line' id='line_1_8' title="bbox 467 1026 2114 1104; baseline 0.004 -23"><span class='ocrx_word' id='word_1_51' title='bbox 467 1042 600 1082; x_wconf 86' lang='lat' dir='ltr'><strong>rum</strong></span> <span class='ocrx_word' id='word_1_52' title='bbox 611 1026 845 1100; x_wconf 87' lang='lat' dir='ltr'><strong>linguas</strong></span> <span class='ocrx_word' id='word_1_53' title='bbox 858 1028 1132 1086; x_wconf 82' lang='lat' dir='ltr'><strong>humanis</strong></span> <span class='ocrx_word' id='word_1_54' title='bbox 1147 1031 1576 1102; x_wconf 79' lang='lat' dir='ltr'><strong>comparaveris</strong></span> <span class='ocrx_word' id='word_1_55' title='bbox 1588 1031 1825 1104; x_wconf 82' lang='lat' dir='ltr'><strong>linguis,</strong></span> <span class='ocrx_word' id='word_1_56' title='bbox 1842 1036 1898 1087; x_wconf 93' lang='lat' dir='ltr'><strong>et</strong></span> <span class='ocrx_word' id='word_1_57' title='bbox 1910 1032 2114 1088; x_wconf 90' lang='lat' dir='ltr'><strong>scieris</strong></span> 
     </span>
    </p>
   </div>
   <div class='ocr_carea' id='block_1_9' title="bbox 467 1123 2114 1201">
    <p class='ocr_par' dir='ltr' id='par_1_9' title="bbox 467 1123 2114 1201">
     <span class='ocr_line' id='line_1_9' title="bbox 467 1123 2114 1201; baseline 0.002 -21"><span class='ocrx_word' id='word_1_58' title='bbox 467 1123 607 1194; x_wconf 84' lang='lat' dir='ltr'><strong>quia</strong></span> <span class='ocrx_word' id='word_1_59' title='bbox 624 1123 734 1181; x_wconf 87' lang='lat' dir='ltr'><strong>iste</strong></span> <span class='ocrx_word' id='word_1_60' title='bbox 751 1126 940 1197; x_wconf 82' lang='lat' dir='ltr'><strong>major</strong></span> <span class='ocrx_word' id='word_1_61' title='bbox 959 1125 1036 1182; x_wconf 89' lang='lat' dir='ltr'><strong>sit</strong></span> <span class='ocrx_word' id='word_1_62' title='bbox 1049 1128 1128 1200; x_wconf 85' lang='grc' dir='ltr'><strong>(α)</strong></span> <span class='ocrx_word' id='word_1_63' title='bbox 1142 1127 1376 1201; x_wconf 82' lang='lat' dir='ltr'><strong>Angelis</strong></span> <span class='ocrx_word' id='word_1_64' title='bbox 1393 1129 1570 1200; x_wconf 83' lang='lat' dir='ltr'><strong>(sicut</strong></span> <span class='ocrx_word' id='word_1_65' title='bbox 1588 1134 1830 1186; x_wconf 84' lang='lat' dir='ltr'><strong>testatus</strong></span> <span class='ocrx_word' id='word_1_66' title='bbox 1852 1134 1942 1185; x_wconf 90' lang='lat' dir='ltr'><strong>est</strong></span> <span class='ocrx_word' id='word_1_67' title='bbox 1961 1129 2030 1184; x_wconf 93' lang='lat' dir='ltr'><strong>de</strong></span> <span class='ocrx_word' id='word_1_68' title='bbox 2048 1145 2114 1184; x_wconf 93' lang='lat' dir='ltr'><strong>eo</strong></span> 
     </span>
    </p>
   </div>
   <div class='ocr_carea' id='block_1_10' title="bbox 464 1213 2115 1289">
    <p class='ocr_par' dir='ltr' id='par_1_10' title="bbox 464 1213 2115 1289">
     <span class='ocr_line' id='line_1_10' title="bbox 464 1213 2115 1289; baseline 0.004 -21"><span class='ocrx_word' id='word_1_69' title='bbox 464 1213 778 1285; x_wconf 77' lang='lat' dir='ltr'><strong>Apostolus</strong></span> <span class='ocrx_word' id='word_1_70' title='bbox 803 1214 862 1269; x_wconf 90' lang='lat' dir='ltr'><strong>in</strong></span> <span class='ocrx_word' id='word_1_71' title='bbox 887 1215 1145 1287; x_wconf 88' lang='lat' dir='ltr'><strong>Epistola</strong></span> <span class='ocrx_word' id='word_1_72' title='bbox 1165 1234 1274 1273; x_wconf 91' lang='lat' dir='ltr'><strong>sua</strong></span> <span class='ocrx_word' id='word_1_73' title='bbox 1295 1234 1475 1289; x_wconf 88' lang='lat' dir='ltr'><strong>quam</strong></span> <span class='ocrx_word' id='word_1_74' title='bbox 1505 1217 1710 1274; x_wconf 81' lang='lat' dir='ltr'><strong>scribit</strong></span> <span class='ocrx_word' id='word_1_75' title='bbox 1739 1219 1812 1274; x_wconf 89' lang='lat' dir='ltr'><strong>ad</strong></span> <span class='ocrx_word' id='word_1_76' title='bbox 1843 1219 2115 1274; x_wconf 65' lang='lat' dir='ltr'><strong>Hebraos</strong></span> 
     </span>
    </p>
   </div>
   <div class='ocr_carea' id='block_1_11' title="bbox 457 1302 2113 1380">
    <p class='ocr_par' dir='ltr' id='par_1_11' title="bbox 457 1302 2113 1380">
     <span class='ocr_line' id='line_1_11' title="bbox 457 1302 2113 1380; baseline 0.002 -21"><span class='ocrx_word' id='word_1_77' title='bbox 457 1302 646 1370; x_wconf 80' lang='lat' dir='ltr'><strong>-[Hebr.</strong></span> <span class='ocrx_word' id='word_1_78' title='bbox 665 1317 706 1372; x_wconf 85' lang='grc' dir='ltr'>ι,</span> <span class='ocrx_word' id='word_1_79' title='bbox 721 1302 868 1374; x_wconf 59' lang='lat'><strong>1,5],</strong></span> <span class='ocrx_word' id='word_1_80' title='bbox 885 1303 1217 1378; x_wconf 78' lang='lat' dir='ltr'><strong>intelligens</strong></span> <span class='ocrx_word' id='word_1_81' title='bbox 1236 1308 1516 1378; x_wconf 84' lang='lat' dir='ltr'><strong>majorem</strong></span> <span class='ocrx_word' id='word_1_82' title='bbox 1535 1324 1669 1363; x_wconf 92' lang='lat' dir='ltr'><strong>eum</strong></span> <span class='ocrx_word' id='word_1_83' title='bbox 1687 1311 1744 1363; x_wconf 91' lang='lat' dir='ltr'><strong>et</strong></span> <span class='ocrx_word' id='word_1_84' title='bbox 1758 1307 2113 1380; x_wconf 81' lang='lat' dir='ltr'><strong>Angelorum</strong></span> 
     </span>
    </p>
   </div>
   <div class='ocr_carea' id='block_1_12' title="bbox 466 1389 2114 1466">
    <p class='ocr_par' dir='ltr' id='par_1_12' title="bbox 466 1389 2114 1466">
     <span class='ocr_line' id='line_1_12' title="bbox 466 1389 2114 1466; baseline 0.004 -21"><span class='ocrx_word' id='word_1_85' title='bbox 466 1389 709 1464; x_wconf 80' lang='lat' dir='ltr'><strong>lingulis</strong></span> <span class='ocrx_word' id='word_1_86' title='bbox 731 1391 930 1464; x_wconf 83' lang='lat' dir='ltr'><strong>fuisse,</strong></span> <span class='ocrx_word' id='word_1_87' title='bbox 942 1394 1178 1465; x_wconf 82' lang='lat' dir='ltr'><strong>quando</strong></span> <span class='ocrx_word' id='word_1_88' title='bbox 1194 1399 1423 1452; x_wconf 85' lang='lat' dir='ltr'><strong>tantum</strong></span> <span class='ocrx_word' id='word_1_89' title='bbox 1437 1401 1588 1452; x_wconf 88' lang='lat' dir='ltr'><strong>Deus</strong></span> <span class='ocrx_word' id='word_1_90' title='bbox 1601 1397 1706 1465; x_wconf 88' lang='lat' dir='ltr'><strong>[AL</strong></span> <span class='ocrx_word' id='word_1_91' title='bbox 1723 1396 1844 1466; x_wconf 89' lang='lat' dir='ltr'><strong>Dei]</strong></span> <span class='ocrx_word' id='word_1_92' title='bbox 1857 1396 2114 1452; x_wconf 87' lang='lat' dir='ltr'><strong>Verbum</strong></span> 
     </span>
    </p>
   </div>
   <div class='ocr_carea' id='block_1_13' title="bbox 466 1490 2112 1567">
    <p class='ocr_par' dir='ltr' id='par_1_13' title="bbox 466 1490 2112 1567">
     <span class='ocr_line' id='line_1_13' title="bbox 466 1490 2112 1567; baseline 0.002 -22"><span class='ocrx_word' id='word_1_93' title='bbox 466 1495 593 1545; x_wconf 87' lang='lat' dir='ltr'><strong>erat</strong></span> <span class='ocrx_word' id='word_1_94' title='bbox 621 1491 776 1562; x_wconf 89' lang='lat' dir='ltr'><strong>apud</strong></span> <span class='ocrx_word' id='word_1_95' title='bbox 808 1490 1057 1547; x_wconf 89' lang='lat' dir='ltr'><strong>Patrem.</strong></span> <span class='ocrx_word' id='word_1_96' title='bbox 1104 1493 1254 1549; x_wconf 90' lang='lat' dir='ltr'><strong>Dicit</strong></span> <span class='ocrx_word' id='word_1_97' title='bbox 1279 1510 1437 1567; x_wconf 88' lang='lat' dir='ltr'><strong>ergo,</strong></span> <span class='ocrx_word' id='word_1_98' title='bbox 1467 1499 1524 1550; x_wconf 91' lang='lat' dir='ltr'><strong>et</strong></span> <span class='ocrx_word' id='word_1_99' title='bbox 1553 1495 1987 1566; x_wconf 90' lang='lat' dir='ltr'><strong>quodammodo</strong></span> <span class='ocrx_word' id='word_1_100' title='bbox 2018 1509 2112 1549; x_wconf 85' lang='lat' dir='ltr'><strong>ac-</strong></span> 
     </span>
    </p>
   </div>
   <div class='ocr_carea' id='block_1_14' title="bbox 465 1578 2113 1655">
    <p class='ocr_par' dir='ltr' id='par_1_14' title="bbox 465 1578 2113 1655">
     <span class='ocr_line' id='line_1_14' title="bbox 465 1578 2113 1655; baseline 0.001 -20"><span class='ocrx_word' id='word_1_101' title='bbox 465 1578 610 1652; x_wconf 91' lang='lat' dir='ltr'><strong>cipit</strong></span> <span class='ocrx_word' id='word_1_102' title='bbox 623 1578 997 1652; x_wconf 88' lang='lat' dir='ltr'><strong>disciplinam</strong></span> <span class='ocrx_word' id='word_1_103' title='bbox 1023 1598 1138 1637; x_wconf 89' lang='lat' dir='ltr'><strong>non</strong></span> <span class='ocrx_word' id='word_1_104' title='bbox 1165 1599 1540 1655; x_wconf 88' lang='lat' dir='ltr'><strong>magnorum,</strong></span> <span class='ocrx_word' id='word_1_105' title='bbox 1558 1584 1658 1639; x_wconf 91' lang='lat' dir='ltr'><strong>sed</strong></span> <span class='ocrx_word' id='word_1_106' title='bbox 1680 1583 2024 1639; x_wconf 81' lang='lat' dir='ltr'><strong>inferiorum</strong></span> <span class='ocrx_word' id='word_1_107' title='bbox 2047 1599 2113 1638; x_wconf 91' lang='lat' dir='ltr'><strong>ac</strong></span> 
     </span>
    </p>
   </div>
   <div class='ocr_carea' id='block_1_15' title="bbox 467 1668 2112 1744">
    <p class='ocr_par' dir='ltr' id='par_1_15' title="bbox 467 1668 2112 1744">
     <span class='ocr_line' id='line_1_15' title="bbox 467 1668 2112 1744; baseline 0.002 -20"><span class='ocrx_word' id='word_1_108' title='bbox 467 1668 784 1727; x_wconf 87' lang='lat' dir='ltr'><strong>minorum.</strong></span> <span class='ocrx_word' id='word_1_109' title='bbox 827 1669 992 1725; x_wconf 88' lang='lat' dir='ltr'><strong>Sicut</strong></span> <span class='ocrx_word' id='word_1_110' title='bbox 1019 1675 1074 1727; x_wconf 92' lang='lat' dir='ltr'><strong>et</strong></span> <span class='ocrx_word' id='word_1_111' title='bbox 1103 1687 1208 1744; x_wconf 85' lang='lat' dir='ltr'><strong>ego</strong></span> <span class='ocrx_word' id='word_1_112' title='bbox 1235 1671 1530 1729; x_wconf 86' lang='lat' dir='ltr'><strong>balbutire</strong></span> <span class='ocrx_word' id='word_1_113' title='bbox 1561 1672 1742 1744; x_wconf 87' lang='lat' dir='ltr'><strong>disco,</strong></span> <span class='ocrx_word' id='word_1_114' title='bbox 1773 1671 2112 1728; x_wconf 83' lang='lat' dir='ltr'><strong>violentiam</strong></span> 
     </span>
    </p>
   </div>
   <div class='ocr_carea' id='block_1_16' title="bbox 467 1757 2110 1834">
    <p class='ocr_par' dir='ltr' id='par_1_16' title="bbox 467 1757 2110 1834">
     <span class='ocr_line' id='line_1_16' title="bbox 467 1757 2110 1834; baseline 0.002 -22"><span class='ocrx_word' id='word_1_115' title='bbox 467 1757 852 1831; x_wconf 90' lang='lat' dir='ltr'><strong>mihimetipsi</strong></span> <span class='ocrx_word' id='word_1_116' title='bbox 887 1759 1126 1831; x_wconf 84' lang='lat' dir='ltr'><strong>faciens,</strong></span> <span class='ocrx_word' id='word_1_117' title='bbox 1160 1762 1394 1832; x_wconf 90' lang='lat' dir='ltr'><strong>quando</strong></span> <span class='ocrx_word' id='word_1_118' title='bbox 1426 1778 1559 1816; x_wconf 92' lang='lat' dir='ltr'><strong>cum</strong></span> <span class='ocrx_word' id='word_1_119' title='bbox 1593 1761 1853 1834; x_wconf 83' lang='lat' dir='ltr'><strong>parvulis</strong></span> <span class='ocrx_word' id='word_1_120' title='bbox 1885 1761 2110 1832; x_wconf 92' lang='lat' dir='ltr'><strong>loquor,</strong></span> 
     </span>
    </p>
   </div>
   <div class='ocr_carea' id='block_1_17' title="bbox 465 1858 2114 1931">
    <p class='ocr_par' dir='ltr' id='par_1_17' title="bbox 465 1858 2114 1931">
     <span class='ocr_line' id='line_1_17' title="bbox 465 1858 2114 1931; baseline 0.001 -19"><span class='ocrx_word' id='word_1_121' title='bbox 465 1873 654 1929; x_wconf 89' lang='lat' dir='ltr'><strong>neque</strong></span> <span class='ocrx_word' id='word_1_122' title='bbox 684 1859 841 1914; x_wconf 89' lang='lat' dir='ltr'><strong>enim</strong></span> <span class='ocrx_word' id='word_1_123' title='bbox 865 1858 984 1915; x_wconf 91' lang='lat' dir='ltr'><strong>scio</strong></span> <span class='ocrx_word' id='word_1_124' title='bbox 1009 1859 1099 1930; x_wconf 87' lang='lat' dir='ltr'><strong>(ut</strong></span> <span class='ocrx_word' id='word_1_125' title='bbox 1128 1859 1208 1914; x_wconf 87' lang='lat' dir='ltr'><strong>ita</strong></span> <span class='ocrx_word' id='word_1_126' title='bbox 1239 1859 1452 1931; x_wconf 91' lang='lat' dir='ltr'><strong>dicam)</strong></span> <span class='ocrx_word' id='word_1_127' title='bbox 1481 1858 1825 1914; x_wconf 85' lang='lat' dir='ltr'><strong>infantiliter</strong></span> <span class='ocrx_word' id='word_1_128' title='bbox 1844 1859 2028 1930; x_wconf 91' lang='lat' dir='ltr'><strong>loqui,</strong></span> <span class='ocrx_word' id='word_1_129' title='bbox 2057 1863 2114 1913; x_wconf 90' lang='lat' dir='ltr'><strong>et</strong></span> 
     </span>
    </p>
   </div>
   <div class='ocr_carea' id='block_1_18' title="bbox 462 1943 2188 2022">
    <p class='ocr_par' dir='ltr' id='par_1_18' title="bbox 462 1943 2188 2022">
     <span class='ocr_line' id='line_1_18' title="bbox 462 1943 2188 2022; baseline 0.001 -23"><span class='ocrx_word' id='word_1_130' title='bbox 462 1943 730 2002; x_wconf 83' lang='lat' dir='ltr'><strong>infractis</strong></span> <span class='ocrx_word' id='word_1_131' title='bbox 749 1946 942 2002; x_wconf 89' lang='lat' dir='ltr'><strong>verbis</strong></span> <span class='ocrx_word' id='word_1_132' title='bbox 957 1948 1082 2018; x_wconf 91' lang='lat' dir='ltr'><strong>jam</strong></span> <span class='ocrx_word' id='word_1_133' title='bbox 1104 1947 1446 2019; x_wconf 69' lang='lat' dir='ltr'><strong>grandaevus</strong></span> <span class='ocrx_word' id='word_1_134' title='bbox 1468 1964 1601 2002; x_wconf 89' lang='lat' dir='ltr'><strong>cum</strong></span> <span class='ocrx_word' id='word_1_135' title='bbox 1622 1948 1818 2019; x_wconf 88' lang='lat' dir='ltr'><strong>pueris</strong></span> <span class='ocrx_word' id='word_1_136' title='bbox 1841 1946 2112 2003; x_wconf 81' lang='lat' dir='ltr'><strong>sermoci-</strong></span> <span class='ocrx_word' id='word_1_137' title='bbox 2141 1957 2188 2022; x_wconf 83' lang='grc' dir='ltr'><strong>Β</strong></span> 
     </span>
    </p>
   </div>
   <div class='ocr_carea' id='block_1_19' title="bbox 463 2034 2109 2108">
    <p class='ocr_par' dir='ltr' id='par_1_19' title="bbox 463 2034 2109 2108">
     <span class='ocr_line' id='line_1_19' title="bbox 463 2034 2109 2108; baseline 0.001 -20"><span class='ocrx_word' id='word_1_138' title='bbox 463 2034 589 2090; x_wconf 91' lang='lat' dir='ltr'><strong>nari</strong></span> <span class='ocrx_word' id='word_1_139' title='bbox 619 2051 632 2090; x_wconf 91' lang='lat'><strong>:</strong></span> <span class='ocrx_word' id='word_1_140' title='bbox 687 2035 891 2090; x_wconf 91' lang='lat' dir='ltr'><strong>eodem</strong></span> <span class='ocrx_word' id='word_1_141' title='bbox 923 2035 1096 2090; x_wconf 90' lang='lat' dir='ltr'><strong>modo</strong></span> <span class='ocrx_word' id='word_1_142' title='bbox 1128 2035 1391 2091; x_wconf 88' lang='lat' dir='ltr'><strong>Salvator</strong></span> <span class='ocrx_word' id='word_1_143' title='bbox 1421 2036 1479 2090; x_wconf 91' lang='lat' dir='ltr'><strong>in</strong></span> <span class='ocrx_word' id='word_1_144' title='bbox 1513 2035 1949 2108; x_wconf 84' lang='lat' dir='ltr'><strong>magnificentia</strong></span> <span class='ocrx_word' id='word_1_145' title='bbox 1978 2035 2109 2107; x_wconf 92' lang='lat' dir='ltr'><strong>qui-</strong></span> 
     </span>
    </p>
   </div>
   <div class='ocr_carea' id='block_1_20' title="bbox 460 2122 2112 2196">
    <p class='ocr_par' dir='ltr' id='par_1_20' title="bbox 460 2122 2112 2196">
     <span class='ocr_line' id='line_1_20' title="bbox 460 2122 2112 2196; baseline 0.001 -20"><span class='ocrx_word' id='word_1_146' title='bbox 460 2122 594 2178; x_wconf 87' lang='lat' dir='ltr'><strong>dem</strong></span> <span class='ocrx_word' id='word_1_147' title='bbox 616 2122 810 2195; x_wconf 70' lang='lat' dir='ltr'><strong>glorim</strong></span> <span class='ocrx_word' id='word_1_148' title='bbox 833 2123 954 2194; x_wconf 90' lang='lat' dir='ltr'><strong>Dei,</strong></span> <span class='ocrx_word' id='word_1_149' title='bbox 977 2127 1033 2177; x_wconf 91' lang='lat' dir='ltr'><strong>et</strong></span> <span class='ocrx_word' id='word_1_150' title='bbox 1055 2124 1114 2178; x_wconf 90' lang='lat' dir='ltr'><strong>in</strong></span> <span class='ocrx_word' id='word_1_151' title='bbox 1136 2124 1304 2178; x_wconf 90' lang='lat' dir='ltr'><strong>Patre</strong></span> <span class='ocrx_word' id='word_1_152' title='bbox 1328 2125 1676 2192; x_wconf 88' lang='lat' dir='ltr'><strong>consistens,</strong></span> <span class='ocrx_word' id='word_1_153' title='bbox 1710 2141 1820 2180; x_wconf 93' lang='lat' dir='ltr'><strong>non</strong></span> <span class='ocrx_word' id='word_1_154' title='bbox 1849 2124 2112 2196; x_wconf 85' lang='lat' dir='ltr'><strong>loquitur</strong></span> 
     </span>
    </p>
   </div>
   <div class='ocr_carea' id='block_1_21' title="bbox 459 2210 2110 2283">
    <p class='ocr_par' dir='ltr' id='par_1_21' title="bbox 459 2210 2110 2283">
     <span class='ocr_line' id='line_1_21' title="bbox 459 2210 2110 2283; baseline 0.001 -17"><span class='ocrx_word' id='word_1_155' title='bbox 459 2210 742 2280; x_wconf 86' lang='lat' dir='ltr'><strong>humana,</strong></span> <span class='ocrx_word' id='word_1_156' title='bbox 767 2213 953 2268; x_wconf 88' lang='lat' dir='ltr'><strong>nescit</strong></span> <span class='ocrx_word' id='word_1_157' title='bbox 973 2212 1136 2268; x_wconf 76' lang='lat' dir='ltr'><strong>aﬁ‘ari</strong></span> <span class='ocrx_word' id='word_1_158' title='bbox 1157 2230 1256 2268; x_wconf 91' lang='lat' dir='ltr'><strong>eos</strong></span> <span class='ocrx_word' id='word_1_159' title='bbox 1278 2214 1377 2283; x_wconf 90' lang='lat' dir='ltr'><strong>qui</strong></span> <span class='ocrx_word' id='word_1_160' title='bbox 1397 2215 1668 2269; x_wconf 87' lang='lat' dir='ltr'><strong>deorsum</strong></span> <span class='ocrx_word' id='word_1_161' title='bbox 1689 2219 1848 2268; x_wconf 91' lang='lat' dir='ltr'><strong>sunt.</strong></span> <span class='ocrx_word' id='word_1_162' title='bbox 1869 2213 2110 2278; x_wconf 86' lang='lat' dir='ltr'><strong>Quando</strong></span> 
     </span>
    </p>
   </div>
   <div class='ocr_carea' id='block_1_22' title="bbox 462 2301 2108 2374">
    <p class='ocr_par' dir='ltr' id='par_1_22' title="bbox 462 2301 2108 2374">
     <span class='ocr_line' id='line_1_22' title="bbox 462 2301 2108 2374; baseline 0 -17"><span class='ocrx_word' id='word_1_163' title='bbox 462 2307 659 2358; x_wconf 88' lang='lat' dir='ltr'><strong>autem</strong></span> <span class='ocrx_word' id='word_1_164' title='bbox 690 2302 849 2358; x_wconf 87' lang='lat' dir='ltr'><strong>venit</strong></span> <span class='ocrx_word' id='word_1_165' title='bbox 880 2303 939 2357; x_wconf 92' lang='lat' dir='ltr'><strong>in</strong></span> <span class='ocrx_word' id='word_1_166' title='bbox 971 2319 1182 2374; x_wconf 89' lang='lat' dir='ltr'><strong>corpus</strong></span> <span class='ocrx_word' id='word_1_167' title='bbox 1213 2302 1559 2369; x_wconf 90' lang='lat' dir='ltr'><strong>humanum,</strong></span> <span class='ocrx_word' id='word_1_168' title='bbox 1589 2302 1731 2357; x_wconf 91' lang='lat' dir='ltr'><strong>dicit</strong></span> <span class='ocrx_word' id='word_1_169' title='bbox 1756 2302 1814 2356; x_wconf 92' lang='lat' dir='ltr'><strong>in</strong></span> <span class='ocrx_word' id='word_1_170' title='bbox 1837 2301 2108 2357; x_wconf 85' lang='lat' dir='ltr'><strong>exordio:</strong></span> 
     </span>
    </p>
   </div>
   <div class='ocr_carea' id='block_1_23' title="bbox 461 2399 2112 2472">
    <p class='ocr_par' dir='ltr' id='par_1_23' title="bbox 461 2399 2112 2472">
     <span class='ocr_line' id='line_1_23' title="bbox 461 2399 2112 2472; baseline -0.003 -13"><span class='ocrx_word' id='word_1_171' title='bbox 461 2401 648 2459; x_wconf 85' lang='lat' dir='ltr'><strong>Nescio</strong></span> <span class='ocrx_word' id='word_1_172' title='bbox 691 2401 860 2472; x_wconf 93' lang='lat' dir='ltr'><strong>loqui,</strong></span> <span class='ocrx_word' id='word_1_173' title='bbox 905 2417 1039 2472; x_wconf 79' lang='lat' dir='ltr'><strong>quia</strong></span> <span class='ocrx_word' id='word_1_174' title='bbox 1058 2401 1281 2472; x_wconf 81' lang='lat' dir='ltr'><strong>juvenis</strong></span> <span class='ocrx_word' id='word_1_175' title='bbox 1310 2417 1402 2472; x_wconf 91' lang='lat' dir='ltr'><strong>ego</strong></span> <span class='ocrx_word' id='word_1_176' title='bbox 1431 2417 1555 2455; x_wconf 91' lang='lat' dir='ltr'><strong>sum</strong></span> <span class='ocrx_word' id='word_1_177' title='bbox 1587 2399 1722 2471; x_wconf 82' lang='lat' dir='ltr'><strong>(Col.</strong></span> <span class='ocrx_word' id='word_1_178' title='bbox 1758 2417 1794 2470; x_wconf 84' lang='lat'><strong>1,</strong></span> <span class='ocrx_word' id='word_1_179' title='bbox 1831 2400 1956 2470; x_wconf 80' lang='lat'><strong>15):</strong></span> <span class='ocrx_word' id='word_1_180' title='bbox 2006 2400 2112 2470; x_wconf 91' lang='lat' dir='ltr'><strong>ju-</strong></span> 
     </span>
    </p>
   </div>
   <div class='ocr_carea' id='block_1_24' title="bbox 438 2477 2109 2564">
    <p class='ocr_par' dir='ltr' id='par_1_24' title="bbox 438 2477 2109 2564">
     <span class='ocr_line' id='line_1_24' title="bbox 438 2477 2109 2564; baseline -0.004 -14"><span class='ocrx_word' id='word_1_181' title='bbox 438 2477 645 2563; x_wconf 82' lang='lat' dir='ltr'><strong>venis,</strong></span> <span class='ocrx_word' id='word_1_182' title='bbox 661 2495 896 2564; x_wconf 88' lang='lat' dir='ltr'><strong>propter</strong></span> <span class='ocrx_word' id='word_1_183' title='bbox 906 2489 1402 2562; x_wconf 79' lang='lat' dir='ltr'><strong>dispensationem</strong></span> <span class='ocrx_word' id='word_1_184' title='bbox 1420 2507 1432 2546; x_wconf 98' lang='lat'><strong>:</strong></span> <span class='ocrx_word' id='word_1_185' title='bbox 1449 2506 1643 2557; x_wconf 85' lang='lat' dir='ltr'><strong>senex,</strong></span> <span class='ocrx_word' id='word_1_186' title='bbox 1653 2490 1675 2560; x_wconf 92' lang='lat' dir='ltr'><strong>j</strong></span> <span class='ocrx_word' id='word_1_187' title='bbox 1687 2492 1822 2544; x_wconf 84' lang='lat' dir='ltr'><strong>uxta</strong></span> <span class='ocrx_word' id='word_1_188' title='bbox 1833 2489 1940 2544; x_wconf 90' lang='lat' dir='ltr'><strong>hoc</strong></span> <span class='ocrx_word' id='word_1_189' title='bbox 1957 2490 2109 2560; x_wconf 92' lang='lat' dir='ltr'><strong>quod</strong></span> 
     </span>
    </p>
   </div>
   <div class='ocr_carea' id='block_1_25' title="bbox 464 2577 2110 2655">
    <p class='ocr_par' dir='ltr' id='par_1_25' title="bbox 464 2577 2110 2655">
     <span class='ocr_line' id='line_1_25' title="bbox 464 2577 2110 2655; baseline -0.002 -19"><span class='ocrx_word' id='word_1_190' title='bbox 464 2580 889 2655; x_wconf 88' lang='lat' dir='ltr'><strong>primogenitus</strong></span> <span class='ocrx_word' id='word_1_191' title='bbox 911 2579 1103 2634; x_wconf 89' lang='lat' dir='ltr'><strong>omnis</strong></span> <span class='ocrx_word' id='word_1_192' title='bbox 1125 2584 1402 2634; x_wconf 65' lang='lat' dir='ltr'><strong>creaturae</strong></span> <span class='ocrx_word' id='word_1_193' title='bbox 1422 2595 1434 2634; x_wconf 96' lang='lat'><strong>:</strong></span> <span class='ocrx_word' id='word_1_194' title='bbox 1452 2577 1708 2649; x_wconf 88' lang='lat' dir='ltr'><strong>juvenis,</strong></span> <span class='ocrx_word' id='word_1_195' title='bbox 1731 2577 1870 2650; x_wconf 93' lang='lat' dir='ltr'><strong>quia</strong></span> <span class='ocrx_word' id='word_1_196' title='bbox 1890 2577 1950 2632; x_wconf 91' lang='lat' dir='ltr'><strong>in</strong></span> <span class='ocrx_word' id='word_1_197' title='bbox 1973 2595 2110 2633; x_wconf 84' lang='lat' dir='ltr'><strong>con-</strong></span> 
     </span>
    </p>
   </div>
   <div class='ocr_carea' id='block_1_26' title="bbox 465 2667 2112 2740">
    <p class='ocr_par' dir='ltr' id='par_1_26' title="bbox 465 2667 2112 2740">
     <span class='ocr_line' id='line_1_26' title="bbox 465 2667 2112 2740; baseline -0.002 -14"><span class='ocrx_word' id='word_1_198' title='bbox 465 2669 857 2727; x_wconf 90' lang='lat' dir='ltr'><strong>summatione</strong></span> <span class='ocrx_word' id='word_1_199' title='bbox 880 2670 1007 2740; x_wconf 89' lang='lat' dir='ltr'><strong>jam</strong></span> <span class='ocrx_word' id='word_1_200' title='bbox 1039 2667 1408 2736; x_wconf 74' lang='lat' dir='ltr'><strong>sieculorum,</strong></span> <span class='ocrx_word' id='word_1_201' title='bbox 1431 2672 1488 2723; x_wconf 91' lang='lat' dir='ltr'><strong>et</strong></span> <span class='ocrx_word' id='word_1_202' title='bbox 1507 2667 1566 2722; x_wconf 92' lang='lat' dir='ltr'><strong>in</strong></span> <span class='ocrx_word' id='word_1_203' title='bbox 1585 2671 1905 2723; x_wconf 85' lang='lat' dir='ltr'><strong>extremum</strong></span> <span class='ocrx_word' id='word_1_204' title='bbox 1933 2667 2112 2738; x_wconf 87' lang='lat' dir='ltr'><strong>hujus</strong></span> 
     </span>
    </p>
   </div>
   <div class='ocr_carea' id='block_1_27' title="bbox 461 2755 2112 2830">
    <p class='ocr_par' dir='ltr' id='par_1_27' title="bbox 461 2755 2112 2830">
     <span class='ocr_line' id='line_1_27' title="bbox 461 2755 2112 2830; baseline -0.002 -15"><span class='ocrx_word' id='word_1_205' title='bbox 461 2759 590 2816; x_wconf 79' lang='lat' dir='ltr'><strong>vitae</strong></span> <span class='ocrx_word' id='word_1_206' title='bbox 643 2757 787 2815; x_wconf 73' lang='lat'><strong>751</strong></span> <span class='ocrx_word' id='word_1_207' title='bbox 848 2762 1082 2830; x_wconf 87' lang='lat' dir='ltr'><strong>tempus</strong></span> <span class='ocrx_word' id='word_1_208' title='bbox 1134 2757 1386 2813; x_wconf 91' lang='lat' dir='ltr'><strong>advenit.</strong></span> <span class='ocrx_word' id='word_1_209' title='bbox 1437 2755 1588 2812; x_wconf 90' lang='lat' dir='ltr'><strong>Dicit</strong></span> <span class='ocrx_word' id='word_1_210' title='bbox 1637 2757 1879 2828; x_wconf 90' lang='lat' dir='ltr'><strong>itaque:</strong></span> <span class='ocrx_word' id='word_1_211' title='bbox 1926 2757 2112 2812; x_wconf 84' lang='lat' dir='ltr'><strong>Nescio</strong></span> 
     </span>
    </p>
   </div>
   <div class='ocr_carea' id='block_1_28' title="bbox 441 2845 2111 2932">
    <p class='ocr_par' dir='ltr' id='par_1_28' title="bbox 441 2845 2111 2932">
     <span class='ocr_line' id='line_1_28' title="bbox 441 2845 2111 2932; baseline -0.004 -16"><span class='ocrx_word' id='word_1_212' title='bbox 441 2845 649 2932; x_wconf 78' lang='lat' dir='ltr'><strong>loqui;</strong></span> <span class='ocrx_word' id='word_1_213' title='bbox 692 2858 811 2915; x_wconf 91' lang='lat' dir='ltr'><strong>scio</strong></span> <span class='ocrx_word' id='word_1_214' title='bbox 841 2857 999 2913; x_wconf 89' lang='lat' dir='ltr'><strong>enim</strong></span> <span class='ocrx_word' id='word_1_215' title='bbox 1030 2857 1296 2928; x_wconf 65' lang='lat' dir='ltr'><strong>quaedam</strong></span> <span class='ocrx_word' id='word_1_216' title='bbox 1330 2856 1555 2927; x_wconf 84' lang='lat' dir='ltr'><strong>majora</strong></span> <span class='ocrx_word' id='word_1_217' title='bbox 1587 2854 1767 2926; x_wconf 89' lang='lat' dir='ltr'><strong>loqui,</strong></span> <span class='ocrx_word' id='word_1_218' title='bbox 1800 2854 1920 2911; x_wconf 90' lang='lat' dir='ltr'><strong>scio</strong></span> <span class='ocrx_word' id='word_1_219' title='bbox 1952 2871 2111 2926; x_wconf 83' lang='lat' dir='ltr'><strong>quae-</strong></span> 
     </span>
    </p>
   </div>
   <div class='ocr_carea' id='block_1_29' title="bbox 465 2942 2112 3019">
    <p class='ocr_par' dir='ltr' id='par_1_29' title="bbox 465 2942 2112 3019">
     <span class='ocr_line' id='line_1_29' title="bbox 465 2942 2112 3019; baseline -0.005 -14"><span class='ocrx_word' id='word_1_220' title='bbox 465 2950 601 3005; x_wconf 89' lang='lat' dir='ltr'><strong>dam</strong></span> <span class='ocrx_word' id='word_1_221' title='bbox 632 2948 706 3019; x_wconf 89' lang='lat' dir='ltr'><strong>(b)</strong></span> <span class='ocrx_word' id='word_1_222' title='bbox 737 2947 961 3018; x_wconf 88' lang='lat' dir='ltr'><strong>majora</strong></span> <span class='ocrx_word' id='word_1_223' title='bbox 989 2945 1101 3001; x_wconf 92' lang='lat' dir='ltr'><strong>isto</strong></span> <span class='ocrx_word' id='word_1_224' title='bbox 1132 2961 1400 3000; x_wconf 83' lang='lat' dir='ltr'><strong>sermone</strong></span> <span class='ocrx_word' id='word_1_225' title='bbox 1425 2942 1679 2999; x_wconf 89' lang='lat' dir='ltr'><strong>mortali.</strong></span> <span class='ocrx_word' id='word_1_226' title='bbox 1713 2943 1812 2999; x_wconf 90' lang='lat' dir='ltr'><strong>Vis</strong></span> <span class='ocrx_word' id='word_1_227' title='bbox 1835 2959 1926 2998; x_wconf 90' lang='lat' dir='ltr'><strong>me</strong></span> <span class='ocrx_word' id='word_1_228' title='bbox 1952 2943 2112 3015; x_wconf 93' lang='lat' dir='ltr'><strong>loqui</strong></span> 
     </span>
    </p>
   </div>
   <div class='ocr_carea' id='block_1_30' title="bbox 464 3031 2111 3106">
    <p class='ocr_par' dir='ltr' id='par_1_30' title="bbox 464 3031 2111 3106">
     <span class='ocr_line' id='line_1_30' title="bbox 464 3031 2111 3106; baseline -0.004 -12"><span class='ocrx_word' id='word_1_229' title='bbox 464 3035 877 3094; x_wconf 85' lang='lat' dir='ltr'><strong>terrestribus?</strong></span> <span class='ocrx_word' id='word_1_230' title='bbox 897 3035 1147 3090; x_wconf 87' lang='lat' dir='ltr'><strong>necdum</strong></span> <span class='ocrx_word' id='word_1_231' title='bbox 1169 3033 1466 3106; x_wconf 89' lang='lat' dir='ltr'><strong>assumpsi</strong></span> <span class='ocrx_word' id='word_1_232' title='bbox 1493 3033 1808 3088; x_wconf 87' lang='lat' dir='ltr'><strong>humanam</strong></span> <span class='ocrx_word' id='word_1_233' title='bbox 1832 3031 2111 3103; x_wconf 86' lang='lat' dir='ltr'><strong>fragilita-</strong></span> 
     </span>
    </p>
   </div>
   <div class='ocr_carea' id='block_1_31' title="bbox 461 3122 2109 3196">
    <p class='ocr_par' dir='ltr' id='par_1_31' title="bbox 461 3122 2109 3196">
     <span class='ocr_line' id='line_1_31' title="bbox 461 3122 2109 3196; baseline -0.004 -13"><span class='ocrx_word' id='word_1_234' title='bbox 461 3133 604 3195; x_wconf 87' lang='lat' dir='ltr'><strong>tem,</strong></span> <span class='ocrx_word' id='word_1_235' title='bbox 652 3126 838 3182; x_wconf 87' lang='lat' dir='ltr'><strong>habeo</strong></span> <span class='ocrx_word' id='word_1_236' title='bbox 894 3123 1192 3196; x_wconf 90' lang='lat' dir='ltr'><strong>eloquium</strong></span> <span class='ocrx_word' id='word_1_237' title='bbox 1242 3128 1432 3193; x_wconf 92' lang='lat' dir='ltr'><strong>tuum,</strong></span> <span class='ocrx_word' id='word_1_238' title='bbox 1463 3122 1719 3178; x_wconf 86' lang='lat' dir='ltr'><strong>Verbum</strong></span> <span class='ocrx_word' id='word_1_239' title='bbox 1753 3126 1922 3176; x_wconf 89' lang='lat' dir='ltr'><strong>tuum</strong></span> <span class='ocrx_word' id='word_1_240' title='bbox 1954 3138 2109 3189; x_wconf 84' lang='lat' dir='ltr'><strong>sum,</strong></span> 
     </span>
    </p>
   </div>
   <div class='ocr_carea' id='block_1_32' title="bbox 463 3211 2107 3287">
    <p class='ocr_par' dir='ltr' id='par_1_32' title="bbox 463 3211 2107 3287">
     <span class='ocr_line' id='line_1_32' title="bbox 463 3211 2107 3287; baseline -0.004 -15"><span class='ocrx_word' id='word_1_241' title='bbox 463 3217 568 3272; x_wconf 91' lang='lat' dir='ltr'><strong>tibi</strong></span> <span class='ocrx_word' id='word_1_242' title='bbox 587 3216 706 3273; x_wconf 90' lang='lat' dir='ltr'><strong>scio</strong></span> <span class='ocrx_word' id='word_1_243' title='bbox 724 3214 909 3287; x_wconf 88' lang='lat' dir='ltr'><strong>loqui,</strong></span> <span class='ocrx_word' id='word_1_244' title='bbox 929 3213 1271 3270; x_wconf 91' lang='lat' dir='ltr'><strong>hominibus</strong></span> <span class='ocrx_word' id='word_1_245' title='bbox 1288 3213 1483 3268; x_wconf 90' lang='lat' dir='ltr'><strong>nescio</strong></span> <span class='ocrx_word' id='word_1_246' title='bbox 1500 3211 1682 3284; x_wconf 90' lang='lat' dir='ltr'><strong>loqui,</strong></span> <span class='ocrx_word' id='word_1_247' title='bbox 1697 3211 1935 3282; x_wconf 88' lang='lat' dir='ltr'><strong>juvenis</strong></span> <span class='ocrx_word' id='word_1_248' title='bbox 1952 3227 2107 3266; x_wconf 90' lang='lat' dir='ltr'><strong>sum.</strong></span> 
     </span>
    </p>
   </div>
   <div class='ocr_carea' id='block_1_33' title="bbox 2221 671 3790 748">
    <p class='ocr_par' dir='ltr' id='par_1_33' title="bbox 2221 671 3790 748">
     <span class='ocr_line' id='line_1_33' title="bbox 2221 671 3790 748; baseline 0.007 -24"><span class='ocrx_word' id='word_1_249' title='bbox 2221 671 2292 725; x_wconf 92' lang='lat' dir='ltr'><strong>de</strong></span> <span class='ocrx_word' id='word_1_250' title='bbox 2307 675 2480 742; x_wconf 89' lang='lat' dir='ltr'><strong>terra,</strong></span> <span class='ocrx_word' id='word_1_251' title='bbox 2501 687 2618 727; x_wconf 89' lang='lat' dir='ltr'><strong>non</strong></span> <span class='ocrx_word' id='word_1_252' title='bbox 2633 676 2722 728; x_wconf 87' lang='lat' dir='ltr'><strong>est</strong></span> <span class='ocrx_word' id='word_1_253' title='bbox 2738 672 2850 729; x_wconf 86' lang='lat' dir='ltr'><strong>seri</strong></span> <span class='ocrx_word' id='word_1_254' title='bbox 2858 676 3024 745; x_wconf 88' lang='lat' dir='ltr'><strong>ptum</strong></span> <span class='ocrx_word' id='word_1_255' title='bbox 3042 691 3055 730; x_wconf 91' lang='lat'><strong>:</strong></span> <span class='ocrx_word' id='word_1_256' title='bbox 3082 674 3237 730; x_wconf 89' lang='lat' dir='ltr'><strong>Fecit</strong></span> <span class='ocrx_word' id='word_1_257' title='bbox 3251 674 3546 748; x_wconf 89' lang='lat' dir='ltr'><strong>hominem,</strong></span> <span class='ocrx_word' id='word_1_258' title='bbox 3559 679 3644 734; x_wconf 85' lang='lat' dir='ltr'><strong>sed</strong></span> <span class='ocrx_word' id='word_1_259' title='bbox 3661 697 3672 733; x_wconf 90' lang='lat'><strong>:</strong></span> <span class='ocrx_word' id='word_1_260' title='bbox 3690 680 3790 735; x_wconf 85' lang='lat' dir='ltr'><strong>Pla-</strong></span> 
     </span>
    </p>
   </div>
   <div class='ocr_carea' id='block_1_34' title="bbox 2219 759 3791 838">
    <p class='ocr_par' dir='ltr' id='par_1_34' title="bbox 2219 759 3791 838">
     <span class='ocr_line' id='line_1_34' title="bbox 2219 759 3791 838; baseline 0.006 -25"><span class='ocrx_word' id='word_1_261' title='bbox 2219 761 2416 814; x_wconf 84' lang='lat' dir='ltr'><strong>s~mavit</strong></span> <span class='ocrx_word' id='word_1_262' title='bbox 2439 759 2717 816; x_wconf 80' lang='lat' dir='ltr'><strong>hominem</strong></span> <span class='ocrx_word' id='word_1_263' title='bbox 2737 762 2888 833; x_wconf 82' lang='lat' dir='ltr'><strong>(Gen.</strong></span> <span class='ocrx_word' id='word_1_264' title='bbox 2913 779 2976 828; x_wconf 92' lang='grc' dir='ltr'>ιι,</span> <span class='ocrx_word' id='word_1_265' title='bbox 2995 764 3074 833; x_wconf 88' lang='grc'><strong>7),</strong></span> <span class='ocrx_word' id='word_1_266' title='bbox 3098 767 3157 818; x_wconf 91' lang='lat' dir='ltr'><strong>et</strong></span> <span class='ocrx_word' id='word_1_267' title='bbox 3175 765 3361 836; x_wconf 86' lang='lat' dir='ltr'><strong>posuit</strong></span> <span class='ocrx_word' id='word_1_268' title='bbox 3383 765 3438 820; x_wconf 91' lang='lat' dir='ltr'><strong>in</strong></span> <span class='ocrx_word' id='word_1_269' title='bbox 3461 767 3697 838; x_wconf 82' lang='lat' dir='ltr'><strong>paradiso</strong></span> <span class='ocrx_word' id='word_1_270' title='bbox 3715 768 3791 824; x_wconf 81' lang='lat' dir='ltr'><strong>ho-</strong></span> 
     </span>
    </p>
   </div>
   <div class='ocr_carea' id='block_1_35' title="bbox 2223 847 3792 923">
    <p class='ocr_par' dir='ltr' id='par_1_35' title="bbox 2223 847 3792 923">
     <span class='ocr_line' id='line_1_35' title="bbox 2223 847 3792 923; baseline 0.006 -22"><span class='ocrx_word' id='word_1_271' title='bbox 2223 847 2442 902; x_wconf 90' lang='lat' dir='ltr'><strong>minem</strong></span> <span class='ocrx_word' id='word_1_272' title='bbox 2493 865 2666 920; x_wconf 89' lang='lat' dir='ltr'><strong>quem</strong></span> <span class='ocrx_word' id='word_1_273' title='bbox 2719 849 3050 921; x_wconf 88' lang='lat' dir='ltr'><strong>plasmavit,</strong></span> <span class='ocrx_word' id='word_1_274' title='bbox 3101 851 3321 923; x_wconf 89' lang='lat' dir='ltr'><strong>cperari</strong></span> <span class='ocrx_word' id='word_1_275' title='bbox 3359 857 3414 908; x_wconf 93' lang='lat' dir='ltr'><strong>et</strong></span> <span class='ocrx_word' id='word_1_276' title='bbox 3439 869 3644 909; x_wconf 87' lang='lat' dir='ltr'><strong>servare</strong></span> <span class='ocrx_word' id='word_1_277' title='bbox 3667 871 3792 912; x_wconf 88' lang='lat' dir='ltr'><strong>eum.</strong></span> 
     </span>
    </p>
   </div>
   <div class='ocr_carea' id='block_1_36' title="bbox 2221 935 3793 1014">
    <p class='ocr_par' dir='ltr' id='par_1_36' title="bbox 2221 935 3793 1014">
     <span class='ocr_line' id='line_1_36' title="bbox 2221 935 3793 1014; baseline 0.005 -24"><span class='ocrx_word' id='word_1_278' title='bbox 2221 935 2276 990; x_wconf 93' lang='lat' dir='ltr'><strong>Si</strong></span> <span class='ocrx_word' id='word_1_279' title='bbox 2306 940 2473 1007; x_wconf 90' lang='lat' dir='ltr'><strong>potes</strong></span> <span class='ocrx_word' id='word_1_280' title='bbox 2503 937 2826 1010; x_wconf 89' lang='lat' dir='ltr'><strong>intelligere</strong></span> <span class='ocrx_word' id='word_1_281' title='bbox 2856 939 3242 996; x_wconf 74' lang='lat' dir='ltr'><strong>differentiam</strong></span> <span class='ocrx_word' id='word_1_282' title='bbox 3272 941 3494 997; x_wconf 67' lang='lat' dir='ltr'><strong>facturas</strong></span> <span class='ocrx_word' id='word_1_283' title='bbox 3519 947 3572 997; x_wconf 93' lang='lat' dir='ltr'><strong>et</strong></span> <span class='ocrx_word' id='word_1_284' title='bbox 3589 941 3793 1014; x_wconf 86' lang='lat' dir='ltr'><strong>plasma-</strong></span> 
     </span>
    </p>
   </div>
   <div class='ocr_carea' id='block_1_37' title="bbox 2222 1025 3795 1096">
    <p class='ocr_par' dir='ltr' id='par_1_37' title="bbox 2222 1025 3795 1096">
     <span class='ocr_line' id='line_1_37' title="bbox 2222 1025 3795 1096; baseline 0.003 -15"><span class='ocrx_word' id='word_1_285' title='bbox 2222 1025 2421 1096; x_wconf 90' lang='lat' dir='ltr'><strong>tionis,</strong></span> <span class='ocrx_word' id='word_1_286' title='bbox 2453 1043 2588 1082; x_wconf 89' lang='lat' dir='ltr'><strong>cum</strong></span> <span class='ocrx_word' id='word_1_287' title='bbox 2619 1027 2818 1083; x_wconf 86' lang='lat' dir='ltr'><strong>dicens</strong></span> <span class='ocrx_word' id='word_1_288' title='bbox 2849 1028 2967 1084; x_wconf 86' lang='lat' dir='ltr'><strong>sive</strong></span> <span class='ocrx_word' id='word_1_289' title='bbox 2997 1029 3069 1083; x_wconf 90' lang='lat' dir='ltr'><strong>ad</strong></span> <span class='ocrx_word' id='word_1_290' title='bbox 3100 1029 3428 1096; x_wconf 87' lang='lat' dir='ltr'><strong>Jeremiam,</strong></span> <span class='ocrx_word' id='word_1_291' title='bbox 3477 1030 3587 1085; x_wconf 89' lang='lat' dir='ltr'><strong>sive</strong></span> <span class='ocrx_word' id='word_1_292' title='bbox 3612 1031 3676 1086; x_wconf 76' lang='lat' dir='ltr'><strong>ad</strong></span> <span class='ocrx_word' id='word_1_293' title='bbox 3701 1029 3795 1086; x_wconf 80' lang='lat' dir='ltr'><strong>Bal-</strong></span> 
     </span>
    </p>
   </div>
   <div class='ocr_carea' id='block_1_38' title="bbox 2221 1116 3796 1191">
    <p class='ocr_par' dir='ltr' id='par_1_38' title="bbox 2221 1116 3796 1191">
     <span class='ocr_line' id='line_1_38' title="bbox 2221 1116 3796 1191; baseline 0.004 -23"><span class='ocrx_word' id='word_1_294' title='bbox 2221 1119 2499 1181; x_wconf 87' lang='lat' dir='ltr'><strong>vatorem,</strong></span> <span class='ocrx_word' id='word_1_295' title='bbox 2523 1132 2636 1171; x_wconf 90' lang='lat' dir='ltr'><strong>non</strong></span> <span class='ocrx_word' id='word_1_296' title='bbox 2663 1116 2902 1172; x_wconf 85' lang='lat' dir='ltr'><strong>dixerit:</strong></span> <span class='ocrx_word' id='word_1_297' title='bbox 2931 1119 3256 1190; x_wconf 74' lang='lat' dir='ltr'><strong>Priusquam</strong></span> <span class='ocrx_word' id='word_1_298' title='bbox 3273 1123 3325 1174; x_wconf 90' lang='lat' dir='ltr'><strong>te</strong></span> <span class='ocrx_word' id='word_1_299' title='bbox 3341 1121 3567 1191; x_wconf 79' lang='lat' dir='ltr'><strong>facerem</strong></span> <span class='ocrx_word' id='word_1_300' title='bbox 3586 1121 3639 1174; x_wconf 84' lang='lat' dir='ltr'><strong>in</strong></span> <span class='ocrx_word' id='word_1_301' title='bbox 3656 1125 3796 1175; x_wconf 73' lang='lat' dir='ltr'><strong>utero.</strong></span> 
     </span>
    </p>
   </div>
   <div class='ocr_carea' id='block_1_39' title="bbox 2221 1203 3800 1280">
    <p class='ocr_par' dir='ltr' id='par_1_39' title="bbox 2221 1203 3800 1280">
     <span class='ocr_line' id='line_1_39' title="bbox 2221 1203 3800 1280; baseline 0.003 -22"><span class='ocrx_word' id='word_1_302' title='bbox 2221 1203 2386 1269; x_wconf 88' lang='lat' dir='ltr'><strong>Quod</strong></span> <span class='ocrx_word' id='word_1_303' title='bbox 2417 1203 2572 1258; x_wconf 86' lang='lat' dir='ltr'><strong>enim</strong></span> <span class='ocrx_word' id='word_1_304' title='bbox 2605 1206 2690 1272; x_wconf 85' lang='lat' dir='ltr'><strong>ﬁt,</strong></span> <span class='ocrx_word' id='word_1_305' title='bbox 2722 1222 2837 1261; x_wconf 92' lang='lat' dir='ltr'><strong>non</strong></span> <span class='ocrx_word' id='word_1_306' title='bbox 2868 1206 2933 1260; x_wconf 85' lang='lat' dir='ltr'><strong>ﬁt</strong></span> <span class='ocrx_word' id='word_1_307' title='bbox 2965 1207 3021 1261; x_wconf 93' lang='lat' dir='ltr'><strong>in</strong></span> <span class='ocrx_word' id='word_1_308' title='bbox 3055 1211 3238 1278; x_wconf 88' lang='lat' dir='ltr'><strong>utero,</strong></span> <span class='ocrx_word' id='word_1_309' title='bbox 3288 1209 3385 1264; x_wconf 90' lang='lat' dir='ltr'><strong>sed</strong></span> <span class='ocrx_word' id='word_1_310' title='bbox 3434 1209 3578 1280; x_wconf 91' lang='lat' dir='ltr'><strong>quod</strong></span> <span class='ocrx_word' id='word_1_311' title='bbox 3616 1211 3800 1264; x_wconf 83' lang='lat' dir='ltr'><strong>creatur</strong></span> 
     </span>
    </p>
   </div>
   <div class='ocr_carea' id='block_1_40' title="bbox 2222 1292 3802 1366">
    <p class='ocr_par' dir='ltr' id='par_1_40' title="bbox 2222 1292 3802 1366">
     <span class='ocr_line' id='line_1_40' title="bbox 2222 1292 3802 1366; baseline 0.003 -19"><span class='ocrx_word' id='word_1_312' title='bbox 2222 1293 2294 1348; x_wconf 89' lang='lat' dir='ltr'><strong>de</strong></span> <span class='ocrx_word' id='word_1_313' title='bbox 2324 1298 2488 1348; x_wconf 72' lang='lat' dir='ltr'><strong>terra:</strong></span> <span class='ocrx_word' id='word_1_314' title='bbox 2522 1292 2775 1365; x_wconf 90' lang='lat' dir='ltr'><strong>pulvere,</strong></span> <span class='ocrx_word' id='word_1_315' title='bbox 2821 1294 2928 1350; x_wconf 92' lang='lat' dir='ltr'><strong>hoc</strong></span> <span class='ocrx_word' id='word_1_316' title='bbox 2960 1294 3288 1366; x_wconf 89' lang='lat' dir='ltr'><strong>plasmatur</strong></span> <span class='ocrx_word' id='word_1_317' title='bbox 3334 1297 3392 1352; x_wconf 93' lang='lat' dir='ltr'><strong>in</strong></span> <span class='ocrx_word' id='word_1_318' title='bbox 3441 1301 3613 1352; x_wconf 87' lang='lat' dir='ltr'><strong>utero.</strong></span> <span class='ocrx_word' id='word_1_319' title='bbox 3649 1296 3802 1351; x_wconf 81' lang='lat' dir='ltr'><strong>Prius-</strong></span> 
     </span>
    </p>
   </div>
   <div class='ocr_carea' id='block_1_41' title="bbox 2221 1383 3804 1454">
    <p class='ocr_par' dir='ltr' id='par_1_41' title="bbox 2221 1383 3804 1454">
     <span class='ocr_line' id='line_1_41' title="bbox 2221 1383 3804 1454; baseline 0.003 -18"><span class='ocrx_word' id='word_1_320' title='bbox 2221 1399 2387 1454; x_wconf 84' lang='lat' dir='ltr'><strong>quam</strong></span> <span class='ocrx_word' id='word_1_321' title='bbox 2415 1391 2466 1438; x_wconf 92' lang='lat' dir='ltr'><strong>te</strong></span> <span class='ocrx_word' id='word_1_322' title='bbox 2491 1383 2831 1454; x_wconf 85' lang='lat' dir='ltr'><strong>plasmarem</strong></span> <span class='ocrx_word' id='word_1_323' title='bbox 2859 1385 2920 1438; x_wconf 86' lang='lat' dir='ltr'><strong>in</strong></span> <span class='ocrx_word' id='word_1_324' title='bbox 2946 1389 3122 1453; x_wconf 81' lang='lat' dir='ltr'><strong>utero,</strong></span> <span class='ocrx_word' id='word_1_325' title='bbox 3153 1387 3264 1442; x_wconf 86' lang='lat' dir='ltr'><strong>scio</strong></span> <span class='ocrx_word' id='word_1_326' title='bbox 3293 1390 3362 1443; x_wconf 88' lang='lat' dir='ltr'><strong>te.</strong></span> <span class='ocrx_word' id='word_1_327' title='bbox 3394 1385 3451 1442; x_wconf 93' lang='lat' dir='ltr'><strong>Si</strong></span> <span class='ocrx_word' id='word_1_328' title='bbox 3473 1401 3660 1441; x_wconf 88' lang='lat' dir='ltr'><strong>omnes</strong></span> <span class='ocrx_word' id='word_1_329' title='bbox 3679 1385 3804 1441; x_wconf 79' lang='lat' dir='ltr'><strong>novit</strong></span> 
     </span>
    </p>
   </div>
   <div class='ocr_carea' id='block_1_42' title="bbox 2222 1471 3806 1546">
    <p class='ocr_par' dir='ltr' id='par_1_42' title="bbox 2222 1471 3806 1546">
     <span class='ocr_line' id='line_1_42' title="bbox 2222 1471 3806 1546; baseline 0.001 -19"><span class='ocrx_word' id='word_1_330' title='bbox 2222 1471 2399 1539; x_wconf 89' lang='lat' dir='ltr'><strong>Deus,</strong></span> <span class='ocrx_word' id='word_1_331' title='bbox 2431 1472 2723 1543; x_wconf 91' lang='lat' dir='ltr'><strong>quomodo</strong></span> <span class='ocrx_word' id='word_1_332' title='bbox 2752 1472 2921 1544; x_wconf 91' lang='lat' dir='ltr'><strong>quasi</strong></span> <span class='ocrx_word' id='word_1_333' title='bbox 2952 1473 3242 1546; x_wconf 73' lang='lat' dir='ltr'><strong>praecipuo</strong></span> <span class='ocrx_word' id='word_1_334' title='bbox 3282 1475 3388 1545; x_wconf 85' lang='lat' dir='ltr'><strong>[AL</strong></span> <span class='ocrx_word' id='word_1_335' title='bbox 3419 1472 3758 1546; x_wconf 62' lang='lat' dir='ltr'><strong>praecipuum]</strong></span> <span class='ocrx_word' id='word_1_336' title='bbox 3779 1487 3806 1528; x_wconf 76' lang='grc' dir='ltr'><strong>ι</strong></span> 
     </span>
    </p>
   </div>
   <div class='ocr_carea' id='block_1_43' title="bbox 2223 1559 3807 1618">
    <p class='ocr_par' dir='ltr' id='par_1_43' title="bbox 2223 1559 3807 1618">
     <span class='ocr_line' id='line_1_43' title="bbox 2223 1559 3807 1618; baseline 0 -4"><span class='ocrx_word' id='word_1_337' title='bbox 2223 1561 2445 1616; x_wconf 67' lang='lat' dir='ltr'><strong>caeteris</strong></span> <span class='ocrx_word' id='word_1_338' title='bbox 2472 1560 2733 1616; x_wconf 70' lang='lat' dir='ltr'><strong>Jeremiaa</strong></span> <span class='ocrx_word' id='word_1_339' title='bbox 2763 1560 2936 1616; x_wconf 91' lang='lat' dir='ltr'><strong>dicit:</strong></span> <span class='ocrx_word' id='word_1_340' title='bbox 2968 1562 3106 1618; x_wconf 86' lang='lat' dir='ltr'><strong>Novi</strong></span> <span class='ocrx_word' id='word_1_341' title='bbox 3133 1571 3187 1618; x_wconf 89' lang='lat' dir='ltr'><strong>te</strong></span> <span class='ocrx_word' id='word_1_342' title='bbox 3205 1565 3230 1615; x_wconf 70' lang='grc' dir='ltr'><em>γ</em></span> <span class='ocrx_word' id='word_1_343' title='bbox 3255 1564 3342 1617; x_wconf 86' lang='lat' dir='ltr'><strong>An</strong></span> <span class='ocrx_word' id='word_1_344' title='bbox 3369 1578 3466 1618; x_wconf 90' lang='lat' dir='ltr'><strong>eos</strong></span> <span class='ocrx_word' id='word_1_345' title='bbox 3490 1564 3697 1617; x_wconf 90' lang='lat' dir='ltr'><strong>tantum</strong></span> <span class='ocrx_word' id='word_1_346' title='bbox 3722 1559 3807 1616; x_wconf 84' lang='lat' dir='ltr'><strong>scit</strong></span> 
     </span>
    </p>
   </div>
   <div class='ocr_carea' id='block_1_44' title="bbox 2222 1648 3808 1724">
    <p class='ocr_par' dir='ltr' id='par_1_44' title="bbox 2222 1648 3808 1724">
     <span class='ocr_line' id='line_1_44' title="bbox 2222 1648 3808 1724; baseline -0.001 -19"><span class='ocrx_word' id='word_1_347' title='bbox 2222 1649 2376 1705; x_wconf 90' lang='lat' dir='ltr'><strong>Deus</strong></span> <span class='ocrx_word' id='word_1_348' title='bbox 2406 1648 2508 1720; x_wconf 92' lang='lat' dir='ltr'><strong>qui</strong></span> <span class='ocrx_word' id='word_1_349' title='bbox 2537 1649 2783 1705; x_wconf 89' lang='lat' dir='ltr'><strong>scientia</strong></span> <span class='ocrx_word' id='word_1_350' title='bbox 2810 1651 2938 1720; x_wconf 91' lang='lat' dir='ltr'><strong>ejus</strong></span> <span class='ocrx_word' id='word_1_351' title='bbox 2969 1651 3132 1724; x_wconf 90' lang='lat' dir='ltr'><strong>digni</strong></span> <span class='ocrx_word' id='word_1_352' title='bbox 3163 1657 3322 1720; x_wconf 86' lang='lat' dir='ltr'><strong>sunt,</strong></span> <span class='ocrx_word' id='word_1_353' title='bbox 3359 1656 3414 1707; x_wconf 90' lang='lat' dir='ltr'><strong>et</strong></span> <span class='ocrx_word' id='word_1_354' title='bbox 3441 1650 3712 1722; x_wconf 87' lang='lat' dir='ltr'><strong>cognoscit</strong></span> <span class='ocrx_word' id='word_1_355' title='bbox 3734 1663 3808 1704; x_wconf 81' lang='lat' dir='ltr'><strong>eos</strong></span> 
     </span>
    </p>
   </div>
   <div class='ocr_carea' id='block_1_45' title="bbox 2223 1737 3807 1810">
    <p class='ocr_par' dir='ltr' id='par_1_45' title="bbox 2223 1737 3807 1810">
     <span class='ocr_line' id='line_1_45' title="bbox 2223 1737 3807 1810; baseline -0.001 -18"><span class='ocrx_word' id='word_1_356' title='bbox 2223 1738 2323 1808; x_wconf 92' lang='lat' dir='ltr'><strong>qui</strong></span> <span class='ocrx_word' id='word_1_357' title='bbox 2342 1738 2468 1806; x_wconf 88' lang='lat' dir='ltr'><strong>ejus</strong></span> <span class='ocrx_word' id='word_1_358' title='bbox 2486 1743 2654 1805; x_wconf 90' lang='lat' dir='ltr'><strong>sunt;</strong></span> <span class='ocrx_word' id='word_1_359' title='bbox 2674 1737 2946 1810; x_wconf 88' lang='lat' dir='ltr'><strong>indignos</strong></span> <span class='ocrx_word' id='word_1_360' title='bbox 2961 1755 3093 1795; x_wconf 89' lang='lat' dir='ltr'><strong>vero</strong></span> <span class='ocrx_word' id='word_1_361' title='bbox 3113 1741 3262 1797; x_wconf 68' lang='lat'><strong>152</strong></span> <span class='ocrx_word' id='word_1_362' title='bbox 3279 1739 3460 1796; x_wconf 90' lang='lat' dir='ltr'><strong>nescit</strong></span> <span class='ocrx_word' id='word_1_363' title='bbox 3471 1753 3645 1810; x_wconf 89' lang='lat' dir='ltr'><strong>neque</strong></span> <span class='ocrx_word' id='word_1_364' title='bbox 3656 1742 3807 1804; x_wconf 82' lang='lat' dir='ltr'><strong>Pater,</strong></span> 
     </span>
    </p>
   </div>
   <div class='ocr_carea' id='block_1_46' title="bbox 2223 1825 3812 1899">
    <p class='ocr_par' dir='ltr' id='par_1_46' title="bbox 2223 1825 3812 1899">
     <span class='ocr_line' id='line_1_46' title="bbox 2223 1825 3812 1899; baseline -0.001 -19"><span class='ocrx_word' id='word_1_365' title='bbox 2223 1841 2407 1897; x_wconf 91' lang='lat' dir='ltr'><strong>neque</strong></span> <span class='ocrx_word' id='word_1_366' title='bbox 2448 1825 2649 1896; x_wconf 88' lang='lat' dir='ltr'><strong>Filius,</strong></span> <span class='ocrx_word' id='word_1_367' title='bbox 2700 1827 2900 1883; x_wconf 90' lang='lat' dir='ltr'><strong>dicens</strong></span> <span class='ocrx_word' id='word_1_368' title='bbox 2927 1845 2938 1884; x_wconf 94' lang='lat'><strong>:</strong></span> <span class='ocrx_word' id='word_1_369' title='bbox 2972 1829 3092 1885; x_wconf 85' lang='lat' dir='ltr'><strong>Non</strong></span> <span class='ocrx_word' id='word_1_370' title='bbox 3116 1831 3246 1884; x_wconf 87' lang='lat' dir='ltr'><strong>novi</strong></span> <span class='ocrx_word' id='word_1_371' title='bbox 3276 1845 3366 1885; x_wconf 84' lang='lat' dir='ltr'><strong>vos</strong></span> <span class='ocrx_word' id='word_1_372' title='bbox 3393 1829 3555 1899; x_wconf 80' lang='lat' dir='ltr'><strong>(Matt.</strong></span> <span class='ocrx_word' id='word_1_373' title='bbox 3582 1843 3673 1896; x_wconf 84' lang='lat' dir='ltr'><strong>vn,</strong></span> <span class='ocrx_word' id='word_1_374' title='bbox 3699 1825 3812 1895; x_wconf 76' lang='lat'><strong>23)?</strong></span> 
     </span>
    </p>
   </div>
   <div class='ocr_carea' id='block_1_47' title="bbox 2222 1912 3811 1989">
    <p class='ocr_par' dir='ltr' id='par_1_47' title="bbox 2222 1912 3811 1989">
     <span class='ocr_line' id='line_1_47' title="bbox 2222 1912 3811 1989; baseline -0.002 -19"><span class='ocrx_word' id='word_1_375' title='bbox 2222 1915 2338 1970; x_wconf 90' lang='lat' dir='ltr'><strong>Nos</strong></span> <span class='ocrx_word' id='word_1_376' title='bbox 2360 1931 2493 1970; x_wconf 90' lang='lat' dir='ltr'><strong>cum</strong></span> <span class='ocrx_word' id='word_1_377' title='bbox 2517 1915 2704 1971; x_wconf 89' lang='lat' dir='ltr'><strong>simus</strong></span> <span class='ocrx_word' id='word_1_378' title='bbox 2727 1915 3015 1986; x_wconf 85' lang='lat' dir='ltr'><strong>homines,</strong></span> <span class='ocrx_word' id='word_1_379' title='bbox 3041 1917 3090 1973; x_wconf 89' lang='lat' dir='ltr'><strong>si</strong></span> <span class='ocrx_word' id='word_1_380' title='bbox 3111 1917 3310 1989; x_wconf 90' lang='lat' dir='ltr'><strong>aliqua</strong></span> <span class='ocrx_word' id='word_1_381' title='bbox 3335 1916 3609 1973; x_wconf 85' lang='lat' dir='ltr'><strong>fuerimus</strong></span> <span class='ocrx_word' id='word_1_382' title='bbox 3629 1912 3811 1987; x_wconf 57' lang='lat' dir='ltr'><strong>praediti</strong></span> 
     </span>
    </p>
   </div>
   <div class='ocr_carea' id='block_1_48' title="bbox 2219 2003 3814 2078">
    <p class='ocr_par' dir='ltr' id='par_1_48' title="bbox 2219 2003 3814 2078">
     <span class='ocr_line' id='line_1_48' title="bbox 2219 2003 3814 2078; baseline -0.002 -19"><span class='ocrx_word' id='word_1_383' title='bbox 2219 2004 2522 2075; x_wconf 86' lang='lat' dir='ltr'><strong>dignitate,</strong></span> <span class='ocrx_word' id='word_1_384' title='bbox 2539 2003 2683 2060; x_wconf 89' lang='lat' dir='ltr'><strong>alios</strong></span> <span class='ocrx_word' id='word_1_385' title='bbox 2696 2010 2896 2061; x_wconf 90' lang='lat' dir='ltr'><strong>nostra</strong></span> <span class='ocrx_word' id='word_1_386' title='bbox 2910 2006 3118 2062; x_wconf 88' lang='lat' dir='ltr'><strong>notitia</strong></span> <span class='ocrx_word' id='word_1_387' title='bbox 3129 2006 3511 2078; x_wconf 86' lang='lat' dir='ltr'><strong>dignos,alios</strong></span> <span class='ocrx_word' id='word_1_388' title='bbox 3524 2005 3814 2076; x_wconf 75' lang='lat' dir='ltr'><strong>judicamus</strong></span> 
     </span>
    </p>
   </div>
   <div class='ocr_carea' id='block_1_49' title="bbox 2222 2091 3812 2166">
    <p class='ocr_par' dir='ltr' id='par_1_49' title="bbox 2222 2091 3812 2166">
     <span class='ocr_line' id='line_1_49' title="bbox 2222 2091 3812 2166; baseline -0.001 -20"><span class='ocrx_word' id='word_1_389' title='bbox 2222 2093 2325 2158; x_wconf 88' lang='lat' dir='ltr'><strong>[AL</strong></span> <span class='ocrx_word' id='word_1_390' title='bbox 2351 2092 2770 2166; x_wconf 83' lang='lat' dir='ltr'><strong>judicavimusj</strong></span> <span class='ocrx_word' id='word_1_391' title='bbox 2793 2093 3064 2166; x_wconf 87' lang='lat' dir='ltr'><strong>indignos</strong></span> <span class='ocrx_word' id='word_1_392' title='bbox 3095 2113 3107 2163; x_wconf 94' lang='lat'><strong>;</strong></span> <span class='ocrx_word' id='word_1_393' title='bbox 3140 2099 3198 2150; x_wconf 91' lang='lat' dir='ltr'><strong>et</strong></span> <span class='ocrx_word' id='word_1_394' title='bbox 3217 2112 3373 2166; x_wconf 91' lang='lat' dir='ltr'><strong>quos</strong></span> <span class='ocrx_word' id='word_1_395' title='bbox 3398 2095 3544 2150; x_wconf 90' lang='lat' dir='ltr'><strong>scire</strong></span> <span class='ocrx_word' id='word_1_396' title='bbox 3563 2091 3812 2155; x_wconf 83' lang='lat' dir='ltr'><strong>nolumus,</strong></span> 
     </span>
    </p>
   </div>
   <div class='ocr_carea' id='block_1_50' title="bbox 2221 2179 3813 2253">
    <p class='ocr_par' dir='ltr' id='par_1_50' title="bbox 2221 2179 3813 2253">
     <span class='ocr_line' id='line_1_50' title="bbox 2221 2179 3813 2253; baseline -0.003 -17"><span class='ocrx_word' id='word_1_397' title='bbox 2221 2198 2408 2253; x_wconf 91' lang='lat' dir='ltr'><strong>neque</strong></span> <span class='ocrx_word' id='word_1_398' title='bbox 2429 2182 2629 2236; x_wconf 91' lang='lat' dir='ltr'><strong>audire</strong></span> <span class='ocrx_word' id='word_1_399' title='bbox 2653 2183 2945 2251; x_wconf 88' lang='lat' dir='ltr'><strong>volumus,</strong></span> <span class='ocrx_word' id='word_1_400' title='bbox 2972 2200 3072 2240; x_wconf 90' lang='lat' dir='ltr'><strong>eos</strong></span> <span class='ocrx_word' id='word_1_401' title='bbox 3092 2184 3414 2240; x_wconf 89' lang='lat' dir='ltr'><strong>nescimus.</strong></span> <span class='ocrx_word' id='word_1_402' title='bbox 3446 2181 3586 2248; x_wconf 85' lang='lat' dir='ltr'><strong>Quid</strong></span> <span class='ocrx_word' id='word_1_403' title='bbox 3613 2179 3813 2236; x_wconf 84' lang='lat' dir='ltr'><strong>arbitra-</strong></span> 
     </span>
    </p>
   </div>
   <div class='ocr_carea' id='block_1_51' title="bbox 2220 2269 3814 2333">
    <p class='ocr_par' dir='ltr' id='par_1_51' title="bbox 2220 2269 3814 2333">
     <span class='ocr_line' id='line_1_51' title="bbox 2220 2269 3814 2333; baseline -0.002 -9"><span class='ocrx_word' id='word_1_404' title='bbox 2220 2270 2302 2325; x_wconf 88' lang='lat' dir='ltr'><strong>ris</strong></span> <span class='ocrx_word' id='word_1_405' title='bbox 2334 2271 2406 2325; x_wconf 92' lang='lat' dir='ltr'><strong>de</strong></span> <span class='ocrx_word' id='word_1_406' title='bbox 2441 2269 2836 2326; x_wconf 88' lang='lat' dir='ltr'><strong>universitatis</strong></span> <span class='ocrx_word' id='word_1_407' title='bbox 2887 2273 2996 2327; x_wconf 91' lang='lat' dir='ltr'><strong>Deo</strong></span> <span class='ocrx_word' id='word_1_408' title='bbox 3028 2273 3056 2326; x_wconf 81' lang='lat'><strong>‘?</strong></span> <span class='ocrx_word' id='word_1_409' title='bbox 3098 2272 3238 2328; x_wconf 91' lang='lat' dir='ltr'><strong>Vult</strong></span> <span class='ocrx_word' id='word_1_410' title='bbox 3288 2273 3439 2329; x_wconf 89' lang='lat' dir='ltr'><strong>scire</strong></span> <span class='ocrx_word' id='word_1_411' title='bbox 3489 2272 3814 2333; x_wconf 86' lang='lat' dir='ltr'><strong>Pharaonem,</strong></span> 
     </span>
    </p>
   </div>
   <div class='ocr_carea' id='block_1_52' title="bbox 2217 2357 3815 2434">
    <p class='ocr_par' dir='ltr' id='par_1_52' title="bbox 2217 2357 3815 2434">
     <span class='ocr_line' id='line_1_52' title="bbox 2217 2357 3815 2434; baseline -0.003 -20"><span class='ocrx_word' id='word_1_412' title='bbox 2217 2359 2343 2414; x_wconf 86' lang='lat' dir='ltr'><strong>vult</strong></span> <span class='ocrx_word' id='word_1_413' title='bbox 2365 2359 2661 2431; x_wconf 53' lang='lat' dir='ltr'><strong>[Egyptios</strong></span> <span class='ocrx_word' id='word_1_414' title='bbox 2684 2376 2876 2431; x_wconf 89' lang='lat' dir='ltr'><strong>nosse,</strong></span> <span class='ocrx_word' id='word_1_415' title='bbox 2911 2362 3013 2418; x_wconf 91' lang='lat' dir='ltr'><strong>sed</strong></span> <span class='ocrx_word' id='word_1_416' title='bbox 3037 2361 3267 2434; x_wconf 90' lang='lat' dir='ltr'><strong>indigni</strong></span> <span class='ocrx_word' id='word_1_417' title='bbox 3301 2366 3442 2418; x_wconf 91' lang='lat' dir='ltr'><strong>sunt</strong></span> <span class='ocrx_word' id='word_1_418' title='bbox 3470 2359 3657 2416; x_wconf 87' lang='lat' dir='ltr'><strong>notitia</strong></span> <span class='ocrx_word' id='word_1_419' title='bbox 3679 2357 3815 2426; x_wconf 84' lang='lat' dir='ltr'><strong>ejus;</strong></span> 
     </span>
    </p>
   </div>
   <div class='ocr_carea' id='block_1_53' title="bbox 2221 2447 3814 2522">
    <p class='ocr_par' dir='ltr' id='par_1_53' title="bbox 2221 2447 3814 2522">
     <span class='ocr_line' id='line_1_53' title="bbox 2221 2447 3814 2522; baseline -0.004 -18"><span class='ocrx_word' id='word_1_420' title='bbox 2221 2448 2320 2504; x_wconf 90' lang='lat' dir='ltr'><strong>sed</strong></span> <span class='ocrx_word' id='word_1_421' title='bbox 2354 2449 2464 2520; x_wconf 88' lang='lat' dir='ltr'><strong>ipsi</strong></span> <span class='ocrx_word' id='word_1_422' title='bbox 2495 2449 2716 2503; x_wconf 88' lang='lat' dir='ltr'><strong>faciunt</strong></span> <span class='ocrx_word' id='word_1_423' title='bbox 2741 2454 2806 2504; x_wconf 90' lang='lat' dir='ltr'><strong>ut</strong></span> <span class='ocrx_word' id='word_1_424' title='bbox 2833 2449 3191 2522; x_wconf 89' lang='lat' dir='ltr'><strong>ignorentur.</strong></span> <span class='ocrx_word' id='word_1_425' title='bbox 3229 2453 3354 2508; x_wconf 89' lang='lat' dir='ltr'><strong>Scit</strong></span> <span class='ocrx_word' id='word_1_426' title='bbox 3383 2455 3573 2506; x_wconf 91' lang='lat' dir='ltr'><strong>autem</strong></span> <span class='ocrx_word' id='word_1_427' title='bbox 3603 2447 3814 2518; x_wconf 77' lang='lat' dir='ltr'><strong>Moysen,</strong></span> 
     </span>
    </p>
   </div>
   <div class='ocr_carea' id='block_1_54' title="bbox 2221 2534 3816 2611">
    <p class='ocr_par' dir='ltr' id='par_1_54' title="bbox 2221 2534 3816 2611">
     <span class='ocr_line' id='line_1_54' title="bbox 2221 2534 3816 2611; baseline -0.003 -19"><span class='ocrx_word' id='word_1_428' title='bbox 2221 2537 2331 2592; x_wconf 91' lang='lat' dir='ltr'><strong>scit</strong></span> <span class='ocrx_word' id='word_1_429' title='bbox 2352 2537 2684 2609; x_wconf 86' lang='lat' dir='ltr'><strong>prophetas,</strong></span> <span class='ocrx_word' id='word_1_430' title='bbox 2706 2542 2763 2593; x_wconf 91' lang='lat' dir='ltr'><strong>et</strong></span> <span class='ocrx_word' id='word_1_431' title='bbox 2783 2539 2831 2594; x_wconf 90' lang='lat' dir='ltr'><strong>si</strong></span> <span class='ocrx_word' id='word_1_432' title='bbox 2854 2539 2987 2611; x_wconf 90' lang='lat' dir='ltr'><strong>quis</strong></span> <span class='ocrx_word' id='word_1_433' title='bbox 3013 2539 3224 2597; x_wconf 91' lang='lat' dir='ltr'><strong>similis</strong></span> <span class='ocrx_word' id='word_1_434' title='bbox 3250 2557 3458 2597; x_wconf 89' lang='lat' dir='ltr'><strong>eorum</strong></span> <span class='ocrx_word' id='word_1_435' title='bbox 3480 2542 3582 2594; x_wconf 86' lang='lat' dir='ltr'><strong>est.</strong></span> <span class='ocrx_word' id='word_1_436' title='bbox 3613 2534 3816 2592; x_wconf 87' lang='lat' dir='ltr'><strong>Multum</strong></span> 
     </span>
    </p>
   </div>
   <div class='ocr_carea' id='block_1_55' title="bbox 2220 2623 3816 2703">
    <p class='ocr_par' dir='ltr' id='par_1_55' title="bbox 2220 2623 3816 2703">
     <span class='ocr_line' id='line_1_55' title="bbox 2220 2623 3816 2703; baseline -0.005 -21"><span class='ocrx_word' id='word_1_437' title='bbox 2220 2632 2277 2682; x_wconf 85' lang='lat' dir='ltr'><strong>te</strong></span> <span class='ocrx_word' id='word_1_438' title='bbox 2308 2631 2531 2698; x_wconf 89' lang='lat' dir='ltr'><strong>oportet</strong></span> <span class='ocrx_word' id='word_1_439' title='bbox 2559 2626 2842 2698; x_wconf 90' lang='lat' dir='ltr'><strong>loborare,</strong></span> <span class='ocrx_word' id='word_1_440' title='bbox 2897 2633 2962 2683; x_wconf 93' lang='lat' dir='ltr'><strong>ut</strong></span> <span class='ocrx_word' id='word_1_441' title='bbox 3012 2630 3170 2685; x_wconf 89' lang='lat' dir='ltr'><strong>nosci</strong></span> <span class='ocrx_word' id='word_1_442' title='bbox 3201 2629 3510 2703; x_wconf 84' lang='lat' dir='ltr'><strong>incipiaris</strong></span> <span class='ocrx_word' id='word_1_443' title='bbox 3538 2645 3570 2684; x_wconf 89' lang='lat' dir='ltr'><strong>a</strong></span> <span class='ocrx_word' id='word_1_444' title='bbox 3596 2623 3816 2682; x_wconf 88' lang='lat' dir='ltr'><strong>Domino.</strong></span> 
     </span>
    </p>
   </div>
   <div class='ocr_carea' id='block_1_56' title="bbox 2219 2716 3819 2790">
    <p class='ocr_par' dir='ltr' id='par_1_56' title="bbox 2219 2716 3819 2790">
     <span class='ocr_line' id='line_1_56' title="bbox 2219 2716 3819 2790; baseline -0.004 -17"><span class='ocrx_word' id='word_1_445' title='bbox 2219 2716 2532 2773; x_wconf 87' lang='lat' dir='ltr'><strong>Jeremiam</strong></span> <span class='ocrx_word' id='word_1_446' title='bbox 2551 2716 2811 2788; x_wconf 81' lang='lat' dir='ltr'><strong>quidem,</strong></span> <span class='ocrx_word' id='word_1_447' title='bbox 2826 2717 3167 2789; x_wconf 87' lang='lat' dir='ltr'><strong>priusquam</strong></span> <span class='ocrx_word' id='word_1_448' title='bbox 3188 2716 3630 2790; x_wconf 87' lang='lat' dir='ltr'><strong>plasmaveritin</strong></span> <span class='ocrx_word' id='word_1_449' title='bbox 3642 2717 3819 2778; x_wconf 77' lang='lat' dir='ltr'><strong>ventre,</strong></span> 
     </span>
    </p>
   </div>
   <div class='ocr_carea' id='block_1_57' title="bbox 2221 2805 3824 2880">
    <p class='ocr_par' dir='ltr' id='par_1_57' title="bbox 2221 2805 3824 2880">
     <span class='ocr_line' id='line_1_57' title="bbox 2221 2805 3824 2880; baseline -0.004 -20"><span class='ocrx_word' id='word_1_450' title='bbox 2221 2806 2531 2877; x_wconf 91' lang='lat' dir='ltr'><strong>cognovit:</strong></span> <span class='ocrx_word' id='word_1_451' title='bbox 2583 2805 2764 2861; x_wconf 90' lang='lat' dir='ltr'><strong>alium</strong></span> <span class='ocrx_word' id='word_1_452' title='bbox 2795 2823 2927 2862; x_wconf 86' lang='lat' dir='ltr'><strong>vero</strong></span> <span class='ocrx_word' id='word_1_453' title='bbox 2958 2807 3028 2862; x_wconf 91' lang='lat' dir='ltr'><strong>de</strong></span> <span class='ocrx_word' id='word_1_454' title='bbox 3058 2807 3367 2880; x_wconf 87' lang='lat' dir='ltr'><strong>prophetis</strong></span> <span class='ocrx_word' id='word_1_455' title='bbox 3405 2807 3640 2880; x_wconf 86' lang='lat' dir='ltr'><strong>triginta</strong></span> <span class='ocrx_word' id='word_1_456' title='bbox 3679 2816 3824 2858; x_wconf 85' lang='lat' dir='ltr'><strong>anno-</strong></span> 
     </span>
    </p>
   </div>
   <div class='ocr_carea' id='block_1_58' title="bbox 2222 2891 3826 2967">
    <p class='ocr_par' dir='ltr' id='par_1_58' title="bbox 2222 2891 3826 2967">
     <span class='ocr_line' id='line_1_58' title="bbox 2222 2891 3826 2967; baseline -0.004 -19"><span class='ocrx_word' id='word_1_457' title='bbox 2222 2911 2351 2949; x_wconf 90' lang='lat' dir='ltr'><strong>rum</strong></span> <span class='ocrx_word' id='word_1_458' title='bbox 2371 2895 2544 2966; x_wconf 75' lang='lat' dir='ltr'><strong>cmpit</strong></span> <span class='ocrx_word' id='word_1_459' title='bbox 2561 2911 2755 2961; x_wconf 90' lang='lat' dir='ltr'><strong>nosse,</strong></span> <span class='ocrx_word' id='word_1_460' title='bbox 2771 2894 2952 2950; x_wconf 91' lang='lat' dir='ltr'><strong>alium</strong></span> <span class='ocrx_word' id='word_1_461' title='bbox 2975 2896 3388 2967; x_wconf 83' lang='lat' dir='ltr'><strong>quadraginta.</strong></span> <span class='ocrx_word' id='word_1_462' title='bbox 3409 2897 3704 2953; x_wconf 87' lang='lat' dir='ltr'><strong>Sermones</strong></span> <span class='ocrx_word' id='word_1_463' title='bbox 3717 2891 3826 2946; x_wconf 87' lang='lat' dir='ltr'><strong>sunt</strong></span> 
     </span>
    </p>
   </div>
   <div class='ocr_carea' id='block_1_59' title="bbox 2220 2982 3830 3058">
    <p class='ocr_par' dir='ltr' id='par_1_59' title="bbox 2220 2982 3830 3058">
     <span class='ocr_line' id='line_1_59' title="bbox 2220 2982 3830 3058; baseline -0.001 -22"><span class='ocrx_word' id='word_1_464' title='bbox 2220 2982 2544 3039; x_wconf 83' lang='lat' dir='ltr'><strong>ineﬁ‘abiles</strong></span> <span class='ocrx_word' id='word_1_465' title='bbox 2586 2984 2658 3038; x_wconf 91' lang='lat' dir='ltr'><strong>de</strong></span> <span class='ocrx_word' id='word_1_466' title='bbox 2696 2983 3012 3055; x_wconf 87' lang='lat' dir='ltr'><strong>Salvatore,</strong></span> <span class='ocrx_word' id='word_1_467' title='bbox 3061 2989 3119 3040; x_wconf 91' lang='lat' dir='ltr'><strong>et</strong></span> <span class='ocrx_word' id='word_1_468' title='bbox 3156 3001 3276 3040; x_wconf 88' lang='lat' dir='ltr'><strong>non</strong></span> <span class='ocrx_word' id='word_1_469' title='bbox 3326 2999 3673 3058; x_wconf 88' lang='lat' dir='ltr'><strong>magnopere</strong></span> <span class='ocrx_word' id='word_1_470' title='bbox 3707 2994 3830 3051; x_wconf 73' lang='lat' dir='ltr'><strong>qua:-</strong></span> 
     </span>
    </p>
   </div>
   <div class='ocr_carea' id='block_1_60' title="bbox 2221 3065 3832 3145">
    <p class='ocr_par' dir='ltr' id='par_1_60' title="bbox 2221 3065 3832 3145">
     <span class='ocr_line' id='line_1_60' title="bbox 2221 3065 3832 3145; baseline -0.004 -20"><span class='ocrx_word' id='word_1_471' title='bbox 2221 3070 2421 3126; x_wconf 90' lang='lat' dir='ltr'><strong>rendi:</strong></span> <span class='ocrx_word' id='word_1_472' title='bbox 2455 3072 2524 3126; x_wconf 90' lang='lat' dir='ltr'><strong>de</strong></span> <span class='ocrx_word' id='word_1_473' title='bbox 2552 3071 2807 3126; x_wconf 87' lang='lat' dir='ltr'><strong>Jeremia</strong></span> <span class='ocrx_word' id='word_1_474' title='bbox 2835 3088 2992 3140; x_wconf 89' lang='lat' dir='ltr'><strong>vero,</strong></span> <span class='ocrx_word' id='word_1_475' title='bbox 3023 3089 3224 3128; x_wconf 90' lang='lat' dir='ltr'><strong>eorum</strong></span> <span class='ocrx_word' id='word_1_476' title='bbox 3260 3075 3372 3145; x_wconf 90' lang='lat' dir='ltr'><strong>qui</strong></span> <span class='ocrx_word' id='word_1_477' title='bbox 3401 3072 3691 3130; x_wconf 84' lang='lat' dir='ltr'><strong>scientiam</strong></span> <span class='ocrx_word' id='word_1_478' title='bbox 3711 3065 3832 3123; x_wconf 82' lang='lat' dir='ltr'><strong>Scri-</strong></span> 
     </span>
    </p>
   </div>
   <div class='ocr_carea' id='block_1_61' title="bbox 2220 3153 3836 3236">
    <p class='ocr_par' dir='ltr' id='par_1_61' title="bbox 2220 3153 3836 3236">
     <span class='ocr_line' id='line_1_61' title="bbox 2220 3153 3836 3236; baseline -0.003 -22"><span class='ocrx_word' id='word_1_479' title='bbox 2220 3164 2321 3232; x_wconf 91' lang='lat' dir='ltr'><strong>ptu</strong></span> <span class='ocrx_word' id='word_1_480' title='bbox 2331 3175 2524 3215; x_wconf 90' lang='lat' dir='ltr'><strong>rarum</strong></span> <span class='ocrx_word' id='word_1_481' title='bbox 2538 3159 3096 3233; x_wconf 88' lang='lat' dir='ltr'><strong>habent,auribus(e)</strong></span> <span class='ocrx_word' id='word_1_482' title='bbox 3111 3159 3762 3236; x_wconf 87' lang='lat' dir='ltr'><strong>indigemus,quomodo</strong></span> <span class='ocrx_word' id='word_1_483' title='bbox 3772 3153 3836 3210; x_wconf 86' lang='lat' dir='ltr'><strong>di-</strong></span> 
     </span>
    </p>
   </div>
   <div class='ocr_carea' id='block_1_62' title="bbox 2221 3250 3836 3322">
    <p class='ocr_par' dir='ltr' id='par_1_62' title="bbox 2221 3250 3836 3322">
     <span class='ocr_line' id='line_1_62' title="bbox 2221 3250 3836 3322; baseline -0.004 -19"><span class='ocrx_word' id='word_1_484' title='bbox 2221 3253 2314 3303; x_wconf 91' lang='lat' dir='ltr'><strong>cat</strong></span> <span class='ocrx_word' id='word_1_485' title='bbox 2339 3265 2352 3303; x_wconf 93' lang='lat'><strong>:</strong></span> <span class='ocrx_word' id='word_1_486' title='bbox 2402 3250 2736 3321; x_wconf 79' lang='lat' dir='ltr'><strong>Priusquam</strong></span> <span class='ocrx_word' id='word_1_487' title='bbox 2765 3259 2815 3306; x_wconf 85' lang='lat' dir='ltr'><strong>te</strong></span> <span class='ocrx_word' id='word_1_488' title='bbox 2839 3251 3173 3322; x_wconf 85' lang='lat' dir='ltr'><strong>plasmarem</strong></span> <span class='ocrx_word' id='word_1_489' title='bbox 3200 3253 3262 3307; x_wconf 85' lang='lat' dir='ltr'><strong>in</strong></span> <span class='ocrx_word' id='word_1_490' title='bbox 3289 3256 3486 3319; x_wconf 73' lang='lat' dir='ltr'><strong>utero,</strong></span> <span class='ocrx_word' id='word_1_491' title='bbox 3535 3251 3663 3306; x_wconf 83' lang='lat' dir='ltr'><strong>novi</strong></span> <span class='ocrx_word' id='word_1_492' title='bbox 3685 3254 3767 3302; x_wconf 84' lang='lat' dir='ltr'><strong>te:</strong></span> <span class='ocrx_word' id='word_1_493' title='bbox 3797 3250 3836 3299; x_wconf 84' lang='lat' dir='ltr'><strong>et</strong></span> 
     </span>
    </p>
   </div>
   <div class='ocr_carea' id='block_1_63' title="bbox 462 3309 3837 3410">
    <p class='ocr_par' dir='ltr' id='par_1_63' title="bbox 462 3309 3837 3410">
     <span class='ocr_line' id='line_1_63' title="bbox 462 3309 3837 3410; baseline -0.005 -6"><span class='ocrx_word' id='word_1_494' title='bbox 462 3315 588 3371; x_wconf 66' lang='grc' dir='ltr'><strong>Νθιί</strong></span> <span class='ocrx_word' id='word_1_495' title='bbox 615 3314 797 3369; x_wconf 61' lang='lat' dir='ltr'><strong>dicere</strong></span> <span class='ocrx_word' id='word_1_496' title='bbox 817 3331 837 3368; x_wconf 64' lang='grc'><strong><em>³</em></strong></span> <span class='ocrx_word' id='word_1_497' title='bbox 883 3311 1687 3410; x_wconf 58' lang='lat' dir='ltr'><strong>’ff?9&quot;“_e99_‘,“m;qf‘0{“am</strong></span> <span class='ocrx_word' id='word_1_498' title='bbox 1713 3309 1795 3365; x_wconf 71' lang='lat' dir='ltr'><strong>ad</strong></span> <span class='ocrx_word' id='word_1_499' title='bbox 1821 3311 2106 3410; x_wconf 50' lang='lat' dir='ltr'><strong>(6),?mne‘</strong></span> <span class='ocrx_word' id='word_1_500' title='bbox 2136 3325 2179 3392; x_wconf 92' lang='lat' dir='ltr'>C</span> <span class='ocrx_word' id='word_1_501' title='bbox 2215 3338 2541 3408; x_wconf 76' lang='lat' dir='ltr'><strong>priusquam</strong></span> <span class='ocrx_word' id='word_1_502' title='bbox 2568 3309 2747 3394; x_wconf 69' lang='lat' dir='ltr'><strong>exii-es</strong></span> <span class='ocrx_word' id='word_1_503' title='bbox 2767 3309 3024 3395; x_wconf 42' lang='lat' dir='ltr'><strong>de‘vulva</strong></span> <span class='ocrx_word' id='word_1_504' title='bbox 3043 3342 3243 3396; x_wconf 85' lang='lat' dir='ltr'><strong>matris</strong></span> <span class='ocrx_word' id='word_1_505' title='bbox 3274 3309 3752 3410; x_wconf 59' lang='lat' dir='ltr'><strong>tuw,sanctiﬁcavi</strong></span> <span class='ocrx_word' id='word_1_506' title='bbox 3771 3337 3837 3388; x_wconf 84' lang='lat' dir='ltr'><strong>te:</strong></span> 
     </span>
    </p>
   </div>
   <div class='ocr_carea' id='block_1_64' title="bbox 463 3397 2105 3475">
    <p class='ocr_par' dir='ltr' id='par_1_64' title="bbox 463 3397 2105 3475">
     <span class='ocr_line' id='line_1_64' title="bbox 463 3397 2105 3475; baseline -0.003 -18"><span class='ocrx_word' id='word_1_507' title='bbox 463 3417 826 3475; x_wconf 82' lang='lat' dir='ltr'><strong>quoscumque</strong></span> <span class='ocrx_word' id='word_1_508' title='bbox 852 3402 1070 3456; x_wconf 84' lang='lat' dir='ltr'><strong>mittam</strong></span> <span class='ocrx_word' id='word_1_509' title='bbox 1099 3403 1168 3466; x_wconf 88' lang='lat' dir='ltr'><strong>te,</strong></span> <span class='ocrx_word' id='word_1_510' title='bbox 1200 3399 1326 3456; x_wconf 83' lang='lat' dir='ltr'><strong>ibis.</strong></span> <span class='ocrx_word' id='word_1_511' title='bbox 1377 3397 1597 3454; x_wconf 88' lang='lat' dir='ltr'><strong>Deinde</strong></span> <span class='ocrx_word' id='word_1_512' title='bbox 1629 3397 1947 3453; x_wconf 90' lang='lat' dir='ltr'><strong>commovit</strong></span> <span class='ocrx_word' id='word_1_513' title='bbox 1979 3413 2105 3452; x_wconf 90' lang='lat' dir='ltr'><strong>ma-</strong></span> 
     </span>
    </p>
   </div>
   <div class='ocr_carea' id='block_1_65' title="bbox 464 3485 2108 3562">
    <p class='ocr_par' dir='ltr' id='par_1_65' title="bbox 464 3485 2108 3562">
     <span class='ocr_line' id='line_1_65' title="bbox 464 3485 2108 3562; baseline -0.004 -14"><span class='ocrx_word' id='word_1_514' title='bbox 464 3509 607 3548; x_wconf 92' lang='lat' dir='ltr'><strong>num</strong></span> <span class='ocrx_word' id='word_1_515' title='bbox 639 3491 710 3547; x_wconf 89' lang='lat' dir='ltr'><strong>ad</strong></span> <span class='ocrx_word' id='word_1_516' title='bbox 735 3491 1097 3562; x_wconf 88' lang='lat' dir='ltr'><strong>tangendum</strong></span> <span class='ocrx_word' id='word_1_517' title='bbox 1121 3506 1184 3544; x_wconf 89' lang='lat' dir='ltr'><strong>os</strong></span> <span class='ocrx_word' id='word_1_518' title='bbox 1205 3489 1354 3559; x_wconf 89' lang='lat' dir='ltr'><strong>ejus,</strong></span> <span class='ocrx_word' id='word_1_519' title='bbox 1389 3492 1452 3542; x_wconf 90' lang='lat' dir='ltr'><strong>ut</strong></span> <span class='ocrx_word' id='word_1_520' title='bbox 1472 3487 1524 3543; x_wconf 94' lang='lat' dir='ltr'><strong>ei</strong></span> <span class='ocrx_word' id='word_1_521' title='bbox 1546 3487 1645 3542; x_wconf 90' lang='lat' dir='ltr'><strong>det</strong></span> <span class='ocrx_word' id='word_1_522' title='bbox 1664 3487 1857 3551; x_wconf 82' lang='lat' dir='ltr'><strong>verba,</strong></span> <span class='ocrx_word' id='word_1_523' title='bbox 1890 3485 2108 3558; x_wconf 87' lang='lat' dir='ltr'><strong>quibus</strong></span> 
     </span>
    </p>
   </div>
   <div class='ocr_carea' id='block_1_66' title="bbox 461 3574 2110 3652">
    <p class='ocr_par' dir='ltr' id='par_1_66' title="bbox 461 3574 2110 3652">
     <span class='ocr_line' id='line_1_66' title="bbox 461 3574 2110 3652; baseline -0.006 -14"><span class='ocrx_word' id='word_1_524' title='bbox 461 3581 716 3639; x_wconf 90' lang='lat' dir='ltr'><strong>eradicet</strong></span> <span class='ocrx_word' id='word_1_525' title='bbox 761 3579 1024 3652; x_wconf 88' lang='lat' dir='ltr'><strong>imperia.</strong></span> <span class='ocrx_word' id='word_1_526' title='bbox 1073 3578 1272 3649; x_wconf 89' lang='lat' dir='ltr'><strong>Neque</strong></span> <span class='ocrx_word' id='word_1_527' title='bbox 1319 3593 1451 3632; x_wconf 91' lang='lat' dir='ltr'><strong>vero</strong></span> <span class='ocrx_word' id='word_1_528' title='bbox 1506 3575 1807 3648; x_wconf 86' lang='lat' dir='ltr'><strong>indigebat</strong></span> <span class='ocrx_word' id='word_1_529' title='bbox 1849 3574 2110 3630; x_wconf 88' lang='lat' dir='ltr'><strong>Salvator</strong></span> 
     </span>
    </p>
   </div>
   <div class='ocr_carea' id='block_1_67' title="bbox 459 3671 2107 3748">
    <p class='ocr_par' dir='ltr' id='par_1_67' title="bbox 459 3671 2107 3748">
     <span class='ocr_line' id='line_1_67' title="bbox 459 3671 2107 3748; baseline -0.007 -11"><span class='ocrx_word' id='word_1_530' title='bbox 459 3680 676 3745; x_wconf 87' lang='lat' dir='ltr'><strong>verbis,</strong></span> <span class='ocrx_word' id='word_1_531' title='bbox 705 3682 774 3734; x_wconf 91' lang='lat' dir='ltr'><strong>ut</strong></span> <span class='ocrx_word' id='word_1_532' title='bbox 802 3694 871 3733; x_wconf 91' lang='lat' dir='ltr'><strong>ea</strong></span> <span class='ocrx_word' id='word_1_533' title='bbox 898 3676 1207 3748; x_wconf 88' lang='lat' dir='ltr'><strong>acciperet,</strong></span> <span class='ocrx_word' id='word_1_534' title='bbox 1243 3674 1476 3746; x_wconf 88' lang='lat' dir='ltr'><strong>quando</strong></span> <span class='ocrx_word' id='word_1_535' title='bbox 1507 3676 1632 3728; x_wconf 90' lang='lat' dir='ltr'><strong>erat</strong></span> <span class='ocrx_word' id='word_1_536' title='bbox 1661 3673 1719 3726; x_wconf 90' lang='lat' dir='ltr'><strong>in</strong></span> <span class='ocrx_word' id='word_1_537' title='bbox 1752 3672 1938 3738; x_wconf 88' lang='lat' dir='ltr'><strong>Patre,</strong></span> <span class='ocrx_word' id='word_1_538' title='bbox 1970 3671 2107 3726; x_wconf 89' lang='lat' dir='ltr'><strong>nul-</strong></span> 
     </span>
    </p>
   </div>
   <div class='ocr_carea' id='block_1_68' title="bbox 462 3761 2108 3839">
    <p class='ocr_par' dir='ltr' id='par_1_68' title="bbox 462 3761 2108 3839">
     <span class='ocr_line' id='line_1_68' title="bbox 462 3761 2108 3839; baseline -0.005 -14"><span class='ocrx_word' id='word_1_539' title='bbox 462 3769 537 3826; x_wconf 86' lang='lat' dir='ltr'><strong>lis</strong></span> <span class='ocrx_word' id='word_1_540' title='bbox 558 3770 617 3824; x_wconf 90' lang='lat' dir='ltr'><strong>in</strong></span> <span class='ocrx_word' id='word_1_541' title='bbox 639 3766 780 3824; x_wconf 81' lang='lat' dir='ltr'><strong>ccelo</strong></span> <span class='ocrx_word' id='word_1_542' title='bbox 800 3766 1015 3839; x_wconf 90' lang='lat' dir='ltr'><strong>dignis,</strong></span> <span class='ocrx_word' id='word_1_543' title='bbox 1039 3781 1167 3837; x_wconf 63' lang='lat' dir='ltr'><strong>qua</strong></span> <span class='ocrx_word' id='word_1_544' title='bbox 1191 3766 1549 3819; x_wconf 87' lang='lat' dir='ltr'><strong>mererentur</strong></span> <span class='ocrx_word' id='word_1_545' title='bbox 1578 3762 1774 3818; x_wconf 90' lang='lat' dir='ltr'><strong>everti.</strong></span> <span class='ocrx_word' id='word_1_546' title='bbox 1808 3761 1916 3818; x_wconf 91' lang='lat' dir='ltr'><strong>Sed</strong></span> <span class='ocrx_word' id='word_1_547' title='bbox 1953 3778 2108 3816; x_wconf 89' lang='lat' dir='ltr'><strong>nunc</strong></span> 
     </span>
    </p>
   </div>
   <div class='ocr_carea' id='block_1_69' title="bbox 461 3850 2108 3930">
    <p class='ocr_par' dir='ltr' id='par_1_69' title="bbox 461 3850 2108 3930">
     <span class='ocr_line' id='line_1_69' title="bbox 461 3850 2108 3930; baseline -0.005 -15"><span class='ocrx_word' id='word_1_548' title='bbox 461 3857 680 3930; x_wconf 89' lang='lat' dir='ltr'><strong>accipit</strong></span> <span class='ocrx_word' id='word_1_549' title='bbox 698 3873 891 3928; x_wconf 90' lang='lat' dir='ltr'><strong>parva,</strong></span> <span class='ocrx_word' id='word_1_550' title='bbox 926 3855 1000 3926; x_wconf 78' lang='grc' dir='ltr'><strong>(ά)</strong></span> <span class='ocrx_word' id='word_1_551' title='bbox 1031 3854 1304 3909; x_wconf 74' lang='lat' dir='ltr'><strong>differens</strong></span> <span class='ocrx_word' id='word_1_552' title='bbox 1325 3853 1548 3923; x_wconf 89' lang='lat' dir='ltr'><strong>majora</strong></span> <span class='ocrx_word' id='word_1_553' title='bbox 1568 3850 1884 3924; x_wconf 89' lang='lat' dir='ltr'><strong>paulisper.</strong></span> <span class='ocrx_word' id='word_1_554' title='bbox 1917 3852 2108 3922; x_wconf 90' lang='lat' dir='ltr'><strong>Atque</strong></span> 
     </span>
    </p>
   </div>
   <div class='ocr_carea' id='block_1_70' title="bbox 463 3939 2102 4016">
    <p class='ocr_par' dir='ltr' id='par_1_70' title="bbox 463 3939 2102 4016">
     <span class='ocr_line' id='line_1_70' title="bbox 463 3939 2102 4016; baseline -0.005 -14"><span class='ocrx_word' id='word_1_555' title='bbox 463 3948 546 4004; x_wconf 89' lang='lat' dir='ltr'><strong>ita</strong></span> <span class='ocrx_word' id='word_1_556' title='bbox 573 3964 644 4004; x_wconf 79' lang='lat' dir='ltr'><strong>ex</strong></span> <span class='ocrx_word' id='word_1_557' title='bbox 671 3945 780 4001; x_wconf 90' lang='lat' dir='ltr'><strong>hoc</strong></span> <span class='ocrx_word' id='word_1_558' title='bbox 805 3945 1182 4016; x_wconf 88' lang='lat' dir='ltr'><strong>approbatur,</strong></span> <span class='ocrx_word' id='word_1_559' title='bbox 1215 3941 1366 3998; x_wconf 91' lang='lat' dir='ltr'><strong>sicut</strong></span> <span class='ocrx_word' id='word_1_560' title='bbox 1396 3940 1536 3996; x_wconf 88' lang='lat' dir='ltr'><strong>alibi</strong></span> <span class='ocrx_word' id='word_1_561' title='bbox 1563 3939 1815 4012; x_wconf 86' lang='lat' dir='ltr'><strong>gloriose</strong></span> <span class='ocrx_word' id='word_1_562' title='bbox 1845 3939 2102 3995; x_wconf 78' lang='lat' dir='ltr'><strong>dixerat:</strong></span> 
     </span>
    </p>
   </div>
   <div class='ocr_carea' id='block_1_71' title="bbox 459 4028 2130 4104">
    <p class='ocr_par' dir='ltr' id='par_1_71' title="bbox 459 4028 2130 4104">
     <span class='ocr_line' id='line_1_71' title="bbox 459 4028 2130 4104; baseline -0.006 -12"><span class='ocrx_word' id='word_1_563' title='bbox 459 4036 648 4093; x_wconf 85' lang='lat' dir='ltr'><strong>Nescio</strong></span> <span class='ocrx_word' id='word_1_564' title='bbox 663 4049 775 4102; x_wconf 79' lang='lat' dir='ltr'><strong>vos,</strong></span> <span class='ocrx_word' id='word_1_565' title='bbox 794 4034 926 4104; x_wconf 92' lang='lat' dir='ltr'><strong>quia</strong></span> <span class='ocrx_word' id='word_1_566' title='bbox 940 4033 1185 4104; x_wconf 87' lang='lat' dir='ltr'><strong>operarii</strong></span> <span class='ocrx_word' id='word_1_567' title='bbox 1201 4032 1334 4086; x_wconf 84' lang='lat' dir='ltr'><strong>estis</strong></span> <span class='ocrx_word' id='word_1_568' title='bbox 1349 4030 1661 4102; x_wconf 81' lang='lat' dir='ltr'><strong>iniquitatis</strong></span> <span class='ocrx_word' id='word_1_569' title='bbox 1678 4031 1830 4102; x_wconf 85' lang='lat' dir='ltr'><strong>(Luc.</strong></span> <span class='ocrx_word' id='word_1_570' title='bbox 1851 4045 1975 4093; x_wconf 86' lang='lat' dir='ltr'><strong>xm,</strong></span> <span class='ocrx_word' id='word_1_571' title='bbox 1990 4028 2104 4097; x_wconf 87' lang='lat'><strong>27),</strong></span> <span class='ocrx_word' id='word_1_572' title='bbox 2125 4061 2130 4064; x_wconf 98' lang='lat'><strong><em>-</em></strong></span> 
     </span>
    </p>
   </div>
   <div class='ocr_carea' id='block_1_72' title="bbox 461 4125 2107 4201">
    <p class='ocr_par' dir='ltr' id='par_1_72' title="bbox 461 4125 2107 4201">
     <span class='ocr_line' id='line_1_72' title="bbox 461 4125 2107 4201; baseline -0.005 -13"><span class='ocrx_word' id='word_1_573' title='bbox 461 4135 521 4188; x_wconf 87' lang='lat' dir='ltr'><strong>et</strong></span> <span class='ocrx_word' id='word_1_574' title='bbox 549 4147 704 4186; x_wconf 90' lang='lat' dir='ltr'><strong>nunc</strong></span> <span class='ocrx_word' id='word_1_575' title='bbox 732 4131 908 4186; x_wconf 91' lang='lat' dir='ltr'><strong>verba</strong></span> <span class='ocrx_word' id='word_1_576' title='bbox 935 4129 1186 4201; x_wconf 87' lang='lat' dir='ltr'><strong>gloriose</strong></span> <span class='ocrx_word' id='word_1_577' title='bbox 1214 4129 1527 4199; x_wconf 89' lang='lat' dir='ltr'><strong>accepisse,</strong></span> <span class='ocrx_word' id='word_1_578' title='bbox 1569 4143 1700 4182; x_wconf 92' lang='lat' dir='ltr'><strong>cum</strong></span> <span class='ocrx_word' id='word_1_579' title='bbox 1734 4126 1890 4182; x_wconf 85' lang='lat' dir='ltr'><strong>Deus</strong></span> <span class='ocrx_word' id='word_1_580' title='bbox 1920 4125 2019 4191; x_wconf 88' lang='lat' dir='ltr'><strong>sit,</strong></span> <span class='ocrx_word' id='word_1_581' title='bbox 2051 4129 2107 4180; x_wconf 89' lang='lat' dir='ltr'><strong>et</strong></span> 
     </span>
    </p>
   </div>
   <div class='ocr_carea' id='block_1_73' title="bbox 453 4214 2104 4291">
    <p class='ocr_par' dir='ltr' id='par_1_73' title="bbox 453 4214 2104 4291">
     <span class='ocr_line' id='line_1_73' title="bbox 453 4214 2104 4291; baseline -0.003 -17"><span class='ocrx_word' id='word_1_582' title='bbox 453 4221 625 4291; x_wconf 80' lang='lat' dir='ltr'><strong>juxta</strong></span> <span class='ocrx_word' id='word_1_583' title='bbox 646 4218 1142 4290; x_wconf 89' lang='lat' dir='ltr'><strong>magniﬁcentiam</strong></span> <span class='ocrx_word' id='word_1_584' title='bbox 1166 4234 1284 4272; x_wconf 67' lang='lat' dir='ltr'><strong>sua</strong></span> <span class='ocrx_word' id='word_1_585' title='bbox 1305 4217 1521 4272; x_wconf 83' lang='lat' dir='ltr'><strong>dixisse</strong></span> <span class='ocrx_word' id='word_1_586' title='bbox 1543 4214 1773 4287; x_wconf 62' lang='lat' dir='ltr'><strong>gloriae:</strong></span> <span class='ocrx_word' id='word_1_587' title='bbox 1805 4216 1996 4270; x_wconf 84' lang='lat' dir='ltr'><strong>Nescio</strong></span> <span class='ocrx_word' id='word_1_588' title='bbox 2027 4215 2104 4269; x_wconf 90' lang='lat' dir='ltr'><strong>lo-</strong></span> 
     </span>
    </p>
   </div>
   <div class='ocr_carea' id='block_1_74' title="bbox 459 4302 2105 4380">
    <p class='ocr_par' dir='ltr' id='par_1_74' title="bbox 459 4302 2105 4380">
     <span class='ocr_line' id='line_1_74' title="bbox 459 4302 2105 4380; baseline -0.002 -17"><span class='ocrx_word' id='word_1_589' title='bbox 459 4309 576 4380; x_wconf 85' lang='lat' dir='ltr'><strong>‘qui,</strong></span> <span class='ocrx_word' id='word_1_590' title='bbox 610 4307 668 4363; x_wconf 92' lang='lat' dir='ltr'><strong>id</strong></span> <span class='ocrx_word' id='word_1_591' title='bbox 698 4311 806 4374; x_wconf 88' lang='lat' dir='ltr'><strong>est,</strong></span> <span class='ocrx_word' id='word_1_592' title='bbox 838 4306 1099 4362; x_wconf 88' lang='lat' dir='ltr'><strong>humana</strong></span> <span class='ocrx_word' id='word_1_593' title='bbox 1127 4321 1242 4360; x_wconf 92' lang='lat' dir='ltr'><strong>non</strong></span> <span class='ocrx_word' id='word_1_594' title='bbox 1272 4305 1426 4360; x_wconf 92' lang='lat' dir='ltr'><strong>novi.</strong></span> <span class='ocrx_word' id='word_1_595' title='bbox 1457 4305 1588 4360; x_wconf 88' lang='lat' dir='ltr'><strong>Sive</strong></span> <span class='ocrx_word' id='word_1_596' title='bbox 1615 4308 1812 4359; x_wconf 91' lang='lat' dir='ltr'><strong>autem</strong></span> <span class='ocrx_word' id='word_1_597' title='bbox 1845 4303 1915 4358; x_wconf 90' lang='lat' dir='ltr'><strong>ad</strong></span> <span class='ocrx_word' id='word_1_598' title='bbox 1945 4302 2105 4360; x_wconf 87' lang='lat' dir='ltr'><strong>Jere-</strong></span> 
     </span>
    </p>
   </div>
   <div class='ocr_carea' id='block_1_75' title="bbox 460 4393 2106 4463">
    <p class='ocr_par' dir='ltr' id='par_1_75' title="bbox 460 4393 2106 4463">
     <span class='ocr_line' id='line_1_75' title="bbox 460 4393 2106 4463; baseline -0.005 -9"><span class='ocrx_word' id='word_1_599' title='bbox 460 4397 665 4463; x_wconf 88' lang='lat' dir='ltr'><strong>miam,</strong></span> <span class='ocrx_word' id='word_1_600' title='bbox 715 4395 835 4452; x_wconf 88' lang='lat' dir='ltr'><strong>sive</strong></span> <span class='ocrx_word' id='word_1_601' title='bbox 881 4396 954 4451; x_wconf 89' lang='lat' dir='ltr'><strong>ad</strong></span> <span class='ocrx_word' id='word_1_602' title='bbox 1003 4394 1359 4451; x_wconf 87' lang='lat' dir='ltr'><strong>Salvatorem</strong></span> <span class='ocrx_word' id='word_1_603' title='bbox 1391 4393 1651 4448; x_wconf 90' lang='lat' dir='ltr'><strong>dicitur:</strong></span> <span class='ocrx_word' id='word_1_604' title='bbox 1697 4393 2027 4463; x_wconf 80' lang='lat' dir='ltr'><strong>Priusquam</strong></span> <span class='ocrx_word' id='word_1_605' title='bbox 2054 4395 2106 4447; x_wconf 89' lang='lat' dir='ltr'><strong>te</strong></span> 
     </span>
    </p>
   </div>
   <div class='ocr_carea' id='block_1_76' title="bbox 454 4481 2104 4560">
    <p class='ocr_par' dir='ltr' id='par_1_76' title="bbox 454 4481 2104 4560">
     <span class='ocr_line' id='line_1_76' title="bbox 454 4481 2104 4560; baseline -0.004 -18"><span class='ocrx_word' id='word_1_606' title='bbox 454 4488 793 4560; x_wconf 81' lang='lat' dir='ltr'><strong>plasmarem</strong></span> <span class='ocrx_word' id='word_1_607' title='bbox 835 4487 898 4540; x_wconf 85' lang='lat' dir='ltr'><strong>in</strong></span> <span class='ocrx_word' id='word_1_608' title='bbox 944 4493 1116 4555; x_wconf 81' lang='lat' dir='ltr'><strong>utero,</strong></span> <span class='ocrx_word' id='word_1_609' title='bbox 1168 4486 1298 4540; x_wconf 81' lang='lat' dir='ltr'><strong>novi</strong></span> <span class='ocrx_word' id='word_1_610' title='bbox 1344 4487 1394 4539; x_wconf 89' lang='lat' dir='ltr'><strong>te</strong></span> <span class='ocrx_word' id='word_1_611' title='bbox 1439 4483 1664 4554; x_wconf 85' lang='lat' dir='ltr'><strong>(Jerem.</strong></span> <span class='ocrx_word' id='word_1_612' title='bbox 1701 4499 1737 4550; x_wconf 78' lang='grc' dir='ltr'>ι,</span> <span class='ocrx_word' id='word_1_613' title='bbox 1768 4481 1864 4551; x_wconf 86' lang='grc'><strong>5);</strong></span> <span class='ocrx_word' id='word_1_614' title='bbox 1907 4481 2104 4553; x_wconf 90' lang='lat' dir='ltr'><strong>legens</strong></span> 
     </span>
    </p>
   </div>
   <div class='ocr_carea' id='block_1_77' title="bbox 455 4563 2104 4643">
    <p class='ocr_par' dir='ltr' id='par_1_77' title="bbox 455 4563 2104 4643">
     <span class='ocr_line' id='line_1_77' title="bbox 455 4563 2104 4643; baseline -0.005 -10"><span class='ocrx_word' id='word_1_615' title='bbox 455 4575 730 4633; x_wconf 88' lang='lat' dir='ltr'><strong>Genesim</strong></span> <span class='ocrx_word' id='word_1_616' title='bbox 779 4578 837 4631; x_wconf 90' lang='lat' dir='ltr'><strong>et</strong></span> <span class='ocrx_word' id='word_1_617' title='bbox 880 4563 1193 4630; x_wconf 86' lang='lat' dir='ltr'><strong>observans</strong></span> <span class='ocrx_word' id='word_1_618' title='bbox 1244 4589 1312 4629; x_wconf 90' lang='lat' dir='ltr'><strong>ea</strong></span> <span class='ocrx_word' id='word_1_619' title='bbox 1359 4588 1486 4643; x_wconf 71' lang='lat' dir='ltr'><strong>qum</strong></span> <span class='ocrx_word' id='word_1_620' title='bbox 1537 4570 1616 4625; x_wconf 90' lang='lat' dir='ltr'><strong>ibi</strong></span> <span class='ocrx_word' id='word_1_621' title='bbox 1661 4569 1732 4624; x_wconf 90' lang='lat' dir='ltr'><strong>de</strong></span> <span class='ocrx_word' id='word_1_622' title='bbox 1769 4569 2104 4625; x_wconf 88' lang='lat' dir='ltr'><strong>conditione</strong></span> 
     </span>
    </p>
   </div>
   <div class='ocr_carea' id='block_1_78' title="bbox 459 4657 2104 4736">
    <p class='ocr_par' dir='ltr' id='par_1_78' title="bbox 459 4657 2104 4736">
     <span class='ocr_line' id='line_1_78' title="bbox 459 4657 2104 4736; baseline -0.005 -14"><span class='ocrx_word' id='word_1_623' title='bbox 459 4665 666 4722; x_wconf 90' lang='lat' dir='ltr'><strong>mundi</strong></span> <span class='ocrx_word' id='word_1_624' title='bbox 692 4664 913 4736; x_wconf 91' lang='lat' dir='ltr'><strong>scripta</strong></span> <span class='ocrx_word' id='word_1_625' title='bbox 933 4666 1090 4730; x_wconf 89' lang='lat' dir='ltr'><strong>sunt,</strong></span> <span class='ocrx_word' id='word_1_626' title='bbox 1122 4661 1382 4717; x_wconf 90' lang='lat' dir='ltr'><strong>invenies</strong></span> <span class='ocrx_word' id='word_1_627' title='bbox 1402 4658 1540 4732; x_wconf 88' lang='lat' dir='ltr'><strong>quia</strong></span> <span class='ocrx_word' id='word_1_628' title='bbox 1560 4657 1858 4730; x_wconf 90' lang='lat' dir='ltr'><strong>Scriptura</strong></span> <span class='ocrx_word' id='word_1_629' title='bbox 1884 4658 2104 4728; x_wconf 88' lang='lat' dir='ltr'><strong>divina,</strong></span> 
     </span>
    </p>
   </div>
   <div class='ocr_carea' id='block_1_79' title="bbox 460 4756 2107 4829">
    <p class='ocr_par' dir='ltr' id='par_1_79' title="bbox 460 4756 2107 4829">
     <span class='ocr_line' id='line_1_79' title="bbox 460 4756 2107 4829; baseline -0.005 -9"><span class='ocrx_word' id='word_1_630' title='bbox 460 4763 712 4820; x_wconf 86' lang='lat' dir='ltr'><strong>multum</strong></span> <span class='ocrx_word' id='word_1_631' title='bbox 730 4761 787 4816; x_wconf 88' lang='lat' dir='ltr'><strong>in</strong></span> <span class='ocrx_word' id='word_1_632' title='bbox 803 4760 1174 4818; x_wconf 89' lang='lat' dir='ltr'><strong>sermonibus</strong></span> <span class='ocrx_word' id='word_1_633' title='bbox 1186 4764 1374 4829; x_wconf 89' lang='lat' dir='ltr'><strong>cauta,</strong></span> <span class='ocrx_word' id='word_1_634' title='bbox 1392 4775 1506 4814; x_wconf 92' lang='lat' dir='ltr'><strong>non</strong></span> <span class='ocrx_word' id='word_1_635' title='bbox 1519 4756 1757 4812; x_wconf 86' lang='lat' dir='ltr'><strong>dixerit:</strong></span> <span class='ocrx_word' id='word_1_636' title='bbox 1777 4758 2107 4827; x_wconf 83' lang='lat' dir='ltr'><strong>Priusquam</strong></span> 
     </span>
    </p>
   </div>
   <div class='ocr_carea' id='block_1_80' title="bbox 457 4846 2104 4924">
    <p class='ocr_par' dir='ltr' id='par_1_80' title="bbox 457 4846 2104 4924">
     <span class='ocr_line' id='line_1_80' title="bbox 457 4846 2104 4924; baseline -0.006 -14"><span class='ocrx_word' id='word_1_637' title='bbox 457 4855 763 4924; x_wconf 73' lang='lat' dir='ltr'><strong>tefacerem</strong></span> <span class='ocrx_word' id='word_1_638' title='bbox 786 4853 845 4906; x_wconf 87' lang='lat' dir='ltr'><strong>in</strong></span> <span class='ocrx_word' id='word_1_639' title='bbox 865 4860 1034 4916; x_wconf 81' lang='lat' dir='ltr'><strong>utero,</strong></span> <span class='ocrx_word' id='word_1_640' title='bbox 1057 4851 1184 4905; x_wconf 84' lang='lat' dir='ltr'><strong>novi</strong></span> <span class='ocrx_word' id='word_1_641' title='bbox 1212 4858 1304 4904; x_wconf 84' lang='lat' dir='ltr'><strong>te:</strong></span> <span class='ocrx_word' id='word_1_642' title='bbox 1337 4848 1572 4920; x_wconf 91' lang='lat' dir='ltr'><strong>quando</strong></span> <span class='ocrx_word' id='word_1_643' title='bbox 1598 4847 1938 4917; x_wconf 83' lang='lat' dir='ltr'><strong>enimjuxta</strong></span> <span class='ocrx_word' id='word_1_644' title='bbox 1957 4846 2104 4901; x_wconf 86' lang='lat' dir='ltr'><strong>ima-</strong></span> 
     </span>
    </p>
   </div>
   <div class='ocr_carea' id='block_1_81' title="bbox 459 4935 2104 5014">
    <p class='ocr_par' dir='ltr' id='par_1_81' title="bbox 459 4935 2104 5014">
     <span class='ocr_line' id='line_1_81' title="bbox 459 4935 2104 5014; baseline -0.005 -17"><span class='ocrx_word' id='word_1_645' title='bbox 459 4942 654 5014; x_wconf 87' lang='lat' dir='ltr'><strong>ginem</strong></span> <span class='ocrx_word' id='word_1_646' title='bbox 686 4939 940 4997; x_wconf 91' lang='lat' dir='ltr'><strong>conditio</strong></span> <span class='ocrx_word' id='word_1_647' title='bbox 971 4942 1079 5006; x_wconf 90' lang='lat' dir='ltr'><strong>est,</strong></span> <span class='ocrx_word' id='word_1_648' title='bbox 1113 4938 1252 4992; x_wconf 90' lang='lat' dir='ltr'><strong>dicit</strong></span> <span class='ocrx_word' id='word_1_649' title='bbox 1281 4938 1435 4992; x_wconf 89' lang='lat' dir='ltr'><strong>Deus</strong></span> <span class='ocrx_word' id='word_1_650' title='bbox 1469 4953 1481 4991; x_wconf 92' lang='lat'><strong>:</strong></span> <span class='ocrx_word' id='word_1_651' title='bbox 1517 4937 1799 4991; x_wconf 85' lang='lat' dir='ltr'><strong>Faciamus</strong></span> <span class='ocrx_word' id='word_1_652' title='bbox 1830 4935 2104 4991; x_wconf 88' lang='lat' dir='ltr'><strong>hominem</strong></span> 
     </span>
    </p>
   </div>
   <div class='ocr_carea' id='block_1_82' title="bbox 456 5024 2098 5102">
    <p class='ocr_par' dir='ltr' id='par_1_82' title="bbox 456 5024 2098 5102">
     <span class='ocr_line' id='line_1_82' title="bbox 456 5024 2098 5102; baseline -0.005 -17"><span class='ocrx_word' id='word_1_653' title='bbox 456 5030 526 5084; x_wconf 86' lang='lat' dir='ltr'><strong>ad</strong></span> <span class='ocrx_word' id='word_1_654' title='bbox 555 5033 855 5102; x_wconf 85' lang='lat' dir='ltr'><strong>imaginem</strong></span> <span class='ocrx_word' id='word_1_655' title='bbox 885 5033 935 5085; x_wconf 92' lang='lat' dir='ltr'><strong>et</strong></span> <span class='ocrx_word' id='word_1_656' title='bbox 964 5027 1390 5084; x_wconf 82' lang='lat' dir='ltr'><strong>similitudinem</strong></span> <span class='ocrx_word' id='word_1_657' title='bbox 1419 5028 1665 5081; x_wconf 86' lang='lat' dir='ltr'><strong>nostram</strong></span> <span class='ocrx_word' id='word_1_658' title='bbox 1712 5024 1864 5096; x_wconf 85' lang='lat' dir='ltr'><strong>(Gen.</strong></span> <span class='ocrx_word' id='word_1_659' title='bbox 1903 5042 1939 5091; x_wconf 87' lang='grc' dir='ltr'>ι,</span> <span class='ocrx_word' id='word_1_660' title='bbox 1985 5025 2098 5094; x_wconf 82' lang='grc'><strong>26),</strong></span> 
     </span>
    </p>
   </div>
   <div class='ocr_carea' id='block_1_83' title="bbox 547 5133 1686 5207">
    <p class='ocr_par' dir='ltr' id='par_1_83' title="bbox 547 5133 1686 5207">
     <span class='ocr_line' id='line_1_83' title="bbox 547 5133 1686 5207; baseline -0.002 -19"><span class='ocrx_word' id='word_1_661' title='bbox 547 5136 601 5207; x_wconf 93' lang='lat' dir='ltr'><strong>a)</strong></span> <span class='ocrx_word' id='word_1_662' title='bbox 633 5137 928 5207; x_wconf 81' lang='lat' dir='ltr'><strong>Rabanus,</strong></span> <span class='ocrx_word' id='word_1_663' title='bbox 959 5137 1137 5207; x_wconf 87' lang='lat' dir='ltr'><strong>major</strong></span> <span class='ocrx_word' id='word_1_664' title='bbox 1164 5136 1233 5190; x_wconf 85' lang='lat' dir='ltr'><strong>sit</strong></span> <span class='ocrx_word' id='word_1_665' title='bbox 1262 5139 1314 5189; x_wconf 91' lang='lat' dir='ltr'><strong>et</strong></span> <span class='ocrx_word' id='word_1_666' title='bbox 1343 5135 1417 5207; x_wconf 76' lang='lat' dir='ltr'><strong>ab</strong></span> <span class='ocrx_word' id='word_1_667' title='bbox 1446 5133 1686 5207; x_wconf 79' lang='lat' dir='ltr'><strong>Angelis.</strong></span> 
     </span>
    </p>
   </div>
   <div class='ocr_carea' id='block_1_84' title="bbox 549 5203 2098 5275">
    <p class='ocr_par' dir='ltr' id='par_1_84' title="bbox 549 5203 2098 5275">
     <span class='ocr_line' id='line_1_84' title="bbox 549 5203 2098 5275; baseline 0 -15"><span class='ocrx_word' id='word_1_668' title='bbox 549 5203 597 5275; x_wconf 78' lang='grc' dir='ltr'><strong>ὑ)</strong></span> <span class='ocrx_word' id='word_1_669' title='bbox 629 5211 809 5263; x_wconf 91' lang='lat' dir='ltr'><strong>Penes</strong></span> <span class='ocrx_word' id='word_1_670' title='bbox 843 5203 1007 5275; x_wconf 48' lang='lat' dir='ltr'><strong>nas,</strong></span> <span class='ocrx_word' id='word_1_671' title='bbox 1044 5203 1297 5262; x_wconf 55' lang='lat' dir='ltr'><strong>&#39;meliora.</strong></span> <span class='ocrx_word' id='word_1_672' title='bbox 1350 5206 1419 5260; x_wconf 91' lang='lat' dir='ltr'><strong>Et</strong></span> <span class='ocrx_word' id='word_1_673' title='bbox 1449 5205 1675 5275; x_wconf 90' lang='lat' dir='ltr'><strong>pridem</strong></span> <span class='ocrx_word' id='word_1_674' title='bbox 1705 5203 1905 5259; x_wconf 85' lang='lat' dir='ltr'><strong>luxata</strong></span> <span class='ocrx_word' id='word_1_675' title='bbox 1933 5203 2098 5260; x_wconf 88' lang='lat' dir='ltr'><strong>valde</strong></span> 
     </span>
    </p>
   </div>
   <div class='ocr_carea' id='block_1_85' title="bbox 447 5276 2098 5351">
    <p class='ocr_par' dir='ltr' id='par_1_85' title="bbox 447 5276 2098 5351">
     <span class='ocr_line' id='line_1_85' title="bbox 447 5276 2098 5351; baseline -0.002 -18"><span class='ocrx_word' id='word_1_676' title='bbox 447 5276 572 5333; x_wconf 88' lang='lat' dir='ltr'><strong>erat</strong></span> <span class='ocrx_word' id='word_1_677' title='bbox 590 5277 924 5351; x_wconf 81' lang='lat' dir='ltr'><strong>Hieronymi</strong></span> <span class='ocrx_word' id='word_1_678' title='bbox 956 5279 1267 5351; x_wconf 87' lang='lat' dir='ltr'><strong>scriptura,</strong></span> <span class='ocrx_word' id='word_1_679' title='bbox 1300 5279 1412 5333; x_wconf 85' lang='lat' dir='ltr'><strong>seio</strong></span> <span class='ocrx_word' id='word_1_680' title='bbox 1440 5276 1689 5348; x_wconf 66' lang='lat' dir='ltr'><strong>quaedem</strong></span> <span class='ocrx_word' id='word_1_681' title='bbox 1719 5277 1820 5330; x_wconf 80' lang='lat' dir='ltr'><strong>isto</strong></span> <span class='ocrx_word' id='word_1_682' title='bbox 1849 5291 2098 5351; x_wconf 76' lang='lat' dir='ltr'><strong>sermone</strong></span> 
     </span>
    </p>
   </div>
   <div class='ocr_carea' id='block_1_86' title="bbox 442 5346 2095 5420">
    <p class='ocr_par' dir='ltr' id='par_1_86' title="bbox 442 5346 2095 5420">
     <span class='ocr_line' id='line_1_86' title="bbox 442 5346 2095 5420; baseline -0.002 -14"><span class='ocrx_word' id='word_1_683' title='bbox 442 5349 673 5406; x_wconf 81' lang='lat' dir='ltr'><strong>mortali</strong></span> <span class='ocrx_word' id='word_1_684' title='bbox 717 5346 826 5404; x_wconf 56' lang='lat' dir='ltr'><strong>vix&#39;</strong></span> <span class='ocrx_word' id='word_1_685' title='bbox 857 5349 1044 5420; x_wconf 84' lang='lat' dir='ltr'><strong>eloqui</strong></span> <span class='ocrx_word' id='word_1_686' title='bbox 1077 5346 1463 5414; x_wconf 49' lang='lat' dir='ltr'><strong>terrestribus,</strong></span> <span class='ocrx_word' id='word_1_687' title='bbox 1513 5352 1648 5418; x_wconf 81' lang='lat' dir='ltr'><strong>etc.,</strong></span> <span class='ocrx_word' id='word_1_688' title='bbox 1680 5363 1807 5416; x_wconf 72' lang='lat' dir='ltr'><strong>qua:</strong></span> <span class='ocrx_word' id='word_1_689' title='bbox 1849 5346 2095 5404; x_wconf 85' lang='lat' dir='ltr'><strong>Huetius</strong></span> 
     </span>
    </p>
   </div>
   <div class='ocr_carea' id='block_1_87' title="bbox 446 5420 723 5478">
    <p class='ocr_par' dir='ltr' id='par_1_87' title="bbox 446 5420 723 5478">
     <span class='ocr_line' id='line_1_87' title="bbox 446 5420 723 5478; baseline -0.007 0"><span class='ocrx_word' id='word_1_690' title='bbox 446 5420 723 5478; x_wconf 85' lang='lat' dir='ltr'><strong>restituit.</strong></span> 
     </span>
    </p>
   </div>
   <div class='ocr_carea' id='block_1_88' title="bbox 515 5490 2089 5564">
    <p class='ocr_par' dir='ltr' id='par_1_88' title="bbox 515 5490 2089 5564">
     <span class='ocr_line' id='line_1_88' title="bbox 515 5490 2089 5564; baseline -0.003 -15"><span class='ocrx_word' id='word_1_691' title='bbox 515 5493 588 5564; x_wconf 90' lang='lat' dir='ltr'><strong>(e)</strong></span> <span class='ocrx_word' id='word_1_692' title='bbox 613 5490 1002 5564; x_wconf 82' lang='lat' dir='ltr'><strong>Reposuimus</strong></span> <span class='ocrx_word' id='word_1_693' title='bbox 1022 5492 1093 5547; x_wconf 85' lang='lat' dir='ltr'><strong>ad</strong></span> <span class='ocrx_word' id='word_1_694' title='bbox 1111 5508 1297 5547; x_wconf 87' lang='lat' dir='ltr'><strong>omnes</strong></span> <span class='ocrx_word' id='word_1_695' title='bbox 1315 5505 1676 5564; x_wconf 84' lang='lat' dir='ltr'><strong>quoscumque</strong></span> <span class='ocrx_word' id='word_1_696' title='bbox 1695 5491 1934 5564; x_wconf 86' lang='lat' dir='ltr'><strong>mittam,</strong></span> <span class='ocrx_word' id='word_1_697' title='bbox 1957 5494 2089 5561; x_wconf 89' lang='lat' dir='ltr'><strong>etc.,</strong></span> 
     </span>
    </p>
   </div>
   <div class='ocr_carea' id='block_1_89' title="bbox 442 5562 2088 5634">
    <p class='ocr_par' dir='ltr' id='par_1_89' title="bbox 442 5562 2088 5634">
     <span class='ocr_line' id='line_1_89' title="bbox 442 5562 2088 5634; baseline -0.002 -15"><span class='ocrx_word' id='word_1_698' title='bbox 442 5562 546 5634; x_wconf 90' lang='lat' dir='ltr'><strong>pro</strong></span> <span class='ocrx_word' id='word_1_699' title='bbox 567 5562 683 5634; x_wconf 87' lang='lat' dir='ltr'><strong>quo</strong></span> <span class='ocrx_word' id='word_1_700' title='bbox 699 5562 834 5619; x_wconf 77' lang='lat' dir='ltr'><strong>erat</strong></span> <span class='ocrx_word' id='word_1_701' title='bbox 859 5568 1029 5618; x_wconf 87' lang='lat' dir='ltr'><strong>antea</strong></span> <span class='ocrx_word' id='word_1_702' title='bbox 1053 5564 1122 5618; x_wconf 80' lang='lat' dir='ltr'><strong>ad</strong></span> <span class='ocrx_word' id='word_1_703' title='bbox 1143 5562 1350 5630; x_wconf 77' lang='lat' dir='ltr'><strong>omnia,</strong></span> <span class='ocrx_word' id='word_1_704' title='bbox 1382 5562 1451 5617; x_wconf 83' lang='lat' dir='ltr'><strong>ad</strong></span> <span class='ocrx_word' id='word_1_705' title='bbox 1473 5577 1828 5633; x_wconf 61' lang='lat' dir='ltr'><strong>quaecumque</strong></span> <span class='ocrx_word' id='word_1_706' title='bbox 1852 5563 2088 5634; x_wconf 84' lang='lat' dir='ltr'><strong>mittam,</strong></span> 
     </span>
    </p>
   </div>
   <div class='ocr_carea' id='block_1_90' title="bbox 442 5582 2089 5707">
    <p class='ocr_par' dir='ltr' id='par_1_90' title="bbox 442 5582 2089 5707">
     <span class='ocr_line' id='line_1_90' title="bbox 442 5582 2088 5634; baseline -0.002 -15"><span class='ocrx_word' id='word_1_707' title='bbox 442 5582 546 5634; x_wconf 89' lang='lat' dir='ltr'><strong>pro</strong></span> <span class='ocrx_word' id='word_1_708' title='bbox 610 5582 683 5620; x_wconf 92' lang='lat' dir='ltr'><strong>uo</strong></span> <span class='ocrx_word' id='word_1_709' title='bbox 710 5582 834 5619; x_wconf 77' lang='lat' dir='ltr'><strong>erat</strong></span> <span class='ocrx_word' id='word_1_710' title='bbox 859 5582 1029 5618; x_wconf 81' lang='lat' dir='ltr'><strong>antea</strong></span> <span class='ocrx_word' id='word_1_711' title='bbox 1053 5582 1122 5618; x_wconf 82' lang='lat' dir='ltr'><strong>aa</strong></span> <span class='ocrx_word' id='word_1_712' title='bbox 1143 5582 1350 5630; x_wconf 80' lang='lat' dir='ltr'><strong>omnia,</strong></span> <span class='ocrx_word' id='word_1_713' title='bbox 1382 5582 1451 5617; x_wconf 87' lang='lat' dir='ltr'><strong>aa</strong></span> <span class='ocrx_word' id='word_1_714' title='bbox 1473 5582 1828 5633; x_wconf 62' lang='lat' dir='ltr'><strong>quaecumque</strong></span> <span class='ocrx_word' id='word_1_715' title='bbox 1852 5582 2088 5626; x_wconf 75' lang='lat' dir='ltr'><strong>mulam,</strong></span> 
     </span>
     <span class='ocr_line' id='line_1_91' title="bbox 442 5582 2089 5707; baseline -0.002 -18"><span class='ocrx_word' id='word_1_716' title='bbox 442 5582 880 5702; x_wconf 45' lang='lat' dir='ltr'><strong>etcﬂiahanus,</strong></span> <span class='ocrx_word' id='word_1_717' title='bbox 911 5638 1036 5688; x_wconf 90' lang='lat' dir='ltr'><strong>tum</strong></span> <span class='ocrx_word' id='word_1_718' title='bbox 1069 5635 1206 5707; x_wconf 81' lang='lat' dir='ltr'><strong>Reg.</strong></span> <span class='ocrx_word' id='word_1_719' title='bbox 1242 5651 1416 5707; x_wconf 85' lang='lat' dir='ltr'><strong>penes</strong></span> <span class='ocrx_word' id='word_1_720' title='bbox 1444 5634 1719 5707; x_wconf 75' lang='lat' dir='ltr'><strong>ﬂuetium</strong></span> <span class='ocrx_word' id='word_1_721' title='bbox 1754 5649 1892 5707; x_wconf 84' lang='lat' dir='ltr'><strong>m_s.,</strong></span> <span class='ocrx_word' id='word_1_722' title='bbox 1926 5633 2089 5707; x_wconf 79' lang='lat' dir='ltr'><strong>deni-</strong></span> 
     </span>
    </p>
   </div>
   <div class='ocr_carea' id='block_1_91' title="bbox 431 5701 2087 5834">
    <p class='ocr_par' dir='ltr' id='par_1_91' title="bbox 431 5701 2087 5834">
     <span class='ocr_line' id='line_1_92' title="bbox 431 5701 2087 5834; baseline -0.003 -73"><span class='ocrx_word' id='word_1_723' title='bbox 431 5701 554 5778; x_wconf 74' lang='lat' dir='ltr'><strong>que</strong></span> <span class='ocrx_word' id='word_1_724' title='bbox 582 5706 818 5762; x_wconf 61' lang='lat' dir='ltr'><strong>Graecus</strong></span> <span class='ocrx_word' id='word_1_725' title='bbox 844 5709 1060 5776; x_wconf 86' lang='lat' dir='ltr'><strong>textus,</strong></span> <span class='ocrx_word' id='word_1_726' title='bbox 1100 5701 1490 5780; x_wconf 60' lang='grc' dir='ltr'><strong>πρὸξπάντας,</strong></span> <span class='ocrx_word' id='word_1_727' title='bbox 1533 5703 1626 5765; x_wconf 77' lang='grc' dir='ltr'><strong>οὓς</strong></span> <span class='ocrx_word' id='word_1_728' title='bbox 1658 5701 1745 5757; x_wconf 76' lang='grc' dir='ltr'><strong>ἐὰν</strong></span> <span class='ocrx_word' id='word_1_729' title='bbox 1780 5701 2087 5834; x_wconf 56' lang='grc' dir='ltr'><strong>ἐξαποστεί-</strong></span> 
     </span>
     <span class='ocr_line' id='line_1_93' title="bbox 443 5773 2086 5834; baseline 0 0"><span class='ocrx_word' id='word_1_730' title='bbox 443 5773 525 5834; x_wconf 84' lang='grc' dir='ltr'><strong>λω</strong></span> <span class='ocrx_word' id='word_1_731' title='bbox 556 5795 634 5834; x_wconf 72' lang='lat' dir='ltr'><strong>ea.</strong></span> <span class='ocrx_word' id='word_1_732' title='bbox 665 5782 726 5834; x_wconf 83' lang='lat' dir='ltr'><strong>et</strong></span> <span class='ocrx_word' id='word_1_733' title='bbox 754 5775 996 5834; x_wconf 83' lang='lat' dir='ltr'><strong>Latinus</strong></span> <span class='ocrx_word' id='word_1_734' title='bbox 1020 5792 1254 5834; x_wconf 83' lang='lat' dir='ltr'><strong>auoaue</strong></span> <span class='ocrx_word' id='word_1_735' title='bbox 1272 5791 1390 5834; x_wconf 89' lang='lat' dir='ltr'><strong>non</strong></span> <span class='ocrx_word' id='word_1_736' title='bbox 1411 5776 1591 5834; x_wconf 87' lang='lat' dir='ltr'><strong>semel</strong></span> <span class='ocrx_word' id='word_1_737' title='bbox 1611 5790 1792 5834; x_wconf 77' lang='lat' dir='ltr'><strong>supra</strong></span> <span class='ocrx_word' id='word_1_738' title='bbox 1834 5775 2086 5834; x_wconf 78' lang='lat' dir='ltr'><strong>sudatus</strong></span> 
     </span>
    </p>
   </div>
   <div class='ocr_carea' id='block_1_92' title="bbox 443 5773 2086 5855">
    <p class='ocr_par' dir='ltr' id='par_1_92' title="bbox 443 5773 2086 5855">
     <span class='ocr_line' id='line_1_94' title="bbox 443 5773 2086 5855; baseline -0.002 -15"><span class='ocrx_word' id='word_1_739' title='bbox 443 5773 525 5840; x_wconf 68' lang='grc' dir='ltr'><strong>Χω</strong></span> <span class='ocrx_word' id='word_1_740' title='bbox 556 5795 634 5851; x_wconf 70' lang='lat' dir='ltr'><strong>ea,</strong></span> <span class='ocrx_word' id='word_1_741' title='bbox 665 5782 726 5838; x_wconf 84' lang='lat' dir='ltr'><strong>et</strong></span> <span class='ocrx_word' id='word_1_742' title='bbox 754 5775 996 5836; x_wconf 82' lang='lat' dir='ltr'><strong>Latinus</strong></span> <span class='ocrx_word' id='word_1_743' title='bbox 1020 5773 1254 5855; x_wconf 82' lang='lat' dir='ltr'><strong>quoque</strong></span> <span class='ocrx_word' id='word_1_744' title='bbox 1272 5791 1390 5835; x_wconf 89' lang='lat' dir='ltr'><strong>non</strong></span> <span class='ocrx_word' id='word_1_745' title='bbox 1411 5773 1591 5838; x_wconf 87' lang='lat' dir='ltr'><strong>semel</strong></span> <span class='ocrx_word' id='word_1_746' title='bbox 1611 5790 1792 5850; x_wconf 82' lang='lat' dir='ltr'><strong>supra</strong></span> <span class='ocrx_word' id='word_1_747' title='bbox 1810 5773 2086 5836; x_wconf 83' lang='lat' dir='ltr'><strong>laudatus</strong></span> 
     </span>
    </p>
   </div>
   <div class='ocr_carea' id='block_1_93' title="bbox 2198 5632 3811 5760">
    <p class='ocr_par' dir='ltr' id='par_1_93' title="bbox 2198 5632 3811 5760">
     <span class='ocr_line' id='line_1_95' title="bbox 2198 5632 3811 5760; baseline 0.001 -73"><span class='ocrx_word' id='word_1_748' title='bbox 2198 5632 2615 5760; x_wconf 57' lang='lat' dir='ltr'><strong>Prophethrum,</strong></span> <span class='ocrx_word' id='word_1_749' title='bbox 2647 5633 2727 5688; x_wconf 87' lang='lat' dir='ltr'><strong>sic</strong></span> <span class='ocrx_word' id='word_1_750' title='bbox 2753 5637 2806 5689; x_wconf 92' lang='lat' dir='ltr'><strong>et</strong></span> <span class='ocrx_word' id='word_1_751' title='bbox 2833 5633 3123 5706; x_wconf 83' lang='lat' dir='ltr'><strong>Propheta.</strong></span> <span class='ocrx_word' id='word_1_752' title='bbox 3166 5632 3420 5704; x_wconf 77' lang='lat' dir='ltr'><strong>[taban.,</strong></span> <span class='ocrx_word' id='word_1_753' title='bbox 3483 5632 3652 5694; x_wconf 56' lang='lat' dir='ltr'><strong>alia&#39;</strong></span> <span class='ocrx_word' id='word_1_754' title='bbox 3674 5634 3811 5692; x_wconf 84' lang='lat' dir='ltr'><strong>simi</strong></span> 
     </span>
     <span class='ocr_line' id='line_1_96' title="bbox 2198 5719 2531 5760; baseline 0 0"><span class='ocrx_word' id='word_1_755' title='bbox 2198 5719 2300 5760; x_wconf 82' lang='lat' dir='ltr'><strong>oro</strong></span> <span class='ocrx_word' id='word_1_756' title='bbox 2333 5720 2426 5760; x_wconf 90' lang='lat' dir='ltr'><strong>mu</strong></span> <span class='ocrx_word' id='word_1_757' title='bbox 2475 5719 2531 5760; x_wconf 90' lang='lat' dir='ltr'><strong>a.</strong></span> 
     </span>
    </p>
   </div>
   <div class='ocr_carea' id='block_1_94' title="bbox 2196 5719 2531 5777">
    <p class='ocr_par' dir='ltr' id='par_1_94' title="bbox 2196 5719 2531 5777">
     <span class='ocr_line' id='line_1_97' title="bbox 2196 5719 2531 5777; baseline 0.003 -18"><span class='ocrx_word' id='word_1_758' title='bbox 2196 5719 2300 5777; x_wconf 90' lang='lat' dir='ltr'><strong>pro</strong></span> <span class='ocrx_word' id='word_1_759' title='bbox 2333 5719 2531 5760; x_wconf 72' lang='lat' dir='ltr'><strong>multa.</strong></span> 
     </span>
    </p>
   </div>
   <div class='ocr_carea' id='block_1_95' title="bbox 2221 3426 3840 3501">
    <p class='ocr_par' dir='ltr' id='par_1_95' title="bbox 2221 3426 3840 3501">
     <span class='ocr_line' id='line_1_98' title="bbox 2221 3426 3840 3501; baseline -0.002 -20"><span class='ocrx_word' id='word_1_760' title='bbox 2221 3426 2374 3482; x_wconf 89' lang='lat' dir='ltr'><strong>Deus</strong></span> <span class='ocrx_word' id='word_1_761' title='bbox 2395 3427 2508 3482; x_wconf 91' lang='lat' dir='ltr'><strong>sibi</strong></span> <span class='ocrx_word' id='word_1_762' title='bbox 2529 3427 2655 3500; x_wconf 89' lang='lat' dir='ltr'><strong>ipse</strong></span> <span class='ocrx_word' id='word_1_763' title='bbox 2677 3428 3005 3484; x_wconf 88' lang='lat' dir='ltr'><strong>sanctiﬁcat</strong></span> <span class='ocrx_word' id='word_1_764' title='bbox 3033 3428 3280 3501; x_wconf 89' lang='lat' dir='ltr'><strong>aliquos.</strong></span> <span class='ocrx_word' id='word_1_765' title='bbox 3325 3433 3514 3487; x_wconf 87' lang='lat' dir='ltr'><strong>Istum</strong></span> <span class='ocrx_word' id='word_1_766' title='bbox 3538 3446 3647 3485; x_wconf 88' lang='lat' dir='ltr'><strong>non</strong></span> <span class='ocrx_word' id='word_1_767' title='bbox 3669 3439 3840 3495; x_wconf 83' lang='lat' dir='ltr'><strong>exspe-</strong></span> 
     </span>
    </p>
   </div>
   <div class='ocr_carea' id='block_1_96' title="bbox 2218 3512 3843 3591">
    <p class='ocr_par' dir='ltr' id='par_1_96' title="bbox 2218 3512 3843 3591">
     <span class='ocr_line' id='line_1_99' title="bbox 2218 3512 3843 3591; baseline -0.004 -21"><span class='ocrx_word' id='word_1_768' title='bbox 2218 3519 2354 3586; x_wconf 90' lang='lat' dir='ltr'><strong>ctat,</strong></span> <span class='ocrx_word' id='word_1_769' title='bbox 2406 3521 2472 3570; x_wconf 93' lang='lat' dir='ltr'><strong>ut</strong></span> <span class='ocrx_word' id='word_1_770' title='bbox 2517 3516 2842 3572; x_wconf 87' lang='lat' dir='ltr'><strong>sanctiﬁcet</strong></span> <span class='ocrx_word' id='word_1_771' title='bbox 2870 3517 3155 3588; x_wconf 90' lang='lat' dir='ltr'><strong>genitum,</strong></span> <span class='ocrx_word' id='word_1_772' title='bbox 3198 3519 3297 3573; x_wconf 89' lang='lat' dir='ltr'><strong>sed</strong></span> <span class='ocrx_word' id='word_1_773' title='bbox 3359 3519 3521 3591; x_wconf 87' lang='lat' dir='ltr'><strong>prius</strong></span> <span class='ocrx_word' id='word_1_774' title='bbox 3551 3512 3843 3571; x_wconf 82' lang='lat' dir='ltr'><strong>sanctiﬁcat</strong></span> 
     </span>
    </p>
   </div>
   <div class='ocr_carea' id='block_1_97' title="bbox 2218 3601 3847 3677">
    <p class='ocr_par' dir='ltr' id='par_1_97' title="bbox 2218 3601 3847 3677">
     <span class='ocr_line' id='line_1_100' title="bbox 2218 3601 3847 3677; baseline -0.002 -20"><span class='ocrx_word' id='word_1_775' title='bbox 2218 3621 2394 3676; x_wconf 84' lang='lat' dir='ltr'><strong>quam</strong></span> <span class='ocrx_word' id='word_1_776' title='bbox 2443 3605 2513 3660; x_wconf 93' lang='lat' dir='ltr'><strong>de</strong></span> <span class='ocrx_word' id='word_1_777' title='bbox 2563 3604 2734 3660; x_wconf 91' lang='lat' dir='ltr'><strong>vulva</strong></span> <span class='ocrx_word' id='word_1_778' title='bbox 2778 3606 3129 3677; x_wconf 88' lang='lat' dir='ltr'><strong>egrediatur.</strong></span> <span class='ocrx_word' id='word_1_779' title='bbox 3180 3606 3240 3661; x_wconf 89' lang='lat' dir='ltr'><strong>Si</strong></span> <span class='ocrx_word' id='word_1_780' title='bbox 3289 3609 3372 3663; x_wconf 81' lang='lat' dir='ltr'><strong>ad</strong></span> <span class='ocrx_word' id='word_1_781' title='bbox 3404 3608 3747 3663; x_wconf 88' lang='lat' dir='ltr'><strong>Salvatorem</strong></span> <span class='ocrx_word' id='word_1_782' title='bbox 3775 3601 3847 3671; x_wconf 86' lang='lat' dir='ltr'><strong>(ut</strong></span> 
     </span>
    </p>
   </div>
   <div class='ocr_carea' id='block_1_98' title="bbox 2216 3694 3848 3766">
    <p class='ocr_par' dir='ltr' id='par_1_98' title="bbox 2216 3694 3848 3766">
     <span class='ocr_line' id='line_1_101' title="bbox 2216 3694 3848 3766; baseline -0.004 -18"><span class='ocrx_word' id='word_1_783' title='bbox 2216 3694 2358 3765; x_wconf 84' lang='lat' dir='ltr'><strong>dixi)</strong></span> <span class='ocrx_word' id='word_1_784' title='bbox 2389 3694 2628 3762; x_wconf 87' lang='lat' dir='ltr'><strong>referas,</strong></span> <span class='ocrx_word' id='word_1_785' title='bbox 2662 3711 2776 3750; x_wconf 90' lang='lat' dir='ltr'><strong>non</strong></span> <span class='ocrx_word' id='word_1_786' title='bbox 2807 3699 2898 3751; x_wconf 87' lang='lat' dir='ltr'><strong>est</strong></span> <span class='ocrx_word' id='word_1_787' title='bbox 2929 3695 3148 3750; x_wconf 88' lang='lat' dir='ltr'><strong>malum</strong></span> <span class='ocrx_word' id='word_1_788' title='bbox 3173 3696 3373 3752; x_wconf 81' lang='lat' dir='ltr'><strong>dicere</strong></span> <span class='ocrx_word' id='word_1_789' title='bbox 3398 3695 3559 3766; x_wconf 89' lang='lat' dir='ltr'><strong>prius</strong></span> <span class='ocrx_word' id='word_1_790' title='bbox 3579 3708 3711 3748; x_wconf 89' lang='lat' dir='ltr'><strong>eum</strong></span> <span class='ocrx_word' id='word_1_791' title='bbox 3733 3704 3848 3744; x_wconf 89' lang='lat' dir='ltr'><strong>san-</strong></span> 
     </span>
    </p>
   </div>
   <div class='ocr_carea' id='block_1_99' title="bbox 2215 3776 3854 3856">
    <p class='ocr_par' dir='ltr' id='par_1_99' title="bbox 2215 3776 3854 3856">
     <span class='ocr_line' id='line_1_102' title="bbox 2215 3776 3854 3856; baseline -0.004 -18"><span class='ocrx_word' id='word_1_792' title='bbox 2215 3783 2533 3839; x_wconf 89' lang='lat' dir='ltr'><strong>ctiﬁcatum</strong></span> <span class='ocrx_word' id='word_1_793' title='bbox 2563 3800 2710 3852; x_wconf 87' lang='lat' dir='ltr'><strong>esse,</strong></span> <span class='ocrx_word' id='word_1_794' title='bbox 2744 3800 2923 3856; x_wconf 87' lang='lat' dir='ltr'><strong>quam</strong></span> <span class='ocrx_word' id='word_1_795' title='bbox 2952 3789 3177 3841; x_wconf 83' lang='lat' dir='ltr'><strong>natum.</strong></span> <span class='ocrx_word' id='word_1_796' title='bbox 3211 3785 3304 3840; x_wconf 91' lang='lat' dir='ltr'><strong>Sic</strong></span> <span class='ocrx_word' id='word_1_797' title='bbox 3333 3785 3403 3840; x_wconf 90' lang='lat' dir='ltr'><strong>de</strong></span> <span class='ocrx_word' id='word_1_798' title='bbox 3427 3781 3670 3839; x_wconf 87' lang='lat' dir='ltr'><strong>Domino</strong></span> <span class='ocrx_word' id='word_1_799' title='bbox 3689 3776 3854 3833; x_wconf 87' lang='lat' dir='ltr'><strong>intel-</strong></span> 
     </span>
    </p>
   </div>
   <div class='ocr_carea' id='block_1_100' title="bbox 2217 3868 3856 3944">
    <p class='ocr_par' dir='ltr' id='par_1_100' title="bbox 2217 3868 3856 3944">
     <span class='ocr_line' id='line_1_103' title="bbox 2217 3868 3856 3944; baseline -0.004 -19"><span class='ocrx_word' id='word_1_800' title='bbox 2217 3871 2363 3943; x_wconf 85' lang='lat' dir='ltr'><strong>ligas</strong></span> <span class='ocrx_word' id='word_1_801' title='bbox 2386 3873 2472 3943; x_wconf 70' lang='grc' dir='ltr'><strong>(Γ),</strong></span> <span class='ocrx_word' id='word_1_802' title='bbox 2496 3871 2595 3943; x_wconf 92' lang='lat' dir='ltr'><strong>qui</strong></span> <span class='ocrx_word' id='word_1_803' title='bbox 2618 3877 2932 3944; x_wconf 90' lang='lat' dir='ltr'><strong>antequam</strong></span> <span class='ocrx_word' id='word_1_804' title='bbox 2950 3874 3020 3928; x_wconf 91' lang='lat' dir='ltr'><strong>de</strong></span> <span class='ocrx_word' id='word_1_805' title='bbox 3035 3873 3207 3929; x_wconf 86' lang='lat' dir='ltr'><strong>vulva</strong></span> <span class='ocrx_word' id='word_1_806' title='bbox 3223 3874 3310 3929; x_wconf 83' lang='lat' dir='ltr'><strong>exi</strong></span> <span class='ocrx_word' id='word_1_807' title='bbox 3322 3874 3454 3939; x_wconf 89' lang='lat' dir='ltr'><strong>erit,</strong></span> <span class='ocrx_word' id='word_1_808' title='bbox 3473 3868 3856 3927; x_wconf 83' lang='lat' dir='ltr'><strong>sanctiﬁcatus</strong></span> 
     </span>
    </p>
   </div>
   <div class='ocr_carea' id='block_1_101' title="bbox 2215 3954 3854 4036">
    <p class='ocr_par' dir='ltr' id='par_1_101' title="bbox 2215 3954 3854 4036">
     <span class='ocr_line' id='line_1_104' title="bbox 2215 3954 3854 4036; baseline -0.004 -21"><span class='ocrx_word' id='word_1_809' title='bbox 2215 3966 2323 4028; x_wconf 91' lang='lat' dir='ltr'><strong>est,</strong></span> <span class='ocrx_word' id='word_1_810' title='bbox 2355 3960 2456 4016; x_wconf 90' lang='lat' dir='ltr'><strong>sed</strong></span> <span class='ocrx_word' id='word_1_811' title='bbox 2481 3959 2712 4016; x_wconf 87' lang='lat' dir='ltr'><strong>inﬁnito</strong></span> <span class='ocrx_word' id='word_1_812' title='bbox 2737 3965 2873 4016; x_wconf 92' lang='lat' dir='ltr'><strong>ante</strong></span> <span class='ocrx_word' id='word_1_813' title='bbox 2902 3966 3162 4034; x_wconf 90' lang='lat' dir='ltr'><strong>tempore</strong></span> <span class='ocrx_word' id='word_1_814' title='bbox 3191 3978 3436 4036; x_wconf 92' lang='lat' dir='ltr'><strong>semper</strong></span> <span class='ocrx_word' id='word_1_815' title='bbox 3463 3961 3707 4016; x_wconf 86' lang='lat' dir='ltr'><strong>sanctus</strong></span> <span class='ocrx_word' id='word_1_816' title='bbox 3727 3954 3854 4011; x_wconf 83' lang='lat' dir='ltr'><strong>luit:</strong></span> 
     </span>
    </p>
   </div>
   <div class='ocr_carea' id='block_1_102' title="bbox 2215 4047 3852 4120">
    <p class='ocr_par' dir='ltr' id='par_1_102' title="bbox 2215 4047 3852 4120">
     <span class='ocr_line' id='line_1_105' title="bbox 2215 4047 3852 4120; baseline -0.003 -17"><span class='ocrx_word' id='word_1_817' title='bbox 2215 4049 2308 4104; x_wconf 88' lang='lat' dir='ltr'><strong>hic</strong></span> <span class='ocrx_word' id='word_1_818' title='bbox 2330 4066 2462 4105; x_wconf 90' lang='lat' dir='ltr'><strong>vero</strong></span> <span class='ocrx_word' id='word_1_819' title='bbox 2487 4054 2796 4120; x_wconf 88' lang='lat' dir='ltr'><strong>antequam</strong></span> <span class='ocrx_word' id='word_1_820' title='bbox 2821 4051 2892 4106; x_wconf 90' lang='lat' dir='ltr'><strong>de</strong></span> <span class='ocrx_word' id='word_1_821' title='bbox 2913 4057 3080 4106; x_wconf 90' lang='lat' dir='ltr'><strong>utero</strong></span> <span class='ocrx_word' id='word_1_822' title='bbox 3100 4051 3301 4116; x_wconf 85' lang='lat' dir='ltr'><strong>exiret,</strong></span> <span class='ocrx_word' id='word_1_823' title='bbox 3337 4049 3742 4108; x_wconf 87' lang='lat' dir='ltr'><strong>sanctiﬁcatus</strong></span> <span class='ocrx_word' id='word_1_824' title='bbox 3761 4047 3852 4101; x_wconf 78' lang='lat' dir='ltr'><strong>est.</strong></span> 
     </span>
    </p>
   </div>
   <div class='ocr_carea' id='block_1_103' title="bbox 2213 4132 3860 4213">
    <p class='ocr_par' dir='ltr' id='par_1_103' title="bbox 2213 4132 3860 4213">
     <span class='ocr_line' id='line_1_106' title="bbox 2213 4132 3860 4213; baseline -0.003 -21"><span class='ocrx_word' id='word_1_825' title='bbox 2213 4138 2546 4208; x_wconf 82' lang='lat' dir='ltr'><strong>Prophetam</strong></span> <span class='ocrx_word' id='word_1_826' title='bbox 2574 4139 2635 4193; x_wconf 86' lang='lat' dir='ltr'><strong>in</strong></span> <span class='ocrx_word' id='word_1_827' title='bbox 2662 4139 2913 4208; x_wconf 84' lang='lat' dir='ltr'><strong>gentibus</strong></span> <span class='ocrx_word' id='word_1_828' title='bbox 2938 4142 3100 4211; x_wconf 89' lang='lat' dir='ltr'><strong>posui</strong></span> <span class='ocrx_word' id='word_1_829' title='bbox 3137 4144 3207 4196; x_wconf 84' lang='lat' dir='ltr'><strong>te.</strong></span> <span class='ocrx_word' id='word_1_830' title='bbox 3263 4140 3329 4196; x_wconf 92' lang='lat' dir='ltr'><strong>Si</strong></span> <span class='ocrx_word' id='word_1_831' title='bbox 3389 4141 3468 4213; x_wconf 83' lang='lat' dir='ltr'><strong>(g)</strong></span> <span class='ocrx_word' id='word_1_832' title='bbox 3507 4140 3582 4196; x_wconf 88' lang='lat' dir='ltr'><strong>de</strong></span> <span class='ocrx_word' id='word_1_833' title='bbox 3629 4132 3860 4194; x_wconf 79' lang='lat' dir='ltr'><strong>.leremia</strong></span> 
     </span>
    </p>
   </div>
   <div class='ocr_carea' id='block_1_104' title="bbox 2213 4225 3855 4302">
    <p class='ocr_par' dir='ltr' id='par_1_104' title="bbox 2213 4225 3855 4302">
     <span class='ocr_line' id='line_1_107' title="bbox 2213 4225 3855 4302; baseline -0.001 -24"><span class='ocrx_word' id='word_1_834' title='bbox 2213 4225 2446 4296; x_wconf 77' lang='lat' dir='ltr'><strong>quaeris,</strong></span> <span class='ocrx_word' id='word_1_835' title='bbox 2481 4229 2773 4296; x_wconf 91' lang='lat' dir='ltr'><strong>quomodo</strong></span> <span class='ocrx_word' id='word_1_836' title='bbox 2803 4228 2877 4283; x_wconf 89' lang='lat' dir='ltr'><strong>sit</strong></span> <span class='ocrx_word' id='word_1_837' title='bbox 2906 4227 3189 4300; x_wconf 89' lang='lat' dir='ltr'><strong>propheta</strong></span> <span class='ocrx_word' id='word_1_838' title='bbox 3217 4227 3276 4283; x_wconf 90' lang='lat' dir='ltr'><strong>in</strong></span> <span class='ocrx_word' id='word_1_839' title='bbox 3308 4230 3603 4302; x_wconf 87' lang='lat' dir='ltr'><strong>gentibus</strong></span> <span class='ocrx_word' id='word_1_840' title='bbox 3633 4225 3855 4299; x_wconf 83' lang='lat' dir='ltr'><strong>positus,</strong></span> 
     </span>
    </p>
   </div>
   <div class='ocr_carea' id='block_1_105' title="bbox 2213 4312 3861 4390">
    <p class='ocr_par' dir='ltr' id='par_1_105' title="bbox 2213 4312 3861 4390">
     <span class='ocr_line' id='line_1_108' title="bbox 2213 4312 3861 4390; baseline -0.002 -22"><span class='ocrx_word' id='word_1_841' title='bbox 2213 4314 2455 4368; x_wconf 86' lang='lat' dir='ltr'><strong>observa</strong></span> <span class='ocrx_word' id='word_1_842' title='bbox 2477 4312 2539 4368; x_wconf 91' lang='lat' dir='ltr'><strong>in</strong></span> <span class='ocrx_word' id='word_1_843' title='bbox 2561 4317 3055 4387; x_wconf 87' lang='lat' dir='ltr'><strong>consequentibus</strong></span> <span class='ocrx_word' id='word_1_844' title='bbox 3085 4333 3219 4372; x_wconf 89' lang='lat' dir='ltr'><strong>cum</strong></span> <span class='ocrx_word' id='word_1_845' title='bbox 3243 4318 3507 4389; x_wconf 88' lang='lat' dir='ltr'><strong>jubetur</strong></span> <span class='ocrx_word' id='word_1_846' title='bbox 3534 4315 3861 4390; x_wconf 80' lang='lat' dir='ltr'><strong>prophetare</strong></span> 
     </span>
    </p>
   </div>
   <div class='ocr_carea' id='block_1_106' title="bbox 2213 4399 3859 4480">
    <p class='ocr_par' dir='ltr' id='par_1_106' title="bbox 2213 4399 3859 4480">
     <span class='ocr_line' id='line_1_109' title="bbox 2213 4399 3859 4480; baseline 0.001 -26"><span class='ocrx_word' id='word_1_847' title='bbox 2213 4401 2282 4455; x_wconf 88' lang='lat' dir='ltr'><strong>ad</strong></span> <span class='ocrx_word' id='word_1_848' title='bbox 2307 4417 2511 4456; x_wconf 90' lang='lat' dir='ltr'><strong>omnes</strong></span> <span class='ocrx_word' id='word_1_849' title='bbox 2532 4408 2736 4474; x_wconf 88' lang='lat' dir='ltr'><strong>gentes</strong></span> <span class='ocrx_word' id='word_1_850' title='bbox 2756 4422 2769 4460; x_wconf 95' lang='lat'><strong>:</strong></span> <span class='ocrx_word' id='word_1_851' title='bbox 2793 4421 2929 4460; x_wconf 89' lang='lat' dir='ltr'><strong>nam</strong></span> <span class='ocrx_word' id='word_1_852' title='bbox 2953 4405 3124 4462; x_wconf 86' lang='lat' dir='ltr'><strong>istius</strong></span> <span class='ocrx_word' id='word_1_853' title='bbox 3141 4407 3298 4461; x_wconf 90' lang='lat' dir='ltr'><strong>modi</strong></span> <span class='ocrx_word' id='word_1_854' title='bbox 3323 4407 3590 4480; x_wconf 86' lang='lat' dir='ltr'><strong>scriptio</strong></span> <span class='ocrx_word' id='word_1_855' title='bbox 3606 4399 3859 4474; x_wconf 88' lang='lat' dir='ltr'><strong>est,quod</strong></span> 
     </span>
    </p>
   </div>
   <div class='ocr_carea' id='block_1_107' title="bbox 2211 4489 3864 4567">
    <p class='ocr_par' dir='ltr' id='par_1_107' title="bbox 2211 4489 3864 4567">
     <span class='ocr_line' id='line_1_110' title="bbox 2211 4489 3864 4567; baseline 0 -23"><span class='ocrx_word' id='word_1_856' title='bbox 2211 4491 2319 4561; x_wconf 87' lang='lat' dir='ltr'><em>[AL</em></span> <span class='ocrx_word' id='word_1_857' title='bbox 2371 4493 2790 4563; x_wconf 89' lang='lat' dir='ltr'><strong>superscriptio</strong></span> <span class='ocrx_word' id='word_1_858' title='bbox 2841 4499 2931 4550; x_wconf 89' lang='lat' dir='ltr'><strong>est</strong></span> <span class='ocrx_word' id='word_1_859' title='bbox 2977 4495 3127 4567; x_wconf 69' lang='lat' dir='ltr'><strong>quae]</strong></span> <span class='ocrx_word' id='word_1_860' title='bbox 3173 4495 3566 4567; x_wconf 85' lang='lat' dir='ltr'><strong>prophetavit</strong></span> <span class='ocrx_word' id='word_1_861' title='bbox 3603 4489 3864 4551; x_wconf 82' lang='lat' dir='ltr'><strong>Jeremias</strong></span> 
     </span>
    </p>
   </div>
   <div class='ocr_carea' id='block_1_108' title="bbox 2211 4581 3870 4656">
    <p class='ocr_par' dir='ltr' id='par_1_108' title="bbox 2211 4581 3870 4656">
     <span class='ocr_line' id='line_1_111' title="bbox 2211 4581 3870 4656; baseline -0.001 -21"><span class='ocrx_word' id='word_1_862' title='bbox 2211 4595 2389 4652; x_wconf 90' lang='lat' dir='ltr'><strong>super</strong></span> <span class='ocrx_word' id='word_1_863' title='bbox 2417 4597 2622 4636; x_wconf 88' lang='lat' dir='ltr'><strong>omnes</strong></span> <span class='ocrx_word' id='word_1_864' title='bbox 2651 4586 2853 4654; x_wconf 89' lang='lat' dir='ltr'><strong>gentes</strong></span> <span class='ocrx_word' id='word_1_865' title='bbox 2881 4583 3067 4652; x_wconf 89' lang='lat' dir='ltr'><strong>Elam,</strong></span> <span class='ocrx_word' id='word_1_866' title='bbox 3100 4584 3399 4656; x_wconf 88' lang='lat' dir='ltr'><strong>Damasci,</strong></span> <span class='ocrx_word' id='word_1_867' title='bbox 3438 4586 3621 4641; x_wconf 88' lang='lat' dir='ltr'><strong>Moab</strong></span> <span class='ocrx_word' id='word_1_868' title='bbox 3652 4600 3666 4639; x_wconf 94' lang='lat'><strong>:</strong></span> <span class='ocrx_word' id='word_1_869' title='bbox 3698 4581 3870 4638; x_wconf 77' lang='lat' dir='ltr'><strong>ethn-</strong></span> 
     </span>
    </p>
   </div>
   <div class='ocr_carea' id='block_1_109' title="bbox 2137 4665 3866 4757">
    <p class='ocr_par' dir='ltr' id='par_1_109' title="bbox 2137 4665 3866 4757">
     <span class='ocr_line' id='line_1_112' title="bbox 2137 4665 3866 4757; baseline -0.002 -33"><span class='ocrx_word' id='word_1_870' title='bbox 2137 4689 2180 4757; x_wconf 71' lang='grc' dir='ltr'><strong>Ι)</strong></span> <span class='ocrx_word' id='word_1_871' title='bbox 2213 4669 2380 4726; x_wconf 89' lang='lat' dir='ltr'><strong>bebis</strong></span> <span class='ocrx_word' id='word_1_872' title='bbox 2405 4670 2542 4741; x_wconf 92' lang='lat' dir='ltr'><strong>quia</strong></span> <span class='ocrx_word' id='word_1_873' title='bbox 2572 4670 3000 4741; x_wconf 88' lang='lat' dir='ltr'><strong>prophetaverit</strong></span> <span class='ocrx_word' id='word_1_874' title='bbox 3026 4673 3094 4726; x_wconf 90' lang='lat' dir='ltr'><strong>ad</strong></span> <span class='ocrx_word' id='word_1_875' title='bbox 3127 4687 3333 4728; x_wconf 89' lang='lat' dir='ltr'><strong>omnes</strong></span> <span class='ocrx_word' id='word_1_876' title='bbox 3355 4679 3605 4746; x_wconf 74' lang='lat' dir='ltr'><strong>gentes,</strong></span> <span class='ocrx_word' id='word_1_877' title='bbox 3629 4673 3793 4744; x_wconf 83' lang='lat' dir='ltr'><strong>juxta</strong></span> <span class='ocrx_word' id='word_1_878' title='bbox 3818 4665 3866 4720; x_wconf 90' lang='lat' dir='ltr'><strong>id</strong></span> 
     </span>
    </p>
   </div>
   <div class='ocr_carea' id='block_1_110' title="bbox 2215 4758 3871 4834">
    <p class='ocr_par' dir='ltr' id='par_1_110' title="bbox 2215 4758 3871 4834">
     <span class='ocr_line' id='line_1_113' title="bbox 2215 4758 3871 4834; baseline 0.005 -21"><span class='ocrx_word' id='word_1_879' title='bbox 2215 4759 2368 4829; x_wconf 92' lang='lat' dir='ltr'><strong>quod</strong></span> <span class='ocrx_word' id='word_1_880' title='bbox 2400 4758 2623 4814; x_wconf 90' lang='lat' dir='ltr'><strong>dictum</strong></span> <span class='ocrx_word' id='word_1_881' title='bbox 2654 4763 2743 4814; x_wconf 90' lang='lat' dir='ltr'><strong>est</strong></span> <span class='ocrx_word' id='word_1_882' title='bbox 2775 4775 2787 4814; x_wconf 92' lang='lat'><strong>:</strong></span> <span class='ocrx_word' id='word_1_883' title='bbox 2840 4761 3170 4832; x_wconf 71' lang='lat' dir='ltr'><strong>PrOpIaetam</strong></span> <span class='ocrx_word' id='word_1_884' title='bbox 3218 4763 3278 4816; x_wconf 83' lang='lat' dir='ltr'><strong>in</strong></span> <span class='ocrx_word' id='word_1_885' title='bbox 3323 4764 3604 4832; x_wconf 74' lang='lat' dir='ltr'><strong>gentibus</strong></span> <span class='ocrx_word' id='word_1_886' title='bbox 3633 4761 3790 4834; x_wconf 85' lang='lat' dir='ltr'><strong>posui</strong></span> <span class='ocrx_word' id='word_1_887' title='bbox 3812 4759 3871 4821; x_wconf 63' lang='lat' dir='ltr'><strong>id.</strong></span> 
     </span>
    </p>
   </div>
   <div class='ocr_carea' id='block_1_111' title="bbox 2213 4847 3869 4908">
    <p class='ocr_par' dir='ltr' id='par_1_111' title="bbox 2213 4847 3869 4908">
     <span class='ocr_line' id='line_1_114' title="bbox 2213 4847 3869 4908; baseline -0.002 -5"><span class='ocrx_word' id='word_1_888' title='bbox 2213 4849 2262 4904; x_wconf 89' lang='lat' dir='ltr'><strong>si</strong></span> <span class='ocrx_word' id='word_1_889' title='bbox 2312 4854 2506 4903; x_wconf 84' lang='lat' dir='ltr'><strong>tamen</strong></span> <span class='ocrx_word' id='word_1_890' title='bbox 2554 4847 2807 4904; x_wconf 90' lang='lat' dir='ltr'><strong>volueris</strong></span> <span class='ocrx_word' id='word_1_891' title='bbox 2854 4849 2975 4904; x_wconf 72' lang='lat' dir='ltr'><strong>haec</strong></span> <span class='ocrx_word' id='word_1_892' title='bbox 3023 4851 3094 4905; x_wconf 89' lang='lat' dir='ltr'><strong>de</strong></span> <span class='ocrx_word' id='word_1_893' title='bbox 3141 4850 3400 4906; x_wconf 85' lang='lat' dir='ltr'><strong>Jeremia</strong></span> <span class='ocrx_word' id='word_1_894' title='bbox 3447 4853 3624 4908; x_wconf 89' lang='lat' dir='ltr'><strong>dicta</strong></span> <span class='ocrx_word' id='word_1_895' title='bbox 3653 4847 3869 4906; x_wconf 80' lang='lat' dir='ltr'><strong>sentire.</strong></span> 
     </span>
    </p>
   </div>
   <div class='ocr_carea' id='block_1_112' title="bbox 2213 4935 3876 5010">
    <p class='ocr_par' dir='ltr' id='par_1_112' title="bbox 2213 4935 3876 5010">
     <span class='ocr_line' id='line_1_115' title="bbox 2213 4935 3876 5010; baseline -0.001 -17"><span class='ocrx_word' id='word_1_896' title='bbox 2213 4938 2270 4993; x_wconf 92' lang='lat' dir='ltr'><strong>Si</strong></span> <span class='ocrx_word' id='word_1_897' title='bbox 2305 4942 2499 4992; x_wconf 87' lang='lat' dir='ltr'><strong>autem</strong></span> <span class='ocrx_word' id='word_1_898' title='bbox 2531 4935 2976 5010; x_wconf 84' lang='lat' dir='ltr'><strong>intelligentiam</strong></span> <span class='ocrx_word' id='word_1_899' title='bbox 3025 4939 3096 4994; x_wconf 87' lang='lat' dir='ltr'><strong>ad</strong></span> <span class='ocrx_word' id='word_1_900' title='bbox 3143 4944 3323 4994; x_wconf 90' lang='lat' dir='ltr'><strong>Deum</strong></span> <span class='ocrx_word' id='word_1_901' title='bbox 3355 4941 3734 5007; x_wconf 79' lang='lat' dir='ltr'><strong>transferas,</strong></span> <span class='ocrx_word' id='word_1_902' title='bbox 3782 4936 3876 4991; x_wconf 77' lang='lat' dir='ltr'><strong>ista</strong></span> 
     </span>
    </p>
   </div>
   <div class='ocr_carea' id='block_1_113' title="bbox 2210 5014 3874 5102">
    <p class='ocr_par' dir='ltr' id='par_1_113' title="bbox 2210 5014 3874 5102">
     <span class='ocr_line' id='line_1_116' title="bbox 2210 5014 3874 5102; baseline 0.003 -22"><span class='ocrx_word' id='word_1_903' title='bbox 2210 5042 2343 5081; x_wconf 91' lang='lat' dir='ltr'><strong>vere</strong></span> <span class='ocrx_word' id='word_1_904' title='bbox 2370 5024 2431 5080; x_wconf 89' lang='lat' dir='ltr'><strong>in</strong></span> <span class='ocrx_word' id='word_1_905' title='bbox 2465 5026 2764 5083; x_wconf 88' lang='lat' dir='ltr'><strong>universas</strong></span> <span class='ocrx_word' id='word_1_906' title='bbox 2797 5032 3000 5099; x_wconf 77' lang='lat' dir='ltr'><strong>gentes</strong></span> <span class='ocrx_word' id='word_1_907' title='bbox 3030 5014 3384 5099; x_wconf 58' lang='lat' dir='ltr'><strong>praedicavit.</strong></span> <span class='ocrx_word' id='word_1_908' title='bbox 3423 5033 3540 5086; x_wconf 87' lang='lat' dir='ltr'><strong>Est</strong></span> <span class='ocrx_word' id='word_1_909' title='bbox 3571 5029 3792 5102; x_wconf 82' lang='lat' dir='ltr'><strong>quippe</strong></span> <span class='ocrx_word' id='word_1_910' title='bbox 3809 5019 3874 5093; x_wconf 73' lang='lat' dir='ltr'><strong>(ll)</strong></span> 
     </span>
    </p>
   </div>
   <div class='ocr_carea' id='block_1_114' title="bbox 2210 5137 2581 5188">
    <p class='ocr_par' dir='ltr' id='par_1_114' title="bbox 2210 5137 2581 5188">
     <span class='ocr_line' id='line_1_117' title="bbox 2210 5137 2581 5188; baseline 0 0"><span class='ocrx_word' id='word_1_911' title='bbox 2210 5137 2581 5188; x_wconf 88' lang='lat' dir='ltr'><strong>monuerunt.</strong></span> 
     </span>
    </p>
   </div>
   <div class='ocr_carea' id='block_1_115' title="bbox 2299 5204 3872 5279">
    <p class='ocr_par' dir='ltr' id='par_1_115' title="bbox 2299 5204 3872 5279">
     <span class='ocr_line' id='line_1_118' title="bbox 2299 5204 3872 5279; baseline 0.001 -22"><span class='ocrx_word' id='word_1_912' title='bbox 2299 5204 2354 5275; x_wconf 83' lang='lat' dir='ltr'><strong>d)</strong></span> <span class='ocrx_word' id='word_1_913' title='bbox 2381 5204 2675 5279; x_wconf 64' lang='lat' dir='ltr'><strong>Laudatus</strong></span> <span class='ocrx_word' id='word_1_914' title='bbox 2691 5221 2801 5259; x_wconf 90' lang='lat' dir='ltr'><strong>ms.</strong></span> <span class='ocrx_word' id='word_1_915' title='bbox 2817 5209 2874 5259; x_wconf 90' lang='lat' dir='ltr'><strong>et</strong></span> <span class='ocrx_word' id='word_1_916' title='bbox 2893 5205 3184 5279; x_wconf 77' lang='lat' dir='ltr'><strong>Babnnus,</strong></span> <span class='ocrx_word' id='word_1_917' title='bbox 3199 5205 3488 5274; x_wconf 82' lang='lat' dir='ltr'><strong>deserens,</strong></span> <span class='ocrx_word' id='word_1_918' title='bbox 3506 5207 3590 5279; x_wconf 78' lang='lat' dir='ltr'><strong>al.</strong></span> <span class='ocrx_word' id='word_1_919' title='bbox 3606 5208 3872 5279; x_wconf 69' lang='lat' dir='ltr'><strong>iii/ferens.</strong></span> 
     </span>
    </p>
   </div>
   <div class='ocr_carea' id='block_1_116' title="bbox 2297 5275 3820 5400">
    <p class='ocr_par' dir='ltr' id='par_1_116' title="bbox 2297 5275 3820 5400">
     <span class='ocr_line' id='line_1_119' title="bbox 2297 5275 3820 5400; baseline 0.001 -71"><span class='ocrx_word' id='word_1_920' title='bbox 2297 5281 2350 5342; x_wconf 83' lang='lat' dir='ltr'><strong>e)</strong></span> <span class='ocrx_word' id='word_1_921' title='bbox 2381 5275 2547 5400; x_wconf 78' lang='lat' dir='ltr'><strong>Adpud</strong></span> <span class='ocrx_word' id='word_1_922' title='bbox 2578 5275 2824 5341; x_wconf 84' lang='lat' dir='ltr'><strong>Rabau.,</strong></span> <span class='ocrx_word' id='word_1_923' title='bbox 2853 5277 3177 5344; x_wconf 85' lang='lat' dir='ltr'><strong>indigentes,</strong></span> <span class='ocrx_word' id='word_1_924' title='bbox 3203 5279 3275 5332; x_wconf 90' lang='lat' dir='ltr'><strong>ad</strong></span> <span class='ocrx_word' id='word_1_925' title='bbox 3297 5281 3494 5333; x_wconf 71' lang='lat' dir='ltr'><strong>Graec.</strong></span> <span class='ocrx_word' id='word_1_926' title='bbox 3535 5275 3820 5351; x_wconf 66' lang='grc' dir='ltr'><strong>δεόμὲνοι.</strong></span> 
     </span>
     <span class='ocr_line' id='line_1_120' title="bbox 2297 5347 3820 5400; baseline 0 0"><span class='ocrx_word' id='word_1_927' title='bbox 2297 5349 2343 5400; x_wconf 77' lang='lat' dir='ltr'><strong>fl</strong></span> <span class='ocrx_word' id='word_1_928' title='bbox 2379 5349 2396 5400; x_wconf 93' lang='lat' dir='ltr'><strong>l</strong></span> <span class='ocrx_word' id='word_1_929' title='bbox 2443 5363 2556 5400; x_wconf 88' lang='lat' dir='ltr'><strong>em.</strong></span> <span class='ocrx_word' id='word_1_930' title='bbox 2588 5347 2651 5400; x_wconf 86' lang='lat' dir='ltr'><strong>de</strong></span> <span class='ocrx_word' id='word_1_931' title='bbox 2671 5348 2900 5400; x_wconf 87' lang='lat' dir='ltr'><strong>Domino</strong></span> <span class='ocrx_word' id='word_1_932' title='bbox 2921 5349 3205 5400; x_wconf 77' lang='lat' dir='ltr'><strong>intelliuas</strong></span> <span class='ocrx_word' id='word_1_933' title='bbox 3229 5365 3338 5400; x_wconf 83' lang='lat' dir='ltr'><strong>non</strong></span> <span class='ocrx_word' id='word_1_934' title='bbox 3355 5351 3567 5400; x_wconf 81' lang='lat' dir='ltr'><strong>solum</strong></span> <span class='ocrx_word' id='word_1_935' title='bbox 3594 5360 3820 5400; x_wconf 77' lang='lat' dir='ltr'><strong>anteum</strong></span> 
     </span>
    </p>
   </div>
   <div class='ocr_carea' id='block_1_117' title="bbox 2274 5347 3870 5421">
    <p class='ocr_par' dir='ltr' id='par_1_117' title="bbox 2274 5347 3870 5421">
     <span class='ocr_line' id='line_1_121' title="bbox 2274 5347 3870 5421; baseline -0.003 -19"><span class='ocrx_word' id='word_1_936' title='bbox 2274 5349 2343 5418; x_wconf 70' lang='grc' dir='ltr'><strong>(Γ)</strong></span> <span class='ocrx_word' id='word_1_937' title='bbox 2378 5347 2651 5421; x_wconf 83' lang='lat' dir='ltr'><strong>ldem,_de</strong></span> <span class='ocrx_word' id='word_1_938' title='bbox 2671 5348 2900 5404; x_wconf 85' lang='lat' dir='ltr'><strong>Domino</strong></span> <span class='ocrx_word' id='word_1_939' title='bbox 2921 5349 3205 5418; x_wconf 74' lang='lat' dir='ltr'><strong>intelligas</strong></span> <span class='ocrx_word' id='word_1_940' title='bbox 3229 5365 3338 5404; x_wconf 82' lang='lat' dir='ltr'><strong>non</strong></span> <span class='ocrx_word' id='word_1_941' title='bbox 3355 5351 3567 5406; x_wconf 86' lang='lat' dir='ltr'><strong>solum</strong></span> <span class='ocrx_word' id='word_1_942' title='bbox 3594 5347 3870 5421; x_wconf 71' lang='lat' dir='ltr'><strong>antequan</strong></span> 
     </span>
    </p>
   </div>
   <div class='ocr_carea' id='block_1_118' title="bbox 2200 5419 2681 5474">
    <p class='ocr_par' dir='ltr' id='par_1_118' title="bbox 2200 5419 2681 5474">
     <span class='ocr_line' id='line_1_122' title="bbox 2200 5419 2681 5474; baseline -0.004 0"><span class='ocrx_word' id='word_1_943' title='bbox 2200 5419 2266 5474; x_wconf 89' lang='lat' dir='ltr'><strong>de</strong></span> <span class='ocrx_word' id='word_1_944' title='bbox 2298 5419 2458 5473; x_wconf 72' lang='lat' dir='ltr'><strong>vulva</strong></span> <span class='ocrx_word' id='word_1_945' title='bbox 2486 5419 2681 5473; x_wconf 73' lang='lat' dir='ltr'><strong>exiret.</strong></span> 
     </span>
    </p>
   </div>
   <div class='ocr_carea' id='block_1_119' title="bbox 2271 5487 3868 5562">
    <p class='ocr_par' dir='ltr' id='par_1_119' title="bbox 2271 5487 3868 5562">
     <span class='ocr_line' id='line_1_123' title="bbox 2271 5487 3868 5562; baseline -0.002 -16"><span class='ocrx_word' id='word_1_946' title='bbox 2271 5490 2346 5560; x_wconf 88' lang='lat' dir='ltr'><strong>(g)</strong></span> <span class='ocrx_word' id='word_1_947' title='bbox 2372 5497 2408 5562; x_wconf 79' lang='grc' dir='ltr'>ᾼ</span> <span class='ocrx_word' id='word_1_948' title='bbox 2421 5493 2553 5562; x_wconf 86' lang='lat' dir='ltr'><strong>ntea</strong></span> <span class='ocrx_word' id='word_1_949' title='bbox 2567 5494 2714 5544; x_wconf 87' lang='lat' dir='ltr'><strong>erat:</strong></span> <span class='ocrx_word' id='word_1_950' title='bbox 2738 5488 2798 5544; x_wconf 88' lang='lat' dir='ltr'><strong>Si</strong></span> <span class='ocrx_word' id='word_1_951' title='bbox 2816 5491 3076 5562; x_wconf 72' lang='lat' dir='ltr'><strong>Ieremias</strong></span> <span class='ocrx_word' id='word_1_952' title='bbox 3093 5493 3314 5562; x_wconf 66' lang='lat' dir='ltr'><strong>giurris.</strong></span> <span class='ocrx_word' id='word_1_953' title='bbox 3335 5489 3575 5548; x_wconf 84' lang='lat' dir='ltr'><strong>Raban</strong></span> <span class='ocrx_word' id='word_1_954' title='bbox 3586 5535 3599 5548; x_wconf 90' lang='lat'><strong>.</strong></span> <span class='ocrx_word' id='word_1_955' title='bbox 3615 5487 3868 5562; x_wconf 74' lang='lat' dir='ltr'><strong>castigat</strong></span> 
     </span>
    </p>
   </div>
   <div class='ocr_carea' id='block_1_120' title="bbox 2270 5561 3808 5637">
    <p class='ocr_par' dir='ltr' id='par_1_120' title="bbox 2270 5561 3808 5637">
     <span class='ocr_line' id='line_1_124' title="bbox 2270 5561 3808 5637; baseline 0.001 -23"><span class='ocrx_word' id='word_1_956' title='bbox 2270 5561 2364 5637; x_wconf 85' lang='lat' dir='ltr'><strong>(h)</strong></span> <span class='ocrx_word' id='word_1_957' title='bbox 2381 5561 2488 5615; x_wconf 90' lang='lat' dir='ltr'><strong>Ms.</strong></span> <span class='ocrx_word' id='word_1_958' title='bbox 2509 5561 2672 5632; x_wconf 79' lang='lat' dir='ltr'><strong>Reg,</strong></span> <span class='ocrx_word' id='word_1_959' title='bbox 2690 5561 3083 5637; x_wconf 71' lang='lat' dir='ltr'><strong>testc_Hueti0,</strong></span> <span class='ocrx_word' id='word_1_960' title='bbox 3109 5564 3197 5637; x_wconf 68' lang='lat' dir='ltr'><strong>Est</strong></span> <span class='ocrx_word' id='word_1_961' title='bbox 3218 5565 3425 5637; x_wconf 77' lang='lat' dir='ltr'><strong>quippe</strong></span> <span class='ocrx_word' id='word_1_962' title='bbox 3447 5567 3617 5620; x_wconf 83' lang='lat' dir='ltr'><strong>sicut</strong></span> <span class='ocrx_word' id='word_1_963' title='bbox 3634 5561 3808 5637; x_wconf 68' lang='lat' dir='ltr'><strong>prino</strong></span> 
     </span>
    </p>
   </div>
  </div>
