3978 6188
226 337 352 410 893

747 344 1250 416 TRANSLATIO
1292 348 1799 417 HOMILIARUM
1842 344 2211 413 ORIGENIS
2253 340 2335 413 ΙΝ
2377 344 2809 415 JEREMIAM.
2854 341 3048 417 ΗΟΜ.
3091 344 3143 414 Ῑ.

3525 339 3646 411 894

223 480 388 539 sicut
443 477 565 541 alia
614 479 825 555 multa,
884 487 969 542 sic
1024 491 1083 543 et
1138 487 1441 560 propheta.
1504 490 1578 542 Ut
1615 491 1701 542 est
1732 485 1879 558 prino
1911 489 1967 553 Α
1995 485 2137 542 dicit
2157 486 2438 543 Dominus
2459 487 2531 542 ad
2551 486 2804 544 Judaios.
2829 487 2897 543 Et
2914 500 3152 543 necesse
3185 486 3277 542 est
3316 498 3415 541 eos
3437 484 3537 556 qui
3556 481 3641 539 vi-

220 586 370 645 σερε
429 574 827 645 sacerdotum,
887 580 953 633 ut
1007 579 1097 634 est
1149 577 1430 644 Salvator,
1491 580 1556 633 ut
1583 579 1675 633 est
1734 575 1884 633 753

217 662 500 720 medicus
524 680 539 730 ;
571 662 844 723 similiter
873 669 931 722 et
960 666 1245 739 propheta
1272 670 1379 723 est.
1412 665 1639 739 Moyses
1663 682 1886 722 annun-

215 752 381 809 tians
412 753 487 808 de
519 769 609 822 eo,
642 770 757 809 non
790 754 983 810 solum
1019 755 1386 828 prephetam,
1433 756 1533 812 sed
1565 754 1886 812 admirabi-

215 840 339 898 lem
368 841 530 898 inter
558 847 805 900 cunctos
851 844 1177 900 nominavit
1226 844 1593 918 prophetam,
1644 845 1882 901 dicens:

214 931 567 1002 Prophetam
581 948 655 987 ex
671 933 945 1003 fratribus
964 936 1164 990 vestris
1184 936 1467 991 suscitabit
1481 934 1648 1002 vobis,
1681 934 1758 1005 (a)
1779 937 1887 989 Do-

215 1022 412 1075 minus
439 1021 609 1085 Deus,
642 1024 803 1092 quasi
850 1039 938 1078 me
968 1023 1160 1079 audite
1188 1039 1331 1079 eum.
1386 1023 1448 1080 Et
1475 1025 1601 1093 erit,
1635 1025 1882 1095 quicum-

218 1126 323 1183 que
340 1126 459 1166 non
480 1111 726 1167 audierit
742 1112 1066 1184 prophetam
1084 1113 1271 1181 illum,
1310 1113 1561 1168 interibit
1596 1112 1662 1167 de
1676 1111 1885 1185 populo

214 1215 317 1256 suo
343 1199 594 1271 (Denter.
617 1217 775 1268 xvm,
802 1202 911 1273 15).
936 1203 1051 1258 Iste
1070 1206 1161 1258 est
1183 1201 1498 1274 prophetes
1526 1202 1883 1257 constitutus

220 1288 280 1345 in
302 1288 613 1361 gentibus,
646 1296 703 1345 et
731 1289 953 1362 accepit
980 1291 1231 1362 gratiam
1255 1308 1289 1347 a
1309 1296 1422 1347 Deo
1442 1291 1689 1347 ell'usam
1718 1290 1775 1344 in
1801 1289 1882 1345 la-

216 1378 335 1434 biis
354 1376 511 1445 suis,
536 1382 603 1433 ut
624 1394 739 1434 non
763 1377 955 1435 solum
978 1395 1111 1435 cum
1131 1395 1388 1452 praesens
1407 1380 1608 1436 aderat
1624 1396 1880 1453 corpore,

214 1466 322 1523 sed
342 1466 530 1522 etiam
552 1482 712 1522 nunc
733 1483 868 1522 cum
882 1468 1052 1524 adest
1065 1468 1300 1539 virtute,
1316 1473 1373 1525 et
1384 1468 1617 1542 spiritu,
1636 1486 1739 1541 pro
1746 1467 1885 1540 phe-

212 1559 305 1612 τοι
330 1555 409 1611 ad
430 1571 639 1612 omnes
660 1560 888 1629 gentes,
918 1560 976 1613 et
1003 1556 1311 1630 prophetia
1347 1575 1455 1614 sua
1496 1575 1566 1613 ex
1594 1562 1714 1615 toto
1744 1557 1884 1615 orbe

218 1644 493 1702 attrahat
505 1644 779 1701 homines
801 1646 874 1701 ad
894 1644 1240 1703 salutem.Et
1256 1647 1333 1719 (b)
1356 1647 1527 1704 dixit:
1553 1648 1685 1717 Quis
1704 1648 1884 1710 estdo—

222 1735 503 1799 minator,
533 1734 757 1789 Domine
774 1732 937 1789 YEcce
960 1735 1143 1792 nescio
1173 1738 1343 1810 loqui,
1377 1739 1511 1808 quia
1545 1738 1768 1809 juvenis
1786 1728 1883 1808 ego

221 1837 376 1879 sum.
410 1823 475 1877 Et
498 1822 644 1878 dixit
672 1822 935 1880 Dominus
963 1824 1035 1880 ad
1063 1840 1188 1880 eum
1209 1841 1228 1879 :
1258 1825 1388 1882 Noli
1413 1825 1610 1897 dicere,
1633 1828 1765 1898 quia
1784 1827 1882 1899 ju-

213 1912 379 1967 venis
424 1926 526 1982 ego
552 1927 695 1979 sum,
728 1914 989 1983 quoniam
1018 1912 1089 1968 ad
1117 1929 1307 1969 omnes
1335 1914 1410 1970 ad
1450 1931 1811 1988 quoscumque
1829 1920 1883 1971 te

208 2001 461 2067 mittam,
486 2000 593 2055 ibis
608 2000 741 2072 (Jer.
772 2018 812 2072 ι,
833 2002 914 2071 6).
939 2002 1099 2075 Saepe
1121 2001 1378 2058 diximus
1404 2003 1592 2060 solere
1625 2019 1754 2060 esse
1773 2003 1879 2060 ali-

212 2105 398 2161 quem
421 2104 699 2161 puerum,
715 2090 885 2161 juxta
903 2105 1041 2146 eum
1063 2090 1163 2163 qui
1183 2090 1343 2147 intus
1371 2095 1461 2148 est
1481 2091 1801 2160 hominem,
1818 2092 1884 2148 li-

211 2182 307 2234 cet
330 2177 522 2233 etiam
545 2177 726 2234 senili
748 2179 1010 2250 corporis
1030 2178 1110 2235 sit
1132 2184 1298 2236 aetate
1326 2197 1340 2237 :
1377 2186 1435 2237 et
1454 2181 1744 2238 contrario
1766 2182 1879 2237 fre-

214 2271 470 2339 quenter
485 2265 737 2323 inveniri
757 2266 1067 2339 parvulum
1083 2269 1408 2325 secundum
1426 2287 1561 2327 eum
1577 2269 1877 2328 hominem

216 2355 321 2427 qui
345 2355 715 2412 extrinsecus
737 2360 845 2426 est,
862 2360 921 2412 et
930 2373 1061 2413 esse
1072 2357 1319 2414 interius
1330 2359 1649 2431 perfectum
1661 2359 1849 2416 virum
1861 2402 1875 2415 .

218 2444 378 2502 Talis
407 2448 541 2501 erat
569 2445 860 2502 Jeremias
888 2445 1114 2503 habens
1144 2447 1270 2520 jam
1318 2447 1432 2504 sibi
1472 2465 1812 2505 concessam
1844 2466 1879 2506 a

216 2533 605 2607 Deogratiam
624 2533 685 2589 in
711 2537 875 2590 aetate
898 2535 1158 2607 corporis
1181 2536 1373 2592 adhuc
1394 2537 1627 2609 puerili,
1646 2543 1880 2610 propter

222 2624 375 2695 quod
409 2623 496 2679 ait
522 2622 577 2678 ei
604 2622 927 2680 Dominus:
960 2625 1088 2680 Noli
1109 2624 1307 2694 dicere,
1341 2627 1470 2698 quia
1492 2627 1715 2699 juvenis
1731 2644 1874 2684 sum.

220 2713 594 2785 Dignumque
623 2711 802 2785 hujus
833 2713 936 2780 rei,
965 2714 1106 2785 quia
1134 2731 1251 2770 non
1282 2714 1360 2770 sit
1379 2716 1636 2789 juvenis,
1668 2717 1769 2772 sed
1789 2717 1877 2772 vir

223 2805 701 2869 consummatus,
717 2802 787 2873 (c)
804 2802 1061 2858 ostendit
1073 2802 1275 2859 dicens
1292 2821 1305 2860 :
1323 2804 1592 2874 Quoniam
1606 2806 1676 2861 ad
1690 2822 1877 2862 omnes

222 2889 289 2946 ad
313 2906 690 2963 quoscumque
710 2892 926 2947 mittam
954 2895 1029 2961 te,
1057 2891 1162 2947 ibis
1183 2909 1203 2946 :
1244 2896 1296 2948 et
1316 2894 1480 2965 juxta
1525 2910 1877 2968 quaecumque

222 2980 424 3035 mmdo
451 2981 578 3052 tibi,
613 2980 848 3052 loqueris
872 2999 892 3036 :
920 2997 1019 3037 nec
1051 2982 1244 3038 timeas
1273 2999 1308 3039 a
1334 2985 1477 3055 facie
1520 3000 1727 3039 eorum.
1754 2984 1876 3041 Scit

222 3068 377 3124 enim
401 3085 505 3125 eos
526 3084 721 3125 sermo
744 3069 867 3143 Dei,
889 3069 990 3141 qui
1017 3070 1177 3126 verbi
1205 3068 1496 3143 legatione
1524 3073 1871 3146 funguntur,

220 3157 519 3214 incurrere
552 3158 626 3213 ab
656 3156 731 3214 iis
762 3157 1088 3231 periculum
1120 3158 1220 3230 qui
1245 3160 1449 3216 audire
1469 3166 1868 3219 contemnunt.

1990 590 2122 631 vere
2142 574 2413 647 religiose
2431 575 2493 631 in
2524 576 2753 633 Christo
2774 575 3040 648 cupiunt,
3061 573 3221 632 omni
3234 588 3445 648 genere
3459 588 3493 629 a
3507 587 3646 629 con-

1992 664 2190 721 trariis
2208 664 2545 731 virtutibus,
2569 681 2671 737 per
2690 682 2758 721 ea
2779 682 2906 738 quis
2935 665 3306 737 reperiuntur
3322 680 3480 730 vasa,
3502 679 3638 735 per-

1992 753 2351 810 secutionem
2376 753 2515 826 pati.
2540 754 2664 818 Qua
2684 754 2755 809 de
2778 771 2957 811 causa
2992 753 3137 809 nihil
3169 769 3384 809 novum
3406 756 3509 808 aut
3538 768 3637 824 pe-

1992 843 2292 915 regrinum
2315 842 2583 899 videatur
2600 842 2713 911 his,
2731 843 2803 916 (e)
2816 843 2916 915 qui
2930 842 2988 899 in
3001 840 3482 899 tribulationibus
3495 838 3639 913 afﬂi-

1990 936 2212 1004 guntur
2238 948 2252 989 :
2286 932 2482 987 omnia
2506 948 2634 1004 quea
2657 936 2944 1005 praecepta
2979 935 3117 988 sunt
3145 930 3380 1001 faciant,
3406 935 3637 987 tantum

1990 1024 2157 1076 orent
2178 1027 2241 1076 ut
2261 1019 2685 1094 persecutionis
2702 1016 2882 1077 causa
2897 1019 3166 1076 Christus
3185 1020 3292 1088 sit;
3317 1034 3388 1075 ne
3404 1022 3643 1092 propter

1989 1107 2366 1181 injustitiam,
2388 1124 2462 1164 ne
2478 1113 2718 1182 propter
2736 1109 2968 1177 delicta,
2988 1125 3061 1165 ne
3077 1114 3313 1182 propter
3340 1107 3643 1165 avaritiam

1990 1198 2417 1270 deprimantur.
2436 1197 2493 1253 Si
2510 1199 2746 1269 quando
2767 1201 2960 1254 autem
2981 1197 3515 1271 propterjustitiam
3532 1196 3642 1254 ali-

1991 1286 2125 1359 quis
2139 1286 2466 1360 exagitatur
2477 1286 2699 1343 audiat:
2717 1287 2887 1343 Beati
2899 1290 3034 1344 estis
3045 1304 3177 1344 eum
3188 1289 3646 1357 exprobrantvo-

1990 1376 2094 1447 bis,
2112 1385 2169 1432 et
2174 1385 2624 1451 persequuntur,
2641 1384 2697 1432 et
2711 1377 2914 1433 dicunt
2925 1393 3091 1435 omne
3101 1378 3324 1434 malum
3339 1375 3645 1434 adversum

1990 1467 2232 1532 vos,mei
2239 1481 2444 1522 causa:
2449 1466 2696 1539 gaudete
2709 1476 2765 1523 et
2772 1467 3228 1540 exsuttate,quia
3237 1474 3646 1539 mercesoestra

1987 1571 2215 1628 magna
2226 1560 2312 1610 est
2329 1554 2389 1610 in
2399 1555 2578 1611 extis.
2591 1559 2693 1613 Sic
2705 1558 2861 1613 enim
2875 1556 3156 1626 persecuti
3163 1564 3294 1611 sunt
3301 1555 3642 1627 prophetas,

1987 1644 2088 1717 qui
2101 1648 2343 1715 fuerant
2372 1649 2511 1700 ante
2542 1660 2638 1701 eos
2666 1646 2893 1715 (Matth.
2917 1662 2973 1718 v,
2998 1645 3108 1718 ll).
3133 1645 3429 1719 Quoniam
3455 1649 3644 1715 tecum

1984 1748 2111 1789 sum
2142 1738 2208 1788 ut
2236 1748 2447 1790 eruam
2488 1741 2564 1807 te,
2614 1734 2754 1791 dicit
2778 1735 3086 1803 Dominus;
3129 1743 3185 1790 et
3222 1733 3480 1790 extendit
3509 1749 3644 1790 ma-

1988 1837 2128 1878 num
2149 1838 2317 1879 suam
2346 1823 2421 1880 ad
2449 1841 2542 1880 me
2572 1825 2873 1892 Dominus,
2918 1831 2977 1880 et
3018 1824 3212 1895 tetigit
3255 1840 3318 1880 os
3344 1839 3559 1893 meum,
3588 1828 3648 1881 et

1990 1912 2143 1968 dixit
2170 1913 2443 1969 Dominus
2460 1915 2539 1970 ad
2557 1930 2650 1969 me
2669 1913 2814 1986 (Jer.
2834 1930 2875 1985 i,
2897 1914 2952 1983 8,
2975 1913 3053 1984 9).
3079 1912 3337 1969 Observa
3364 1912 3643 1970 diﬂ‘eren-

1990 2001 2104 2058 tias
2129 2001 2393 2059 Jeremiaa
2419 2008 2476 2060 et
2502 2003 2684 2061 Isaiae.
2720 2002 2903 2059 Isaias
2951 2002 3029 2058 ait
3059 2019 3073 2058 :
3124 2002 3431 2058 Immunda
3475 2002 3646 2069 labia

1991 2090 2224 2160 habens,
2243 2092 2305 2148 in
2325 2092 2515 2150 medio
2527 2090 2747 2166 populi
2766 2091 3070 2148 immunda
3089 2089 3246 2148 labia
3258 2091 3524 2149 habentis
3533 2107 3645 2165 ego

1990 2180 2216 2247 habito,
2238 2191 2293 2237 et
2312 2198 2506 2253 regem
2531 2181 2847 2239 Dominum
2867 2179 3125 2237 sabaoth
3150 2180 3269 2249 vidi
3295 2182 3477 2238 oculis
3499 2182 3647 2239 meis

1988 2270 2121 2341 (Isa.
2158 2288 2235 2336 VI,
2265 2271 2344 2343 5).
2376 2271 2447 2327 Et
2475 2271 2756 2342 quoniam
2787 2270 3093 2327 confessus
3141 2273 3232 2326 est
3258 2286 3376 2326 non
3425 2268 3644 2326 habere

1989 2356 2141 2413 facta
2170 2357 2497 2425 immanda,
2531 2358 2632 2413 sed
2662 2358 2837 2414 verba
2866 2362 3097 2414 tantum
3128 2361 3340 2431 (usque
3370 2359 3443 2415 ad
3484 2358 3645 2427 hunc

1987 2446 2146 2501 enim
2168 2446 2345 2502 finem
2364 2450 2601 2519 peccata
2612 2446 3031 2518 commiserat),
3045 2463 3159 2503 non
3177 2447 3437 2503 extendit
3447 2446 3644 2504 Domi-

1986 2550 2100 2589 nus
2127 2550 2366 2590 manum
2385 2551 2579 2603 suam,
2598 2551 2786 2607 neque
2802 2534 2880 2610 (f)
2903 2552 3087 2591 unum
3106 2552 3176 2591 ex
3191 2536 3499 2609 Seraphim
3522 2552 3646 2592 ma-

1987 2639 2100 2678 nus
2121 2640 2230 2678 sua
2252 2623 2407 2679 labia
2426 2625 2556 2696 ejus
2575 2623 2786 2697 tetigit,
2816 2625 2917 2680 sed
2940 2623 3158 2697 forcipe
3179 2624 3372 2681 solum
3395 2628 3642 2697 tangens

1986 2711 2069 2767 ait
2094 2731 2107 2768 :
2132 2713 2273 2768 Ecce
2307 2713 2530 2769 abstuli
2565 2713 2901 2785 iniquitates
2928 2718 3087 2770 tuas.
3117 2714 3384 2771 Jeremize
3417 2717 3637 2787 autem,

1987 2801 2127 2874 quia
2146 2802 2548 2858 sanctiﬁcatus
2572 2803 2760 2859 fuerat
2779 2802 2838 2857 in
2859 2801 3050 2875 vulva,
3069 2820 3186 2859 non
3210 2804 3437 2876 forceps
3458 2792 3642 2859 mittié

1984 2893 2101 2959 tur,
2128 2906 2317 2963 neque
2337 2891 2409 2947 de
2447 2891 2615 2947 altari
2646 2891 2819 2948 carbo
2851 2908 3204 2961 succensus;
3238 2890 3387 2947 nihil
3418 2890 3634 2964 quippe

1983 2978 2240 3035 habebat
2256 2979 2387 3053 igne
2405 2980 2675 3053 dignum,
2698 2981 2799 3036 sed
2822 2980 2952 3053 ipsa
2973 2997 3186 3037 manus
3197 2979 3433 3036 Domini
3449 2979 3640 3053 tetigit

1988 3070 2135 3127 755
2171 3085 2329 3135 eum,
2363 3073 2598 3143 propter
2636 3070 2793 3141 quod
2844 3068 3020 3125 dicit:
3067 3070 3334 3127 Extendit
3361 3070 3639 3127 Dominus

1982 3175 2222 3215 manum
2241 3175 2401 3214 suam
2415 3160 2497 3215 ad
2512 3175 2619 3230 me,
2634 3160 2886 3229 ettetigit
2896 3176 2959 3216 os
2968 3176 3177 3216 meum.
3196 3161 3272 3216 Et
3283 3159 3437 3217 dixit
3447 3161 3637 3216 Domi-

219 3246 510 3319 Increpati
523 3246 685 3302 enim
699 3246 952 3304 oderunt
970 3247 1419 3319 increpationes,
1443 3251 1705 3324 coarguti
1728 3251 1874 3309 inse-
1903 3230 1947 3309 C
1982 3265 2090 3305 nus
2104 3249 2188 3304 ad
2196 3264 2316 3304 me:
2355 3252 2496 3305 Ecce
2508 3249 2642 3305 dedi
2667 3264 2961 3306 sermones
2972 3266 3129 3306 meos
3147 3251 3206 3305 in
3225 3266 3288 3305 os
3308 3258 3490 3321 tuum,
3513 3263 3638 3305 ecce

222 3340 489 3409 queritur
509 3340 848 3408 arguentes.
876 3336 1062 3393 Omne
1083 3337 1498 3411 quodcumque
1519 3339 1744 3397 malum
1766 3347 1875 3411 est,

218 3441 450 3498 semper
470 3425 782 3497 patiuntur
803 3425 1141 3497 prophetae:
1181 3431 1304 3484 Non
1350 3431 1429 3483 est
1468 3429 1733 3501 propheta
1761 3433 1883 3487 sine

219 3514 441 3581 honore,
478 3515 598 3570 nisi
640 3515 702 3569 in
726 3516 920 3587 patria
944 3531 1047 3570 sua
1071 3518 1126 3571 et
1152 3514 1312 3572 domo
1339 3532 1439 3572 sua
1465 3518 1663 3590 (Marc.
1689 3537 1769 3591 vr,
1800 3522 1875 3591 4).

220 3603 398 3676 Cujus
421 3602 509 3659 rei
534 3602 614 3673 (ιι)
636 3618 825 3675 nuper
845 3619 1080 3675 quoque
1097 3603 1342 3661 fecimus
1362 3608 1740 3663 mentionem.
1760 3609 1882 3665 Scit

221 3708 355 3766 ergo
379 3692 475 3763 (ut
518 3691 712 3747 dicere
734 3691 1047 3765 cmpimus)
1068 3692 1223 3748 Deus
1252 3693 1493 3751 mittens
1513 3697 1877 3770 prophetam,

223 3784 445 3854 quanta
470 3779 818 3836 discrimina
842 3796 1231 3852 perpessurus
1280 3782 1375 3855 sit,
1432 3785 1586 3840 754
1624 3784 1754 3841 ideo
1784 3803 1880 3842 ex-

225 3868 492 3929 hortatur
509 3885 647 3925 eum
669 3869 874 3925 dicens
893 3887 908 3925 :
929 3872 1009 3926 Ne
1025 3872 1217 3927 timeas
1244 3888 1290 3931 _a
1321 3875 1470 3943 facie
1505 3889 1718 3943 eorum,
1751 3877 1883 3947 quia

226 3973 328 4027 ego
358 3961 535 4012 tecum
553 3975 696 4026 sum,
728 3966 789 4015 ut
817 3974 1010 4016 eruam
1032 3962 1103 4027 te,
1124 3959 1262 4016 dicit
1286 3961 1556 4017 Dominus
1578 3962 1717 4034 (Jer.
1745 3982 1783 4033 i,
1802 3966 1878 4037 8).

236 4046 624 4118 Quacumque
644 4046 934 4104 Jeremias
955 4065 1167 4121 passus
1190 4049 1524 4122 est,scripta
1537 4056 1679 4107 sunt
1696 4071 1709 4109 :
1727 4052 1786 4108 in
1802 4052 1882 4109 la-

230 4151 369 4191 cum
384 4133 603 4192 missus
615 4135 847 4208 estluti,
863 4137 1080 4193 mansit
1095 4136 1178 4195 ibi
1195 4139 1506 4196 comedens
1518 4157 1729 4212 panem
1744 4142 1880 4212 diei,

231 4227 289 4282 et
307 4240 530 4296 aquam
548 4228 784 4281 tantum
816 4225 1045 4291 bibens,
1081 4225 1278 4299 aliqua
1306 4226 1494 4283 multa
1519 4245 1648 4303 quae
1680 4236 1880 4303 pertu-

231 4312 317 4381 lit,
342 4313 407 4368 in
428 4312 580 4369 libro
615 4315 745 4385 ejus
765 4314 1158 4371 continentur.
1185 4316 1356 4384 Quem
1383 4326 1565 4374 autem
1587 4321 1881 4392 propheta-

236 4419 361 4458 rum
389 4417 504 4460 non
527 4404 808 4475 persecuti
826 4408 954 4459 sunt
994 4405 1181 4475 patres
1229 4405 1396 4461 vestri
1444 4406 1577 4479 (Act.
1611 4425 1712 4479 vu,
1735 4411 1826 4484 52)
1855 4411 1884 4467 ?

1986 3338 2267 3395 constitui
2285 3344 2344 3393 te
2363 3338 2440 3410 (g)
2460 3337 2622 3395 hodie
2638 3354 2814 3411 super
2822 3345 3039 3412 gentes,
3055 3343 3111 3395 et
3122 3355 3224 3413 reg
3232 3355 3310 3395 na
3323 3338 3641 3395 eradicare

1986 3428 2123 3501 (Jer.
2158 3445 2198 3493 ι,
2230 3426 2267 3481 9
2296 3426 2405 3499 10).
2442 3426 2550 3493 Qui
2580 3426 2664 3484 sic
2703 3428 2914 3484 beatus
2967 3433 3076 3497 est,
3126 3432 3193 3483 ut
3245 3443 3426 3500 regna
3454 3427 3641 3484 multa

1988 3533 2116 3590 quae
2163 3516 2392 3572 Christo
2447 3516 2716 3572 diabolus
2766 3517 3042 3587 ostendit,
3072 3533 3252 3590 regna
3281 3517 3637 3586 daemonum,

1986 3622 2169 3678 regna
2190 3604 2408 3678 peccati
2431 3605 2706 3673 eradicet,
2735 3604 2815 3678 (h)
2835 3621 2983 3677 opus
3004 3604 3183 3661 habet
3204 3604 3278 3659 iis
3313 3603 3415 3677 qui
3434 3602 3486 3659 ei
3518 3598 3640 3658 dati

1988 3699 2130 3752 sunt
2151 3713 2184 3750 a
2209 3696 2320 3750 Deo
2340 3693 2734 3750 sermonibus.
2766 3693 3063 3766 Scriptum
3089 3698 3178 3749 est
3191 3692 3641 3750 eniszccede-

1987 3784 2051 3841 di
2067 3800 2358 3841 sermones
2375 3799 2525 3840 meos
2552 3784 2615 3839 in
2649 3797 2712 3839 os
2734 3792 2920 3838 tuum.
2950 3786 3092 3838 Ecce
3108 3781 3378 3838 constitui
3400 3790 3456 3838 te
3474 3781 3644 3837 hodie

1987 3890 2161 3946 super
2180 3881 2398 3946 gentes,
2419 3877 2476 3927 et
2495 3887 2676 3942 regna
2695 3872 3008 3928 eradicare
3024 3871 3161 3943 (Jer.
3191 3888 3230 3939 i,
3260 3871 3369 3943 10).
3399 3870 3647 3935 Quomo—

1990 3964 2064 4018 do
2086 3966 2281 4016 autem
2314 3977 2495 4034 regna
2524 3964 2665 4016 sunt
2710 3960 2986 4034 plurima,
3040 3959 3240 4033 plures
3291 3958 3561 4017 similiter
3590 3962 3649 4016 et

1989 4056 2215 4125 gentes.
2244 4049 2360 4106 Nec
2390 4053 2582 4121 potest
2612 4048 2847 4123 aliquod
2882 4065 3128 4123 regnum
3171 4048 3309 4121 dici,
3345 4047 3458 4104 nisi
3489 4045 3646 4121 quod

1990 4140 2100 4196 sub
2130 4155 2191 4195 se
2213 4138 2474 4195 continet
2508 4139 2795 4196 nationes.
2828 4138 3004 4195 Verbi
3036 4138 3230 4211 gratia
3270 4137 3495 4195 dictum
3524 4135 3643 4193 sit:

1990 4232 2197 4301 regnat
2219 4226 2524 4283 iornicatio
2544 4227 2627 4299 (in
2648 4227 2888 4283 homine
2910 4226 3256 4300 peccatore),
3292 4240 3529 4283 necesse
3561 4226 3652 4281 est

1992 4320 2060 4372 ut
2080 4333 2326 4389 regnum
2348 4315 2751 4372 fornicationis
2777 4315 2991 4372 habeat
3026 4320 3230 4389 gentes
3253 4332 3413 4372 suas.
3444 4314 3646 4387 Ipsum

1990 4404 2138 4461 illud
2164 4403 2431 4479 generale
2448 4403 2728 4461 delictum
2755 4404 3009 4462 avaritiai
3046 4408 3106 4462 et
3138 4403 3386 4475 fraudis,
3412 4418 3529 4475 quo
3556 4401 3654 4458 vix

306 4600 391 4672 (a)
413 4600 821 4678 Exppniiimus
840 4599 937 4656 hic
958 4601 1200 4678 verbum
1223 4601 1391 4678 dixit,
1414 4607 1539 4659 tum
1560 4610 1744 4678 noster
1758 4612 1892 4678 post
1920 4602 1968 4668 D
2002 4617 2166 4678 mum
2195 4615 2416 4678 annum
2442 4616 2476 4655 a
2496 4597 2741 4678 notariis
2781 4597 3110 4678 in_litteras_
3126 4596 3327 4678 referri
3366 4593 3653 4678 permisit,

245 4671 380 4727 Deus
403 4689 423 4726 :
449 4671 793 4748 suti’ecimus
816 4689 973 4748 vero,
995 4673 1061 4748 ξι
1079 4674 1190 4748 erit
1212 4675 1540 4746 quicumque
1551 4676 1719 4748 juxta
1745 4671 1897 4734 Cra:-

246 4759 373 4799 cum
406 4747 636 4798 textum
670 4749 726 4798 et
751 4743 976 4799 Rabani
1008 4743 1335 4800 lectionem.

310 4813 387 4893 (b)
409 4814 769 4893 Rescrihend
779 4833 876 4893 um
900 4815 1522 4893 videturjuirtaGrmeu
1534 4834 1610 4893 mg,
1637 4815 1728 4893 καί
1749 4819 1895 4893 εἶπα,

244 4884 300 4963 *9
320 4883 402 4963 at
440 4888 505 4941 Et
523 4886 693 4942 dixi:
716 4888 824 4954 Qui
839 4903 915 4942 es.
942 4883 1203 4943 Hebraic.
1229 4887 1428 4957 habet,
1452 4890 1517 4943 Et
1537 4889 1661 4945 dixi
1679 4891 1740 4955 A,
1764 4910 1817 4961 a,
1841 4883 1896 4963 αξ

246 4957 472 5013 Mitte
502 4963 673 5026 Deus,
717 4963 828 5013 etc.

294 5027 557 5111 '(c)Mss.
589 5030 729 5101 Reg.
772 5044 951 5101 penes
980 5028 1257 5095 Huetum,
1315 5028 1619 5086 ostenditur
1675 5050 1688 5086 :
1752 5036 1897 5104 Quo-

245 5114 423 5153 πωπι.

306 5116 480 5246 min
500 5170 699 5246 (ἓῐέρο
720 5174 951 5227 tantum
972 5173 1061 5246 est
1078 5168 1169 5246 καξ
1191 5170 1384 5246 πρῴην
1410 5168 1547 5246 ἐμνη
1559 5171 1856 5246 μονεῗξομεν
1883 5190 1896 5229 :

311 5191 391 5241 ια)
416 5191 480 5225 in
500 5191 699 5226 ursino
721 5191 951 5227 tantum
972 5191 1061 5226 est
1078 5191 1169 5224 και
1191 5191 1384 5245 πρωην
1410 5191 1434 5224 ε
1481 5191 1547 5240 νη
1559 5191 1856 5246 μονευομεν
1883 5191 1896 5229 :

249 5238 400 5324 legit.
412 5257 550 5297 vero
572 5242 964 5324 Hieronxmus‘
987 5238 1050 5294 οὗ
1078 5239 1168 5324 κει(
1200 5240 1394 5324 apum:
1430 5191 1569 5324 glria-:1
1578 5242 1901 5324 μονςὺομεν,

251 5312 405 5384 quod
426 5328 631 5386 verum
644 5318 754 5386 est.
775 5312 900 5386 Non
914 5313 1169 5386 absurde
1190 5312 1505 5370 crediderit
1519 5312 1737 5386 aliquis
1751 5312 1905 5372 com-

249 5384 839 5457 mentarianrigenis
868 5384 927 5457 in
961 5384 1298 5457 Matihaaum
1345 5385 1442 5441 hic
1473 5384 1811 5455 significari,
1843 5387 1902 5441 in

250 5472 505 5527 quorum
540 5455 634 5511 XL
661 5455 822 5511 temo
869 5455 1032 5527 locus
1080 5456 1199 5522 hic,
1252 5456 1352 5527 qui
1404 5456 1656 5512 habetur
1692 5458 1902 5513 Matth.

248 5526 377 5600 atrii,
408 5528 480 5582 57
488 5571 504 5593 ,
538 5526 758 5599 prolixe
784 5526 1148 5600 explanatur.
1185 5526 1462 5593 Quamvis
1494 5528 1650 5583 enim
1674 5529 1732 5583 in
1757 5530 1906 5585 Mat-

248 5597 474 5681 thseum
505 5597 698 5681 tomos
744 5597 1093 5681 elucubrare‘
1128 5600 1265 5681 jam
1310 5600 1686 5681 sexogenari‘o
1723 5604 1909 5681 major

249 5668 875 5743 originesinceperit:
910 5687 1023 5725 non
1057 5668 1220 5743 prius
1252 5668 1751 5743 tameni'homilias
1775 5672 1908 5729 illas

251 5741 325 5799 ad
354 5739 647 5815 populum
679 5739 925 5810 habuit;
957 5739 1093 5798 nam
1118 5758 1270 5818 exeo
1292 5741 1671 5799 homiliarum
1697 5759 1909 5818 genere

249 5813 397 5872 sunt
412 5813 567 5887 duas
589 5828 725 5873 cum
743 5817 1096 5888 extempore
1118 5813 1406 5887 funderet,
1444 5818 1577 5889 post
1616 5813 1909 5890 seingesi-

2053 4673 2165 4728 uod
2191 4676 2324 4727 ante
2345 4687 2576 4735 semper
2603 4673 2880 4725 vetuerat.
2908 4669 3053 4725 Vide
3068 4666 3405 4735 Eusebium,
3429 4666 3578 4723 libro
3597 4680 3655 4722 v1

2053 4690 2165 4728 1100
2191 4690 2324 4727 ante
2345 4690 2464 4726 sem
2513 4690 2576 4725 ΘΓ
2603 4690 2880 4725 νθιυθτειι.
2919 4690 3053 4725 νιαθ
3070 4690 3405 4735 ωυεθοιυω,
3429 4690 3578 4723 ιιι)Γο
3598 4690 3655 4722 Vl

2010 4690 2159 4800 elisit.
2183 4760 2310 4814 cap.
2347 4744 2435 4798 36.
2472 4690 2672 4796 Eidem
2705 4756 2937 4814 quoque
2966 4740 3104 4796 huic
3142 4741 3487 4814 conjecturae
3518 4736 3658 4814 facit

2005 4814 2231 4881 vocula,
2254 4809 2472 4891 Etpibnv,
2499 4829 2626 4891 quae
2653 4809 2767 4891 non
2794 4809 3137 4891 pridemtut
3166 4829 3200 4866 a
3228 4809 3520 4878 Corderio,
3538 4809 3657 4891 .sed

2004 4903 2189 4959 nuper
2217 4883 2495 4939 vertenda
2516 4883 2624 4949 est,
2659 4883 2741 4937 ita
2768 4883 2832 4938 ut
2863 4884 3030 4939 vertit
3056 4884 3439 4954 Hieronymus
3462 4897 3475 4935 :
3502 4883 3657 4935 circa

2006 4958 2162 5014 idem
2182 4955 2395 5014 quippe
2416 4961 2650 5014 tempus
2673 4954 2731 5009 in
2756 4955 3093 5010 Matthzeum
3114 4953 3367 5014 scripsit,
3400 4956 3456 5008 et
3472 4951 3659 5008 homi—

2006 4972 2162 5014 iuem
2182 4972 2395 5028 qmppe
2416 4972 2650 5027 tempus
2673 4972 2731 5009 in
2756 4972 3093 5036 manuarium
3114 4972 3367 5036 scripsit,
3400 4972 3456 5008 ei
3473 4972 3656 5008 nomi-

2008 5030 2117 5085 lias
2150 5043 2287 5083 suas
2343 5043 2413 5082 ex
2460 5042 2558 5081 ore
2615 5026 3020 5082 concionantis
3057 5041 3240 5098 excipi
3297 5040 3510 5098 passus
3547 5026 3656 5081 est.

2008 5101 2483 5259 ᾘᾶἓίτιξεεη
2505 5167 2659 5242 quod
2680 5167 2771 5224 his
2796 5166 3282 5224 tribulationibus
3306 5184 3324 5222 :
3363 5166 3531 5235 alter,
3563 5166 3663 5239 qui

2010 5240 2117 5311 his,
2138 5240 2261 5296 Veto.
2296 5240 2475 5295 Ideni.
2510 5240 2528 5242 ἡ

2082 5314 2150 5385 (f)
2167 5317 2345 5368 Graec.
2367 5306 2502 5364 τὸδὲ
2520 5306 2576 5363 ’ὲν
2594 5308 2978 5386 τῶν-σεραφίμ.
3005 5309 3166 5382 Legit
3180 5309 3410 5386 llieron.
3430 5303 3661 5386 μηδέῧὲνΡ
3686 5358 3705 5381 κ

2013 5381 2147 5454 etc),
2179 5400 2358 5456 neque
2379 5399 2557 5456 unum
2578 5399 2653 5456 ex
2682 5381 2982 5456 Seraphin:
3003 5399 3024 5444 ;
3060 5381 3217 5454 quod
3249 5397 3449 5437 verum
3466 5383 3576 5447 est,
3607 5383 3666 5436 et

2016 5473 2085 5512 ex
2116 5453 2277 5511 Isaias
2308 5471 2382 5520 v1,
2414 5455 2467 5522 6,
2501 5453 2645 5507 satis
2675 5457 2879 5508 exstat.
2913 5453 3097 5508 Idem;

2088 5528 2168 5597 (g)
2192 5531 2398 5581 Deerat
2414 5542 2524 5579 vox
2544 5525 2733 5594 hodie,
2758 5541 2933 5595 quam
2959 5525 3181 5580 Raban.
3206 5526 3265 5578 et
3283 5523 3463 5578 Graec.
3488 5522 3553 5591 σή
3566 5542 3667 5594 με-

2018 5597 2440 5679 somnulent-
2574 5666 2590 5679 .
2654 5669 2665 5679 .
2723 5666 2875 5679 ..η
3106 5666 3118 5679 .
3316 5668 3327 5679 .
3610 5663 3620 5676 .

2089 5669 2173 5741 (Ιι)
2198 5666 2385 5723 verba
2403 5684 2544 5739 opus
2567 5666 2755 5741 habet_
2778 5666 3054 5741 Rabanus
3104 5666 3367 5741 ignorat,
3389 5680 3577 5741 neque
3607 5666 3668 5719 in

2016 5734 2211 5798 Grieeo
2230 5744 2369 5797 sunt
2389 5734 2570 5812 testu,
2598 5754 2705 5794 nec
2724 5738 2999 5812 denique,
3022 5734 3181 5812 quo'd
3200 5735 3446 5812 Boetius
3463 5734 3665 5811 opina.

2017 5819 2136 5883 tur,
2168 5815 2293 5871 erat
2323 5826 2425 5869 cur
2452 5811 2840 5884 Hieronymus
2871 5808 3170 5885 suppleret
3196 5808 3256 5868 in
3304 5808 3524 5868 Graeco.
