3978 6188
319 282 440 350 395

1579 290 1645 352 S.
1691 288 2000 353 EUSEBII
2047 289 2490 354 HlEBONYMl

3612 279 3732 346 596

324 417 538 493 aliquis
556 419 834 478 immunis
852 424 959 491 est,
982 419 1157 480 habet
1177 435 1424 496 rognum
1446 429 1720 492 suum,et
1742 425 1851 481 sub
1879 441 1966 481 re-
1997 427 2053 494 Α
2082 424 2367 498 nignitate
2395 424 2518 493 Dei,
2550 427 2618 480 ut
2643 423 2954 481 eradicatio
2994 421 3125 497 ipsa
3173 423 3232 480 et
3275 417 3576 479 subversio
3608 421 3734 474 tota

324 526 441 583 gno
472 526 587 565 uno
614 509 830 566 multas
861 511 1124 582 possidet
1144 517 1476 587 gentes,per
1498 513 1786 587 plurimas
1819 512 1972 570 scili-

330 603 421 654 cet
447 599 671 670 species
701 600 977 669 avaritiae,
1009 607 1065 657 et
1094 603 1165 658 ob
1197 603 1255 660 id
1301 620 1448 676 opus
1487 609 1576 660 est
1606 603 1975 660 sermonibus

324 687 427 745 Dei
458 691 524 743 ut
543 687 880 746 istiusmodi
901 708 1081 765 regna
1100 709 1235 748 cum
1257 693 1381 748 suis
1419 693 1694 765 gentibus
1724 692 1972 748 evellan-

323 779 442 833 tur.
468 776 735 833 Salvator
755 777 815 834 in
854 779 1165 854 Evangelio
1212 781 1470 837 ostendit
1515 781 1746 838 dicens:
1783 781 1974 838 Omnis

318 865 617 939 plantatio
631 885 806 939 quam
817 885 926 924 non
935 873 1146 941 planta
1154 874 1398 926 vitPater
1407 887 1567 927 meus
1579 888 1655 927 cae
1663 870 1974 939 lestis,era-

327 956 626 1014 dicabitur
649 957 868 1028 (Matth.
892 976 984 1026 xv,
1015 960 1124 1030 13).
1153 961 1301 1015 Sunt
1324 961 1587 1032 quaedam
1619 961 1972 1016 intrinsecus

329 1045 392 1102 in
414 1046 726 1102 animabus
746 1047 954 1103 vestris
976 1048 1082 1120 (At.
1107 1049 1322 1104 animis
1353 1049 1593 1120 nostris)
1615 1049 1811 1120 insita,
1848 1067 1973 1121 quae

325 1152 443 1193 non
477 1135 758 1209 plantavit
789 1137 1040 1194 caelestis
1066 1138 1252 1194 Pater.
1279 1139 1492 1194 Omnes
1517 1138 1733 1210 quippe
1754 1138 1972 1210 cogita-

325 1225 516 1283 tiones
547 1225 836 1298 pessimaa,
892 1226 1226 1294 homicidia,
1281 1227 1588 1294 adulteria,
1640 1226 1976 1282 fornicatio-

326 1331 452 1383 nes,
487 1314 664 1382 furta,
687 1314 836 1371 falsa
857 1315 1212 1382 testimonia,
1238 1315 1637 1388 blaSphemize,
1661 1315 1977 1388 plantatio-

329 1420 434 1462 nes
455 1408 613 1470 sunt,
637 1421 786 1476 quas
808 1421 922 1460 non
968 1404 1253 1477 plantavit
1293 1405 1546 1461 ccelestis
1581 1405 1766 1461 Pater.
1792 1404 1852 1461 Si
1873 1421 1976 1461 au-

329 1496 450 1551 tem
471 1493 556 1550 vis
571 1493 719 1549 scire
732 1495 902 1565 cujus
925 1493 1300 1566 aitplantatio
1315 1493 1651 1550 istiusmodi
1666 1494 1976 1566 cogitatus,

330 1583 468 1640 audi
487 1583 628 1656 quia
641 1583 910 1640 inimicus
918 1588 1086 1640 homo
1095 1587 1196 1640 hoc
1207 1584 1366 1654 fecit,
1385 1586 1489 1656 qui
1499 1583 1980 1656 superseminavit

328 1673 838 1730 zizaniaiumedio
851 1673 1044 1729 tritici
1064 1674 1281 1745 (Matth.
1327 1689 1452 1740 x111,
1475 1673 1588 1745 25).
1644 1673 1831 1728 Instat
1850 1687 1980 1728 ecce

2082 515 2390 587 dispereat.
2425 513 2772 586 Diligentius
2807 512 2931 585 lege
2963 513 3255 586 quomodo
3285 509 3579 567 eradicata
3600 524 3732 580 per-

2083 603 2314 658 dantur:
2324 604 2608 675 (e)Paleas
2620 612 2814 659 autem
2825 605 3120 659 comburet
3134 601 3262 674 igni
3273 597 3735 672 inexstinguibi-

2084 693 2239 760 li,Et:
2257 693 2450 764 Ligate
2468 694 2798 762 manipulos
2808 689 3494 758 zizaniorum,ettradite
3505 705 3602 744 eos
3614 687 3744 757 igni

2082 781 2301 851 (Matth.
2325 797 2411 850 ιιι,
2438 781 2524 848 12,
2547 780 2658 850 30).
2686 779 2780 834 Sic
2805 796 2872 834 ea
2896 795 3026 850 quae
3047 782 3189 833 sunt
3208 775 3499 832 eradicata
3520 774 3592 845 (Γ)
3614 773 3736 828 dis-

2083 871 2426 942 perduntur.
2447 868 2505 924 Si
2528 874 2722 924 autem
2745 869 2830 923 vis
2853 869 3000 924 scire
3023 866 3316 939 quomodo
3339 864 3626 936 dispersio
3645 880 3734 918 re-

2083 958 2320 1031 digatur
2347 958 2406 1012 in
2440 957 2713 1024 nihilum,
2740 957 3034 1028 quomodo
3053 953 3456 1010 aedificationis
3478 951 3742 1025 pessima

2081 1047 2194 1116 (At.
2219 1046 2508 1119 pessimae)
2533 1047 2778 1102 materia
2809 1047 2868 1100 in
2923 1045 3222 1118 pulverem
3272 1041 3737 1111 comminuetur,

2083 1138 2296 1192 domus
2328 1153 2396 1192 ea
2424 1152 2552 1206 quae
2570 1139 2805 1207 propter
2835 1135 3055 1206 lepram
3085 1132 3308 1188 destrui
3338 1132 3585 1202 jubetur
3607 1130 3740 1202 (Le-

2087 1224 2187 1279 vit.
2211 1222 2351 1295 xw),
2374 1239 2507 1278 cum
2568 1223 2741 1278 fuerit
2764 1221 2958 1294 pulvis
3002 1221 3226 1288 ell‘ecta,
3262 1223 3423 1276 extra
3441 1219 3740 1275 civitatem

2089 1311 2416 1385 projicitur,
2451 1316 2515 1366 ut
2545 1328 2618 1367 ne
2647 1310 2797 1383 lapis
2827 1311 3065 1382 quidem
3121 1326 3189 1366 ex
3231 1326 3299 1365 ea
3338 1308 3609 1364 residuus
3639 1306 3740 1375 sit,

2077 1401 2250 1473 juxta
2262 1401 2418 1473 quod
2437 1401 2723 1472 scriptum
2741 1399 3296 1470 est:Simititer(g)ut
3313 1397 3747 1468 lutumplatea-

2085 1503 2217 1543 rum
2237 1487 2431 1542 delebo
2453 1503 2547 1542 eos
2567 1487 2680 1559 (Ps.
2705 1504 2843 1556 xvn,
2887 1487 2999 1558 43).
3045 1486 3283 1558 Oportet
3329 1486 3546 1559 quippe
3578 1485 3743 1558 peni-

2085 1581 2182 1633 tus
2199 1575 2436 1632 interire
2454 1575 2761 1632 malitiam.
2780 1575 3138 1632 Subversum
3155 1579 3243 1632 est
3255 1574 3501 1648 aliquid,
3513 1574 3745 1647 lapides

2087 1682 2322 1738 quoque
2344 1665 2457 1738 ipsi
2484 1665 2585 1738 qui
2616 1665 2901 1721 destructi
2931 1670 3093 1732 sunt,
3128 1669 3529 1735 conterantur,
3562 1680 3636 1720 ne
3668 1663 3742 1720 ad

328 1762 504 1828 Deus,
529 1762 711 1819 instat
730 1766 785 1818 et
803 1761 1056 1817 Zabulus
1082 1761 1362 1818 habentes
1385 1761 1616 1817 semina
1644 1778 1772 1817 sua.
1801 1761 1858 1815 Si
1882 1761 1980 1816 de-
2014 1803 2062 1868 Β
2091 1754 2348 1827 aliquam
2380 1753 2494 1826 (Αι.
2528 1753 2730 1824 aliam)
2762 1754 3230 1868 aedificatic‘mem,
3265 1771 3444 1855 quam
3472 1753 3745 1810 diabolus

332 1851 595 1909 derimus
623 1849 817 1907 locum
847 1849 1082 1917 Zabulo,
1131 1849 1407 1906 inimicus
1458 1849 1634 1905 homo
1666 1849 1988 1922 superserit
2015 1843 2062 1868 ”
2099 1845 2450 1901 concinnare
2479 1847 2690 1916 potest,
2724 1843 2950 1900 assumi
2974 1843 3226 1901 valeant.
3263 1843 3634 1900 Eradicatum
3658 1848 3750 1900 est

330 1940 784 2015 plantationem,
818 1954 996 2012 quam
1028 1939 1134 2011 (Al.
1184 1939 1488 2011 quoniam)
1539 1955 1654 1994 non
1704 1937 1990 2011 plantavit

333 2027 588 2085 cmlestis
609 2027 801 2096 Pater,
833 2029 1034 2100 utique
1063 2028 1500 2084 eradicandam.
1537 2027 1633 2083 Sin
1669 2031 1865 2084 autem
1899 2042 1987 2081 re-

334 2116 508 2190 pulso
527 2117 765 2186 Zabulo,
787 2116 981 2174 locum
1013 2115 1351 2173 dederimus
1373 2120 1508 2186 Deo,
1544 2115 1808 2189 gaudens
1835 2115 1990 2170 Deus

335 2222 515 2279 super
543 2205 864 2278 principale
893 2207 998 2278 (At.
1045 2207 1154 2261 sub
1197 2204 1530 2278 principali)
1580 2205 1774 2260 cordis
1805 2204 1990 2260 nostri

335 2300 571 2368 sparget
593 2312 790 2352 semen
816 2312 1013 2352 suum.
1039 2295 1154 2353 Nec
1177 2293 1390 2367 aliquis
1409 2293 1703 2350 existimet
1724 2294 1806 2365 (α)
1826 2294 1990 2349 triste

335 2385 621 2458 quiddam
643 2385 792 2442 756
814 2385 1128 2441 Jcremiam
1150 2384 1454 2456 recepisse,
1480 2383 1620 2455 quia
1635 2383 1990 2439 constitutus

337 2472 415 2530 sit
435 2473 506 2529 ad
529 2473 981 2530 eradicationem
997 2489 1310 2547 regnorum
1323 2476 1380 2528 et
1395 2473 1682 2545 gentium.
1705 2472 1991 2528 Bonitatis

335 2563 439 2621 Dei
459 2561 618 2620 istud
641 2566 730 2619 est
750 2561 1056 2634 indicium,
1077 2562 1374 2618 eradicare
1395 2562 1536 2616 vitia
1551 2578 1652 2632 per
1669 2578 1989 2628 sermones,

335 2651 585 2708 inimica
605 2651 858 2709 caelestis
879 2651 1042 2724 regni
1065 2668 1246 2724 regna
1267 2652 1585 2719 destruere,
1610 2654 1667 2705 et
1708 2649 1992 2706 bellantes

338 2758 474 2798 cum
497 2759 606 2798 sua
625 2746 795 2814 gente
834 2746 1086 2798 evertere
1110 2742 1395 2808 nationes,
1418 2740 1743 2796 erradicare
1775 2743 1832 2796 et
1861 2740 1994 2795 sub-

334 2834 578 2887 vertere.
601 2831 703 2885 Est
739 2830 1007 2901 quazdam
1029 2829 1336 2884 mdilicatio
1376 2827 1600 2895 Zabuli,
1640 2833 1696 2884 et
1717 2834 1804 2884 est
1835 2846 1988 2900 qure-

339 2918 476 2974 dam
501 2917 804 2973 aediﬁcatio
832 2918 929 2972 Dei
955 2934 968 2972 :
1000 2918 1155 2988 quod
1181 2933 1359 2988 super
1399 2933 1638 2972 arenam
1680 2917 1990 2984 extruitur,

336 3006 448 3062 hoc
467 3005 669 3062 Zabuli
692 3010 800 3075 est,
831 3023 1010 3079 super
1029 3005 1188 3062 nullo
1212 3005 1369 3061 enim
1393 3005 1608 3072 stabili,
1631 3007 1706 3078 (b)
1729 3007 1992 3062 robusto-

336 3111 452 3168 que
475 3092 780 3150 solidatur.
806 3095 968 3160 Quod
991 3098 1188 3150 autem
1211 3111 1389 3166 super
1405 3099 1630 3166 petram
1647 3094 1988 3164 aedificatur,

2101 1932 2426 2006 quippiam,
2460 1933 2683 1990 invenit
2712 1932 3084 1990 adversarius
3115 1933 3288 1989 etiam
3314 1934 3467 1989 inter
3495 1947 3582 2001 ea,
3614 1948 3748 2006 quae

2099 2023 2393 2079 eradicata
2449 2025 2608 2093 sunt,
2669 2021 2928 2094 aliquam
2987 2027 3332 2094 sementem,
3400 2037 3580 2094 quam
3639 2021 3747 2076 ite-

2099 2128 2230 2167 rum
2264 2111 2533 2167 seminet.
2568 2110 2808 2183 Propter
2837 2111 2993 2182 quod
3023 2111 3196 2182 jubet
3224 2109 3545 2168 Dominus:
3572 2110 3750 2168 Cotti-

2096 2201 2236 2272 gite,
2258 2199 2480 2265 dicens,
2503 2209 2559 2256 et
2596 2201 2922 2256 comburite
2967 2217 3036 2255 ea
3084 2200 3230 2273 igni,
3270 2199 3493 2256 scilicet
3519 2204 3582 2254 ut
3608 2215 3746 2254 era-

2099 2289 2312 2345 dicatio
2363 2305 2597 2361 quoque
2654 2288 2875 2360 Zabuli,
2935 2293 2993 2344 et
3063 2288 3194 2361 ipsa
3250 2288 3551 2345 subversio
3607 2305 3747 2343 con-

2099 2384 2389 2436 sumatur.
2427 2381 2464 2434 7
2479 2379 2573 2435 57
2610 2378 2825 2432 Verum
2854 2394 2971 2433 non
3001 2382 3230 2433 tantum
3262 2377 3322 2433 in
3350 2377 3456 2432 hoc
3489 2380 3607 2433 stat
3634 2393 3756 2433 ser-

2104 2485 2202 2524 mo
2260 2467 2515 2537 divinus,
2549 2470 2614 2521 ut
2644 2467 2918 2538 eradicet,
2944 2472 3001 2522 et
3025 2467 3307 2533 destruat,
3336 2470 3392 2522 et
3414 2466 3752 2538 disperdat:

2108 2560 2231 2614 esto
2262 2556 2440 2627 enim,
2475 2555 2768 2612 eradicata
2807 2555 2924 2612 sint
2971 2555 3169 2611 omnia
3216 2556 3273 2609 in
3322 2571 3416 2610 me
3445 2555 3620 2624 mala,
3653 2556 3757 2612 de-

2101 2649 2324 2701 structa
2344 2650 2401 2701 et
2427 2645 2694 2718 dispersa
2717 2645 2836 2701 sint
2856 2645 3133 2717 pessima,
3159 2644 3298 2716 quid
3324 2645 3469 2699 mihi
3494 2645 3756 2718 prodest,

2099 2735 2149 2791 si
2172 2752 2288 2791 non
2308 2752 2412 2807 pro
2429 2735 2513 2790 eis
2537 2752 2667 2807 quae
2685 2735 2982 2790 eradicata
2994 2738 3053 2789 et
3068 2735 3322 2790 suffossa
3335 2737 3494 2800 sunt,
3514 2734 3762 2790 meliora

2100 2823 2163 2879 in
2184 2841 2276 2880 me
2303 2824 2640 2896 plantentur
2659 2827 2832 2896 atque
2869 2823 3228 2879 aedificentur
3247 2824 3275 2878 ‘2
3314 2826 3623 2895 Propterea
3648 2822 3754 2879 Dei

2098 2913 2273 2969 verba
2297 2913 2554 2985 primum
2577 2913 2820 2974 faciunt.
2840 2913 2994 2984 quod
3019 2929 3257 2968 necesse
3292 2915 3404 2983 est,
3429 2912 3752 2982 eradicant,

2101 3002 2778 3074 destruunt,perdunt,et
2790 3000 3056 3073 posthaec
3070 3001 3379 3069 aedificant,
3394 3005 3568 3073 atque
3585 3001 3756 3074 plan-

2101 3094 2252 3146 tant.
2288 3091 2736 3147 Observavimus
2766 3105 2999 3162 semper
3040 3090 3100 3144 in
3141 3089 3459 3162 Scripturis
3509 3090 3754 3157 sanctis,

356 3184 466 3240 hoc
487 3183 588 3239 Dei
610 3187 718 3240 est.
742 3183 904 3239 Unde
926 3187 982 3239 et
1002 3183 1094 3238 his
1117 3182 1217 3255 qui
1263 3184 1393 3254 ejus
1439 3189 1600 3252 sunt,
1623 3183 1836 3239 dicitur
1859 3202 1872 3240 :
1894 3184 1994 3240 Dei
2023 3174 2066 3241 C
2104 3180 2362 3252 primum
2393 3198 2461 3236 ea
2492 3197 2618 3252 qua).
2645 3180 2918 3235 videntur
2964 3179 3158 3234 tristia
3184 3179 3513 3251 Inominari,
3546 3178 3757 3235 deinde

354 3273 745 3348 agricultura,
763 3274 868 3329 Dei
879 3272 1386 3346 wiiﬁcatioestisa
1415 3273 1544 3329 Cor.
1580 3275 1689 3345 ιιι).
1720 3273 1791 3345 (c)
1814 3272 1998 3345 Super

351 3371 544 3434 gentes
562 3369 617 3419 et
633 3378 818 3434 regna
830 3360 1153 3426 eradz'care,
1168 3365 1638 3431 etsubvertere,et
1649 3362 1994 3431 disperdere.

351 3452 411 3509 Si
435 3452 766 3509 eradicatur
788 3450 1032 3525 aliquid,
1048 3454 1104 3508 et
1115 3451 1426 3506 eradicatio
1443 3451 1659 3524 ipsa(d)
1676 3468 1791 3506 non
1807 3451 1998 3523 dispe-

351 3540 450 3597 riit
473 3558 486 3596 :
511 3540 704 3598 adhuc
725 3543 1028 3614 permanet
1047 3539 1201 3612 quod
1223 3539 1489 3595 evulsum
1521 3543 1631 3596 est.
1669 3539 1729 3595 Si
1761 3541 1994 3596 subrui-

349 3633 448 3688 tur
467 3630 699 3696 domus,
723 3635 780 3686 et
799 3629 1024 3702 lapides
1043 3629 1102 3685 in
1116 3629 1286 3684 ruina
1303 3629 1661 3704 suntintegri
1679 3647 1692 3686 :
1713 3629 1998 3702 dissipata

351 3723 442 3776 est
470 3719 703 3787 domus,
737 3735 852 3775 non
883 3722 1080 3774 tamen
1111 3718 1358 3790 perdita.
1392 3718 1552 3790 Opus
1581 3722 1670 3774 est
1697 3718 1876 3791 igitur
1905 3719 1997 3774 be-

421 3826 504 3912 ςα)
524 3825 1140 3912 Ηώαημεβωίδςὶηιει.
1154 3826 1328 3912 Deum
1350 3825 1994 3912 tristenquiddamllere-

349 3896 485 3956 miae
502 3898 856 3969 praecepisse,
877 3898 976 3969 qui
986 3896 1344 3964 constitutus,
1368 3901 1476 3953 etc.
1505 3896 1699 3953 Graeco
1722 3901 1880 3953 textu
1908 3914 1996 3953 re-

348 3969 739 4110 ἰνῆῗῗᾞῖῗῖοεθ
761 4041 930 4092 antea
950 4041 1092 4104 erat,
1114 4053 1288 4107 super
1303 4037 1472 4110 nulla
1501 4039 1654 4092 enim
1674 4038 1994 4106 stabilitur,

350 4109 724 4180 abartumque
737 4125 854 4163 non
873 4111 1171 4180 solidatur
1190 4128 1208 4163 :
1231 4109 1367 4180 etin
1394 4109 1461 4164 Β.
1487 4125 1631 4165 mss.
1656 4126 1833 4180 penes
1859 4112 2000 4166 Huc-

350 4127 724 4180 aoormmque
737 4127 854 4163 non
873 4127 1171 4164 souaatur
1190 4128 1208 4163 :
1231 4127 1289 4164 et
1309 4127 1367 4162 ιη
1394 4127 1461 4164 n.
1487 4127 1631 4165 mss.
1697 4127 1833 4164 enes
1859 4127 1994 4166 uue-

350 4181 520 4248 tium,
543 4180 610 4235 ab
633 4181 847 4251 istoque
862 4179 1183 4251 solidatur,
1206 4179 1294 4235 vel
1314 4181 1388 4235 ab
1408 4182 1518 4236 isto
1531 4127 1691 4251 quod)
1693 4183 1994 4238 solidetur.

349 4252 580 4323 Optime
594 4250 1188 4323 Rabanuslectionem
1203 4250 1886 4317 monuitrestituendam,
1907 4269 2000 4308 su-

347 4321 456 4395 per
467 4324 624 4380 nullo
641 4324 794 4395 enim
815 4321 1016 4395 stabili
1028 4323 1369 4395 robustaque
1385 4323 1688 4395 solidatur.
1715 4323 1806 4395 Sic
1823 4324 2000 4395 habet
2047 4389 2050 4392 ,

349 4389 408 4451 et
421 4396 654 4468 Graecus
678 4392 767 4448 im’
789 4389 967 4447 οὐδενὶ
992 4393 1094 4467 γὰρ
1119 4389 1429 4468 ἐπῇῥικται
1456 4389 1656 4468 ἐδραίῳ
1677 4394 1766 4448 καὶ
1793 4389 1998 4468 βεϐαὶῳ

348 4465 758 4548 ξιᾳὶςήγωμὲνιρ.

2106 3285 2174 3326 ea
2193 3286 2320 3340 quae
2342 3269 2618 3326 hilariora
2661 3273 2820 3336 sunt,
2846 3268 3102 3324 secundo
3124 3267 3236 3324 dici
3262 3285 3274 3322 :
3305 3273 3421 3338 Ego
3463 3269 3754 3341 occidam,

2105 3361 2157 3413 et
2167 3375 2273 3431 ego
2288 3359 2589 3429 viviﬁcabo
2603 3358 3388 3430 (Deuter.xxxm,39).(h)Non
3404 3357 3552 3413 dixit
3567 3356 3754 3430 prius.

2105 3448 2222 3520 Ego
2251 3447 2575 3514 vivificabo,
2608 3451 2665 3502 et
2693 3450 2916 3519 postea,
2962 3446 3244 3513 occidam.
3297 3446 3665 3518 Impcssibile
3688 3446 3758 3518 (i)

2105 3541 2195 3593 est
2222 3536 2401 3603 enim,
2456 3537 2611 3608 quod
2662 3535 2840 3592 semel
2897 3535 3207 3592 viviﬁoavit
3263 3535 3414 3592 Deus
3451 3540 3554 3592 aut
3583 3537 3656 3592 ab
3688 3551 3760 3593 eo

2105 3625 2255 3698 ipso,
2278 3629 2382 3681 aut
2406 3626 2479 3681 ab
2512 3624 2623 3681 alio
2645 3625 2849 3681 occidi.
2874 3625 2986 3681 Sed
3007 3643 3025 3680 :
3050 3616 3162 3697 Ego
3184 3624 3547 3695 interﬁciant,
3570 3628 3628 3678 et
3641 3641 3758 3698 ego

2103 3713 2496 3787 viviﬁcabo.(j)
2511 3715 2692 3780 Quem
2712 3713 3061 3769 interﬁciani
3074 3713 3102 3771 ?
3114 3712 3356 3770 Paulum
3371 3710 3754 3784 proditorem,

2103 3823 2350 3897 faciam,
2369 3831 2432 3897 ut
2447 3823 2549 3894 ﬁat
2564 3822 2783 3897 Paulus
2803 3822 3115 3897 apostolus,
3139 3826 3250 3897 etc:
3261 3820 3337 3897 Ut
3349 3821 3516 3890 plane
3530 3819 3759 3897 videas,

2107 3892 2222 3950 non
2245 3892 2482 3966 longius
2496 3894 2760 3949 recedere
2778 3892 3061 3948 arbitratu
3080 3909 3188 3947 suo
3206 3892 3759 3966 Hieronymum;_sed

2106 3967 2178 4021 ab
2210 3982 2297 4033 eo,
2331 3963 2430 4037 qui
2488 3982 2643 4037 nunc
2673 3969 2930 4036 superat,
2978 3966 3170 4018 Graeco
3201 3967 3382 4037 textu,
3411 3963 3759 4037 eorumdem

2106 4034 2414 4093 verboru'm
2443 4035 2532 4088 καὶ
2565 4038 2657 4108 ζῇν
2693 4034 2911 4104 nomen)
2941 4051 3209 4108 occursu,
3234 4034 3603 4102 intermedia,
3626 4049 3758 4106 quae

2106 4109 2164 4164 S.
2199 4109 2408 4164 Doctor
2437 4108 2854 4178 interpretatus
2884 4112 2991 4174 est,
3021 4107 3324 4162 excidisse.

2178 4179 2240 4250 (i)
2262 4179 2424 4242 Quod
2443 4179 2538 4250 hic
2560 4175 2738 4234 habet
2789 4179 3204 4248 Hieronymus:
3256 4175 3612 4250 impossibile
3638 4191 3763 4250 esse

2105 4248 2254 4323 quod
2267 4248 2450 4323 semel
2473 4251 2779 4320 viviﬁcavit
2790 4251 2953 4320 Deus,
2968 4251 3398 4323 autabeo‘ipso,
3423 4255 3528 4302 aut
3547 4249 3618 4303 ab
3633 4249 3759 4302 alio

2108 4321 2314 4392 cecidi,
2349 4322 2432 4393 sic
2493 4323 2864 4392 interpretor,
2897 4337 3032 4376 eum
3065 4322 3164 4393 qui
3195 4321 3323 4393 vita:
3373 4323 3599 4393 aeternae
3623 4335 3759 4393 par-

2107 4389 2347 4465 ticeps'a
2365 4392 2481 4448 Deo
2509 4389 2695 4447 factus
2718 4398 2824 4458 est,
2849 4399 2967 4448 tam
2986 4389 3180 4465 ﬁrmis
3202 4409 3235 4447 a
3255 4392 3371 4465 De_u
3394 4390 3569 4446 foveri
3593 4389 3760 4465 auxi-

2109 4462 2438 4531 liis,uteam
2453 4480 2822 4536 nequaquam
2838 4464 3025 4534 possit
3037 4466 3320 4519 amittere.
3332 4462 3763 4536 Interpretatio-

348 4539 419 4612 (ε)
443 4532 746 4612 Interserit
766 4537 1000 4612 Graecus
1022 4535 1074 4612 oi
1098 4532 1258 4612 λργοι
1278 4535 1457 4589 τοὶνυν
1482 4540 1578 4590 τοῦ
1605 4541 1988 4612 Θεοῦηςενηιο-

2113 4553 2237 4591 nem
2262 4541 2520 4612 nostram
2546 4532 2853 4606 sequentia
2869 4537 3235 4612 confirmant,
3260 4539 3317 4590 et
3333 4532 3552 4612 quibus
3572 4535 3643 4588 ad
3665 4550 3760 4612 re-

346 4607 446 4666 ne:
464 4611 657 4681 itaque
681 4609 794 4677 Dei,
821 4626 948 4680 quze
975 4611 1076 4663 aut
1113 4607 1502 4681 Hieronymus
1544 4609 1840 4680 prmtcriit,
1875 4613 1995 4676 aut,

388 4681 502 4737 uod
530 4679 775 4737 Huetius
797 4679 982 4752 putat,
1007 4695 1075 4735 ex
1087 4679 1701 4752 ejusinterpretatione
1718 4681 1999 4752 temporis

389 4751 924 4825 iuturnitaserasit.
948 4755 1074 4825 Mox
1094 4768 1264 4825 voces
1285 4759 1341 4807 et
1357 4768 1544 4825 regna
1564 4751 1905 4808 suﬁ‘ecimus
1926 4768 1993 4808 ex

348 4826 585 4883 Rabano
616 4829 674 4880 et
701 4823 896 4896 Graeco
925 4821 1014 4876 καὶ
1051 4819 1350 4896 βασίιλείας.

439 4897 502 4968 et)
525 4894 883 4968 Placuitlegi
905 4894 1296 4968 cum‘Rabano
1319 4895 1603 4968 dispertit,
1627 4895 1699 4950 ad
1728 4894 1991 4968 Graecum

347 4964 621 5038 ἀπὸληται
647 4993 662 5034 ;
685 4971 740 5022 et
761 4964 901 5038 Reg.
927 4983 1039 5021 ms.
1083 4966 1347 5035 dispertit
1375 4964 1479 5038 pro
1511 4966 1608 5021 illo
1631 4967 1782 5037 quod
1822 4974 1994 5022 antea

345 5037 644 5110 obtinebat
671 5037 1049 5110 dispergitur.

439 5109 492 5174 e)
525 5107 916 5175 Vitiosa—erat,
945 5109 1175 5178 plateas
1206 5125 1309 5180 pro
1335 5107 1573 5180 paleas.

435 5181 490 5254 Γ)
516 5180 696 5254 Penes
722 5182 1051 5254 Rabanum,
1073 5181 1426 5249 dispereunt,
1459 5185 1517 5254 et
1539 5195 1690 5247 mox,
1715 5181 1994 5254 quomodo

343 5258 399 5308 et
420 5251 713 5308 subversio
749 5253 1085 5325 redigatur,
1132 5259 1267 5317 etc.,
1323 5251 1635 5323 utrobique
1684 5252 1896 5308 rectius
1919 5253 1989 5306 ad

345 5326 660 5468 0633?]?in
683 5394 955 5450 similiter
979 5393 1318 5450 suifecimus
1357 5411 1425 5450 ex
1443 5393 1679 5448 Rabano
1709 5399 1766 5448 et
1797 5393 1992 5450 Graeco

346 5482 584 5527 ὁμοίως·

426 5488 526 5520 οεω
569 5488 584 5498 '

384 5488 492 5608 μ(Ιι)
517 5488 750 5608 (gr-incus
769 5535 970 5608 subdit
989 5536 1288 5608 continuo,
1302 5536 1422 5588 τίνα
1454 5536 1730 5588 ἀποκτενῶ
1748 5539 1989 5608 ﬁla-34m

341 5603 431 5662 τὸιᾶ
462 5603 758 5682 τέροδὸτηγ,
785 5603 997 5682 ῌαῦλλον
1024 5606 1114 5682 ςεὸν
1135 5603 1386 5675 διώκτην¹
1407 5607 1495 5659 καὶ
1526 5610 1619 5678 ζῇν
1645 5607 1883 5675 ποιήσω,
1910 5604 1993 5660 i'vu

345 5675 568 5756 γένηςέαι
585 5675 1269 5756 ΙΙαῦλρςῗάπὸστολοςηθιο.
1290 5680 1374 5745 ;id
1393 5683 1501 5744 est,
1519 5675 1686 5749 quem
1701 5680 1996 5756 occidam?

343 5749 467 5811 Pau
476 5749 597 5808 tum
611 5750 997 5821 proditorem,
1011 5750 1261 5808 Paulum
1271 5757 1700 5820 persecutorem
1717 5765 1731 5806 :
1747 5758 1800 5808 et
1810 5750 1994 5809 vivere

2107 4607 2526 4664 surrectioncm
2552 4604 2918 4662 mdrtuorum
2937 4606 3050 4661 ista
3075 4604 3425 4663 referuntur.
3451 4604 3758 4669 Quomodo

2107 4685 2303 4736 autem
2327 4679 2384 4732 in
2409 4680 2604 4733 futura
2623 4679 2742 4732 vita
2760 4678 2921 4750 Beati
2949 4695 2982 4750 a
3001 4677 3166 4750 lapsu
3211 4677 3643 4750 contineantur,
3670 4676 3759 4750 sic

2098 4752 2283 4835 tradit
2312 4750 2437 4835 ipse
2459 4750 2736 4835 Origenes
2759 4749 2859 4835 lib.
2884 4766 2917 4802 v
2943 4749 3000 4803 in
3026 4747 3234 4835 "Epist.
3271 4749 3342 4835 ad
3374 4747 3762 4835 lt.om...:”Quid

2100 4832 2291 4878 autem
2303 4820 2376 4876 sit
2389 4822 2539 4892 quod
2554 4820 2612 4876 in
2625 4821 2851 4894 futuris
2862 4821 3089 4877 seculis
3099 4820 3287 4877 teneat
3296 4820 3532 4894 arbitrii
3544 4821 3762 4876 liberta

2098 4900 2212 4950 tem
2223 4909 2552 4959 ,nerursum
2566 4893 2805 4948 corruat
2816 4895 2873 4948 in
2885 4901 3182 4960 peccatum
3193 4893 3372 4960 ,brevi
3381 4907 3482 4946 nos
3494 4907 3761 4947 sermone

2101 4967 2399 5036 Apostolus
2413 4967 2571 5020 docet
2588 4966 2783 5020 dicens
2800 4985 2818 5019 :
2836 4964 3107 5020 Charitas
3123 4979 3434 5036 numquam
3455 4963 3643 5036 cadit.
3658 4963 3760 5018 Id-

2100 5034 2254 5121 circo
2444 5045 2499 5091 et
2524 5036 2652 5106 ﬁde,
2671 5045 2844 5121 et_sp.e
2861 5034 3332 5121 majorrharitas
3352 5034 3587 5121 dicitur“,
3607 5036 3758 5118 quia

2099 5111 2217 5164 sola
2241 5110 2378 5176 erit,
2398 5106 3144 5179 perquamdelinquiuttra
3157 5123 3270 5162 non
3281 5107 3512 5176 poterit.
3528 5106 3587 5160 Si
3597 5107 3759 5162 enim

2102 5182 2162 5235 in
2177 5181 2242 5236 id
2261 5181 2460 5234 anima
2477 5180 2849 5250 perfectionis
2869 5179 3220 5243 ascenderit,
3241 5187 3304 5233 ut
3334 5195 3410 5233 ex
3451 5185 3571 5233 toto
3587 5179 3758 5250 corde

2097 5269 2201 5307 suo
2223 5261 2276 5306 et
2299 5268 2374 5306 ea:
2392 5249 2512 5306 tota
2529 5253 2736 5305 anima
2756 5267 2888 5314 sua,
2911 5259 2966 5306 et
2987 5268 3061 5306 ea:
3084 5251 3221 5307 totis
3241 5251 3458 5305 viribus
3477 5250 3601 5305 suis
3620 5249 3760 5304 dili-

2098 5333 2203 5394 gat
2220 5325 2413 5390 Deum,
2431 5331 2491 5394 et
2503 5324 2837 5393 proximum
2873 5338 3044 5394 suum
3077 5322 3634 5394 tanquamseipsam,
3658 5322 3762 5376 ubi

2100 5392 2214 5450 erit
2228 5395 2452 5465 peccati
2471 5392 2629 5448 lacus
2647 5397 2671 5445 .9
2692 5395 2759 5448 Et
2782 5392 2952 5464 paulo
2977 5399 3108 5465 post
3128 5411 3139 5449 :
3165 5395 3228 5448 Et
3243 5393 3375 5448 ideo
3390 5394 3604 5448 merito
3623 5394 3760 5448 cha-

2101 5467 2390 5539 ritas,qu:e
2403 5467 2522 5539 sola
2534 5466 2788 5520 omnium
2804 5466 3066 5519 "mxima
3077 5474 3162 5520 est
3173 5481 3411 5528 ,omnem
3421 5473 3759 5539 creaturam

2101 5537 2409 5593 contiriebit
2431 5554 2467 5592 a
2494 5538 2684 5607 lapsu,
2709 5546 2841 5591 tunc
2860 5553 2990 5593 cum
3028 5539 3144 5592 erit
3171 5543 3317 5592 Deus
3331 5537 3527 5592 omnia
3544 5537 3604 5591 in
3633 5551 3756 5591 om-

2100 5612 2288 5664 uibus.
2326 5609 2600 5664 Hunnus.

2172 5681 2400 5754 (j)'l‘ota
2418 5677 2929 5754 histaec,pericope,
2941 5696 3106 5753 quem
3123 5677 3496 5754 interﬁciam?
3514 5679 3758 5754 Paulum

2099 5751 2471 5824 proditorem,
2490 5753 2736 5810 Paulum
2750 5751 3188 5824 persecutorem,
3205 5759 3263 5810 et
3276 5751 3596 5825 viviﬁcabo,
3614 5766 3754 5809 cum
