3978 6188
275 301 398 372 597

774 305 1266 383 TRANSLATIO
1309 314 1815 384 HOMILIARUM
1858 312 2225 384 ORIGENIS
2268 318 2347 384 IN
2390 313 2817 388 JEREMIAM.
2864 317 3056 389 HOM.
3101 318 3184 388 II.

3555 312 3679 387 898

272 438 530 501 Paulum
559 452 1032 519 persecutorem;
1062 454 1121 508 et
1138 452 1460 521 viviﬁcabo,
1484 457 1550 511 ut
1576 454 1679 512 flat
1696 454 1915 512 Paulus
1943 454 1999 520 Α
2028 456 2118 510 est
2146 455 2416 513 suffossa.
2449 456 2634 514 Sicuti
2665 456 2889 515 idolum
2932 458 2992 514 in
3050 456 3231 515 corda
3270 458 3676 515 constructum

267 533 580 605 apostolus
609 535 824 594 Christi
853 539 1015 595 Jesu.
1050 544 1180 597 Haec
1202 542 1251 598 si
1277 541 1669 616 intelligerent
1711 544 1921 600 miser-

263 619 401 677 rimi
424 622 507 695 (α)
529 623 807 697 haeretici,
832 644 1158 702 numquam
1181 631 1253 687 ad
1273 648 1380 688 nos
1407 632 1923 702 deferrent,crebro

262 708 379 767 ista
408 711 679 770 dicentes
700 731 714 770 :
734 715 987 774 Videsne
1011 718 1195 774 Deum
1218 720 1386 793 Legis
1402 725 1459 777 et
1479 722 1923 795 Prophetarum,

261 801 567 870 quomodo
591 802 752 859 ferus
774 808 865 861 est
892 810 949 861 et
977 805 1339 865 inhumanus
1360 810 1388 865 ?
1418 813 1708 883 quomodo
1738 812 1919 868 dicit:

258 886 370 958 Ego
395 889 670 958 occidam,
700 895 753 946 et
781 909 876 964 ego
904 895 1190 966 viviﬁcobo
1210 897 1238 952 ‘I
1294 914 1410 955 non
1463 900 1830 957 advertentes
1861 901 1922 957 in

258 976 591 1049 Scripturis
621 982 1067 1040 annuntiatione
1092 986 1497 1044 suscitationis
1529 994 1920 1057 mortuorum,

260 1081 378 1121 non
410 1067 856 1126 considerantes
887 1076 1517 1149 resurrectionemjam
1547 1078 1790 1150 coepisse
1820 1096 1924 1151 per

259 1152 579 1226 singulos:
612 1156 1022 1230 Consepelimur
1037 1164 1189 1218 enim
1218 1163 1428 1221 Christo
1453 1182 1553 1237 per
1568 1168 1918 1239 baptismum,

258 1250 313 1299 et
335 1259 742 1316 consurgemus
766 1263 893 1303 cum
921 1265 982 1305 eo
1010 1252 1182 1322 (Rom.
1216 1270 1295 1321 v1,
1328 1254 1360 1308 4
1385 1272 1399 1321 ;
1430 1256 1631 1312 Coloss.
1687 1273 1747 1328 ιι,
1809 1258 1918 1328 12).

259 1335 308 1386 Δ
335 1332 619 1391 tristibus
644 1351 896 1409 semper,
928 1339 1030 1395 sed
1074 1342 1421 1399 necessariis
1468 1342 1707 1401 inchoat
1747 1350 1918 1415 Deus,

258 1419 447 1478 veluti
471 1439 486 1478 :
516 1424 628 1495 Ego
653 1425 918 1497 occidam,
939 1430 993 1483 et
1009 1444 1110 1498 ego
1128 1431 1412 1503 viviﬁcabo
1436 1448 1448 1487 :
1482 1448 1578 1502 ego
1591 1436 1918 1505 percutiam,

258 1517 314 1566 et
343 1527 444 1582 ego
480 1514 709 1570 sonabo.
745 1516 894 1573 758
926 1517 1095 1585 Quem
1124 1520 1270 1574 enim
1292 1515 1477 1593 diligit
1494 1522 1772 1590 Dominus,
1794 1539 1919 1579 cor-

261 1601 444 1671 ripit;
475 1602 719 1673 ﬂagellat
745 1612 931 1660 autem
963 1607 1548 1681 omnemﬁtiumquem
1562 1612 1915 1684 recipit(Heb.

174 1754 179 1759 _
262 1704 376 1757 ιιι,
405 1690 500 1761 6);
530 1695 583 1746 et
610 1695 747 1763 post
764 1691 885 1748 haec
912 1701 1096 1750 curat.
1120 1695 1250 1769 Ipse
1271 1696 1529 1755 dolorem
1551 1699 1708 1768 facit,
1731 1705 1788 1757 et
1809 1701 1915 1757 ite-

258 1791 396 1876 rum
426 1778 681 1884 restituit
709 1779 997 1882 laetitiam.
1031 1783 1317 1842 Similiter
1337 1790 1394 1843 et
1422 1787 1481 1842 in
1503 1789 1773 1860 praesenti
1800 1794 1908 1845 Do-
1936 1816 1988 1884 Β

246 1865 455 1922 minus
483 1867 605 1924 ait:
641 1868 913 1926 Constitui
940 1879 992 1927 te
1019 1873 1179 1929 hodie
1204 1890 1366 1947 super
1390 1884 1592 1947 gentes,
1635 1882 1685 1933 et
1737 1894 1907 1950 regna

241 1956 561 2025 eradicare,
593 1960 645 2014 et
669 1959 965 2032 suffodere,
995 1970 1047 2017 et
1072 1961 1400 2035 disperdere,
1431 1973 1481 2021 et
1508 1965 1815 2038 wdiﬁcare,
1855 1976 1907 2025 et

238 2043 532 2116 planiore.
563 2045 984 2105 Verumtamen
1015 2050 1274 2122 primum
1305 2056 1413 2120 est,
1447 2057 1512 2109 ut
1537 2054 1692 2111 mala
1744 2056 1906 2113 aufe-

244 2138 463 2189 rantur
491 2151 530 2189 a
557 2134 749 2192 nobis.
784 2135 909 2193 Non
968 2142 1162 2210 potest
1209 2140 1269 2195 in
1325 2140 1449 2197 loco
1507 2142 1908 2202 mdiﬁcationis

247 2220 408 2277 male
433 2222 729 2279 aediﬁcare
758 2228 949 2282 Deus:
985 2226 1113 2295 Quae
1140 2230 1291 2284 enim
1331 2231 1685 2303 participalio
1733 2234 1904 2304 justi-

250 2310 345 2365 tia:
369 2312 421 2366 et
448 2312 766 2383 iniquitatis
787 2313 816 2368 ‘I
842 2323 939 2370 aut
968 2330 1095 2386 quae
1120 2320 1539 2376 communicatio
1568 2320 1685 2376 luci
1709 2322 1781 2377 ad
1832 2330 1906 2378 te-

247 2399 452 2455 nebras
482 2400 559 2471 (II
592 2399 717 2458 Cor.
746 2418 827 2470 v1,
860 2404 947 2471 14)
967 2403 995 2458 ‘2
1024 2404 1262 2477 Oportet
1319 2406 1605 2464 malitiam
1654 2425 1723 2465 ex
1768 2410 1906 2467 imis

249 2487 500 2544 sedibus
530 2490 850 2547 eradicari:
882 2497 1111 2564 oportet
1138 2498 1197 2550 et
1225 2495 1664 2554 mdiﬁcationem
1720 2500 1904 2570 pessi-

252 2592 414 2632 mam
447 2578 523 2633 ab
554 2577 867 2636 animabus
896 2581 1003 2649 (Al.
1032 2581 1269 2656 animis)
1303 2585 1520 2641 nostris
1542 2587 1777 2658 penitus
1802 2605 1906 2644 au-

252 2664 410 2737 ferri,
444 2670 514 2721 ut
537 2671 740 2738 postea
764 2684 1065 2726 sermones
1120 2671 1195 2743 (b)
1250 2672 1352 2728 Dei
1399 2674 1688 2731 aedificent
1734 2680 1908 2749 atque

252 2753 542 2827 plantent.
574 2759 896 2813 Possumus
918 2758 1210 2830 siquidem
1254 2765 1313 2817 et
1368 2761 1537 2818 aliter
1582 2763 1907 2838 intelligam

252 2858 379 2915 quae
401 2843 627 2917 scripta
655 2850 796 2901 sunt
820 2862 832 2901 :
864 2848 995 2904 Ecce
1022 2848 1169 2904 dedit
1194 2865 1474 2908 sermones
1527 2869 1672 2910 meos
1718 2855 1795 2910 vin
1849 2870 1907 2910 os

251 2936 434 2989 tuum.
463 2933 536 2988 Et
559 2933 703 3005 quid
732 2934 949 2991 faciant
969 2953 1268 2995 sermones
1298 2939 1475 2997 dicit:
1509 2942 1824 3015 Eradicare,
1855 2947 1907 3000 et

251 3022 548 3094 sulodere,
578 3032 631 3080 et
661 3023 986 3096 disperdere.
1012 3027 1323 3084 Sermones
1365 3029 1659 3088 eradicent
1716 3032 1906 3089 natio-

250 3128 692 3180 nes,serinones
721 3130 901 3187 regna
923 3114 1250 3172 suil‘odiunt
1275 3135 1289 3186 ;
1314 3118 1415 3174 sed
1444 3135 1560 3175 non
1590 3135 1771 3193 regna
1790 3120 1906 3177 ista

256 3199 455 3257 carnis
484 3205 544 3257 et
572 3183 883 3275 seculi,'(c)
905 3205 1086 3277 digna
1114 3183 1761 3282 destruenlibus,digna
1782 3226 1909 3266 era-
1937 3183 1982 3253 θ

257 3289 603 3367 dicentibus
628 3292 840 3347 verbis.
876 3292 956 3347 Ea
984 3310 1110 3365 quae
1169 3295 1466 3352 eradicata
1522 3302 1579 3352 et
1630 3299 1914 3355 subversa

259 3383 403 3435 sunt
434 3378 612 3450 senti,
645 3384 840 3451 putas,
869 3380 928 3436 in
952 3380 1046 3438 his
1067 3398 1195 3453 qua
1215 3383 1469 3441 dicimus
1490 3386 1663 3442 modo
1686 3404 1803 3443 non
1824 3392 1915 3444 est

258 3468 450 3523 virtus
466 3483 649 3539 quam
669 3468 957 3527 Dominus
978 3470 1536 3541 tribuit,secundum
1560 3476 1713 3547 quod
1729 3476 1911 3549 scrip-

259 3561 390 3612 tum
422 3560 551 3612 est:
586 3557 849 3613 Dommus
875 3558 1026 3614 dabit
1064 3561 1227 3616 verba
1255 3563 1659 3631 evongelizanti
1713 3567 1915 3621 virtute

259 3645 440 3701 multa
461 3645 824 3716 (Psat.r.xvn,
860 3647 949 3719 12)
971 3652 997 3702 Ῡ
1017 3648 1204 3705 virtus
1232 3650 1539 3708 eradicans
1568 3656 1743 3725 atque
1790 3655 1912 3710 suf-

260 3734 516 3801 fodiens,
548 3734 600 3789 si
625 3736 1101 3808 quainﬁdelitas,
1128 3737 1178 3794 si
1208 3740 1363 3810 quod
1414 3743 1809 3813 mendacium,
1863 3744 1914 3799 si

264 3840 388 3896 qua
413 3822 667 3892 malitia,
707 3814 769 3881 si,
789 3842 908 3897 qua
926 3825 1177 3899 luxuria,
1210 3827 1261 3884 si
1304 3845 1421 3901 qua
1450 3829 1744 3887 discordia
1796 3850 1914 3888 non

273 3978 492 4041 magno
521 3964 1056 4041 sensusdispendio
1078 3967 1295 4041 deerat,
1322 3984 1543 4041 nosque
1572 3969 1829 4041 primum
1848 3988 1917 4027 ex

270 4035 512 4092 Rabano
540 4035 905 4093 suii‘ecimu's.
938 4035 1320 4096 Ostendimus
1376 4035 1592 4096 autem"
1629 4042 1915 4099 superiori

269 4111 415 4164 nota
441 4107 478 4162 h
504 4107 748 4163 totidem
780 4108 978 4164 haberi
1011 4110 1069 4164 in
1091 4110 1293 4167 Greco
1312 4112 1526 4175 verbis,
1552 4110 1673 4166 τὶνα
1694 4107 1918 4168 ἆποκτε-

265 4181 370 4247 νῶ;
404 4174 623 4245 ῌαῦλον
642 4176 734 4232 τόν
755 4174 1053 4261 πρρδότην,
1078 4178 1290 4249 ῌαῦλον
1308 4180 1399 4236 τόν
1430 4174 1666 4254 διώκτην
1694 4184 1783 4238 καί
1818 4188 1913 4259 ζῇν

267 4248 489 4318 ποιήσω
516 4266 671 4321 :quaz
684 4266 818 4305 cum
836 4268 894 4305 1n
910 4251 1128 4309 Latinis
1146 4252 1478 4321 Hieronymi
1494 4230 1916 4314 coddiluetius

270 4271 489 4318 ποιησω
516 4271 671 4321 ξψιω
684 4271 818 4305 cum
836 4271 894 4305 ιι]
911 4271 1128 4309 ωιιωδ
1146 4271 1478 4327 hieronymi
1494 4271 1916 4314 cooa.uueuus

270 4338 386 4378 non
420 4321 763 4402 invenisset,
797 4322 868 4377 ab
898 4322 1248 4402 Origeniano
1278 4326 1594 4398 exemplari
1636 4327 1916 4402 Hierony-

268 4408 438 4450 mum
469 4392 706 4466 longius
733 4392 1047 4466 exspatiari
1068 4394 1240 4466 dixit.

339 4464 1313 4542 (aBasilidianos,Valentinianos,
1337 4467 1748 4542 Cerdoniauos,
1771 4471 1919 4542 Mar-

2032 546 2139 612 est,
2174 543 2273 600 illo
2290 544 2576 618 deposito,
2602 546 2922 604 aediﬁcetur
2958 546 3245 619 templum
3276 544 3400 611 Dei,
3431 549 3489 602 et
3516 545 3675 603 inve-

2031 632 2230 688 niatur
2265 633 2452 707 gloria
2483 636 2613 707 ejus
2633 636 2691 692 in
2723 652 2811 703 eo,
2851 640 2909 693 et
2936 636 3039 693 ﬁat
3067 652 3182 692 non
3215 634 3510 703 infertilis,
3556 634 3678 694 sive

2029 719 2195 778 locus
2210 725 2661 797 exsurgens,sed
2675 724 2955 797 plantatio
2972 724 3250 798 paradisi,
3270 724 3371 780 ubi
3384 723 3674 796 templum

2030 807 2133 864 Dei
2165 810 2242 866 sit
2263 810 2326 867 in
2354 811 2581 868 Christo
2610 811 2772 881 Jesu,
2805 814 2899 869 cui
2939 817 3029 871 est
3056 812 3243 887 gloria
3270 817 3330 869 et
3357 811 3675 885 imperium

2030 894 2092 952 in
2122 898 2336 954 secula
2358 898 2729 956 saeculorum.
2750 906 2958 957 Amen.

2507 1004 2813 1062 HOMILIA
2840 1006 3186 1066 SECUNDA.

2029 1089 2110 1146 De
2138 1107 2206 1148 eo
2237 1094 2392 1165 quod
2424 1093 2710 1237 scriptugn
2732 1098 2850 1150 est:
2873 1097 3073 1239 Επιρέιῖ
3089 1095 3155 1152 de
3171 1096 3347 1153 medio
3365 1096 3670 1169 Babylonis

2681 1182 2858 1222 erem.
2891 1183 2966 1222 LI.
3060 1208 3074 1222 .
3175 1217 3183 1225 .

2681 1182 2858 1222 erem.
2891 1183 2966 1222 LI.
2996 1182 3074 1225 Ο).
3175 1217 3183 1225 .

2103 1252 2252 1309 759
2284 1254 2583 1321 Quomodo
2607 1270 2819 1328 corpus
2866 1259 3137 1312 nostrum
3165 1254 3227 1311 in
3254 1255 3452 1328 aliquo
3500 1259 3670 1314 terras

2026 1338 2152 1396 loco
2173 1343 2463 1411 consistit,
2488 1343 2693 1399 eodem
2721 1344 2893 1401 modo
2915 1348 2974 1401 et
2987 1345 3187 1401 anima
3204 1345 3531 1402 secundum
3552 1348 3671 1402 sta-

2026 1432 2153 1485 tum
2176 1448 2352 1488 suum
2382 1431 2442 1486 in
2474 1430 2670 1504 aliquo
2701 1432 2781 1505 (α)
2808 1433 3205 1506 nuncupativo
3223 1438 3388 1490 terrea
3412 1433 3538 1492 loco
3559 1437 3670 1491 est.

2026 1519 2190 1585 Quod
2214 1520 2362 1590 dico,
2386 1520 2469 1577 sic
2498 1521 2598 1577 fiet
2626 1521 3016 1592 manifestius,
3038 1522 3261 1595 Corpus
3281 1526 3550 1580 nostrum
3569 1526 3674 1580 aut

2024 1605 2087 1662 in
2116 1608 2359 1682 Egypto
2399 1613 2507 1678 est,
2541 1610 2731 1666 autin
2752 1609 3064 1683 Babylone,
3106 1611 3300 1668 autin
3350 1609 3667 1677 Palestina,

2025 1696 2196 1751 autin
2211 1698 2397 1770 Syria,
2421 1702 2524 1755 aut
2535 1703 2688 1756 certe
2711 1699 3085 1772 ubicumque.
3108 1699 3392 1756 Similiter
3405 1698 3672 1756 etanima

2022 1782 2083 1839 in
2113 1784 2585 1858 aliquoejusdem
2607 1786 2677 1859 (e)
2695 1791 2861 1843 terrae
2880 1786 3138 1843 nominis
3159 1787 3284 1843 loco
3307 1790 3415 1855 est,
3444 1785 3561 1843 alia
3605 1786 3668 1842 in

2013 1872 2328 1946 Babylone,
2360 1874 2475 1930 alia
2504 1878 2564 1930 in
2580 1875 2845 1948 IEgypto,
2870 1875 3058 1931 aliain
3070 1875 3545 1933 Ammanitarum
3567 1891 3659 1932 re-

2013 1961 2219 2035 gione;
2250 1967 2307 2019 et
2335 1964 2420 2020 sic
2463 1964 2815 2038 segregatim
2870 1965 2977 2038 (At.
3029 1964 3278 2037 sacrata)
3336 1964 3664 2021 secundum

2012 2052 2363 2108 sententiam
2378 2052 2946 2125 Scripturarum,pro
2959 2052 3242 2124 qualitate
3257 2053 3384 2110 vitae
3399 2052 3664 2110 locorum

2013 2138 2347 2198 diversitate
2368 2142 2435 2214 (Γ)
2468 2141 2869 2215 distinguitur.
2893 2142 2957 2197 In
2978 2141 3270 2212 Babylone
3290 2146 3400 2211 est,
3421 2142 3659 2214 quando

2013 2229 2654 2303 confunditur,quando
2677 2230 3229 2302 turbatur,quando,
3249 2248 3390 2304 pace
3402 2231 3659 2299 deserta,

2012 2317 2165 2374 bella
2177 2319 2552 2391 sustinet(Al.
2569 2318 2884 2391 sustinent)
2907 2319 3275 2392 passionum,
3309 2320 3546 2392 quando
3568 2322 3657 2375 tu-

2015 2406 2238 2463 multus
2270 2408 2505 2464 malitiaa
2536 2410 2691 2464 circa
2719 2425 2850 2465 eam
2883 2408 3101 2475 fremit,
3129 2414 3271 2464 tunc
3292 2412 3359 2465 ut
3376 2408 3657 2477 diximus,

2014 2495 2074 2550 in
2106 2496 2398 2569 Babylone
2428 2501 2535 2553 est.
2566 2498 2636 2553 Et
2665 2497 2737 2553 ad
2763 2496 2940 2552 istam
2978 2496 3240 2553 animam
3297 2496 3661 2570 prophetalis

2015 2599 2209 2641 sermo
2239 2585 2531 2658 dirigitur,
2554 2585 2784 2641 dicens:
2815 2586 3012 2656 Fugite
3038 2585 3104 2641 de
3129 2585 3312 2642 medio
3338 2584 3660 2657 Babylonis,

2013 2677 2068 2729 et
2094 2675 2361 2730 resalvate
2389 2676 2766 2747 unusquisque
2793 2674 3044 2729 animam
3069 2690 3250 2730 suam.
3284 2678 3475 2731 Donec
3500 2673 3661 2730 enim
3752 2686 3769 2695 ί

2016 2762 2149 2834 quis
2168 2761 2227 2818 in
2261 2762 2555 2836 Babylone
2573 2767 2681 2834 est,
2714 2762 3052 2819 salvarinon
3075 2762 3457 2835 potest.0uod
3472 2762 3661 2834 (g)etsi

2015 2852 2354 2908 recordatus
2381 2852 2461 2908 ibi
2480 2851 2656 2907 fuerit
2673 2850 3020 2918 Jerusalem,
3044 2850 3380 2925 ingemiscit
3390 2854 3448 2906 et
3475 2850 3654 2906 dicit:

2024 2940 2297 3009 Quomodo
2316 2942 2667 2998 cantabimus
2687 2941 2959 2996 canticum
2976 2940 3198 2996 Domini
3224 2941 3285 2995 in
3302 2943 3451 2997 terra
3477 2940 3664 2996 aliena

2015 3029 2190 3100 (Psal.
2224 3032 2451 3099 cxxxvx)
2470 3029 2499 3085 ‘I
2528 3033 2596 3086 Et
2625 3029 2766 3101 quia
2786 3027 3152 3101 impossibile
3179 3031 3270 3085 est
3290 3027 3351 3083 in
3364 3027 3664 3101 Babylone

2019 3118 2370 3174 constitutos
2400 3118 2518 3174 Deo
2540 3117 2777 3190 organis
2799 3132 3027 3186 canere,
3077 3116 3265 3173 otiosa
3310 3116 3526 3190 quippe
3580 3116 3663 3173 ibi

2020 3212 2163 3264 sunt
2181 3223 2401 3280 organa
2419 3206 2774 3279 hymnorum
2812 3205 2933 3274 Dei,
2964 3211 3270 3278 propterea
3296 3205 3404 3275 (At.
3429 3208 3666 3277 propter

2019 3296 2176 3367 eam)
2203 3296 2420 3352 dicitur
2448 3312 2550 3367 per
2580 3294 2969 3366 Prophetam:
3002 3294 3667 3367 SuperﬂuminaBabylo—

2018 3387 2109 3442 nis
2140 3386 2259 3441 illic
2284 3385 2394 3456 (Al.
2430 3383 2532 3456 ibi)
2564 3385 2824 3451 sedimus,
2845 3391 2897 3439 et
2918 3384 3183 3454 ﬂeuimus,
3209 3382 3343 3438 dum
3358 3382 3668 3438 recordare-

2019 3490 2149 3529 mur
2176 3475 2282 3540 tui,
2314 3473 2476 3529 Sion:
2510 3475 2569 3529 in
2590 3472 2861 3529 salicibus
2881 3473 2940 3526 in
2960 3470 3138 3527 medio
3151 3471 3666 3542 ejussuspendimus

2020 3579 2229 3634 organa
2248 3567 2456 3617 nostra.
2491 3562 2791 3634 Suspensa
2819 3565 2958 3616 sunt
2987 3563 3662 3630 organanostra,quam-

2022 3651 2124 3707 diu
2154 3650 2213 3705 in
2236 3649 2527 3721 Babylone
2544 3665 2755 3704 sumus
2777 3648 2837 3703 in
2854 3646 3134 3703 salicibus
3153 3645 3468 3702 ﬂuminum
3489 3646 3670 3719 Baby-

2022 3739 2249 3796 lonum.
2272 3738 2332 3794 Si
2355 3742 2552 3794 autem
2584 3736 2915 3792 venerimus
2943 3735 3003 3790 in
3021 3733 3376 3801 Jerusalem,
3394 3733 3453 3789 in
3471 3733 3667 3790 locum

2021 3826 2264 3883 visionis
2293 3830 2351 3882 et
2370 3825 2553 3898 pacis,
2575 3840 2948 3897 organa,quze
2960 3828 3095 3879 ante
3114 3823 3302 3879 otiosa
3312 3822 3668 3896 pendebant,

2023 3977 2230 4040 tarum,
2261 3967 2439 4024 videte
2467 3967 2648 4039 qualis
2675 3967 2769 4020 sit.
2801 3966 2930 4037 Ego,
2961 3966 3163 4040 inquit,
3194 3963 3462 4034 occidam,
3484 3964 3670 4040 vivere

2020 4036 2229 4113 faciam
2247 4057 2268 4102 ;
2283 4036 2622 4113 percutiam,
2652 4044 2705 4113 et
2720 4036 3075 4113 egosanabo',
3088 4036 3151 4091 et
3164 4052 3281 4113 non
3298 4040 3381 4091 est
3394 4038 3492 4109 qui

2022 4107 2088 4168 de
2114 4107 2371 4167 manibus
2396 4110 2554 4165 meis.
2586 4109 2832 4164 Audiunt
2857 4125 2871 4164 :
2905 4108 3182 4174 Occidam,
3199 4108 3383 4167 etnon
3403 4107 3668 4163 audiunt:

2026 4181 2336 4254 Viviﬁcabo.
2361 4181 2634 4254 Audiunt:
2654 4182 2989 4254 Percutiam,
3002 4188 3063 4254 get
3078 4178 3275 4254 audire
3288 4186 3668 4236 contemnunt:

2022 4256 2089 4311 Et
2114 4251 2210 4323 ego
2238 4252 2461 4308 sanabo.
2494 4251 2807 4307 Istiusmodi
2834 4252 3207 4309 occasionibus
3236 4251 3549 4308 Creatorem
3575 4266 3671 4307 ca-

2025 4327 2394 4382 lumniantur.
2429 4323 2707 4379 Hunnus.

2096 4398 2174 4468 (b)
2198 4395 2416 4451 Vitiose
2444 4395 2645 4468 aberat
2672 4409 2780 4450 vox
2801 4393 2933 4468 Dei,
2961 4407 3240 4468 quam‘ex
3259 4390 3500 4468 Rabano
3518 4390 3672 4468 Gr!»-

2026 4457 2209 4541 coqlie
2239 4471 2420 4533 textu,
2453 4465 2507 4519 oi.
2537 4461 2697 4538 λόγοι
2728 4467 2827 4518 τοῦ
2856 4457 2997 4518 Osci;
3013 4457 3477 4533 οἷκοδομηθῶσιν,
3500 4461 3672 4519 81130-

272 4534 875 4615 gionistasnaliosque
905 4537 1034 4608 ejus
1049 4537 1264 4615 farinae
1286 4538 1587 4615 haereticos
1614 4534 1914 4615 suggillat.
1946 4550 1996 4615 Β
2026 4534 2236 4615 cimus.

272 4606 558 4685 Origenes
584 4606 646 4661 in
674 4605 983 4685 {lat—th.)ng
1006 4625 1023 4685 :_
1047 4608 1300 4685 ζητήρεις
1328 4605 1917 4685 δὲιπῷςτῆςάἧᾷοᾴτη-

270 4675 563 4752 τοςῖαύτοῦ
591 4682 715 4731 πνεῖ
740 4678 830 4730 καὶ
858 4678 1033 4752 τά-μὴ
1063 4675 1341 4752 ν-όᾳῦμενα
1360 4678 1471 4752 Δὑπό
1500 4675 1631 4751 τῶν,
1672 4675 1734 4736 τᾎ
1793 4675 1916 4737 δσόν

274 4749 352 4826 ἐφ’
366 4747 1086 4835 ἑαγτοῖςριξκοῖαντοίὂάςτων
1099 4750 1192 4835 ’ξύν
1203 4747 1305 4835 ’ὲρῦ
1317 4750 1382 4835 νὸ
1390 4771 1488 4823 μον
1505 4747 1726 4835 βεὸνριςιί
1740 4774 1915 4835 κατηι-

274 4817 590 4899 γόρίξύνςεων
615 4817 799 4899 αύιξρῦ,
813 4821 848 4875 ἅ
867 4817 992 4899 οὐδὲ
1012 4820 1136 4892 περὶ
1161 4817 1442 4899 ἀνθρῴῖτὸν
1464 4822 1608 4898 τάχα
1629 4821 1808 4899 λέγειν
1831 4817 1919 4899 εὖ·

274 4840 341 4893 γο
379 4839 590 4873 ουντων
615 4838 847 4891 αυτου,α
867 4838 992 4874 ουοε
1012 4838 1136 4892 περι
1161 4838 1442 4895 ανυρωπον
1464 4838 1608 4898 τάχα
1630 4838 1808 4899 Λεγειν
1831 4838 1918 4879 εὑ-

274 4838 441 4968 ξρῗᾲν
463 4890 584 4968 terra
615 4889 874 4968 πεῖρομαζ
891 4891 1010 4968 ’γὰρ
1033 4896 1167 4947 Θεοῦ
1192 4893 1529 4968 ἆγαῆότητος
1552 4901 1699 4949 πνεῖν
1723 4896 1811 4950 καί
1828 4897 1918 4968 λτό.

278 4962 420 5040 ’ἐγώ
435 4960 844 5040 ’ἀποκτενῷιοῦκ
862 4960 1086 5040 animi:
1108 4967 1208 5033 τῶ,
1234 4960 1331 5040 ΚαΑἰ
1470 4973 1604 5040 ποιῇ
1614 4966 1921 5040 σω’ὁμοίως

278 5022 453 5087 δὲ’κιῖ
481 5033 547 5086 τὸ
576 5032 825 5110 ῌατᾷξῳ,
849 5033 948 5110 οὐκ
961 5022 1236 5110 ἥττονες-φ,
1255 5022 1419 5110 Κᾲγδ
1437 5022 1657 5109 ἰάσομίαι
1685 5056 1697 5093 :
1722 5022 1925 5108 Queres

492 5108 757 5182 quomodo
1108 5108 1778 5182 illiusea‘etiamspirent,
1802 5125 1928 5182 quae

276 5178 344 5251 ab
372 5178 445 5233 iis
474 5178 711 5251 minime
727 5178 1141 5249 intelliguntur,
1173 5181 1269 5249 qui
1287 5180 1459 5235 Deum
1484 5178 1928 5251 Legis,qnantum

276 5248 338 5303 in
366 5264 426 5304 se
452 5251 558 5313 est,
590 5248 1023 5321 calumniantur,
1044 5248 1271 5321 cumque
1301 5251 1398 5306 hoc
1424 5248 1801 5308 criminantur
1826 5269 1926 5309 no-

275 5321 445 5395 mine,
465 5334 573 5395 quo
590 5334 661 5376 ne
675 5318 955 5395 hominem
966 5318 1601 5395 quidem—reprehendere
1613 5329 1931 5395 promptum

277 5390 445 5517 get.
467 5391 565 5447 Sic
592 5393 737 5445 enim
770 5390 1020 5447 animum
1047 5408 1228 5447 meum
1255 5390 1476 5458 induco,
1506 5390 1629 5448 non
1655 5390 1843 5449 minus
1874 5394 1930 5450 id

366 5464 377 5475 '
405 5462 701 5517 bonitatem
731 5463 1046 5517 signiﬁcare
1075 5480 1094 5517 :
1125 5464 1240 5517 Eoo
1260 5464 1539 5517 occidam:
1559 5472 1723 5517 atque
1748 5465 1892 5517 illud
1914 5482 1927 5517 :

405 5462 701 5536 bonitatem
731 5463 1046 5536 signiﬁcare
1075 5480 1094 5517 :
1125 5464 1240 5536 Ego
1260 5464 1539 5525 occidam;
1559 5472 1723 5535 atque
1748 5465 1892 5521 illud
1914 5482 1927 5520 :

278 5535 345 5591 ει
367 5548 474 5603 ego
516 5535 698 5607 vivere
717 5534 927 5602 faciam
1154 5534 1205 5589 et
1232 5536 1365 5607 hoc:
1394 5534 1729 5607 Percutiam,
1786 5536 1935 5593 haud

278 5621 435 5663 secus
464 5620 531 5659 ac
552 5622 572 5659 :
602 5605 799 5677 Etgego
826 5605 1239 5677 sanabosldem
1272 5606 1476 5662 homil.
1512 5608 1579 5662 17
1632 5605 1721 5662 ἱπ
1750 5608 1887 5664 Luc.
1916 5626 1929 5663 :

279 5678 457 5737 Aiunt
483 5677 637 5735 enim
663 5675 1102 5752 (Valentiniani)
1120 5678 1426 5738 :EeceDeus
1456 5678 1593 5752 legis
1611 5682 1665 5739 et
1689 5679 1935 5751 Prophe-

2095 4611 2165 4682 (c)
2199 4607 2372 4682 Regii
2394 4623 2544 4682 mss.
2565 4621 2743 4678 penes
2766 4603 3229 4676 ﬂuetium,digne
3247 4602 3669 4672 destruentibus,

2024 4678 2191 4751 digne
2218 4678 2639 4751 eradicantzbus.

2098 4742 2315 4826 Zd)Hoc_
2336 4748 2614 4826 vocabulo
2644 4751 2703 4803 et
2732 4746 2906 4826 paulo
2936 4748 3073 4826 post
3086 4743 3297 4826 utitur,
3302 4744 3491 4826 Quare
3516 4742 3670 4826 quod

2028 4815 2285 4896 diiirnus
2301 4821 2357 4875 in
2386 4815 2884 4896 prmfatione'mmi
2906 4815 3129 4896 quarti,
3149 4815 3675 4896 ubideinterprete

2031 4886 2408 4950 homiliaruni
2440 4892 2498 4946 in
2532 4891 2726 4955 lsiam,
2747 4886 3040 4960 nusquam
3072 4886 3217 4942 illud
3245 4886 3307 4960 in
3341 4886 3671 4960 Hieronymi

2031 4964 2267 5046 scriptis
2301 4962 2570 5030 inveniri,
2601 4961 2851 5017 rescindi
2876 4956 2991 5015 uno
3010 4961 3185 5030 atque
3208 4957 3387 5013 altero
3409 4956 3673 5029 exemplo

2032 5052 2544 5190 cnfeyliﬂtizgantius
2577 5119 2755 5175 penes
2786 5101 3030 5192 Dabam,
3061 5100 3299 5171 ejusdem
3352 5116 3478 5156 cum
3529 5108 3677 5156 terra

2032 5194 2389 5320 "Tiridate;
2417 5252 2558 5311 erat,
2592 5243 2839 5299 locorum
2875 5242 3216 5316 diversitates
3247 5241 3675 5324 distinguuntur.

2037 5254 2239 5375 Meiior
2267 5334 2443 5375 quam
2458 5316 2797 5375 reponimus
2812 5314 3037 5369 Rabani
3052 5318 3144 5369 est
3162 5312 3354 5375 lectio,
3368 5313 3675 5368 diversitate

2037 5312 2239 5395 Melior
2267 5334 2443 5395 quam
2458 5333 2593 5395 repo
2602 5316 2797 5395 nimus
2812 5313 3037 5395 Rabani
3052 5318 3144 5369 est
3162 5312 3354 5380 lectio,
3368 5312 3681 5395 diversitate

2037 5383 2435 5462 distinguitur:
2476 5383 2541 5443 id'
2563 5392 2654 5443 est
2682 5388 2892 5453 anima,
2921 5386 2995 5442 ad
3013 5402 3191 5457 quam
3213 5400 3455 5440 sensum
3479 5383 3679 5439 referri

2037 5464 2376 5619 quésaxPud
2409 5530 2657 5619 Raban?
2689 5530 2798 5598 Qui
2823 5528 2992 5584 etiam
3019 5525 3332 5585 recordatus
3370 5524 3467 5582 ubi
3509 5526 3682 5599 Ῑασνίι

2038 5604 2357 5665 Jerusalem.
