3944 6178
170 309 270 380 σοι

633 312 1134 380 TRANSLATIO
1178 312 1688 380 HOMILIARUM
1731 311 2100 376 ORIGENIS
2145 313 2221 375 IN
2265 313 2694 377 JEREMIAM.
2725 307 2917 376 HOM.
2963 307 3044 374 ῙῙ.

3435 307 3556 376 602

170 451 316 518 tiam,
348 451 494 508 tunc
522 465 884 523 consequens
931 455 1019 508 est
1051 455 1114 507 ut
1156 451 1511 524 projiciatur.
1545 449 1797 506 Observa
1826 447 1881 515 Α
1911 451 2110 504 menta
2139 451 2535 517 monstratur;
2568 447 2668 520 qui
2698 452 2894 504 autem
2944 462 3191 520 peccans
3220 445 3552 519 corripitur,

170 556 286 596 vero
314 540 703 613 Scripturam,
735 542 1025 614 quomodo
1054 541 1188 597 licet
1217 558 1285 597 ex
1315 541 1549 597 Hebraea
1577 539 1801 612 lingua,

171 629 218 684 in
237 631 488 682 Graecam
515 627 590 683 sit
619 627 1624 700 translata,nihilomiuus,quantum
1655 627 1801 684 reci-

170 733 288 790 pere
309 719 504 788 potest
524 716 882 773 differentias
902 719 1236 787 verborum,
1270 717 1679 789 signiﬁcantur
1707 734 1802 772 ex-

170 805 450 880 presserit.
483 805 634 861 Dicit
663 805 878 878 quippe
930 806 989 860 in
1021 806 1134 861 alio
1187 805 1351 862 loco:
1385 807 1538 877 Elegi
1566 807 1804 879 abjectus

169 909 271 951 esse
297 897 355 948 in
385 893 556 949 domo
584 894 804 949 Domini
833 895 1004 966 (Psal.
1038 895 1296 966 Lxxxm),
1327 899 1383 950 et
1415 911 1529 949 non
1562 894 1642 949 ait
1673 912 1803 966 pro-

163 985 358 1056 jectus.
397 982 459 1037 In
493 983 767 1053 praesenti
794 987 991 1038 autem
1022 1001 1137 1039 non
1162 984 1439 1054 posuit,et
1466 999 1538 1038 ne
1568 983 1804 1054 abjicia-

171 1071 301 1127 mini
324 1072 381 1125 in
405 1070 765 1141 injustitiam
789 1073 937 1142 ejus,
969 1073 1092 1137 sed,
1115 1074 1192 1128 Ne
1220 1074 1601 1143 proiiciamini
1627 1075 1688 1127 in
1717 1075 1804 1128 in-

167 1161 424 1230 iustitiam
455 1159 592 1231 ejus.
625 1159 800 1214 Aliud
867 1162 1017 1219 763
1049 1165 1135 1216 est
1191 1161 1347 1216 enim
1388 1161 1613 1234 projici,
1647 1161 1806 1216 aliud

169 1249 348 1320 abjici.
381 1249 548 1313 Quod
582 1249 741 1303 enim
773 1249 834 1304 in
889 1249 1260 1322 despectione
1288 1255 1396 1316 est,
1428 1256 1484 1306 et
1516 1251 1807 1323 neglectu,

168 1338 265 1394 hoc
300 1354 416 1392 uou
449 1337 780 1409 projicitur,
812 1339 913 1392 sed
971 1338 1262 1410 abjicitur.
1309 1340 1469 1403 Quod
1502 1357 1634 1396 vero
1667 1340 1806 1395 foris

168 1427 239 1496 (α)
257 1430 342 1482 est
368 1441 404 1480 a
435 1425 649 1496 salute,
681 1430 738 1480 et
757 1426 1119 1482 beatitudine
1137 1426 1415 1495 alienum,
1441 1428 1549 1483 hoc
1581 1428 1808 1500 projici-

168 1515 438 1579 tur.Quod
471 1518 530 1569 et
557 1513 618 1569 in
653 1513 765 1570 alio
795 1514 920 1571 loco
979 1514 1236 1570 declarat
1284 1516 1584 1588 Scriptura
1615 1517 1810 1573 divina

166 1604 350 1659 dicens
374 1621 388 1660 :
421 1603 595 1658 Duces
619 1605 813 1675 populi
840 1606 953 1659 mei
971 1606 1332 1676 projicientur
1347 1622 1418 1662 ea:
1446 1606 1520 1678 (ὁ)
1541 1607 1698 1662 domo
1719 1607 1809 1662 de-

166 1693 412 1748 liciarum
440 1708 696 1760 suarum,
743 1697 968 1765 propter
1009 1696 1271 1765 pessimos
1324 1695 1625 1751 voluntates
1662 1713 1806 1751 suas.

1912 539 2108 595 nescio
2140 539 2278 612 quid
2311 539 2358 594 ei
2382 543 2647 594 excurrat
2672 554 2773 610 pro
2807 536 2932 606 [Αἰ.
2956 537 3046 608 ex]
3071 553 3259 609 poena.
3283 540 3412 592 Haec
3426 553 3557 609 pro-

1913 634 2041 702 pter
2071 628 2179 683 hoc
2211 629 2366 700 quod
2416 629 2639 683 dictum
2689 631 2796 682 est.
2852 627 2990 695 Quia
3038 631 3249 698 tempus
3297 626 3558 682 vindictae

1911 720 2028 791 ejus
2057 736 2092 773 a
2120 719 2349 774 Domino
2376 721 2474 772 est.
2525 716 2837 789 Sequitur:
2872 716 3302 771 Retributionem
3329 716 3446 788 ipse
3473 732 3560 772 re-

1912 809 2115 863 tribuet
2135 809 2188 863 ei
2194 807 2338 862 .Non
2354 823 2456 878 per
2468 805 2770 861 ministros
2793 805 3072 859 retribuet
3087 803 3362 877 Babyloni
3388 809 3562 873 Deus,

1914 896 2014 950 sed
2047 896 2171 967 ipse
2195 894 2492 960 retribuet,
2518 894 2671 964 quod
2696 897 2972 946 meretur.
3003 891 3146 947 Volo
3169 891 3448 963 quiddam
3480 891 3564 946 di-

1915 1001 2042 1039 cere
2070 983 2131 1038 in
2165 983 2559 1039 additamento
2591 981 2956 1055 pronominis
2986 981 3044 1035 in
3077 981 3324 1052 eo,quod
3357 979 3563 1035 scribi-

1914 1075 2186 1144 tur,ipse;
2219 1072 2299 1127 ait
2335 1073 2494 1126 enim
2522 1087 2534 1126 :
2572 1072 2999 1126 Retributionem
3058 1073 3172 1142 ipse
3201 1071 3460 1125 retribuet
3489 1071 3560 1124 ei.

1915 1163 2042 1218 Non
2074 1163 2348 1217 omnibus
2378 1162 2530 1217 Deus
2562 1161 2686 1232 ipse
2735 1160 3016 1215 retribuet
3055 1159 3212 1231 quod
3243 1162 3562 1223 merentur,

1917 1252 2018 1307 sed
2053 1256 2191 1305 sunt
2213 1249 2700 1322 quidam,quibus
2722 1267 2825 1322 per
2846 1249 2992 1304 alios
3009 1248 3286 1319 restituit,
3319 1247 3438 1302 sive
3460 1264 3566 1319 pu-

1917 1339 2104 1411 niens,
2134 1343 2254 1395 sive
2309 1339 2610 1394 medicans
2658 1354 2760 1410 per
2803 1338 3083 1405 dolorem,
3132 1341 3198 1391 ut
3226 1335 3285 1391 in
3314 1335 3567 1392 Psalmis

1918 1429 2285 1484 continetur:
2319 1429 2464 1483 Misit
2491 1431 2551 1482 in
2571 1443 2658 1483 eos
2690 1429 2831 1482 iram
2862 1427 3256 1497 indignationis
3282 1426 3570 1494 διαλανθ-

1917 1535 2054 1584 rem,
2089 1521 2139 1574 et
2168 1520 2331 1578 iram.
2354 1521 2406 1572 et
2436 1518 2767 1587 angustiam,
2803 1517 3196 1571 immissionem
3221 1530 3322 1587 per
3347 1513 3570 1584 angelos

1913 1609 2176 1680 pessimos
2206 1605 2382 1679 (Psal.
2418 1610 2648 1673 LXXVII).
2674 1605 2776 1660 His
2807 1605 2962 1660 enim
2994 1621 3110 1658 non
3139 1603 3265 1675 ipse
3293 1601 3567 1671 restituit,

1920 1697 2022 1752 sed
2045 1697 2112 1751 ad
2138 1695 2583 1752 retributionem
2611 1693 2846 1750 illorum
2871 1693 3158 1749 ministris
3181 1681 3326 1748 usus
3354 1695 3444 1748 est
3473 1707 3573 1746 an-

323 1783 477 1882 enim
503 1795 695 1884 eorum
722 1797 829 1836 non
855 1781 1163 1853 proderunt
1190 1784 1268 1882 eis
1505 1802 1564 1853 II,
1597 1785 1674 1852 9).
1699 1784 1810 1840 Sed
1842 1819 1890 1884 Β
1920 1785 2068 1858 gelis
2094 1785 2470 1857 pessimiszet
2485 1783 2870 1840 aliisforsitan
2894 1799 3010 1837 non
3034 1797 3136 1854 per
3160 1781 3347 1837 malos
3360 1779 3570 1852 reddit,

167 1873 217 1926 et
241 1875 300 1924 tu
330 1870 460 1942 ipse
490 1868 712 1941 poteris
744 1885 1114 1942 congregare,
1176 1871 1364 1926 sicubi
1403 1872 1462 1928 in
1495 1873 1812 1945 Scripturis

166 1957 553 2043 projectionis,
590 1962 648 2013 et
680 1958 1025 2029 abjectionis
1053 1976 1266 2015 nomen
1297 1959 1608 2028 inveneris,
1652 1967 1716 2018 ut
1745 1979 1814 2018 ex

165 2047 592 2120 comparatione
604 2048 1132 2120 verborum,magis
1145 2050 1336 2120 possis
1349 2051 1650 2107 conﬁdens
1666 2053 1813 2108 ferre

164 2134 528 2191 sententiam.
562 2134 713 2198 Quia
742 2136 1098 2207 dispensatio
1150 2137 1546 2209 providentiae,
1579 2140 1813 2197 etiamsi

165 2242 273 2281 non
304 2240 664 2297 magnopere
694 2225 936 2290 curavit,
973 2230 1038 2280 ut
1071 2225 1562 2299 disertitudinem,
1596 2247 1721 2301 quze
1751 2231 1811 2287 in

165 2315 357 2369 Graeco
388 2327 652 2368 sermone
687 2311 982 2381 laudatur,
1015 2313 1209 2370 Grece
1256 2316 1691 2389 interpretando
1721 2337 1811 2376 se-

161 2406 463 2472 queretur:
492 2401 724 2456 curavit
753 2406 950 2458 tameu
1000 2419 1068 2458 ea
1097 2420 1222 2476 qua:
1253 2406 1646 2477 signiﬁcantia
1676 2413 1814 2464 sunt

160 2490 443 2556 exhibere,
479 2495 537 2546 et
568 2490 959 2546 differentiam
992 2508 1190 2548 eorum
1218 2495 1526 2566 explanare
1557 2495 1813 2553 dilucide

159 2578 244 2635 his
273 2579 376 2650 qui
396 2577 742 2650 Scripturas
773 2578 1224 2650 diligentissime
1245 2590 1706 2654 perscrutantur.
1739 2588 1814 2642 Ne

158 2668 532 2741 projiciamini
553 2670 615 2722 in
632 2669 982 2738 iniquitatem
1006 2671 1455 2742 Babylonis,quia
1470 2681 1678 2745 tempus
1700 2657 1816 2730 vin-

162 2757 311 2814 didae
334 2759 455 2830 ejus
475 2760 554 2812 est
578 2773 612 2811 a
629 2758 876 2812 Domino.
900 2758 1042 2814 Miro
1065 2776 1240 2816 sensu
1262 2761 1551 2834 supplicia
1570 2764 1710 2820 dicit
1732 2765 1814 2820 ir-

163 2847 339 2918 rogari
370 2850 616 2918 propter
636 2847 764 2917 eius
787 2845 883 2918 qui
907 2863 974 2901 ea
999 2849 1221 2919 patitur
1240 2849 1540 2906 ultionem.
1575 2854 1814 2918 Quando

161 2935 306 2990 enim
331 2935 471 3006 quis
499 2951 615 2990 non
639 2933 988 3002 vindicatur,
1019 2941 1073 2991 et
1096 2936 1444 3010 relinquitur
1463 2939 1812 3012 impunitus,

161 3022 496 3095 frequenter
525 3040 622 3078 me
655 3022 871 3080 dixisse
901 3025 1141 3080 memini
1166 3025 1222 3081 id
1242 3029 1394 3098 quod
1427 3028 1485 3084 in
1507 3029 1815 3087 duodecim

161 3111 459 3185 Prophetis
494 3112 785 3185 scriptum
818 3118 908 3168 est
936 3131 948 3167 :
980 3116 1056 3169 Et
1082 3129 1193 3170 non
1224 3118 1449 3172 visitabo
1479 3135 1641 3190 super
1669 3121 1816 3190 ﬁlias

1921 1875 2022 1931 sed
2056 1891 2158 1946 per
2179 1874 2383 1940 bonos,
2418 1878 2483 1928 ut
2505 1872 2563 1927 in
2586 1873 2693 1942 eis,
2726 1871 2826 1942 qui
2849 1888 2951 1944 pro
2973 1869 3291 1926 sceleribus
3321 1868 3575 1941 puniun-

1920 1967 2035 2018 tur.
2071 1961 2370 2034 Multaque
2394 1962 2463 2033 (c)
2486 1961 2812 2026 itiusmodi,
2846 1959 2894 2016 si
2919 1959 3252 2030 Scripturas
3274 1955 3572 2030 scrutaris,

1920 2050 2310 2107 invenies.Est
2340 2055 2535 2106 autem
2564 2050 2820 2121 quando,
2846 2047 3252 2104 ministrorum
3277 2047 3352 2120 (d)
3383 2045 3574 2102 officio

1922 2141 2193 2207 refutato,
2227 2139 2675 2195 retributionem
2705 2139 2859 2194 Deus
2889 2137 3016 2210 ipse
3046 2136 3390 2208 restituit,ut
3420 2149 3575 2190 nunc

1921 2228 2430 2301 Babyloni.Timeo
2454 2228 2733 2299 quiddam
2758 2227 2991 2282 obscuri
3023 2226 3082 2280 in
3111 2225 3237 2281 loco
3263 2224 3574 2280 manifesto

1922 2319 2310 2389 interponere,
2371 2317 2525 2388 quod
2562 2316 2705 2371 mihi
2761 2315 2993 2370 videtur
3031 2314 3210 2370 latere
3241 2314 3290 2369 si
3323 2317 3570 2368 taceam.

1923 2407 2334 2461 Verumtamen
2368 2405 2705 2460 audendum
2738 2408 2825 2459 est
2846 2403 3053 2458 saltem
3077 2419 3262 2475 pauca
3290 2401 3572 2474 perstrin-

1921 2511 2073 2568 gere.
2100 2495 2340 2560 Quando
2373 2497 2511 2548 sunt
2539 2492 2782 2548 vulnera
2803 2492 3075 2563 facilia,et
3105 2495 3376 2563 prompta
3401 2506 3568 2546 cura-

1922 2584 2003 2639 tio
2036 2584 2140 2652 [Al.
2175 2583 2504 2652 curationi],
2562 2581 2825 2637 medicus
2885 2581 3066 2635 mittit
3104 2595 3334 2634 servum
3367 2594 3565 2644 suum,

1924 2673 2108 2728 mittit
2137 2671 2512 2744 discipulum,
2544 2677 2610 2726 ut
2641 2671 2744 2739 [Αι.
2787 2674 2862 2740 et]
2896 2686 2997 2741 per
3028 2685 3162 2724 eum
3191 2667 3569 2739 languentem

1925 2763 2248 2818 medicatur
2271 2761 2375 2832 [Αἰ.
2400 2759 2745 2830 medicatur]
2772 2775 2784 2813 :
2809 2775 2998 2830 neque
3018 2758 3174 2813 enim
3198 2773 3410 2827 magna
3435 2757 3576 2810 sunt

1922 2850 2181 2907 vulnera.
2216 2848 2413 2904 Evenit
2443 2865 2677 2920 quoque
2733 2847 3062 2920 aliquoties,
3115 2849 3180 2900 ut
3209 2843 3485 2900 sectionis
3517 2847 3578 2900 et

1926 2939 2061 2994 ferri
2094 2937 2371 3010 indigeat,
2404 2937 2501 3009 qui
2549 2941 2826 2992 sanatur:
2859 2940 3113 2992 attamen
3146 2950 3263 2988 non
3295 2933 3422 3005 ipse
3453 2948 3573 2988 me-

1927 3029 2093 3084 dicus
2116 3028 2302 3100 pergit
2333 3027 2404 3082 ad
2437 3043 2569 3081 cum
2598 3044 2611 3089 ;
2645 3027 2746 3080 sed
2769 3024 2990 3098 eligens
3014 3040 3197 3079 unum
3227 3039 3296 3079 ex
3315 3021 3575 3094 discipu-

1925 3116 2022 3184 lis,
2055 3115 2155 3188 qui
2186 3133 2389 3171 curare
2448 3115 2658 3179 valeat,
2691 3131 2756 3170 eo
2789 3115 2975 3169 utitur
3011 3113 3301 3168 ministro.
3333 3109 3575 3174 Quando

161 3211 382 3267 vestras,
416 3201 642 3273 quando
687 3204 1060 3272 fornicamur,
1105 3209 1160 3259 et
1194 3221 1358 3276 super
1384 3188 1557 3262 nurus
1584 3188 1812 3278 vestras,
1845 3188 1888 3255 (ἶ
1925 3223 2059 3262 vero
2082 3204 2442 3261 insanabiles
2465 3204 2648 3276 plagae
2669 3207 2985 3272 sunt,ut,et
3006 3204 3074 3274 (e)
3097 3205 3364 3257 emortua
3381 3215 3574 3267 carne,

159 3291 365 3361 quando
397 3291 792 3346 adulterantur
820 3291 835 3364 [
845 3293 929 3346 Al.
965 3292 1320 3365 adulterant]
1352 3295 1506 3366 (Osee
1556 3300 1654 3369 1v).
1693 3299 1818 3354 Non

161 3395 305 3453 ergo,
339 3385 408 3436 ut
439 3379 686 3452 quidam
715 3380 1072 3451 existimant,
1105 3381 1256 3438 Deus
1287 3390 1619 3455 peccatores
1650 3389 1820 3460 punit

159 3468 336 3524 iratus
363 3495 378 3536 ;
410 3469 598 3535 sed,si
624 3468 707 3524 sic
728 3468 958 3541 expedit
977 3469 1158 3543 loqui,
1179 3488 1393 3544 magna
1413 3473 1500 3528 ira
1519 3480 1626 3543 est,
1653 3493 1685 3531 a
1701 3477 1818 3534 Deo

160 3561 445 3614 tormenta
469 3573 590 3612 non
616 3557 976 3630 perpeti.Qui
1002 3558 1159 3614 enim
1183 3561 1450 3631 punitur,
1483 3563 1714 3620 etiamsi
1747 3569 1818 3621 ab

161 3661 220 3700 ea
265 3664 399 3718 qua:
448 3651 699 3702 vocatur
728 3647 814 3701 ira
845 3647 943 3702 Dei
975 3648 1387 3720 corripitur,ad
1420 3651 1528 3706 hoc
1556 3654 1816 3725 punitur,

161 3737 220 3788 ut
250 3735 972 3803 emendetur.Domine,ait
1005 3735 1202 3804 David,
1222 3753 1294 3792 ne
1315 3740 1375 3792 in
1397 3742 1482 3794 ira
1505 3744 1599 3796 tua
1620 3759 1820 3813 arguas

158 3837 266 3887 me,
296 3840 470 3894 neque
501 3824 564 3878 in
588 3825 790 3894 furore
819 3832 910 3880 tuo
930 3827 1198 3896 corripias
1224 3844 1314 3882 me
1345 3829 1521 3899 (Psal.
1556 3831 1652 3902 1x).
1707 3833 1819 3888 Sed

158 3909 406 3965 etiamsi
433 3928 666 3984 argues,
722 3928 900 3984 argue
931 3929 1037 3969 nos
1069 3913 1127 3968 in
1149 3915 1394 3985 judicio,
1421 3923 1477 3972 et
1505 3935 1619 3974 non
1647 3920 1705 3974 in
1737 3921 1822 3976 fu-

157 4014 317 4068 rore,
354 3999 492 4056 dixit
510 4000 820 4058 Jeremias.
857 4001 1123 4058 Invenies
1140 4008 1334 4060 autem
1349 4005 1524 4062 etiam
1542 4024 1610 4063 ex
1631 4025 1822 4082 repro-

153 4088 444 4146 missione
475 4089 580 4146 Dei
612 4089 674 4144 in
707 4091 1000 4162 quosdam
1047 4095 1469 4164 correptionem
1511 4096 1656 4152 dari.
1689 4097 1820 4154 Ideo

150 4191 280 4232 cum
312 4179 424 4246 [AL
457 4179 608 4234 Cum
628 4178 687 4234 in
710 4185 795 4247 eo]
825 4180 1203 4251 peccantibus
1224 4181 1438 4238 Christi
1461 4184 1617 4257 ﬁliis,
1651 4204 1823 4258 pcena

145 4266 961 4337 promittitur,misericordia
990 4285 1104 4323 non
1139 4270 1460 4344 denegatur
1483 4275 1589 4345 [Αι.
1616 4293 1687 4331 ne
1717 4276 1823 4331 mi-

147 4358 476 4414 sericordia
507 4357 955 4430 denegetur],ut
985 4357 1268 4430 scriptum
1293 4367 1415 4417 est:
1441 4363 1502 4418 Si
1527 4363 1823 4437 derelique-

143 4446 250 4502 rint
267 4447 392 4516 ﬁlii
422 4455 550 4520 ejus
573 4447 748 4517 legem
776 4450 1034 4516 meam,et
1063 4449 1123 4502 in
1150 4447 1372 4516 iudiciis
1400 4453 1540 4506 meis
1565 4469 1677 4508 non
1701 4471 1823 4510 am-

1928 3294 2174 3368 putredo
2235 3294 2623 3364 contabuerit,
2685 3292 3066 3348 etintantum
3124 3288 3281 3345 mala
3308 3288 3581 3344 valetudo

1929 3387 2109 3452 est,ut
2137 3400 2253 3438 non
2285 3382 2458 3448 servi,
2489 3381 2576 3438 vel
2607 3380 2904 3453 discipuli,
2957 3379 3053 3450 qui
3077 3379 3203 3450 jam
3236 3393 3414 3449 prope
3443 3393 3578 3432 eum

1929 3490 2032 3546 per
2061 3472 2366 3527 scientiam
2400 3471 2543 3527 artis
2600 3474 2973 3526 accesserunt
3016 3467 3123 3540 [Al.
3155 3464 3444 3534 accessit],
3476 3464 3578 3519 sed

1929 3561 2116 3634 ipsius
2129 3559 2392 3632 magistri
2409 3560 2682 3614 manibus
2696 3557 3114 3628 indigeat,tunc
3127 3554 3579 3627 ipsemmagnus

1932 3651 2078 3706 765
2109 3647 2369 3703 medicus
2393 3647 2742 3718 praecinctus
2765 3645 3022 3711 lumbos,
3054 3644 3124 3699 ad
3153 3641 3469 3698 sectionem
3501 3644 3580 3696 te-

1929 3738 2152 3795 terrimi
2184 3736 2444 3792 vulneris
2465 3737 2812 3790 concitatur.
2829 3732 3111 3789 Similiter
3129 3731 3328 3803 itaque
3344 3729 3578 3802 quando

1930 3831 2069 3884 sunt
2086 3826 2312 3881 minora
2325 3829 2581 3897 peccata,
2601 3841 2716 3879 non
2740 3823 2996 3879 restituit
3019 3823 3168 3877 Deus
3188 3821 3312 3892 ipse
3335 3835 3577 3892 peccan-

1927 3915 2108 3986 tibus,
2140 3915 2240 3969 sed
2274 3912 2404 3969 aliis
2436 3913 2622 3968 utitur
2677 3912 2986 3968 ministris.
3041 3910 3282 3976 Quando
3312 3926 3446 3965 vero
3477 3924 3581 3980 per

1931 4006 2138 4060 merita
2151 4020 2258 4058 sua
2279 4002 2486 4074 ingens
2499 4002 2801 4058 hominem
2815 4001 3098 4075 aegritudo
3116 3996 3579 4072 comprehendit,

1930 4098 1996 4148 ut
2015 4109 2171 4148 nunc
2204 4091 2578 4164 Babylonem,
2614 4109 2740 4164 qua:
2772 4091 3047 4164 gravibus
3067 4088 3314 4162 prepriaa
3345 4086 3581 4144 malitiae

1930 4188 2020 4239 est
2047 4186 2123 4253 (g)
2150 4182 2422 4237 confossa
2449 4180 2792 4237 vulneribus
2818 4198 2831 4236 :
2863 4185 3003 4236 tunc
3035 4180 3104 4235 ad
3139 4177 3577 4233 retributionem

1930 4272 2086 4328 Deus
2116 4270 2243 4344 ipse
2267 4270 2522 4326 festinat.
2556 4269 2785 4326 Similia
2807 4270 3073 4342 quaedam
3105 4267 3241 4322 huic
3259 4266 3309 4322 si
3330 4264 3580 4335 requiris

1929 4360 2189 4416 invenies
2219 4364 2276 4415 et
2324 4361 2394 4415 de
2437 4359 2786 4428 Jerusalem,
2837 4376 2963 4432 quae
3004 4356 3054 4413 ei
3086 4355 3420 4411 acciderunt
3449 4355 3582 4423 post

1929 4448 2268 4522 prophetas,
2300 4449 2372 4503 ob
2425 4448 2504 4519 id,
2537 4448 2676 4521 quia
2704 4448 2983 4502 insidiata
3012 4446 3087 4501 sit
3115 4442 3362 4500 Christo.
3395 4439 3488 4495 Sic
3519 4439 3583 4492 fi-

145 4533 473 4592 bularerint
499 4556 521 4603 ;
550 4537 602 4591 si
613 4536 867 4607 justitias
888 4552 1038 4591 meas
1053 4539 1547 4608 profanaverint,et
1562 4543 1824 4600 mandata
1855 4556 1902 4621 Ι)
1935 4539 2063 4595 uita
2085 4541 2174 4594 est
2196 4536 2368 4609 primi
2392 4537 2630 4609 capituli
2655 4535 3028 4591 continentia.
3062 4532 3379 4621 Videamus
3395 4531 3452 4582 et
3479 4543 3582 4621 0&3:

142 4640 258 4680 mea
277 4643 405 4683 non
425 4624 1054 4692 custodierint,visitabo
1077 4627 1138 4681 in
1159 4629 1314 4697 virga
1343 4631 1594 4698 facinora
1613 4648 1820 4699 eorum,

139 4717 182 4767 et
211 4716 272 4770 in
298 4715 562 4786 flagellis
593 4715 914 4786 iniquitates
947 4715 1101 4770 764
1149 4731 1356 4786 eorum,
1390 4719 1825 4777 misericordiam

141 4813 318 4860 autem
348 4822 546 4860 meam
579 4819 692 4860 non
721 4804 1042 4874 dispergam
1068 4804 1136 4858 ab
1162 4807 1240 4860 eis
1267 4807 1379 4876 (Ps.
1413 4811 1825 4881 Lxxxvm),Ista

143 4895 568 4961 considerans,
601 4892 734 4948 vide
783 4893 1080 4964 quomodo
1129 4893 1378 4950 necdum
1411 4913 1582 4968 paena
1610 4899 1823 4971 dignus

141 4982 344 5057 sit,qui
375 4999 584 5054 usque
608 4982 679 5037 ad
707 4997 967 5054 praesens
993 4986 1229 5054 tempus
1246 4984 1562 5040 committit
1583 4988 1821 5061 scelera,

140 5087 240 5129 nec
271 5073 567 5148 punitur.
599 5069 874 5128 Visitatio
907 5069 1126 5144 quippe
1173 5071 1270 5128 Dei
1330 5090 1432 5146 per
1461 5073 1676 5132 visitati
1707 5083 1822 5134 tor-

203 5215 281 5294 (ᾳ)
309 5215 742 5294 βεὼδιιηίονίδ
762 5215 998 5294 penitus.
1015 5230 1052 5269 a
1078 5214 1256 5294 salute

202 5259 280 5354 ib),
295 5289 401 5342 Sic
422 5303 502 5342 ex
522 5259 726 5342 δέδεξαι
750 5259 1140 5341 restutuimus
1172 5290 1230 5341 et
1247 5259 1442 5342 (3rch
1464 5290 1620 5343 textu
1646 5285 1820 5342 ἐκτῶν

141 5354 324 5412 σέκιῶν
361 5363 594 5433 τρυοξῆς
620 5355 1010 5413 σύτῶνΑιιῐθε
1029 5362 1300 5430 corrupte
1324 5358 1628 5432 legebatur
1648 5376 1718 5415 ea:
1735 5361 1825 5417 llo-

138 5433 348 5486 micilio
383 5446 584 5484 rerum
615 5445 874 5484 suarum.

200 5505 269 5573 fc)
297 5505 532 5570 Antea,
566 5499 841 5574 Multaque
867 5500 1080 5556 similia
1111 5501 1426 5558 istiusmodi
1441 5519 1547 5575 per
1574 5503 1822 5575 Scriptu-

143 5590 242 5643 ras,
285 5577 344 5630 si
375 5575 677 5639 scruteris,
713 5577 823 5628 etc.

203 5648 284 5716 (ά)
319 5647 508 5713 Erat,
525 5644 771 5714 ofﬁcium
795 5645 1092 5715 refutatur.

1932 4634 2058 4684 tera
2085 4644 2096 4681 :
2137 4627 2298 4682 Catia:
2317 4642 2518 4681 aureus
2539 4626 2788 4696 Babylon
2817 4626 2874 4679 in
2899 4639 3067 4677 manu
3088 4620 3183 4675 Dei
3202 4615 3310 4686 (Al.
3341 4615 3582 4683 Domini)

1932 4717 2216 4772 inebrians
2247 4731 2463 4770 omnem
2492 4717 2718 4768 terram.
2753 4713 2828 4767 De
2847 4713 2970 4766 vino
2991 4711 3109 4780 ejus
3134 4707 3384 4760 biberunt
3400 4706 3581 4771 gentes

1932 4806 2040 4878 (Al.
2065 4821 2248 4861 omnes
2269 4803 2513 4873 gemtes),
2545 4805 2765 4872 prOpter
2807 4802 2905 4855 hoc
2923 4798 3198 4854 com-mota:
3217 4797 3345 4848 sunt
3377 4795 3578 4861 gentes,

1931 4904 1983 4951 et
2010 4895 2182 4949 subito
2212 4891 2405 4946 cecidit
2450 4891 2716 4961 Babylon,
2749 4898 2799 4944 et
2825 4889 3055 4944 contrita
3077 4879 3579 4940 est.Nabuchodo-

1934 5001 2109 5039 uosor
2139 4979 2337 5035 volens
2367 4978 2634 5050 decipere
2665 4979 2956 5042 homines,
2988 4991 3091 5047 per
3128 4971 3370 5028 calicem
3399 4969 3582 5041 Baby-

1933 5073 2084 5132 lonis
2115 5069 2410 5134 dolosum,
2445 5084 2558 5123 non
2592 5066 2832 5122 miscuit
2863 5065 2922 5118 in
2951 5079 3086 5119 vase
3117 5059 3394 5131 ﬁctili,(h)
3421 5058 3578 5130 quod

2003 5215 2074 5298 (e)
2105 5211 2354 5280 Raban.,
2377 5218 2428 5266 et
2457 5212 2517 5265 in
2543 5219 2792 5266 emortua
2810 5223 2980 5264 carne
3006 5206 3121 5261 alta
3147 5203 3378 5277 putredo
3401 5206 3579 5255 conta-

1933 5291 2075 5428 ὸυέἶῆ
2099 5355 2276 5420 Idem,
2310 5353 2422 5425 ipse
2449 5355 2707 5428 manibus
2736 5349 2993 5428 medicus.

2025 5421 2079 5498 '9')
2101 5421 2378 5498 Corrupto
2407 5429 2580 5480 antea
2610 5423 2910 5498 legebatur
2931 5421 3182 5498 confusa.

2027 5490 2081 5570 7i)
2106 5490 2466 5567 Rab.,-qua-m
2531 5490 2731 5552 arabat
2756 5490 3074 5567 potionem:
3104 5497 3228 5546 tum
3275 5490 3489 5548 rectius
3519 5497 3576 5562 et

2029 5569 2182 5622 nius.
2216 5569 2275 5622 in
2304 5514 2595 5622 paululitm
2643 5568 2889 5622 metiore.
2922 5569 3097 5622 ferreo
3124 5562 3332 5620 scilicet
3361 5567 3412 5620 et
3436 5581 3575 5622 azreo

1933 5562 2182 5643 plenius,
2216 5569 2275 5622 in
2301 5562 2595 5637 paululum
2643 5562 2889 5637 metiore,
2920 5569 3097 5638 ferreo
3124 5562 3332 5620 scilicet
3361 5567 3412 5620 et
3436 5581 3575 5622 azreo

1929 5656 2075 5712 vase,
2106 5643 2214 5696 etc.
