  <div class='ocr_page' id='page_1' title='image "/cluster/home/n/w/nwhite01/storage/ocr_20150623/25/hvd.32044096580493/319.png"; bbox 0 0 3960 6172; ppageno 0'>
   <div class='ocr_carea' id='block_1_1' title="bbox 334 296 455 365">
    <p class='ocr_par' dir='ltr' id='par_1_1' title="bbox 334 296 455 365">
     <span class='ocr_line' id='line_1_1' title="bbox 334 296 455 365; baseline -0.008 -1"><span class='ocrx_word' id='word_1_1' title='bbox 334 296 455 365; x_wconf 66' lang='grc'><strong>627</strong></span> 
     </span>
    </p>
   </div>
   <div class='ocr_carea' id='block_1_2' title="bbox 1577 300 2484 370">
    <p class='ocr_par' dir='ltr' id='par_1_2' title="bbox 1577 300 2484 370">
     <span class='ocr_line' id='line_1_2' title="bbox 1577 300 2484 370; baseline 0.003 -3"><span class='ocrx_word' id='word_1_2' title='bbox 1577 304 1643 368; x_wconf 90' lang='lat' dir='ltr'><strong>S.</strong></span> <span class='ocrx_word' id='word_1_3' title='bbox 1692 300 1997 367; x_wconf 81' lang='lat' dir='ltr'><strong>EUSEBII</strong></span> <span class='ocrx_word' id='word_1_4' title='bbox 2041 301 2484 370; x_wconf 82' lang='lat' dir='ltr'><strong>HIERONYMI</strong></span> 
     </span>
    </p>
   </div>
   <div class='ocr_carea' id='block_1_3' title="bbox 3568 310 3668 379">
    <p class='ocr_par' dir='ltr' id='par_1_3' title="bbox 3568 310 3668 379">
     <span class='ocr_line' id='line_1_3' title="bbox 3568 310 3668 379; baseline 0.05 -5"><span class='ocrx_word' id='word_1_5' title='bbox 3568 310 3668 379; x_wconf 63' lang='lat'><strong>698</strong></span> 
     </span>
    </p>
   </div>
   <div class='ocr_carea' id='block_1_4' title="bbox 336 435 3667 517">
    <p class='ocr_par' dir='ltr' id='par_1_4' title="bbox 336 435 3667 517">
     <span class='ocr_line' id='line_1_4' title="bbox 336 435 3667 517; baseline 0.002 -24"><span class='ocrx_word' id='word_1_6' title='bbox 336 436 666 495; x_wconf 85' lang='lat' dir='ltr'><strong>corruimus</strong></span> <span class='ocrx_word' id='word_1_7' title='bbox 695 452 798 509; x_wconf 88' lang='lat' dir='ltr'><strong>per</strong></span> <span class='ocrx_word' id='word_1_8' title='bbox 817 439 1122 510; x_wconf 87' lang='lat' dir='ltr'><strong>peccatum</strong></span> <span class='ocrx_word' id='word_1_9' title='bbox 1152 435 1211 494; x_wconf 89' lang='lat' dir='ltr'><strong>in</strong></span> <span class='ocrx_word' id='word_1_10' title='bbox 1242 437 1444 495; x_wconf 90' lang='lat' dir='ltr'><strong>orbem</strong></span> <span class='ocrx_word' id='word_1_11' title='bbox 1477 438 1584 511; x_wconf 78' lang='grc' dir='ltr'><strong>[Αἱ.</strong></span> <span class='ocrx_word' id='word_1_12' title='bbox 1644 438 1803 511; x_wconf 87' lang='lat' dir='ltr'><strong>orbe]</strong></span> <span class='ocrx_word' id='word_1_13' title='bbox 1860 441 1975 494; x_wconf 91' lang='lat' dir='ltr'><strong>ter-</strong></span> <span class='ocrx_word' id='word_1_14' title='bbox 2008 439 2056 506; x_wconf 84' lang='grc' dir='ltr'>Α</span> <span class='ocrx_word' id='word_1_15' title='bbox 2088 454 2212 494; x_wconf 92' lang='lat' dir='ltr'><strong>ram</strong></span> <span class='ocrx_word' id='word_1_16' title='bbox 2239 439 2346 496; x_wconf 86' lang='lat' dir='ltr'><strong>ibis</strong></span> <span class='ocrx_word' id='word_1_17' title='bbox 2375 441 2529 513; x_wconf 86' lang='lat' dir='ltr'><strong>(Gen.</strong></span> <span class='ocrx_word' id='word_1_18' title='bbox 2562 457 2647 511; x_wconf 80' lang='grc' dir='ltr'>ιιι,</span> <span class='ocrx_word' id='word_1_19' title='bbox 2678 440 2791 514; x_wconf 77' lang='grc'><strong>40),</strong></span> <span class='ocrx_word' id='word_1_20' title='bbox 2824 457 2930 498; x_wconf 87' lang='lat' dir='ltr'><strong>cur</strong></span> <span class='ocrx_word' id='word_1_21' title='bbox 2956 444 3190 515; x_wconf 82' lang='lat' dir='ltr'><strong>propter</strong></span> <span class='ocrx_word' id='word_1_22' title='bbox 3208 438 3496 511; x_wconf 62' lang='lat' dir='ltr'><strong>caelestem,</strong></span> <span class='ocrx_word' id='word_1_23' title='bbox 3523 441 3569 500; x_wconf 88' lang='lat' dir='ltr'><strong>ei</strong></span> <span class='ocrx_word' id='word_1_24' title='bbox 3583 443 3667 517; x_wconf 83' lang='lat' dir='ltr'><strong>qui</strong></span> 
     </span>
    </p>
   </div>
   <div class='ocr_carea' id='block_1_5' title="bbox 334 527 1979 601">
    <p class='ocr_par' dir='ltr' id='par_1_5' title="bbox 334 527 1979 601">
     <span class='ocr_line' id='line_1_5' title="bbox 334 527 1979 601; baseline 0 -18"><span class='ocrx_word' id='word_1_25' title='bbox 334 543 553 584; x_wconf 89' lang='lat' dir='ltr'><strong>rarum.</strong></span> <span class='ocrx_word' id='word_1_26' title='bbox 588 528 656 582; x_wconf 85' lang='lat' dir='ltr'><strong>Et</strong></span> <span class='ocrx_word' id='word_1_27' title='bbox 676 527 959 583; x_wconf 86' lang='lat' dir='ltr'><strong>Dominus</strong></span> <span class='ocrx_word' id='word_1_28' title='bbox 991 527 1093 601; x_wconf 89' lang='lat' dir='ltr'><strong>qui</strong></span> <span class='ocrx_word' id='word_1_29' title='bbox 1121 528 1296 601; x_wconf 81' lang='lat' dir='ltr'><strong>erigit</strong></span> <span class='ocrx_word' id='word_1_30' title='bbox 1325 528 1524 597; x_wconf 83' lang='lat' dir='ltr'><strong>elisos,</strong></span> <span class='ocrx_word' id='word_1_31' title='bbox 1571 527 1813 584; x_wconf 81' lang='lat' dir='ltr'><strong>elevavit</strong></span> <span class='ocrx_word' id='word_1_32' title='bbox 1872 544 1979 583; x_wconf 89' lang='lat' dir='ltr'><strong>nos</strong></span> 
     </span>
    </p>
   </div>
   <div class='ocr_carea' id='block_1_6' title="bbox 320 616 1977 689">
    <p class='ocr_par' dir='ltr' id='par_1_6' title="bbox 320 616 1977 689">
     <span class='ocr_line' id='line_1_6' title="bbox 320 616 1977 689; baseline -0.001 -16"><span class='ocrx_word' id='word_1_33' title='bbox 320 617 589 688; x_wconf 89' lang='lat' dir='ltr'><strong>jacentes</strong></span> <span class='ocrx_word' id='word_1_34' title='bbox 623 616 799 686; x_wconf 87' lang='lat' dir='ltr'><strong>(Psal.</strong></span> <span class='ocrx_word' id='word_1_35' title='bbox 833 619 1039 689; x_wconf 75' lang='lat' dir='ltr'><strong>cxmv).</strong></span> <span class='ocrx_word' id='word_1_36' title='bbox 1074 618 1134 672; x_wconf 92' lang='lat' dir='ltr'><strong>In</strong></span> <span class='ocrx_word' id='word_1_37' title='bbox 1160 618 1346 673; x_wconf 89' lang='lat' dir='ltr'><strong>Adam</strong></span> <span class='ocrx_word' id='word_1_38' title='bbox 1390 634 1595 673; x_wconf 91' lang='lat' dir='ltr'><strong>omnes</strong></span> <span class='ocrx_word' id='word_1_39' title='bbox 1653 616 1977 672; x_wconf 87' lang='lat' dir='ltr'><strong>morimur:</strong></span> 
     </span>
    </p>
   </div>
   <div class='ocr_carea' id='block_1_7' title="bbox 330 705 1979 781">
    <p class='ocr_par' dir='ltr' id='par_1_7' title="bbox 330 705 1979 781">
     <span class='ocr_line' id='line_1_7' title="bbox 330 705 1979 781; baseline 0.001 -20"><span class='ocrx_word' id='word_1_40' title='bbox 330 708 507 778; x_wconf 89' lang='lat' dir='ltr'><strong>atque</strong></span> <span class='ocrx_word' id='word_1_41' title='bbox 537 706 619 762; x_wconf 90' lang='lat' dir='ltr'><strong>ita</strong></span> <span class='ocrx_word' id='word_1_42' title='bbox 638 705 859 761; x_wconf 88' lang='lat' dir='ltr'><strong>corruit</strong></span> <span class='ocrx_word' id='word_1_43' title='bbox 877 706 1036 763; x_wconf 89' lang='lat' dir='ltr'><strong>orbis</strong></span> <span class='ocrx_word' id='word_1_44' title='bbox 1056 710 1368 777; x_wconf 91' lang='lat' dir='ltr'><strong>terrerum,</strong></span> <span class='ocrx_word' id='word_1_45' title='bbox 1392 711 1449 763; x_wconf 90' lang='lat' dir='ltr'><strong>et</strong></span> <span class='ocrx_word' id='word_1_46' title='bbox 1470 707 1696 781; x_wconf 85' lang='lat' dir='ltr'>indiget</span> <span class='ocrx_word' id='word_1_47' title='bbox 1733 705 1979 762; x_wconf 88' lang='lat' dir='ltr'><strong>erectio-</strong></span> 
     </span>
    </p>
   </div>
   <div class='ocr_carea' id='block_1_8' title="bbox 332 793 1977 868">
    <p class='ocr_par' dir='ltr' id='par_1_8' title="bbox 332 793 1977 868">
     <span class='ocr_line' id='line_1_8' title="bbox 332 793 1977 868; baseline -0.001 -18"><span class='ocrx_word' id='word_1_48' title='bbox 332 795 569 862; x_wconf 88' lang='lat' dir='ltr'><strong>ne,utin</strong></span> <span class='ocrx_word' id='word_1_49' title='bbox 593 794 821 852; x_wconf 81' lang='lat' dir='ltr'><strong>Christo</strong></span> <span class='ocrx_word' id='word_1_50' title='bbox 844 795 1437 851; x_wconf 82' lang='lat' dir='ltr'><strong>omnesvivificemur.</strong></span> <span class='ocrx_word' id='word_1_51' title='bbox 1474 795 1659 868; x_wconf 87' lang='lat' dir='ltr'><strong>Igitur</strong></span> <span class='ocrx_word' id='word_1_52' title='bbox 1680 793 1977 866; x_wconf 87' lang='lat' dir='ltr'><strong>duplicem</strong></span> 
     </span>
    </p>
   </div>
   <div class='ocr_carea' id='block_1_9' title="bbox 332 882 1976 956">
    <p class='ocr_par' dir='ltr' id='par_1_9' title="bbox 332 882 1976 956">
     <span class='ocr_line' id='line_1_9' title="bbox 332 882 1976 956; baseline 0.001 -19"><span class='ocrx_word' id='word_1_53' title='bbox 332 882 693 939; x_wconf 90' lang='lat' dir='ltr'><strong>intellectum</strong></span> <span class='ocrx_word' id='word_1_54' title='bbox 713 884 933 939; x_wconf 90' lang='lat' dir='ltr'><strong>deorbe</strong></span> <span class='ocrx_word' id='word_1_55' title='bbox 945 884 1298 940; x_wconf 85' lang='lat' dir='ltr'><strong>tradidimus</strong></span> <span class='ocrx_word' id='word_1_56' title='bbox 1316 901 1520 940; x_wconf 88' lang='lat' dir='ltr'><strong>:unum</strong></span> <span class='ocrx_word' id='word_1_57' title='bbox 1541 884 1833 956; x_wconf 91' lang='lat' dir='ltr'><strong>quomodo</strong></span> <span class='ocrx_word' id='word_1_58' title='bbox 1850 883 1976 940; x_wconf 89' lang='lat' dir='ltr'><strong>sin-</strong></span> 
     </span>
    </p>
   </div>
   <div class='ocr_carea' id='block_1_10' title="bbox 330 971 1977 1045">
    <p class='ocr_par' dir='ltr' id='par_1_10' title="bbox 330 971 1977 1045">
     <span class='ocr_line' id='line_1_10' title="bbox 330 971 1977 1045; baseline 0 -18"><span class='ocrx_word' id='word_1_59' title='bbox 330 971 481 1045; x_wconf 70' lang='lat' dir='ltr'><strong>gulm</strong></span> <span class='ocrx_word' id='word_1_60' title='bbox 504 972 1129 1042; x_wconf 70' lang='lat' dir='ltr'><strong>animm,authabitatte</strong></span> <span class='ocrx_word' id='word_1_61' title='bbox 1155 973 1291 1044; x_wconf 84' lang='lat' dir='ltr'><strong>sint,</strong></span> <span class='ocrx_word' id='word_1_62' title='bbox 1308 974 1662 1029; x_wconf 72' lang='lat' dir='ltr'><strong>autdesertaa</strong></span> <span class='ocrx_word' id='word_1_63' title='bbox 1689 991 1701 1029; x_wconf 90' lang='lat'><strong>:</strong></span> <span class='ocrx_word' id='word_1_64' title='bbox 1727 972 1977 1028; x_wconf 88' lang='lat' dir='ltr'><strong>alterum</strong></span> 
     </span>
    </p>
   </div>
   <div class='ocr_carea' id='block_1_11' title="bbox 331 1061 1977 1134">
    <p class='ocr_par' dir='ltr' id='par_1_11' title="bbox 331 1061 1977 1134">
     <span class='ocr_line' id='line_1_11' title="bbox 331 1061 1977 1134; baseline -0.001 -17"><span class='ocrx_word' id='word_1_65' title='bbox 331 1062 624 1133; x_wconf 83' lang='lat' dir='ltr'><strong>quomodo</strong></span> <span class='ocrx_word' id='word_1_66' title='bbox 648 1062 956 1118; x_wconf 89' lang='lat' dir='ltr'><strong>universus</strong></span> <span class='ocrx_word' id='word_1_67' title='bbox 978 1063 1136 1118; x_wconf 86' lang='lat' dir='ltr'><strong>orbis</strong></span> <span class='ocrx_word' id='word_1_68' title='bbox 1157 1064 1301 1120; x_wconf 73' lang='lat'><strong>795</strong></span> <span class='ocrx_word' id='word_1_69' title='bbox 1329 1062 1486 1117; x_wconf 89' lang='lat' dir='ltr'><strong>orbis</strong></span> <span class='ocrx_word' id='word_1_70' title='bbox 1504 1062 1722 1134; x_wconf 89' lang='lat' dir='ltr'><strong>pariter</strong></span> <span class='ocrx_word' id='word_1_71' title='bbox 1751 1061 1977 1116; x_wconf 90' lang='lat' dir='ltr'><strong>cecide-</strong></span> 
     </span>
    </p>
   </div>
   <div class='ocr_carea' id='block_1_12' title="bbox 331 1149 1976 1223">
    <p class='ocr_par' dir='ltr' id='par_1_12' title="bbox 331 1149 1976 1223">
     <span class='ocr_line' id='line_1_12' title="bbox 331 1149 1976 1223; baseline -0.001 -18"><span class='ocrx_word' id='word_1_72' title='bbox 331 1149 427 1206; x_wconf 86' lang='lat' dir='ltr'><strong>rit.</strong></span> <span class='ocrx_word' id='word_1_73' title='bbox 458 1152 524 1206; x_wconf 88' lang='lat' dir='ltr'><strong>Et</strong></span> <span class='ocrx_word' id='word_1_74' title='bbox 546 1152 608 1206; x_wconf 85' lang='lat' dir='ltr'><strong>in</strong></span> <span class='ocrx_word' id='word_1_75' title='bbox 621 1167 725 1206; x_wconf 90' lang='lat' dir='ltr'><strong>sua</strong></span> <span class='ocrx_word' id='word_1_76' title='bbox 740 1151 1037 1223; x_wconf 76' lang='lat' dir='ltr'><strong>prudentia</strong></span> <span class='ocrx_word' id='word_1_77' title='bbox 1056 1152 1305 1208; x_wconf 76' lang='lat' dir='ltr'><strong>extendit</strong></span> <span class='ocrx_word' id='word_1_78' title='bbox 1324 1153 1537 1206; x_wconf 66' lang='lat' dir='ltr'><strong>cretum.</strong></span> <span class='ocrx_word' id='word_1_79' title='bbox 1563 1151 1688 1206; x_wconf 90' lang='lat' dir='ltr'><strong>Non</strong></span> <span class='ocrx_word' id='word_1_80' title='bbox 1737 1150 1976 1205; x_wconf 88' lang='lat' dir='ltr'><strong>fortuito</strong></span> 
     </span>
    </p>
   </div>
   <div class='ocr_carea' id='block_1_13' title="bbox 330 1238 1979 1314">
    <p class='ocr_par' dir='ltr' id='par_1_13' title="bbox 330 1238 1979 1314">
     <span class='ocr_line' id='line_1_13' title="bbox 330 1238 1979 1314; baseline 0.001 -20"><span class='ocrx_word' id='word_1_81' title='bbox 330 1238 618 1311; x_wconf 87' lang='lat' dir='ltr'><strong>sapientia</strong></span> <span class='ocrx_word' id='word_1_82' title='bbox 630 1240 687 1295; x_wconf 92' lang='lat' dir='ltr'><strong>in</strong></span> <span class='ocrx_word' id='word_1_83' title='bbox 705 1240 832 1296; x_wconf 71' lang='grc' dir='ltr'><strong>οωιί</strong></span> <span class='ocrx_word' id='word_1_84' title='bbox 845 1240 1177 1296; x_wconf 85' lang='lat' dir='ltr'><strong>extensione</strong></span> <span class='ocrx_word' id='word_1_85' title='bbox 1199 1239 1869 1314; x_wconf 85' lang='lat' dir='ltr'><strong>[At.ostensione]assum</strong></span> <span class='ocrx_word' id='word_1_86' title='bbox 1877 1244 1979 1311; x_wconf 88' lang='lat' dir='ltr'><strong>pta</strong></span> 
     </span>
    </p>
   </div>
   <div class='ocr_carea' id='block_1_14' title="bbox 258 1322 1975 1385">
    <p class='ocr_par' dir='ltr' id='par_1_14' title="bbox 258 1322 1975 1385">
     <span class='ocr_line' id='line_1_14' title="bbox 258 1322 1975 1385; baseline 0.002 -3"><span class='ocrx_word' id='word_1_87' title='bbox 258 1322 263 1327; x_wconf 85' lang='grc'><em>’</em></span> <span class='ocrx_word' id='word_1_88' title='bbox 331 1331 456 1383; x_wconf 90' lang='lat' dir='ltr'><strong>est:</strong></span> <span class='ocrx_word' id='word_1_89' title='bbox 491 1327 751 1384; x_wconf 89' lang='lat' dir='ltr'><strong>invenies</strong></span> <span class='ocrx_word' id='word_1_90' title='bbox 781 1333 839 1384; x_wconf 91' lang='lat' dir='ltr'><strong>et</strong></span> <span class='ocrx_word' id='word_1_91' title='bbox 869 1329 929 1383; x_wconf 93' lang='lat' dir='ltr'><strong>in</strong></span> <span class='ocrx_word' id='word_1_92' title='bbox 962 1329 1290 1385; x_wconf 87' lang='lat' dir='ltr'><strong>Proverbiis</strong></span> <span class='ocrx_word' id='word_1_93' title='bbox 1310 1329 1531 1385; x_wconf 90' lang='lat' dir='ltr'><strong>dictum</strong></span> <span class='ocrx_word' id='word_1_94' title='bbox 1557 1331 1857 1385; x_wconf 79' lang='lat' dir='ltr'><strong>:Dominus</strong></span> <span class='ocrx_word' id='word_1_95' title='bbox 1886 1346 1975 1385; x_wconf 90' lang='lat' dir='ltr'><strong>sa-</strong></span> 
     </span>
    </p>
   </div>
   <div class='ocr_carea' id='block_1_15' title="bbox 324 1416 1978 1490">
    <p class='ocr_par' dir='ltr' id='par_1_15' title="bbox 324 1416 1978 1490">
     <span class='ocr_line' id='line_1_15' title="bbox 324 1416 1978 1490; baseline 0.001 -20"><span class='ocrx_word' id='word_1_96' title='bbox 324 1416 539 1487; x_wconf 87' lang='lat' dir='ltr'><strong>pientia</strong></span> <span class='ocrx_word' id='word_1_97' title='bbox 562 1416 819 1487; x_wconf 79' lang='lat' dir='ltr'><strong>fundavit</strong></span> <span class='ocrx_word' id='word_1_98' title='bbox 838 1422 1064 1483; x_wconf 86' lang='lat' dir='ltr'><strong>terram,</strong></span> <span class='ocrx_word' id='word_1_99' title='bbox 1091 1419 1435 1490; x_wconf 62' lang='lat' dir='ltr'><strong>prwparavit</strong></span> <span class='ocrx_word' id='word_1_100' title='bbox 1462 1419 1626 1475; x_wconf 76' lang='lat' dir='ltr'><strong>rwlos</strong></span> <span class='ocrx_word' id='word_1_101' title='bbox 1680 1417 1978 1490; x_wconf 77' lang='lat' dir='ltr'><strong>prudentia</strong></span> 
     </span>
    </p>
   </div>
   <div class='ocr_carea' id='block_1_16' title="bbox 327 1504 1975 1579">
    <p class='ocr_par' dir='ltr' id='par_1_16' title="bbox 327 1504 1975 1579">
     <span class='ocr_line' id='line_1_16' title="bbox 327 1504 1975 1579; baseline 0.002 -21"><span class='ocrx_word' id='word_1_102' title='bbox 327 1504 510 1573; x_wconf 84' lang='lat' dir='ltr'><strong>(Prov.</strong></span> <span class='ocrx_word' id='word_1_103' title='bbox 536 1522 619 1572; x_wconf 84' lang='lat' dir='ltr'><strong>III,</strong></span> <span class='ocrx_word' id='word_1_104' title='bbox 655 1505 765 1576; x_wconf 90' lang='grc'><strong>19).</strong></span> <span class='ocrx_word' id='word_1_105' title='bbox 797 1509 898 1561; x_wconf 85' lang='lat' dir='ltr'><strong>Est</strong></span> <span class='ocrx_word' id='word_1_106' title='bbox 928 1522 1066 1578; x_wconf 89' lang='lat' dir='ltr'><strong>ergo</strong></span> <span class='ocrx_word' id='word_1_107' title='bbox 1088 1506 1288 1579; x_wconf 90' lang='lat' dir='ltr'><strong>aliqua</strong></span> <span class='ocrx_word' id='word_1_108' title='bbox 1307 1507 1619 1579; x_wconf 89' lang='lat' dir='ltr'><strong>prudentia</strong></span> <span class='ocrx_word' id='word_1_109' title='bbox 1648 1506 1774 1576; x_wconf 86' lang='lat' dir='ltr'><strong>Dei,</strong></span> <span class='ocrx_word' id='word_1_110' title='bbox 1797 1522 1975 1578; x_wconf 88' lang='lat' dir='ltr'><strong>quam</strong></span> 
     </span>
    </p>
   </div>
   <div class='ocr_carea' id='block_1_17' title="bbox 327 1591 1974 1668">
    <p class='ocr_par' dir='ltr' id='par_1_17' title="bbox 327 1591 1974 1668">
     <span class='ocr_line' id='line_1_17' title="bbox 327 1591 1974 1668; baseline 0.002 -21"><span class='ocrx_word' id='word_1_111' title='bbox 327 1591 461 1649; x_wconf 90' lang='lat' dir='ltr'><strong>nolo</strong></span> <span class='ocrx_word' id='word_1_112' title='bbox 491 1596 557 1648; x_wconf 92' lang='lat' dir='ltr'><strong>ut</strong></span> <span class='ocrx_word' id='word_1_113' title='bbox 585 1598 744 1650; x_wconf 88' lang='lat' dir='ltr'><strong>extra</strong></span> <span class='ocrx_word' id='word_1_114' title='bbox 761 1594 1058 1651; x_wconf 89' lang='lat' dir='ltr'><strong>Christum</strong></span> <span class='ocrx_word' id='word_1_115' title='bbox 1081 1596 1363 1668; x_wconf 87' lang='lat' dir='ltr'><strong>requiras.</strong></span> <span class='ocrx_word' id='word_1_116' title='bbox 1381 1596 1591 1652; x_wconf 84' lang='lat' dir='ltr'><strong>Omnia</strong></span> <span class='ocrx_word' id='word_1_117' title='bbox 1611 1596 1828 1668; x_wconf 89' lang='lat' dir='ltr'><strong>quippe</strong></span> <span class='ocrx_word' id='word_1_118' title='bbox 1845 1612 1974 1667; x_wconf 69' lang='lat' dir='ltr'><strong>quae</strong></span> 
     </span>
    </p>
   </div>
   <div class='ocr_carea' id='block_1_18' title="bbox 327 1681 1974 1756">
    <p class='ocr_par' dir='ltr' id='par_1_18' title="bbox 327 1681 1974 1756">
     <span class='ocr_line' id='line_1_18' title="bbox 327 1681 1974 1756; baseline 0.002 -20"><span class='ocrx_word' id='word_1_119' title='bbox 327 1684 468 1736; x_wconf 81' lang='lat' dir='ltr'><strong>sunt</strong></span> <span class='ocrx_word' id='word_1_120' title='bbox 484 1681 603 1747; x_wconf 89' lang='lat' dir='ltr'><strong>Dei,</strong></span> <span class='ocrx_word' id='word_1_121' title='bbox 627 1681 895 1738; x_wconf 87' lang='lat' dir='ltr'><strong>Christus</strong></span> <span class='ocrx_word' id='word_1_122' title='bbox 925 1688 1015 1739; x_wconf 92' lang='lat' dir='ltr'><strong>est</strong></span> <span class='ocrx_word' id='word_1_123' title='bbox 1039 1700 1051 1739; x_wconf 93' lang='lat'>:</span> <span class='ocrx_word' id='word_1_124' title='bbox 1086 1683 1212 1756; x_wconf 91' lang='lat' dir='ltr'><strong>ipse</strong></span> <span class='ocrx_word' id='word_1_125' title='bbox 1226 1684 1514 1756; x_wconf 79' lang='lat' dir='ltr'><strong>sapientia</strong></span> <span class='ocrx_word' id='word_1_126' title='bbox 1535 1686 1683 1754; x_wconf 88' lang='lat' dir='ltr'><strong>ejus,</strong></span> <span class='ocrx_word' id='word_1_127' title='bbox 1709 1684 1837 1756; x_wconf 91' lang='lat' dir='ltr'><strong>ipse</strong></span> <span class='ocrx_word' id='word_1_128' title='bbox 1858 1685 1974 1739; x_wconf 85' lang='lat' dir='ltr'><strong>for-</strong></span> 
     </span>
    </p>
   </div>
   <div class='ocr_carea' id='block_1_19' title="bbox 329 1767 2055 1875">
    <p class='ocr_par' dir='ltr' id='par_1_19' title="bbox 329 1767 2055 1875">
     <span class='ocr_line' id='line_1_19' title="bbox 329 1767 2055 1875; baseline 0.002 -50"><span class='ocrx_word' id='word_1_129' title='bbox 329 1767 542 1875; x_wconf 75' lang='lat' dir='ltr'><strong>titudo,</strong></span> <span class='ocrx_word' id='word_1_130' title='bbox 566 1769 1117 1871; x_wconf 73' lang='lat' dir='ltr'><strong>ipsesanctificatio,</strong></span> <span class='ocrx_word' id='word_1_131' title='bbox 1136 1772 1524 1845; x_wconf 87' lang='lat' dir='ltr'><strong>ipsejustitia,</strong></span> <span class='ocrx_word' id='word_1_132' title='bbox 1547 1773 1671 1845; x_wconf 90' lang='lat' dir='ltr'><strong>ipse</strong></span> <span class='ocrx_word' id='word_1_133' title='bbox 1694 1773 1974 1828; x_wconf 82' lang='lat' dir='ltr'><strong>sanctitas</strong></span> <span class='ocrx_word' id='word_1_134' title='bbox 2007 1809 2055 1875; x_wconf 78' lang='grc' dir='ltr'><strong>Β</strong></span> 
     </span>
    </p>
   </div>
   <div class='ocr_carea' id='block_1_20' title="bbox 332 1859 1976 1933">
    <p class='ocr_par' dir='ltr' id='par_1_20' title="bbox 332 1859 1976 1933">
     <span class='ocr_line' id='line_1_20' title="bbox 332 1859 1976 1933; baseline 0.002 -20"><span class='ocrx_word' id='word_1_135' title='bbox 332 1862 391 1914; x_wconf 91' lang='lat' dir='ltr'><strong>et</strong></span> <span class='ocrx_word' id='word_1_136' title='bbox 418 1859 768 1931; x_wconf 90' lang='lat' dir='ltr'><strong>redemptio,</strong></span> <span class='ocrx_word' id='word_1_137' title='bbox 800 1859 947 1931; x_wconf 90' lang='lat' dir='ltr'><strong>ipse,</strong></span> <span class='ocrx_word' id='word_1_138' title='bbox 981 1864 1047 1915; x_wconf 91' lang='lat' dir='ltr'><strong>ut</strong></span> <span class='ocrx_word' id='word_1_139' title='bbox 1074 1861 1147 1916; x_wconf 92' lang='lat' dir='ltr'><strong>ad</strong></span> <span class='ocrx_word' id='word_1_140' title='bbox 1196 1878 1455 1932; x_wconf 71' lang='lat' dir='ltr'><strong>praesens</strong></span> <span class='ocrx_word' id='word_1_141' title='bbox 1498 1862 1750 1933; x_wconf 84' lang='lat' dir='ltr'><strong>veniam,</strong></span> <span class='ocrx_word' id='word_1_142' title='bbox 1800 1861 1976 1918; x_wconf 88' lang='lat' dir='ltr'><strong>etiam</strong></span> 
     </span>
    </p>
   </div>
   <div class='ocr_carea' id='block_1_21' title="bbox 334 1947 1983 2023">
    <p class='ocr_par' dir='ltr' id='par_1_21' title="bbox 334 1947 1983 2023">
     <span class='ocr_line' id='line_1_21' title="bbox 334 1947 1983 2023; baseline 0.003 -21"><span class='ocrx_word' id='word_1_143' title='bbox 334 1947 666 2019; x_wconf 84' lang='lat' dir='ltr'><strong>prudentia.</strong></span> <span class='ocrx_word' id='word_1_144' title='bbox 681 1948 788 2003; x_wconf 92' lang='lat' dir='ltr'><strong>Sed</strong></span> <span class='ocrx_word' id='word_1_145' title='bbox 803 1965 936 2003; x_wconf 88' lang='lat' dir='ltr'><strong>cum</strong></span> <span class='ocrx_word' id='word_1_146' title='bbox 955 1949 1032 2005; x_wconf 86' lang='lat' dir='ltr'><strong>sit</strong></span> <span class='ocrx_word' id='word_1_147' title='bbox 1047 1966 1230 2005; x_wconf 90' lang='lat' dir='ltr'><strong>unum</strong></span> <span class='ocrx_word' id='word_1_148' title='bbox 1254 1950 1312 2005; x_wconf 91' lang='lat' dir='ltr'><strong>in</strong></span> <span class='ocrx_word' id='word_1_149' title='bbox 1328 1950 1651 2022; x_wconf 86' lang='lat' dir='ltr'><strong>subjacenti</strong></span> <span class='ocrx_word' id='word_1_150' title='bbox 1666 1967 1768 2023; x_wconf 91' lang='lat' dir='ltr'><strong>pro</strong></span> <span class='ocrx_word' id='word_1_151' title='bbox 1797 1950 1983 2007; x_wconf 88' lang='lat' dir='ltr'><strong>varie-</strong></span> 
     </span>
    </p>
   </div>
   <div class='ocr_carea' id='block_1_22' title="bbox 331 2035 1982 2117">
    <p class='ocr_par' dir='ltr' id='par_1_22' title="bbox 331 2035 1982 2117">
     <span class='ocr_line' id='line_1_22' title="bbox 331 2035 1982 2117; baseline 0.004 -27"><span class='ocrx_word' id='word_1_152' title='bbox 331 2039 450 2091; x_wconf 89' lang='lat' dir='ltr'><strong>tate</strong></span> <span class='ocrx_word' id='word_1_153' title='bbox 463 2052 745 2091; x_wconf 89' lang='lat' dir='ltr'><strong>sensuum</strong></span> <span class='ocrx_word' id='word_1_154' title='bbox 776 2035 1041 2093; x_wconf 89' lang='lat' dir='ltr'><strong>diversus</strong></span> <span class='ocrx_word' id='word_1_155' title='bbox 1062 2038 1359 2095; x_wconf 79' lang='lat' dir='ltr'><strong>vocabulis</strong></span> <span class='ocrx_word' id='word_1_156' title='bbox 1372 2045 1767 2112; x_wconf 87' lang='lat' dir='ltr'><strong>nuncupatur.</strong></span> <span class='ocrx_word' id='word_1_157' title='bbox 1805 2038 1982 2117; x_wconf 33' lang='lat' dir='ltr'><strong>Aliud.</strong></span> 
     </span>
    </p>
   </div>
   <div class='ocr_carea' id='block_1_23' title="bbox 328 2124 1976 2198">
    <p class='ocr_par' dir='ltr' id='par_1_23' title="bbox 328 2124 1976 2198">
     <span class='ocr_line' id='line_1_23' title="bbox 328 2124 1976 2198; baseline 0.002 -18"><span class='ocrx_word' id='word_1_158' title='bbox 328 2124 624 2196; x_wconf 84' lang='lat' dir='ltr'><strong>signiﬁcat</strong></span> <span class='ocrx_word' id='word_1_159' title='bbox 652 2125 957 2197; x_wconf 86' lang='lat' dir='ltr'><strong>sapientia,</strong></span> <span class='ocrx_word' id='word_1_160' title='bbox 982 2125 1139 2182; x_wconf 92' lang='lat' dir='ltr'><strong>aliud</strong></span> <span class='ocrx_word' id='word_1_161' title='bbox 1165 2128 1418 2198; x_wconf 89' lang='lat' dir='ltr'><strong>justitia.</strong></span> <span class='ocrx_word' id='word_1_162' title='bbox 1444 2127 1685 2193; x_wconf 88' lang='lat' dir='ltr'><strong>Quando</strong></span> <span class='ocrx_word' id='word_1_163' title='bbox 1707 2128 1863 2184; x_wconf 88' lang='lat' dir='ltr'><strong>enim</strong></span> <span class='ocrx_word' id='word_1_164' title='bbox 1884 2146 1976 2185; x_wconf 88' lang='lat' dir='ltr'><strong>sa-</strong></span> 
     </span>
    </p>
   </div>
   <div class='ocr_carea' id='block_1_24' title="bbox 325 2212 1975 2287">
    <p class='ocr_par' dir='ltr' id='par_1_24' title="bbox 325 2212 1975 2287">
     <span class='ocr_line' id='line_1_24' title="bbox 325 2212 1975 2287; baseline 0.004 -20"><span class='ocrx_word' id='word_1_165' title='bbox 325 2212 547 2285; x_wconf 90' lang='lat' dir='ltr'><strong>pientia</strong></span> <span class='ocrx_word' id='word_1_166' title='bbox 567 2213 644 2285; x_wconf 89' lang='lat' dir='ltr'><strong>(a)</strong></span> <span class='ocrx_word' id='word_1_167' title='bbox 676 2213 910 2281; x_wconf 86' lang='lat' dir='ltr'><strong>dicitur,</strong></span> <span class='ocrx_word' id='word_1_168' title='bbox 943 2214 1253 2287; x_wconf 87' lang='lat' dir='ltr'><strong>disciplina</strong></span> <span class='ocrx_word' id='word_1_169' title='bbox 1282 2216 1394 2272; x_wconf 90' lang='lat' dir='ltr'><strong>ista</strong></span> <span class='ocrx_word' id='word_1_170' title='bbox 1421 2216 1752 2273; x_wconf 87' lang='lat' dir='ltr'><strong>divinarum</strong></span> <span class='ocrx_word' id='word_1_171' title='bbox 1780 2235 1975 2275; x_wconf 89' lang='lat' dir='ltr'><strong>rerum</strong></span> 
     </span>
    </p>
   </div>
   <div class='ocr_carea' id='block_1_25' title="bbox 331 2301 1977 2377">
    <p class='ocr_par' dir='ltr' id='par_1_25' title="bbox 331 2301 1977 2377">
     <span class='ocr_line' id='line_1_25' title="bbox 331 2301 1977 2377; baseline 0.002 -19"><span class='ocrx_word' id='word_1_172' title='bbox 331 2301 1679 2377; x_wconf 88' lang='lat' dir='ltr'><strong>humanarumqueinstitutio,quandojustitia,</strong></span> <span class='ocrx_word' id='word_1_173' title='bbox 1697 2307 1977 2363; x_wconf 89' lang='lat' dir='ltr'><strong>distribu-</strong></span> 
     </span>
    </p>
   </div>
   <div class='ocr_carea' id='block_1_26' title="bbox 326 2391 1976 2466">
    <p class='ocr_par' dir='ltr' id='par_1_26' title="bbox 326 2391 1976 2466">
     <span class='ocr_line' id='line_1_26' title="bbox 326 2391 1976 2466; baseline 0.002 -19"><span class='ocrx_word' id='word_1_174' title='bbox 326 2392 421 2447; x_wconf 85' lang='lat' dir='ltr'><strong>tor</strong></span> <span class='ocrx_word' id='word_1_175' title='bbox 441 2394 498 2446; x_wconf 91' lang='lat' dir='ltr'><strong>et</strong></span> <span class='ocrx_word' id='word_1_176' title='bbox 512 2392 697 2463; x_wconf 84' lang='lat' dir='ltr'><strong>judex</strong></span> <span class='ocrx_word' id='word_1_177' title='bbox 718 2391 1060 2448; x_wconf 89' lang='lat' dir='ltr'><strong>meritorum</strong></span> <span class='ocrx_word' id='word_1_178' title='bbox 1083 2393 1466 2466; x_wconf 88' lang='lat' dir='ltr'><strong>signiﬁcatur.</strong></span> <span class='ocrx_word' id='word_1_179' title='bbox 1496 2396 1737 2461; x_wconf 88' lang='lat' dir='ltr'><strong>Quando</strong></span> <span class='ocrx_word' id='word_1_180' title='bbox 1758 2396 1976 2451; x_wconf 88' lang='lat' dir='ltr'><strong>sancti-</strong></span> 
     </span>
    </p>
   </div>
   <div class='ocr_carea' id='block_1_27' title="bbox 328 2478 1977 2554">
    <p class='ocr_par' dir='ltr' id='par_1_27' title="bbox 328 2478 1977 2554">
     <span class='ocr_line' id='line_1_27' title="bbox 328 2478 1977 2554; baseline 0.003 -18"><span class='ocrx_word' id='word_1_181' title='bbox 328 2482 422 2536; x_wconf 86' lang='lat' dir='ltr'><strong>tas</strong></span> <span class='ocrx_word' id='word_1_182' title='bbox 449 2478 552 2535; x_wconf 90' lang='lat' dir='ltr'><strong>illa</strong></span> <span class='ocrx_word' id='word_1_183' title='bbox 578 2480 766 2537; x_wconf 89' lang='lat' dir='ltr'><strong>virtus</strong></span> <span class='ocrx_word' id='word_1_184' title='bbox 788 2480 1159 2548; x_wconf 86' lang='lat' dir='ltr'><strong>describitur,</strong></span> <span class='ocrx_word' id='word_1_185' title='bbox 1191 2499 1319 2554; x_wconf 65' lang='lat' dir='ltr'><strong>quas</strong></span> <span class='ocrx_word' id='word_1_186' title='bbox 1350 2484 1651 2540; x_wconf 90' lang='lat' dir='ltr'><strong>credentes</strong></span> <span class='ocrx_word' id='word_1_187' title='bbox 1673 2484 1977 2541; x_wconf 78' lang='lat' dir='ltr'><strong>Deoefticit</strong></span> 
     </span>
    </p>
   </div>
   <div class='ocr_carea' id='block_1_28' title="bbox 332 2567 1979 2645">
    <p class='ocr_par' dir='ltr' id='par_1_28' title="bbox 332 2567 1979 2645">
     <span class='ocr_line' id='line_1_28' title="bbox 332 2567 1979 2645; baseline 0.004 -23"><span class='ocrx_word' id='word_1_188' title='bbox 332 2567 680 2624; x_wconf 88' lang='lat' dir='ltr'><strong>sanctos.Ita</strong></span> <span class='ocrx_word' id='word_1_189' title='bbox 692 2585 827 2641; x_wconf 90' lang='lat' dir='ltr'><strong>ergo</strong></span> <span class='ocrx_word' id='word_1_190' title='bbox 841 2569 918 2642; x_wconf 86' lang='lat' dir='ltr'><strong>(b)</strong></span> <span class='ocrx_word' id='word_1_191' title='bbox 934 2568 1078 2625; x_wconf 89' lang='lat' dir='ltr'><strong>mihi</strong></span> <span class='ocrx_word' id='word_1_192' title='bbox 1099 2576 1157 2626; x_wconf 93' lang='lat' dir='ltr'><strong>et</strong></span> <span class='ocrx_word' id='word_1_193' title='bbox 1170 2571 1483 2644; x_wconf 90' lang='lat' dir='ltr'><strong>prudentia</strong></span> <span class='ocrx_word' id='word_1_194' title='bbox 1492 2573 1620 2644; x_wconf 89' lang='lat' dir='ltr'><strong>ejus</strong></span> <span class='ocrx_word' id='word_1_195' title='bbox 1632 2572 1979 2645; x_wconf 90' lang='lat' dir='ltr'><strong>intelligitur</strong></span> 
     </span>
    </p>
   </div>
   <div class='ocr_carea' id='block_1_29' title="bbox 333 2655 1976 2719">
    <p class='ocr_par' dir='ltr' id='par_1_29' title="bbox 333 2655 1976 2719">
     <span class='ocr_line' id='line_1_29' title="bbox 333 2655 1976 2719; baseline 0.004 -8"><span class='ocrx_word' id='word_1_196' title='bbox 333 2655 600 2712; x_wconf 85' lang='lat' dir='ltr'><strong>doctrina</strong></span> <span class='ocrx_word' id='word_1_197' title='bbox 628 2660 685 2713; x_wconf 91' lang='lat' dir='ltr'><strong>et</strong></span> <span class='ocrx_word' id='word_1_198' title='bbox 714 2658 1134 2716; x_wconf 86' lang='lat' dir='ltr'><strong>demonstratio</strong></span> <span class='ocrx_word' id='word_1_199' title='bbox 1165 2660 1452 2717; x_wconf 90' lang='lat' dir='ltr'><strong>bonarum</strong></span> <span class='ocrx_word' id='word_1_200' title='bbox 1479 2678 1546 2717; x_wconf 89' lang='lat' dir='ltr'><strong>ac</strong></span> <span class='ocrx_word' id='word_1_201' title='bbox 1568 2662 1856 2717; x_wconf 89' lang='lat' dir='ltr'><strong>malarum</strong></span> <span class='ocrx_word' id='word_1_202' title='bbox 1889 2679 1976 2719; x_wconf 89' lang='lat' dir='ltr'><strong>re-</strong></span> 
     </span>
    </p>
   </div>
   <div class='ocr_carea' id='block_1_30' title="bbox 336 2745 1979 2821">
    <p class='ocr_par' dir='ltr' id='par_1_30' title="bbox 336 2745 1979 2821">
     <span class='ocr_line' id='line_1_30' title="bbox 336 2745 1979 2821; baseline 0.004 -21"><span class='ocrx_word' id='word_1_203' title='bbox 336 2761 492 2816; x_wconf 88' lang='lat' dir='ltr'><strong>rum,</strong></span> <span class='ocrx_word' id='word_1_204' title='bbox 516 2745 638 2802; x_wconf 90' lang='lat' dir='ltr'><strong>sive</strong></span> <span class='ocrx_word' id='word_1_205' title='bbox 668 2752 1033 2814; x_wconf 88' lang='lat' dir='ltr'><strong>neutrarum,</strong></span> <span class='ocrx_word' id='word_1_206' title='bbox 1061 2753 1236 2821; x_wconf 86' lang='lat' dir='ltr'><strong>atque</strong></span> <span class='ocrx_word' id='word_1_207' title='bbox 1258 2749 1317 2805; x_wconf 92' lang='lat' dir='ltr'><strong>in</strong></span> <span class='ocrx_word' id='word_1_208' title='bbox 1343 2750 1501 2806; x_wconf 91' lang='lat' dir='ltr'><strong>hunc</strong></span> <span class='ocrx_word' id='word_1_209' title='bbox 1523 2752 1764 2806; x_wconf 90' lang='lat' dir='ltr'><strong>modum</strong></span> <span class='ocrx_word' id='word_1_210' title='bbox 1786 2756 1979 2807; x_wconf 83' lang='lat' dir='ltr'><strong>exten-</strong></span> 
     </span>
    </p>
   </div>
   <div class='ocr_carea' id='block_1_31' title="bbox 336 2833 1978 2911">
    <p class='ocr_par' dir='ltr' id='par_1_31' title="bbox 336 2833 1978 2911">
     <span class='ocr_line' id='line_1_31' title="bbox 336 2833 1978 2911; baseline 0.005 -23"><span class='ocrx_word' id='word_1_211' title='bbox 336 2833 495 2890; x_wconf 92' lang='lat' dir='ltr'><strong>disse</strong></span> <span class='ocrx_word' id='word_1_212' title='bbox 529 2851 686 2891; x_wconf 90' lang='lat' dir='ltr'><strong>nunc</strong></span> <span class='ocrx_word' id='word_1_213' title='bbox 717 2836 932 2892; x_wconf 90' lang='lat' dir='ltr'><strong>dicitur</strong></span> <span class='ocrx_word' id='word_1_214' title='bbox 959 2837 1173 2893; x_wconf 70' lang='lat' dir='ltr'><strong>oculum</strong></span> <span class='ocrx_word' id='word_1_215' title='bbox 1202 2839 1623 2911; x_wconf 75' lang='lat' dir='ltr'><strong>inprudentia.</strong></span> <span class='ocrx_word' id='word_1_216' title='bbox 1678 2840 1978 2904; x_wconf 89' lang='lat' dir='ltr'><strong>Quomodo</strong></span> 
     </span>
    </p>
   </div>
   <div class='ocr_carea' id='block_1_32' title="bbox 335 2925 1976 3001">
    <p class='ocr_par' dir='ltr' id='par_1_32' title="bbox 335 2925 1976 3001">
     <span class='ocr_line' id='line_1_32' title="bbox 335 2925 1976 3001; baseline 0.004 -23"><span class='ocrx_word' id='word_1_217' title='bbox 335 2929 533 2978; x_wconf 85' lang='lat' dir='ltr'><strong>autem</strong></span> <span class='ocrx_word' id='word_1_218' title='bbox 564 2926 912 2981; x_wconf 83' lang='lat' dir='ltr'><strong>extendatur</strong></span> <span class='ocrx_word' id='word_1_219' title='bbox 939 2925 1169 2994; x_wconf 69' lang='lat' dir='ltr'><strong>coelum,</strong></span> <span class='ocrx_word' id='word_1_220' title='bbox 1193 2929 1540 2983; x_wconf 82' lang='lat' dir='ltr'><strong>extendente</strong></span> <span class='ocrx_word' id='word_1_221' title='bbox 1555 2944 1688 2984; x_wconf 89' lang='lat' dir='ltr'><strong>eum</strong></span> <span class='ocrx_word' id='word_1_222' title='bbox 1720 2929 1976 3001; x_wconf 86' lang='lat' dir='ltr'><strong>pruden-</strong></span> 
     </span>
    </p>
   </div>
   <div class='ocr_carea' id='block_1_33' title="bbox 334 3010 1981 3087">
    <p class='ocr_par' dir='ltr' id='par_1_33' title="bbox 334 3010 1981 3087">
     <span class='ocr_line' id='line_1_33' title="bbox 334 3010 1981 3087; baseline 0.003 -21"><span class='ocrx_word' id='word_1_223' title='bbox 334 3010 455 3067; x_wconf 88' lang='lat' dir='ltr'><strong>tia:</strong></span> <span class='ocrx_word' id='word_1_224' title='bbox 485 3010 631 3066; x_wconf 85' lang='lat' dir='ltr'><strong>Audi</strong></span> <span class='ocrx_word' id='word_1_225' title='bbox 666 3015 930 3084; x_wconf 86' lang='lat' dir='ltr'><strong>quoniam</strong></span> <span class='ocrx_word' id='word_1_226' title='bbox 956 3015 1211 3070; x_wconf 71' lang='lat' dir='ltr'><strong>extendit</strong></span> <span class='ocrx_word' id='word_1_227' title='bbox 1237 3017 1421 3087; x_wconf 82' lang='lat' dir='ltr'><strong>verba,</strong></span> <span class='ocrx_word' id='word_1_228' title='bbox 1453 3019 1507 3071; x_wconf 88' lang='lat' dir='ltr'><strong>et</strong></span> <span class='ocrx_word' id='word_1_229' title='bbox 1530 3033 1641 3072; x_wconf 89' lang='lat' dir='ltr'><strong>non</strong></span> <span class='ocrx_word' id='word_1_230' title='bbox 1695 3018 1981 3073; x_wconf 88' lang='lat' dir='ltr'><strong>intendisti</strong></span> 
     </span>
    </p>
   </div>
   <div class='ocr_carea' id='block_1_34' title="bbox 336 3098 1976 3176">
    <p class='ocr_par' dir='ltr' id='par_1_34' title="bbox 336 3098 1976 3176">
     <span class='ocr_line' id='line_1_34' title="bbox 336 3098 1976 3176; baseline 0.004 -24"><span class='ocrx_word' id='word_1_231' title='bbox 336 3098 450 3170; x_wconf 82' lang='grc' dir='ltr'><strong>[ΑΙ.</strong></span> <span class='ocrx_word' id='word_1_232' title='bbox 485 3102 790 3173; x_wconf 86' lang='lat' dir='ltr'><strong>attendisli]</strong></span> <span class='ocrx_word' id='word_1_233' title='bbox 821 3102 1003 3174; x_wconf 83' lang='lat' dir='ltr'><strong>(Prov.</strong></span> <span class='ocrx_word' id='word_1_234' title='bbox 1040 3121 1079 3168; x_wconf 81' lang='grc' dir='ltr'><strong>ι,</strong></span> <span class='ocrx_word' id='word_1_235' title='bbox 1110 3103 1221 3174; x_wconf 72' lang='grc'><strong>24).</strong></span> <span class='ocrx_word' id='word_1_236' title='bbox 1245 3105 1471 3159; x_wconf 82' lang='lat' dir='ltr'><strong>Asserit</strong></span> <span class='ocrx_word' id='word_1_237' title='bbox 1498 3104 1734 3176; x_wconf 90' lang='lat' dir='ltr'><strong>quippe,</strong></span> <span class='ocrx_word' id='word_1_238' title='bbox 1780 3110 1976 3161; x_wconf 86' lang='lat' dir='ltr'><strong>exten-</strong></span> 
     </span>
    </p>
   </div>
   <div class='ocr_carea' id='block_1_35' title="bbox 2091 526 3671 603">
    <p class='ocr_par' dir='ltr' id='par_1_35' title="bbox 2091 526 3671 603">
     <span class='ocr_line' id='line_1_35' title="bbox 2091 526 3671 603; baseline 0.004 -21"><span class='ocrx_word' id='word_1_239' title='bbox 2091 526 2408 602; x_wconf 89' lang='lat' dir='ltr'><strong>imagincm</strong></span> <span class='ocrx_word' id='word_1_240' title='bbox 2437 529 2689 587; x_wconf 78' lang='lat' dir='ltr'><strong>ccelestis</strong></span> <span class='ocrx_word' id='word_1_241' title='bbox 2720 534 2932 603; x_wconf 87' lang='lat' dir='ltr'><strong>portat,</strong></span> <span class='ocrx_word' id='word_1_242' title='bbox 2965 547 3079 586; x_wconf 90' lang='lat' dir='ltr'><strong>non</strong></span> <span class='ocrx_word' id='word_1_243' title='bbox 3103 531 3392 587; x_wconf 88' lang='lat' dir='ltr'><strong>conveniat</strong></span> <span class='ocrx_word' id='word_1_244' title='bbox 3410 531 3545 587; x_wconf 86' lang='lat' dir='ltr'><strong>dici:</strong></span> <span class='ocrx_word' id='word_1_245' title='bbox 3567 532 3671 589; x_wconf 75' lang='grc' dir='ltr'><strong>αω-</strong></span> 
     </span>
    </p>
   </div>
   <div class='ocr_carea' id='block_1_36' title="bbox 2088 615 3677 692">
    <p class='ocr_par' dir='ltr' id='par_1_36' title="bbox 2088 615 3677 692">
     <span class='ocr_line' id='line_1_36' title="bbox 2088 615 3677 692; baseline 0.005 -22"><span class='ocrx_word' id='word_1_246' title='bbox 2088 615 2212 672; x_wconf 92' lang='lat' dir='ltr'><strong>lum</strong></span> <span class='ocrx_word' id='word_1_247' title='bbox 2245 634 2327 686; x_wconf 88' lang='lat' dir='ltr'><strong>es,</strong></span> <span class='ocrx_word' id='word_1_248' title='bbox 2360 623 2419 674; x_wconf 91' lang='lat' dir='ltr'><strong>et</strong></span> <span class='ocrx_word' id='word_1_249' title='bbox 2448 619 2507 673; x_wconf 88' lang='lat' dir='ltr'><strong>in</strong></span> <span class='ocrx_word' id='word_1_250' title='bbox 2538 619 2748 675; x_wconf 70' lang='lat' dir='ltr'><strong>caelum</strong></span> <span class='ocrx_word' id='word_1_251' title='bbox 2773 619 2886 675; x_wconf 88' lang='lat' dir='ltr'><strong>ibis</strong></span> <span class='ocrx_word' id='word_1_252' title='bbox 2906 619 2935 675; x_wconf 83' lang='lat'><strong><em>?</em></strong></span> <span class='ocrx_word' id='word_1_253' title='bbox 2964 619 3369 692; x_wconf 88' lang='lat' dir='ltr'><strong>Unusquisque</strong></span> <span class='ocrx_word' id='word_1_254' title='bbox 3388 624 3564 677; x_wconf 89' lang='lat' dir='ltr'><strong>autem</strong></span> <span class='ocrx_word' id='word_1_255' title='bbox 3590 639 3677 678; x_wconf 90' lang='lat' dir='ltr'><strong>no-</strong></span> 
     </span>
    </p>
   </div>
   <div class='ocr_carea' id='block_1_37' title="bbox 2088 707 3678 778">
    <p class='ocr_par' dir='ltr' id='par_1_37' title="bbox 2088 707 3678 778">
     <span class='ocr_line' id='line_1_37' title="bbox 2088 707 3678 778; baseline 0.003 -17"><span class='ocrx_word' id='word_1_256' title='bbox 2088 709 2299 778; x_wconf 88' lang='lat' dir='ltr'><strong>strum,</strong></span> <span class='ocrx_word' id='word_1_257' title='bbox 2332 712 2434 763; x_wconf 87' lang='lat' dir='ltr'><strong>aut</strong></span> <span class='ocrx_word' id='word_1_258' title='bbox 2463 707 2719 764; x_wconf 81' lang='lat' dir='ltr'><strong>ccelestia</strong></span> <span class='ocrx_word' id='word_1_259' title='bbox 2749 709 2901 764; x_wconf 90' lang='lat' dir='ltr'><strong>facta</strong></span> <span class='ocrx_word' id='word_1_260' title='bbox 2920 707 3222 772; x_wconf 87' lang='lat' dir='ltr'><strong>habet,aut</strong></span> <span class='ocrx_word' id='word_1_261' title='bbox 3239 712 3489 764; x_wconf 86' lang='lat' dir='ltr'><strong>terrena:</strong></span> <span class='ocrx_word' id='word_1_262' title='bbox 3514 710 3557 764; x_wconf 89' lang='lat' dir='ltr'><strong>si</strong></span> <span class='ocrx_word' id='word_1_263' title='bbox 3578 719 3678 767; x_wconf 86' lang='lat' dir='ltr'><strong>ter-</strong></span> 
     </span>
    </p>
   </div>
   <div class='ocr_carea' id='block_1_38' title="bbox 2087 797 3684 869">
    <p class='ocr_par' dir='ltr' id='par_1_38' title="bbox 2087 797 3684 869">
     <span class='ocr_line' id='line_1_38' title="bbox 2087 797 3684 869; baseline 0.003 -19"><span class='ocrx_word' id='word_1_264' title='bbox 2087 812 2228 851; x_wconf 90' lang='lat' dir='ltr'><strong>rena</strong></span> <span class='ocrx_word' id='word_1_265' title='bbox 2256 797 2410 852; x_wconf 89' lang='lat' dir='ltr'><strong>facta</strong></span> <span class='ocrx_word' id='word_1_266' title='bbox 2442 801 2600 863; x_wconf 89' lang='lat' dir='ltr'><strong>sunt,</strong></span> <span class='ocrx_word' id='word_1_267' title='bbox 2626 797 2696 852; x_wconf 90' lang='lat' dir='ltr'><strong>ad</strong></span> <span class='ocrx_word' id='word_1_268' title='bbox 2728 801 3035 869; x_wconf 87' lang='lat' dir='ltr'><strong>cognatam</strong></span> <span class='ocrx_word' id='word_1_269' title='bbox 3059 797 3169 853; x_wconf 88' lang='lat' dir='ltr'><strong>sibi</strong></span> <span class='ocrx_word' id='word_1_270' title='bbox 3191 801 3396 853; x_wconf 85' lang='lat' dir='ltr'><strong>terram</strong></span> <span class='ocrx_word' id='word_1_271' title='bbox 3422 797 3684 854; x_wconf 90' lang='lat' dir='ltr'><strong>deducunt</strong></span> 
     </span>
    </p>
   </div>
   <div class='ocr_carea' id='block_1_39' title="bbox 2086 885 3678 956">
    <p class='ocr_par' dir='ltr' id='par_1_39' title="bbox 2086 885 3678 956">
     <span class='ocr_line' id='line_1_39' title="bbox 2086 885 3678 956; baseline 0.001 -16"><span class='ocrx_word' id='word_1_272' title='bbox 2086 900 2221 940; x_wconf 90' lang='lat' dir='ltr'><strong>eum</strong></span> <span class='ocrx_word' id='word_1_273' title='bbox 2246 886 2341 956; x_wconf 89' lang='lat' dir='ltr'><strong>qui</strong></span> <span class='ocrx_word' id='word_1_274' title='bbox 2376 886 2732 942; x_wconf 88' lang='lat' dir='ltr'><strong>thesaurizat</strong></span> <span class='ocrx_word' id='word_1_275' title='bbox 2761 902 2829 942; x_wconf 89' lang='lat' dir='ltr'><strong>ea</strong></span> <span class='ocrx_word' id='word_1_276' title='bbox 2859 885 2919 941; x_wconf 90' lang='lat' dir='ltr'><strong>in</strong></span> <span class='ocrx_word' id='word_1_277' title='bbox 2945 890 3123 953; x_wconf 89' lang='lat' dir='ltr'><strong>terra,</strong></span> <span class='ocrx_word' id='word_1_278' title='bbox 3154 891 3210 942; x_wconf 91' lang='lat' dir='ltr'><strong>et</strong></span> <span class='ocrx_word' id='word_1_279' title='bbox 3264 903 3374 941; x_wconf 88' lang='lat' dir='ltr'><strong>non</strong></span> <span class='ocrx_word' id='word_1_280' title='bbox 3427 885 3483 941; x_wconf 91' lang='lat' dir='ltr'><strong>in</strong></span> <span class='ocrx_word' id='word_1_281' title='bbox 3535 886 3678 943; x_wconf 75' lang='lat' dir='ltr'><strong>cmlo.</strong></span> 
     </span>
    </p>
   </div>
   <div class='ocr_carea' id='block_1_40' title="bbox 2086 974 3680 1047">
    <p class='ocr_par' dir='ltr' id='par_1_40' title="bbox 2086 974 3680 1047">
     <span class='ocr_line' id='line_1_40' title="bbox 2086 974 3680 1047; baseline 0.002 -19"><span class='ocrx_word' id='word_1_282' title='bbox 2086 977 2459 1046; x_wconf 87' lang='lat' dir='ltr'><strong>Rursumque</strong></span> <span class='ocrx_word' id='word_1_283' title='bbox 2481 975 2600 1029; x_wconf 86' lang='lat' dir='ltr'><strong>haec</strong></span> <span class='ocrx_word' id='word_1_284' title='bbox 2622 991 2748 1046; x_wconf 63' lang='lat' dir='ltr'><strong>quae</strong></span> <span class='ocrx_word' id='word_1_285' title='bbox 2763 976 2934 1045; x_wconf 86' lang='lat' dir='ltr'><strong>juxta</strong></span> <span class='ocrx_word' id='word_1_286' title='bbox 2953 975 3224 1031; x_wconf 88' lang='lat' dir='ltr'><strong>virtutem</strong></span> <span class='ocrx_word' id='word_1_287' title='bbox 3245 978 3404 1047; x_wconf 86' lang='lat' dir='ltr'><strong>gesta</strong></span> <span class='ocrx_word' id='word_1_288' title='bbox 3422 974 3680 1046; x_wconf 87' lang='lat' dir='ltr'><strong>sunt,the-</strong></span> 
     </span>
    </p>
   </div>
   <div class='ocr_carea' id='block_1_41' title="bbox 2087 1063 3685 1136">
    <p class='ocr_par' dir='ltr' id='par_1_41' title="bbox 2087 1063 3685 1136">
     <span class='ocr_line' id='line_1_41' title="bbox 2087 1063 3685 1136; baseline 0.002 -19"><span class='ocrx_word' id='word_1_289' title='bbox 2087 1063 2502 1118; x_wconf 89' lang='lat' dir='ltr'><strong>saurizatorem</strong></span> <span class='ocrx_word' id='word_1_290' title='bbox 2530 1080 2704 1119; x_wconf 91' lang='lat' dir='ltr'><strong>suum</strong></span> <span class='ocrx_word' id='word_1_291' title='bbox 2727 1064 2797 1119; x_wconf 89' lang='lat' dir='ltr'><strong>ad</strong></span> <span class='ocrx_word' id='word_1_292' title='bbox 2833 1064 3233 1136; x_wconf 88' lang='lat' dir='ltr'><strong>proquinquas</strong></span> <span class='ocrx_word' id='word_1_293' title='bbox 3279 1063 3385 1119; x_wconf 90' lang='lat' dir='ltr'><strong>sibi</strong></span> <span class='ocrx_word' id='word_1_294' title='bbox 3439 1063 3685 1120; x_wconf 72' lang='lat' dir='ltr'><strong>cmlorum</strong></span> 
     </span>
    </p>
   </div>
   <div class='ocr_carea' id='block_1_42' title="bbox 2086 1152 3687 1224">
    <p class='ocr_par' dir='ltr' id='par_1_42' title="bbox 2086 1152 3687 1224">
     <span class='ocr_line' id='line_1_42' title="bbox 2086 1152 3687 1224; baseline 0.001 -18"><span class='ocrx_word' id='word_1_295' title='bbox 2086 1152 2353 1224; x_wconf 89' lang='lat' dir='ltr'><strong>regiones</strong></span> <span class='ocrx_word' id='word_1_296' title='bbox 2384 1152 2737 1208; x_wconf 88' lang='lat' dir='ltr'><strong>subvehunt.</strong></span> <span class='ocrx_word' id='word_1_297' title='bbox 2768 1152 2840 1208; x_wconf 88' lang='lat' dir='ltr'><strong>Et</strong></span> <span class='ocrx_word' id='word_1_298' title='bbox 2860 1152 3059 1224; x_wconf 86' lang='lat' dir='ltr'><strong>junxit</strong></span> <span class='ocrx_word' id='word_1_299' title='bbox 3086 1169 3099 1206; x_wconf 89' lang='lat'><strong>:</strong></span> <span class='ocrx_word' id='word_1_300' title='bbox 3135 1153 3368 1208; x_wconf 86' lang='lat' dir='ltr'><strong>Educens</strong></span> <span class='ocrx_word' id='word_1_301' title='bbox 3421 1153 3582 1209; x_wconf 81' lang='lat' dir='ltr'><strong>nubes</strong></span> <span class='ocrx_word' id='word_1_302' title='bbox 3632 1153 3687 1207; x_wconf 82' lang='lat' dir='ltr'><strong>ab</strong></span> 
     </span>
    </p>
   </div>
   <div class='ocr_carea' id='block_1_43' title="bbox 2082 1241 3686 1313">
    <p class='ocr_par' dir='ltr' id='par_1_43' title="bbox 2082 1241 3686 1313">
     <span class='ocr_line' id='line_1_43' title="bbox 2082 1241 3686 1313; baseline -0.001 -16"><span class='ocrx_word' id='word_1_303' title='bbox 2082 1245 2330 1297; x_wconf 74' lang='lat' dir='ltr'><strong>extremo</strong></span> <span class='ocrx_word' id='word_1_304' title='bbox 2359 1250 2518 1298; x_wconf 77' lang='lat' dir='ltr'><strong>terrae</strong></span> <span class='ocrx_word' id='word_1_305' title='bbox 2552 1242 2664 1313; x_wconf 89' lang='lat' dir='ltr'><strong>(Ps.</strong></span> <span class='ocrx_word' id='word_1_306' title='bbox 2696 1259 2918 1312; x_wconf 78' lang='lat' dir='ltr'><strong>cxxxxv,</strong></span> <span class='ocrx_word' id='word_1_307' title='bbox 2948 1243 3025 1313; x_wconf 92' lang='lat'><strong>7).</strong></span> <span class='ocrx_word' id='word_1_308' title='bbox 3087 1241 3412 1297; x_wconf 89' lang='lat' dir='ltr'><strong>Istiusmodi</strong></span> <span class='ocrx_word' id='word_1_309' title='bbox 3456 1241 3686 1313; x_wconf 87' lang='lat' dir='ltr'><strong>disputa-</strong></span> 
     </span>
    </p>
   </div>
   <div class='ocr_carea' id='block_1_44' title="bbox 2083 1329 3690 1403">
    <p class='ocr_par' dir='ltr' id='par_1_44' title="bbox 2083 1329 3690 1403">
     <span class='ocr_line' id='line_1_44' title="bbox 2083 1329 3690 1403; baseline 0.001 -18"><span class='ocrx_word' id='word_1_310' title='bbox 2083 1329 2163 1386; x_wconf 91' lang='lat' dir='ltr'><strong>tio</strong></span> <span class='ocrx_word' id='word_1_311' title='bbox 2193 1335 2250 1386; x_wconf 89' lang='lat' dir='ltr'><strong>et</strong></span> <span class='ocrx_word' id='word_1_312' title='bbox 2276 1330 2335 1385; x_wconf 91' lang='lat' dir='ltr'><strong>in</strong></span> <span class='ocrx_word' id='word_1_313' title='bbox 2366 1329 2599 1387; x_wconf 90' lang='lat' dir='ltr'><strong>Psalmo</strong></span> <span class='ocrx_word' id='word_1_314' title='bbox 2618 1348 2805 1403; x_wconf 91' lang='lat' dir='ltr'><strong>nuper</strong></span> <span class='ocrx_word' id='word_1_315' title='bbox 2830 1330 3057 1398; x_wconf 90' lang='lat' dir='ltr'><strong>incidit,</strong></span> <span class='ocrx_word' id='word_1_316' title='bbox 3081 1334 3139 1386; x_wconf 90' lang='lat' dir='ltr'><strong>et</strong></span> <span class='ocrx_word' id='word_1_317' title='bbox 3159 1331 3374 1386; x_wconf 90' lang='lat' dir='ltr'><strong>dictum</strong></span> <span class='ocrx_word' id='word_1_318' title='bbox 3396 1334 3481 1387; x_wconf 88' lang='lat' dir='ltr'><strong>est</strong></span> <span class='ocrx_word' id='word_1_319' title='bbox 3498 1329 3690 1386; x_wconf 85' lang='lat' dir='ltr'><strong>anobis</strong></span> 
     </span>
    </p>
   </div>
   <div class='ocr_carea' id='block_1_45' title="bbox 2086 1420 3686 1491">
    <p class='ocr_par' dir='ltr' id='par_1_45' title="bbox 2086 1420 3686 1491">
     <span class='ocr_line' id='line_1_45' title="bbox 2086 1420 3686 1491; baseline -0.002 -16"><span class='ocrx_word' id='word_1_320' title='bbox 2086 1420 2378 1491; x_wconf 92' lang='lat' dir='ltr'><strong>quomodo</strong></span> <span class='ocrx_word' id='word_1_321' title='bbox 2411 1425 2561 1475; x_wconf 88' lang='lat' dir='ltr'><strong>Deus</strong></span> <span class='ocrx_word' id='word_1_322' title='bbox 2591 1420 2857 1477; x_wconf 84' lang='lat' dir='ltr'><strong>eduxerit</strong></span> <span class='ocrx_word' id='word_1_323' title='bbox 2885 1420 3072 1477; x_wconf 88' lang='lat' dir='ltr'><strong>nubes</strong></span> <span class='ocrx_word' id='word_1_324' title='bbox 3101 1420 3174 1476; x_wconf 91' lang='lat' dir='ltr'><strong>ab</strong></span> <span class='ocrx_word' id='word_1_325' title='bbox 3232 1423 3478 1475; x_wconf 83' lang='lat' dir='ltr'><strong>extremo</strong></span> <span class='ocrx_word' id='word_1_326' title='bbox 3525 1422 3686 1474; x_wconf 72' lang='lat' dir='ltr'><strong>terra.</strong></span> 
     </span>
    </p>
   </div>
   <div class='ocr_carea' id='block_1_46' title="bbox 2084 1504 3691 1581">
    <p class='ocr_par' dir='ltr' id='par_1_46' title="bbox 2084 1504 3691 1581">
     <span class='ocr_line' id='line_1_46' title="bbox 2084 1504 3691 1581; baseline -0.002 -18"><span class='ocrx_word' id='word_1_327' title='bbox 2084 1507 2245 1571; x_wconf 92' lang='lat' dir='ltr'><strong>Quod</strong></span> <span class='ocrx_word' id='word_1_328' title='bbox 2278 1507 2518 1579; x_wconf 90' lang='lat' dir='ltr'><strong>quidem</strong></span> <span class='ocrx_word' id='word_1_329' title='bbox 2540 1525 2698 1564; x_wconf 90' lang='lat' dir='ltr'><strong>nunc</strong></span> <span class='ocrx_word' id='word_1_330' title='bbox 2716 1525 2949 1564; x_wconf 88' lang='lat' dir='ltr'><strong>rursum</strong></span> <span class='ocrx_word' id='word_1_331' title='bbox 2964 1508 3231 1581; x_wconf 89' lang='lat' dir='ltr'><strong>cogimur</strong></span> <span class='ocrx_word' id='word_1_332' title='bbox 3251 1504 3691 1575; x_wconf 88' lang='lat' dir='ltr'><strong>retractare,uthi</strong></span> 
     </span>
    </p>
   </div>
   <div class='ocr_carea' id='block_1_47' title="bbox 2085 1595 3687 1670">
    <p class='ocr_par' dir='ltr' id='par_1_47' title="bbox 2085 1595 3687 1670">
     <span class='ocr_line' id='line_1_47' title="bbox 2085 1595 3687 1670; baseline -0.002 -18"><span class='ocrx_word' id='word_1_333' title='bbox 2085 1596 2186 1669; x_wconf 90' lang='lat' dir='ltr'><strong>qui</strong></span> <span class='ocrx_word' id='word_1_334' title='bbox 2207 1595 2893 1669; x_wconf 89' lang='lat' dir='ltr'><strong>audierunt,plenissime</strong></span> <span class='ocrx_word' id='word_1_335' title='bbox 2905 1614 3031 1670; x_wconf 76' lang='lat' dir='ltr'><strong>quae</strong></span> <span class='ocrx_word' id='word_1_336' title='bbox 3045 1597 3243 1654; x_wconf 89' lang='lat' dir='ltr'><strong>sciunt</strong></span> <span class='ocrx_word' id='word_1_337' title='bbox 3254 1596 3687 1661; x_wconf 88' lang='lat' dir='ltr'><strong>reminiscantur,</strong></span> 
     </span>
    </p>
   </div>
   <div class='ocr_carea' id='block_1_48' title="bbox 2084 1684 3691 1758">
    <p class='ocr_par' dir='ltr' id='par_1_48' title="bbox 2084 1684 3691 1758">
     <span class='ocr_line' id='line_1_48' title="bbox 2084 1684 3691 1758; baseline -0.002 -17"><span class='ocrx_word' id='word_1_338' title='bbox 2084 1690 2144 1741; x_wconf 90' lang='lat' dir='ltr'><strong>et</strong></span> <span class='ocrx_word' id='word_1_339' title='bbox 2175 1685 2235 1740; x_wconf 91' lang='lat' dir='ltr'><strong>hi</strong></span> <span class='ocrx_word' id='word_1_340' title='bbox 2265 1686 2368 1757; x_wconf 93' lang='lat' dir='ltr'><strong>qui</strong></span> <span class='ocrx_word' id='word_1_341' title='bbox 2401 1703 2517 1741; x_wconf 91' lang='lat' dir='ltr'><strong>non</strong></span> <span class='ocrx_word' id='word_1_342' title='bbox 2549 1687 2960 1758; x_wconf 77' lang='lat' dir='ltr'><strong>interfuerunt,</strong></span> <span class='ocrx_word' id='word_1_343' title='bbox 2993 1690 3097 1741; x_wconf 89' lang='lat' dir='ltr'><strong>aut</strong></span> <span class='ocrx_word' id='word_1_344' title='bbox 3125 1684 3290 1742; x_wconf 90' lang='lat' dir='ltr'><strong>obliti</strong></span> <span class='ocrx_word' id='word_1_345' title='bbox 3320 1688 3474 1752; x_wconf 89' lang='lat' dir='ltr'><strong>sunt,</strong></span> <span class='ocrx_word' id='word_1_346' title='bbox 3499 1685 3691 1739; x_wconf 88' lang='lat' dir='ltr'><strong>textum</strong></span> 
     </span>
    </p>
   </div>
   <div class='ocr_carea' id='block_1_49' title="bbox 2085 1771 3691 1847">
    <p class='ocr_par' dir='ltr' id='par_1_49' title="bbox 2085 1771 3691 1847">
     <span class='ocr_line' id='line_1_49' title="bbox 2085 1771 3691 1847; baseline -0.004 -16"><span class='ocrx_word' id='word_1_347' title='bbox 2085 1774 2377 1831; x_wconf 88' lang='lat' dir='ltr'><strong>sermonis</strong></span> <span class='ocrx_word' id='word_1_348' title='bbox 2394 1780 2914 1847; x_wconf 88' lang='lat' dir='ltr'><strong>agnoscant,quem</strong></span> <span class='ocrx_word' id='word_1_349' title='bbox 2936 1779 2996 1830; x_wconf 94' lang='lat' dir='ltr'><strong>tu</strong></span> <span class='ocrx_word' id='word_1_350' title='bbox 3005 1779 3276 1846; x_wconf 90' lang='lat' dir='ltr'><strong>nc,prout</strong></span> <span class='ocrx_word' id='word_1_351' title='bbox 3293 1771 3691 1839; x_wconf 87' lang='lat' dir='ltr'><strong>valuimus,exi-</strong></span> 
     </span>
    </p>
   </div>
   <div class='ocr_carea' id='block_1_50' title="bbox 2087 1858 3690 1920">
    <p class='ocr_par' dir='ltr' id='par_1_50' title="bbox 2087 1858 3690 1920">
     <span class='ocr_line' id='line_1_50' title="bbox 2087 1858 3690 1920; baseline -0.003 -2"><span class='ocrx_word' id='word_1_352' title='bbox 2087 1862 2347 1920; x_wconf 90' lang='lat' dir='ltr'><strong>huimus.</strong></span> <span class='ocrx_word' id='word_1_353' title='bbox 2386 1863 2645 1920; x_wconf 82' lang='lat' dir='ltr'><strong>Diximus</strong></span> <span class='ocrx_word' id='word_1_354' title='bbox 2667 1868 2863 1920; x_wconf 89' lang='lat' dir='ltr'><strong>autem</strong></span> <span class='ocrx_word' id='word_1_355' title='bbox 2887 1867 3121 1920; x_wconf 89' lang='lat' dir='ltr'><strong>sanctos</strong></span> <span class='ocrx_word' id='word_1_356' title='bbox 3145 1879 3276 1919; x_wconf 91' lang='lat' dir='ltr'><strong>esse</strong></span> <span class='ocrx_word' id='word_1_357' title='bbox 3292 1858 3690 1918; x_wconf 89' lang='lat' dir='ltr'><strong>nubes.Etenim</strong></span> 
     </span>
    </p>
   </div>
   <div class='ocr_carea' id='block_1_51' title="bbox 2085 1947 3691 2025">
    <p class='ocr_par' dir='ltr' id='par_1_51' title="bbox 2085 1947 3691 2025">
     <span class='ocr_line' id='line_1_51' title="bbox 2085 1947 3691 2025; baseline -0.003 -18"><span class='ocrx_word' id='word_1_358' title='bbox 2085 1951 2196 2007; x_wconf 91' lang='lat' dir='ltr'><strong>hoc</strong></span> <span class='ocrx_word' id='word_1_359' title='bbox 2220 1953 2373 2024; x_wconf 89' lang='lat' dir='ltr'><strong>quod</strong></span> <span class='ocrx_word' id='word_1_360' title='bbox 2406 1952 2692 2025; x_wconf 88' lang='lat' dir='ltr'><strong>scriptum</strong></span> <span class='ocrx_word' id='word_1_361' title='bbox 2724 1956 2852 2008; x_wconf 86' lang='lat' dir='ltr'><strong>est:</strong></span> <span class='ocrx_word' id='word_1_362' title='bbox 2891 1953 3095 2009; x_wconf 84' lang='lat' dir='ltr'><strong>Veritas</strong></span> <span class='ocrx_word' id='word_1_363' title='bbox 3128 1960 3228 2008; x_wconf 88' lang='lat' dir='ltr'><strong>tua</strong></span> <span class='ocrx_word' id='word_1_364' title='bbox 3274 1967 3439 2022; x_wconf 82' lang='lat' dir='ltr'><strong>usque</strong></span> <span class='ocrx_word' id='word_1_365' title='bbox 3459 1949 3525 2005; x_wconf 88' lang='lat' dir='ltr'><strong>ad</strong></span> <span class='ocrx_word' id='word_1_366' title='bbox 3549 1947 3691 2003; x_wconf 81' lang='lat' dir='ltr'><strong>nubes</strong></span> 
     </span>
    </p>
   </div>
   <div class='ocr_carea' id='block_1_52' title="bbox 2087 2038 3691 2114">
    <p class='ocr_par' dir='ltr' id='par_1_52' title="bbox 2087 2038 3691 2114">
     <span class='ocr_line' id='line_1_52' title="bbox 2087 2038 3691 2114; baseline -0.004 -17"><span class='ocrx_word' id='word_1_367' title='bbox 2087 2040 2196 2112; x_wconf 91' lang='lat' dir='ltr'><strong>(Ps.</strong></span> <span class='ocrx_word' id='word_1_368' title='bbox 2220 2058 2394 2109; x_wconf 83' lang='lat' dir='ltr'><strong>xxxv,</strong></span> <span class='ocrx_word' id='word_1_369' title='bbox 2423 2042 2500 2112; x_wconf 88' lang='lat'><strong>6),</strong></span> <span class='ocrx_word' id='word_1_370' title='bbox 2524 2058 2638 2097; x_wconf 88' lang='lat' dir='ltr'><strong>non</strong></span> <span class='ocrx_word' id='word_1_371' title='bbox 2672 2045 2865 2114; x_wconf 90' lang='lat' dir='ltr'><strong>potest</strong></span> <span class='ocrx_word' id='word_1_372' title='bbox 2890 2041 3090 2097; x_wconf 81' lang='lat' dir='ltr'><strong>referri</strong></span> <span class='ocrx_word' id='word_1_373' title='bbox 3112 2041 3185 2097; x_wconf 91' lang='lat' dir='ltr'><strong>ad</strong></span> <span class='ocrx_word' id='word_1_374' title='bbox 3217 2038 3553 2097; x_wconf 90' lang='lat' dir='ltr'><strong>inanimales</strong></span> <span class='ocrx_word' id='word_1_375' title='bbox 3596 2052 3691 2091; x_wconf 89' lang='lat' dir='ltr'><strong>nu-</strong></span> 
     </span>
    </p>
   </div>
   <div class='ocr_carea' id='block_1_53' title="bbox 2086 2129 3692 2202">
    <p class='ocr_par' dir='ltr' id='par_1_53' title="bbox 2086 2129 3692 2202">
     <span class='ocr_line' id='line_1_53' title="bbox 2086 2129 3692 2202; baseline -0.004 -17"><span class='ocrx_word' id='word_1_376' title='bbox 2086 2130 2189 2185; x_wconf 91' lang='lat' dir='ltr'><strong>bes</strong></span> <span class='ocrx_word' id='word_1_377' title='bbox 2214 2146 2226 2185; x_wconf 90' lang='lat'>:</span> <span class='ocrx_word' id='word_1_378' title='bbox 2262 2130 2364 2185; x_wconf 91' lang='lat' dir='ltr'><strong>sed</strong></span> <span class='ocrx_word' id='word_1_379' title='bbox 2395 2130 2606 2186; x_wconf 91' lang='lat' dir='ltr'><strong>veritas</strong></span> <span class='ocrx_word' id='word_1_380' title='bbox 2638 2129 2736 2186; x_wconf 91' lang='lat' dir='ltr'><strong>Dei</strong></span> <span class='ocrx_word' id='word_1_381' title='bbox 2768 2145 2958 2202; x_wconf 90' lang='lat' dir='ltr'><strong>usque</strong></span> <span class='ocrx_word' id='word_1_382' title='bbox 2989 2131 3061 2186; x_wconf 89' lang='lat' dir='ltr'><strong>ad</strong></span> <span class='ocrx_word' id='word_1_383' title='bbox 3094 2129 3230 2186; x_wconf 84' lang='lat' dir='ltr'><strong>illas</strong></span> <span class='ocrx_word' id='word_1_384' title='bbox 3259 2130 3442 2186; x_wconf 90' lang='lat' dir='ltr'><strong>nubes</strong></span> <span class='ocrx_word' id='word_1_385' title='bbox 3459 2132 3561 2194; x_wconf 90' lang='lat' dir='ltr'><strong>est,</strong></span> <span class='ocrx_word' id='word_1_386' title='bbox 3585 2140 3692 2196; x_wconf 66' lang='lat' dir='ltr'><strong>quae</strong></span> 
     </span>
    </p>
   </div>
   <div class='ocr_carea' id='block_1_54' title="bbox 2086 2213 3693 2292">
    <p class='ocr_par' dir='ltr' id='par_1_54' title="bbox 2086 2213 3693 2292">
     <span class='ocr_line' id='line_1_54' title="bbox 2086 2213 3693 2292; baseline -0.004 -18"><span class='ocrx_word' id='word_1_387' title='bbox 2086 2218 2337 2275; x_wconf 90' lang='lat' dir='ltr'><strong>audiunt</strong></span> <span class='ocrx_word' id='word_1_388' title='bbox 2357 2220 2699 2275; x_wconf 89' lang='lat' dir='ltr'><strong>mandatum</strong></span> <span class='ocrx_word' id='word_1_389' title='bbox 2717 2219 3032 2291; x_wconf 84' lang='lat' dir='ltr'><strong>Domini,et</strong></span> <span class='ocrx_word' id='word_1_390' title='bbox 3060 2223 3349 2275; x_wconf 88' lang='lat' dir='ltr'><strong>noverunt</strong></span> <span class='ocrx_word' id='word_1_391' title='bbox 3369 2234 3479 2292; x_wconf 92' lang='lat' dir='ltr'><strong>quo</strong></span> <span class='ocrx_word' id='word_1_392' title='bbox 3498 2213 3693 2289; x_wconf 86' lang='lat' dir='ltr'><strong>pluvias</strong></span> 
     </span>
    </p>
   </div>
   <div class='ocr_carea' id='block_1_55' title="bbox 2084 2302 3695 2395">
    <p class='ocr_par' dir='ltr' id='par_1_55' title="bbox 2084 2302 3695 2395">
     <span class='ocr_line' id='line_1_55' title="bbox 2084 2302 3695 2395; baseline -0.004 -31"><span class='ocrx_word' id='word_1_393' title='bbox 2084 2308 2150 2380; x_wconf 86' lang='lat'><strong>(/)</strong></span> <span class='ocrx_word' id='word_1_394' title='bbox 2173 2308 2452 2378; x_wconf 88' lang='lat' dir='ltr'><strong>deferant,</strong></span> <span class='ocrx_word' id='word_1_395' title='bbox 2472 2312 2528 2364; x_wconf 89' lang='lat' dir='ltr'><strong>et</strong></span> <span class='ocrx_word' id='word_1_396' title='bbox 2543 2326 2578 2364; x_wconf 91' lang='lat' dir='ltr'><strong>a</strong></span> <span class='ocrx_word' id='word_1_397' title='bbox 2594 2308 2810 2395; x_wconf 71' lang='lat' dir='ltr'><strong>quipus</strong></span> <span class='ocrx_word' id='word_1_398' title='bbox 2832 2324 2930 2364; x_wconf 88' lang='lat' dir='ltr'><strong>eas</strong></span> <span class='ocrx_word' id='word_1_399' title='bbox 2951 2308 3422 2380; x_wconf 89' lang='lat' dir='ltr'><strong>suspendant.De</strong></span> <span class='ocrx_word' id='word_1_400' title='bbox 3441 2307 3527 2363; x_wconf 91' lang='lat' dir='ltr'><strong>his</strong></span> <span class='ocrx_word' id='word_1_401' title='bbox 3546 2302 3695 2361; x_wconf 87' lang='lat' dir='ltr'><strong>nubi-</strong></span> 
     </span>
    </p>
   </div>
   <div class='ocr_carea' id='block_1_56' title="bbox 2083 2396 3691 2469">
    <p class='ocr_par' dir='ltr' id='par_1_56' title="bbox 2083 2396 3691 2469">
     <span class='ocr_line' id='line_1_56' title="bbox 2083 2396 3691 2469; baseline 0 -17"><span class='ocrx_word' id='word_1_402' title='bbox 2083 2397 2197 2452; x_wconf 89' lang='lat' dir='ltr'><strong>bus</strong></span> <span class='ocrx_word' id='word_1_403' title='bbox 2226 2396 2446 2452; x_wconf 91' lang='lat' dir='ltr'><strong>dictum</strong></span> <span class='ocrx_word' id='word_1_404' title='bbox 2476 2401 2599 2453; x_wconf 89' lang='lat' dir='ltr'><strong>est:</strong></span> <span class='ocrx_word' id='word_1_405' title='bbox 2634 2399 2700 2452; x_wconf 83' lang='lat' dir='ltr'><strong>Et</strong></span> <span class='ocrx_word' id='word_1_406' title='bbox 2718 2397 2987 2454; x_wconf 85' lang='lat' dir='ltr'><strong>mandabo</strong></span> <span class='ocrx_word' id='word_1_407' title='bbox 3005 2397 3248 2454; x_wconf 81' lang='lat' dir='ltr'><strong>nubibus</strong></span> <span class='ocrx_word' id='word_1_408' title='bbox 3263 2398 3415 2467; x_wconf 81' lang='lat' dir='ltr'><strong>meis,</strong></span> <span class='ocrx_word' id='word_1_409' title='bbox 3432 2412 3502 2452; x_wconf 89' lang='lat' dir='ltr'><strong>ne</strong></span> <span class='ocrx_word' id='word_1_410' title='bbox 3523 2397 3691 2469; x_wconf 81' lang='lat' dir='ltr'><strong>pluant</strong></span> 
     </span>
    </p>
   </div>
   <div class='ocr_carea' id='block_1_57' title="bbox 2082 2486 3694 2560">
    <p class='ocr_par' dir='ltr' id='par_1_57' title="bbox 2082 2486 3694 2560">
     <span class='ocr_line' id='line_1_57' title="bbox 2082 2486 3694 2560; baseline 0 -19"><span class='ocrx_word' id='word_1_411' title='bbox 2082 2502 2244 2557; x_wconf 80' lang='lat' dir='ltr'><strong>super</strong></span> <span class='ocrx_word' id='word_1_412' title='bbox 2270 2502 2392 2542; x_wconf 84' lang='lat' dir='ltr'><strong>eam</strong></span> <span class='ocrx_word' id='word_1_413' title='bbox 2421 2487 2657 2545; x_wconf 86' lang='lat' dir='ltr'><strong>imbrem</strong></span> <span class='ocrx_word' id='word_1_414' title='bbox 2683 2488 2836 2555; x_wconf 90' lang='lat' dir='ltr'><strong>(Isai.</strong></span> <span class='ocrx_word' id='word_1_415' title='bbox 2860 2503 2913 2554; x_wconf 93' lang='lat' dir='ltr'><strong>v,</strong></span> <span class='ocrx_word' id='word_1_416' title='bbox 2936 2487 3010 2558; x_wconf 88' lang='lat'><strong>6).</strong></span> <span class='ocrx_word' id='word_1_417' title='bbox 3041 2486 3121 2542; x_wconf 91' lang='lat' dir='ltr'><strong>De</strong></span> <span class='ocrx_word' id='word_1_418' title='bbox 3146 2486 3245 2543; x_wconf 90' lang='lat' dir='ltr'><strong>his</strong></span> <span class='ocrx_word' id='word_1_419' title='bbox 3273 2486 3425 2543; x_wconf 89' lang='lat' dir='ltr'><strong>enim</strong></span> <span class='ocrx_word' id='word_1_420' title='bbox 3472 2503 3588 2560; x_wconf 70' lang='lat' dir='ltr'><strong>qua:</strong></span> <span class='ocrx_word' id='word_1_421' title='bbox 3637 2502 3694 2542; x_wconf 81' lang='lat' dir='ltr'><strong>ex</strong></span> 
     </span>
    </p>
   </div>
   <div class='ocr_carea' id='block_1_58' title="bbox 2084 2574 3694 2648">
    <p class='ocr_par' dir='ltr' id='par_1_58' title="bbox 2084 2574 3694 2648">
     <span class='ocr_line' id='line_1_58' title="bbox 2084 2574 3694 2648; baseline 0 -18"><span class='ocrx_word' id='word_1_422' title='bbox 2084 2574 2266 2631; x_wconf 90' lang='lat' dir='ltr'><strong>denso</strong></span> <span class='ocrx_word' id='word_1_423' title='bbox 2291 2575 2396 2647; x_wconf 83' lang='lat' dir='ltr'><strong>(At.</strong></span> <span class='ocrx_word' id='word_1_424' title='bbox 2428 2576 2694 2648; x_wconf 80' lang='lat' dir='ltr'><strong>densata)</strong></span> <span class='ocrx_word' id='word_1_425' title='bbox 2726 2592 2857 2631; x_wconf 89' lang='lat' dir='ltr'><strong>aere</strong></span> <span class='ocrx_word' id='word_1_426' title='bbox 2886 2575 3166 2631; x_wconf 89' lang='lat' dir='ltr'><strong>dicuntur</strong></span> <span class='ocrx_word' id='word_1_427' title='bbox 3184 2579 3469 2647; x_wconf 86' lang='lat' dir='ltr'><strong>constare,</strong></span> <span class='ocrx_word' id='word_1_428' title='bbox 3501 2575 3548 2631; x_wconf 92' lang='lat' dir='ltr'><strong>si</strong></span> <span class='ocrx_word' id='word_1_429' title='bbox 3599 2591 3694 2630; x_wconf 92' lang='lat' dir='ltr'><strong>non</strong></span> 
     </span>
    </p>
   </div>
   <div class='ocr_carea' id='block_1_59' title="bbox 2085 2661 3697 2738">
    <p class='ocr_par' dir='ltr' id='par_1_59' title="bbox 2085 2661 3697 2738">
     <span class='ocr_line' id='line_1_59' title="bbox 2085 2661 3697 2738; baseline -0.001 -20"><span class='ocrx_word' id='word_1_430' title='bbox 2085 2664 2259 2720; x_wconf 87' lang='lat' dir='ltr'><strong>fuerit</strong></span> <span class='ocrx_word' id='word_1_431' title='bbox 2280 2663 2495 2737; x_wconf 91' lang='lat' dir='ltr'><strong>pluvia,</strong></span> <span class='ocrx_word' id='word_1_432' title='bbox 2529 2681 2645 2720; x_wconf 90' lang='lat' dir='ltr'><strong>non</strong></span> <span class='ocrx_word' id='word_1_433' title='bbox 2672 2663 2932 2737; x_wconf 66' lang='lat' dir='ltr'><strong>praecipit</strong></span> <span class='ocrx_word' id='word_1_434' title='bbox 2954 2664 3108 2720; x_wconf 90' lang='lat' dir='ltr'><strong>Deus</strong></span> <span class='ocrx_word' id='word_1_435' title='bbox 3125 2680 3197 2719; x_wconf 91' lang='lat' dir='ltr'><strong>ne</strong></span> <span class='ocrx_word' id='word_1_436' title='bbox 3223 2664 3429 2738; x_wconf 91' lang='lat' dir='ltr'><strong>pluant</strong></span> <span class='ocrx_word' id='word_1_437' title='bbox 3456 2678 3616 2737; x_wconf 90' lang='lat' dir='ltr'><strong>super</strong></span> <span class='ocrx_word' id='word_1_438' title='bbox 3632 2661 3697 2717; x_wconf 88' lang='lat' dir='ltr'><strong>vi-</strong></span> 
     </span>
    </p>
   </div>
   <div class='ocr_carea' id='block_1_60' title="bbox 2085 2752 3698 2826">
    <p class='ocr_par' dir='ltr' id='par_1_60' title="bbox 2085 2752 3698 2826">
     <span class='ocr_line' id='line_1_60' title="bbox 2085 2752 3698 2826; baseline -0.002 -17"><span class='ocrx_word' id='word_1_439' title='bbox 2085 2769 2255 2809; x_wconf 87' lang='lat' dir='ltr'><strong>neam</strong></span> <span class='ocrx_word' id='word_1_440' title='bbox 2266 2758 2387 2822; x_wconf 90' lang='lat' dir='ltr'><strong>,aut</strong></span> <span class='ocrx_word' id='word_1_441' title='bbox 2398 2769 2834 2826; x_wconf 89' lang='lat' dir='ltr'><strong>quamcumque</strong></span> <span class='ocrx_word' id='word_1_442' title='bbox 2847 2754 3139 2825; x_wconf 87' lang='lat' dir='ltr'><strong>regionem</strong></span> <span class='ocrx_word' id='word_1_443' title='bbox 3153 2752 3525 2821; x_wconf 71' lang='lat' dir='ltr'><strong>imbremgsed</strong></span> <span class='ocrx_word' id='word_1_444' title='bbox 3541 2752 3698 2808; x_wconf 89' lang='lat' dir='ltr'><strong>omni-</strong></span> 
     </span>
    </p>
   </div>
   <div class='ocr_carea' id='block_1_61' title="bbox 2083 2840 3692 2914">
    <p class='ocr_par' dir='ltr' id='par_1_61' title="bbox 2083 2840 3692 2914">
     <span class='ocr_line' id='line_1_61' title="bbox 2083 2840 3692 2914; baseline -0.001 -18"><span class='ocrx_word' id='word_1_445' title='bbox 2083 2858 2158 2897; x_wconf 91' lang='lat' dir='ltr'><strong>no</strong></span> <span class='ocrx_word' id='word_1_446' title='bbox 2175 2847 2550 2914; x_wconf 89' lang='lat' dir='ltr'><strong>apparent,ut</strong></span> <span class='ocrx_word' id='word_1_447' title='bbox 2570 2842 2629 2897; x_wconf 91' lang='lat' dir='ltr'><strong>in</strong></span> <span class='ocrx_word' id='word_1_448' title='bbox 2664 2842 2836 2898; x_wconf 86' lang='lat' dir='ltr'><strong>tertio</strong></span> <span class='ocrx_word' id='word_1_449' title='bbox 2875 2842 3211 2914; x_wconf 84' lang='lat' dir='ltr'><strong>Regnorum</strong></span> <span class='ocrx_word' id='word_1_450' title='bbox 3275 2841 3419 2897; x_wconf 92' lang='lat' dir='ltr'><strong>libro</strong></span> <span class='ocrx_word' id='word_1_451' title='bbox 3471 2840 3692 2913; x_wconf 85' lang='lat' dir='ltr'><strong>legimus</strong></span> 
     </span>
    </p>
   </div>
   <div class='ocr_carea' id='block_1_62' title="bbox 2083 2930 3696 3003">
    <p class='ocr_par' dir='ltr' id='par_1_62' title="bbox 2083 2930 3696 3003">
     <span class='ocr_line' id='line_1_62' title="bbox 2083 2930 3696 3003; baseline -0.002 -18"><span class='ocrx_word' id='word_1_452' title='bbox 2083 2930 2183 3001; x_wconf 89' lang='lat' dir='ltr'><strong>(III</strong></span> <span class='ocrx_word' id='word_1_453' title='bbox 2205 2932 2330 3002; x_wconf 85' lang='lat' dir='ltr'><strong>Reg.</strong></span> <span class='ocrx_word' id='word_1_454' title='bbox 2363 2932 2525 3003; x_wconf 86' lang='lat' dir='ltr'><strong>xvm)</strong></span> <span class='ocrx_word' id='word_1_455' title='bbox 2556 2948 2569 2986; x_wconf 91' lang='lat'><strong>:</strong></span> <span class='ocrx_word' id='word_1_456' title='bbox 2605 2932 2838 3003; x_wconf 89' lang='lat' dir='ltr'><strong>quando</strong></span> <span class='ocrx_word' id='word_1_457' title='bbox 2869 2931 2928 2986; x_wconf 91' lang='lat' dir='ltr'><strong>in</strong></span> <span class='ocrx_word' id='word_1_458' title='bbox 2959 2935 3225 3003; x_wconf 87' lang='lat' dir='ltr'><strong>tempore</strong></span> <span class='ocrx_word' id='word_1_459' title='bbox 3250 2931 3519 2987; x_wconf 87' lang='lat' dir='ltr'><strong>siccitatis</strong></span> <span class='ocrx_word' id='word_1_460' title='bbox 3538 2930 3696 2984; x_wconf 86' lang='lat' dir='ltr'><strong>nubes</strong></span> 
     </span>
    </p>
   </div>
   <div class='ocr_carea' id='block_1_63' title="bbox 2084 3018 3697 3092">
    <p class='ocr_par' dir='ltr' id='par_1_63' title="bbox 2084 3018 3697 3092">
     <span class='ocr_line' id='line_1_63' title="bbox 2084 3018 3697 3092; baseline -0.001 -18"><span class='ocrx_word' id='word_1_461' title='bbox 2084 3018 2250 3075; x_wconf 91' lang='lat' dir='ltr'><strong>nulla</strong></span> <span class='ocrx_word' id='word_1_462' title='bbox 2269 3020 2623 3092; x_wconf 87' lang='lat' dir='ltr'><strong>apparuit,et</strong></span> <span class='ocrx_word' id='word_1_463' title='bbox 2643 3021 3025 3092; x_wconf 86' lang='lat' dir='ltr'><strong>posteajuxta</strong></span> <span class='ocrx_word' id='word_1_464' title='bbox 3048 3018 3545 3092; x_wconf 74' lang='lat' dir='ltr'><strong>prophetiamEliaa</strong></span> <span class='ocrx_word' id='word_1_465' title='bbox 3564 3019 3697 3073; x_wconf 81' lang='lat' dir='ltr'><strong>futu-</strong></span> 
     </span>
    </p>
   </div>
   <div class='ocr_carea' id='block_1_64' title="bbox 2083 3107 3697 3182">
    <p class='ocr_par' dir='ltr' id='par_1_64' title="bbox 2083 3107 3697 3182">
     <span class='ocr_line' id='line_1_64' title="bbox 2083 3107 3697 3182; baseline -0.001 -20"><span class='ocrx_word' id='word_1_466' title='bbox 2083 3124 2160 3163; x_wconf 62' lang='lat' dir='ltr'><strong>ris</strong></span> <span class='ocrx_word' id='word_1_467' title='bbox 2183 3107 2392 3181; x_wconf 71' lang='lat' dir='ltr'><strong>pluvia:</strong></span> <span class='ocrx_word' id='word_1_468' title='bbox 2409 3109 2641 3182; x_wconf 87' lang='lat' dir='ltr'><strong>signum</strong></span> <span class='ocrx_word' id='word_1_469' title='bbox 2667 3109 2725 3164; x_wconf 92' lang='lat' dir='ltr'><strong>in</strong></span> <span class='ocrx_word' id='word_1_470' title='bbox 2747 3109 2991 3180; x_wconf 87' lang='lat' dir='ltr'><strong>vestigio</strong></span> <span class='ocrx_word' id='word_1_471' title='bbox 3010 3108 3278 3165; x_wconf 86' lang='lat' dir='ltr'><strong>hominis</strong></span> <span class='ocrx_word' id='word_1_472' title='bbox 3298 3113 3585 3165; x_wconf 89' lang='lat' dir='ltr'><strong>ostensum</strong></span> <span class='ocrx_word' id='word_1_473' title='bbox 3605 3110 3697 3170; x_wconf 88' lang='lat' dir='ltr'><strong>est,</strong></span> 
     </span>
    </p>
   </div>
   <div class='ocr_carea' id='block_1_65' title="bbox 340 3179 3700 3271">
    <p class='ocr_par' dir='ltr' id='par_1_65' title="bbox 340 3179 3700 3271">
     <span class='ocr_line' id='line_1_65' title="bbox 340 3179 3700 3271; baseline 0.002 -30"><span class='ocrx_word' id='word_1_474' title='bbox 340 3186 565 3243; x_wconf 89' lang='lat' dir='ltr'><strong>sionem</strong></span> <span class='ocrx_word' id='word_1_475' title='bbox 587 3191 904 3261; x_wconf 89' lang='lat' dir='ltr'><strong>quamdam</strong></span> <span class='ocrx_word' id='word_1_476' title='bbox 934 3207 1064 3247; x_wconf 87' lang='lat' dir='ltr'><strong>esse</strong></span> <span class='ocrx_word' id='word_1_477' title='bbox 1090 3192 1399 3247; x_wconf 89' lang='lat' dir='ltr'><strong>verborum</strong></span> <span class='ocrx_word' id='word_1_478' title='bbox 1422 3192 1695 3249; x_wconf 86' lang='lat' dir='ltr'><strong>similiter</strong></span> <span class='ocrx_word' id='word_1_479' title='bbox 1723 3199 1789 3249; x_wconf 92' lang='lat' dir='ltr'><strong>ut</strong></span> <span class='ocrx_word' id='word_1_480' title='bbox 1824 3209 1981 3249; x_wconf 90' lang='lat' dir='ltr'><strong>nunc</strong></span> <span class='ocrx_word' id='word_1_481' title='bbox 2009 3179 2052 3245; x_wconf 84' lang='lat' dir='ltr'><strong>C</strong></span> <span class='ocrx_word' id='word_1_482' title='bbox 2091 3179 2265 3268; x_wconf 40' lang='lat' dir='ltr'><strong>atq—ue</strong></span> <span class='ocrx_word' id='word_1_483' title='bbox 2303 3197 2385 3253; x_wconf 90' lang='lat' dir='ltr'><strong>ita</strong></span> <span class='ocrx_word' id='word_1_484' title='bbox 2415 3179 2546 3270; x_wconf 76' lang='lat' dir='ltr'><strong>post</strong></span> <span class='ocrx_word' id='word_1_485' title='bbox 2566 3199 2783 3254; x_wconf 89' lang='lat' dir='ltr'><strong>nubem</strong></span> <span class='ocrx_word' id='word_1_486' title='bbox 2804 3179 3214 3271; x_wconf 86' lang='lat' dir='ltr'><strong>conglobatam</strong></span> <span class='ocrx_word' id='word_1_487' title='bbox 3236 3198 3422 3253; x_wconf 91' lang='lat' dir='ltr'><strong>imber</strong></span> <span class='ocrx_word' id='word_1_488' title='bbox 3436 3194 3700 3253; x_wconf 89' lang='lat' dir='ltr'><strong>descendit</strong></span> 
     </span>
    </p>
   </div>
   <div class='ocr_carea' id='block_1_66' title="bbox 339 3275 3698 3359">
    <p class='ocr_par' dir='ltr' id='par_1_66' title="bbox 339 3275 3698 3359">
     <span class='ocr_line' id='line_1_66' title="bbox 339 3275 3698 3359; baseline 0.002 -29"><span class='ocrx_word' id='word_1_489' title='bbox 339 3275 556 3332; x_wconf 88' lang='lat' dir='ltr'><strong>dicitur</strong></span> <span class='ocrx_word' id='word_1_490' title='bbox 583 3277 710 3333; x_wconf 72' lang='lat' dir='ltr'><strong>coeli</strong></span> <span class='ocrx_word' id='word_1_491' title='bbox 736 3295 749 3333; x_wconf 89' lang='lat'><strong>:</strong></span> <span class='ocrx_word' id='word_1_492' title='bbox 776 3280 946 3350; x_wconf 84' lang='lat' dir='ltr'><strong>juxta</strong></span> <span class='ocrx_word' id='word_1_493' title='bbox 966 3278 1114 3335; x_wconf 92' lang='lat' dir='ltr'><strong>illud</strong></span> <span class='ocrx_word' id='word_1_494' title='bbox 1145 3297 1378 3352; x_wconf 90' lang='lat' dir='ltr'><strong>quoque</strong></span> <span class='ocrx_word' id='word_1_495' title='bbox 1409 3282 1564 3353; x_wconf 91' lang='lat' dir='ltr'><strong>quod</strong></span> <span class='ocrx_word' id='word_1_496' title='bbox 1594 3283 1654 3338; x_wconf 91' lang='lat' dir='ltr'><strong>in</strong></span> <span class='ocrx_word' id='word_1_497' title='bbox 1687 3282 1802 3338; x_wconf 89' lang='lat' dir='ltr'><strong>alio</strong></span> <span class='ocrx_word' id='word_1_498' title='bbox 1855 3282 1981 3338; x_wconf 88' lang='lat' dir='ltr'><strong>loco</strong></span> <span class='ocrx_word' id='word_1_499' title='bbox 2092 3285 2163 3341; x_wconf 92' lang='lat' dir='ltr'><strong>ad</strong></span> <span class='ocrx_word' id='word_1_500' title='bbox 2186 3288 2678 3344; x_wconf 86' lang='lat' dir='ltr'><strong>terras.Istisvero</strong></span> <span class='ocrx_word' id='word_1_501' title='bbox 2696 3287 2866 3359; x_wconf 90' lang='lat' dir='ltr'><strong>quasi</strong></span> <span class='ocrx_word' id='word_1_502' title='bbox 2884 3286 3352 3343; x_wconf 88' lang='lat' dir='ltr'><strong>subsistentibus</strong></span> <span class='ocrx_word' id='word_1_503' title='bbox 3366 3284 3698 3353; x_wconf 80' lang='lat' dir='ltr'><strong>nubibus[Al.</strong></span> 
     </span>
    </p>
   </div>
   <div class='ocr_carea' id='block_1_67' title="bbox 339 3365 3701 3449">
    <p class='ocr_par' dir='ltr' id='par_1_67' title="bbox 339 3365 3701 3449">
     <span class='ocr_line' id='line_1_67' title="bbox 339 3365 3701 3449; baseline 0.002 -29"><span class='ocrx_word' id='word_1_504' title='bbox 339 3365 622 3437; x_wconf 84' lang='lat' dir='ltr'><strong>scriptum</strong></span> <span class='ocrx_word' id='word_1_505' title='bbox 653 3372 783 3424; x_wconf 89' lang='lat' dir='ltr'><strong>est:</strong></span> <span class='ocrx_word' id='word_1_506' title='bbox 819 3370 924 3437; x_wconf 83' lang='lat' dir='ltr'><strong>Qui</strong></span> <span class='ocrx_word' id='word_1_507' title='bbox 948 3369 1190 3425; x_wconf 76' lang='lat' dir='ltr'><strong>extendit</strong></span> <span class='ocrx_word' id='word_1_508' title='bbox 1234 3371 1427 3425; x_wconf 77' lang='lat' dir='ltr'><strong>ctelum</strong></span> <span class='ocrx_word' id='word_1_509' title='bbox 1451 3379 1512 3426; x_wconf 87' lang='lat' dir='ltr'><strong>ut</strong></span> <span class='ocrx_word' id='word_1_510' title='bbox 1554 3372 1758 3442; x_wconf 88' lang='lat' dir='ltr'><strong>pellem</strong></span> <span class='ocrx_word' id='word_1_511' title='bbox 1804 3372 1977 3443; x_wconf 87' lang='lat' dir='ltr'><strong>(Psal.</strong></span> <span class='ocrx_word' id='word_1_512' title='bbox 2090 3375 2342 3447; x_wconf 89' lang='lat' dir='ltr'><strong>nebulis)</strong></span> <span class='ocrx_word' id='word_1_513' title='bbox 2364 3377 2611 3448; x_wconf 86' lang='lat' dir='ltr'><strong>jubetur</strong></span> <span class='ocrx_word' id='word_1_514' title='bbox 2640 3375 2895 3449; x_wconf 91' lang='lat' dir='ltr'><strong>pluviam</strong></span> <span class='ocrx_word' id='word_1_515' title='bbox 2930 3375 3254 3445; x_wconf 88' lang='lat' dir='ltr'><strong>continere,</strong></span> <span class='ocrx_word' id='word_1_516' title='bbox 3306 3392 3436 3431; x_wconf 88' lang='lat' dir='ltr'><strong>cum</strong></span> <span class='ocrx_word' id='word_1_517' title='bbox 3490 3372 3701 3445; x_wconf 84' lang='lat' dir='ltr'><strong>indigna</strong></span> 
     </span>
    </p>
   </div>
   <div class='ocr_carea' id='block_1_68' title="bbox 338 3454 3701 3533">
    <p class='ocr_par' dir='ltr' id='par_1_68' title="bbox 338 3454 3701 3533">
     <span class='ocr_line' id='line_1_68' title="bbox 338 3454 3701 3533; baseline 0.001 -24"><span class='ocrx_word' id='word_1_518' title='bbox 338 3468 458 3523; x_wconf 82' lang='lat' dir='ltr'><strong>Clll,</strong></span> <span class='ocrx_word' id='word_1_519' title='bbox 488 3454 567 3527; x_wconf 89' lang='lat'><strong>2).</strong></span> <span class='ocrx_word' id='word_1_520' title='bbox 601 3457 947 3513; x_wconf 87' lang='lat' dir='ltr'><strong>Extenditur</strong></span> <span class='ocrx_word' id='word_1_521' title='bbox 976 3462 1170 3514; x_wconf 89' lang='lat' dir='ltr'><strong>autem</strong></span> <span class='ocrx_word' id='word_1_522' title='bbox 1202 3457 1401 3514; x_wconf 87' lang='lat' dir='ltr'><strong>anima</strong></span> <span class='ocrx_word' id='word_1_523' title='bbox 1428 3465 1648 3526; x_wconf 91' lang='lat' dir='ltr'><strong>nostra,</strong></span> <span class='ocrx_word' id='word_1_524' title='bbox 1671 3477 1798 3532; x_wconf 70' lang='lat' dir='ltr'><strong>quae</strong></span> <span class='ocrx_word' id='word_1_525' title='bbox 1816 3459 1979 3533; x_wconf 83' lang='lat' dir='ltr'><strong>prius</strong></span> <span class='ocrx_word' id='word_1_526' title='bbox 2088 3463 2261 3520; x_wconf 87' lang='lat' dir='ltr'><strong>fuerit</strong></span> <span class='ocrx_word' id='word_1_527' title='bbox 2284 3464 2481 3520; x_wconf 90' lang='lat' dir='ltr'><strong>anima</strong></span> <span class='ocrx_word' id='word_1_528' title='bbox 2528 3464 2714 3520; x_wconf 88' lang='lat' dir='ltr'><strong>imbre</strong></span> <span class='ocrx_word' id='word_1_529' title='bbox 2771 3463 2990 3519; x_wconf 63' lang='lat' dir='ltr'><strong>caelesti</strong></span> <span class='ocrx_word' id='word_1_530' title='bbox 3046 3467 3104 3518; x_wconf 91' lang='lat' dir='ltr'><strong>et</strong></span> <span class='ocrx_word' id='word_1_531' title='bbox 3161 3463 3420 3520; x_wconf 90' lang='lat' dir='ltr'><strong>dicitur:</strong></span> <span class='ocrx_word' id='word_1_532' title='bbox 3466 3460 3701 3519; x_wconf 70' lang='lat' dir='ltr'><strong>Mandata</strong></span> 
     </span>
    </p>
   </div>
   <div class='ocr_carea' id='block_1_69' title="bbox 338 3542 3701 3625">
    <p class='ocr_par' dir='ltr' id='par_1_69' title="bbox 338 3542 3701 3625">
     <span class='ocr_line' id='line_1_69' title="bbox 338 3542 3701 3625; baseline 0.002 -29"><span class='ocrx_word' id='word_1_533' title='bbox 338 3542 527 3599; x_wconf 84' lang='lat' dir='ltr'><strong>fuerat</strong></span> <span class='ocrx_word' id='word_1_534' title='bbox 554 3550 941 3612; x_wconf 87' lang='lat' dir='ltr'><strong>contracta,ut</strong></span> <span class='ocrx_word' id='word_1_535' title='bbox 969 3547 1155 3618; x_wconf 90' lang='lat' dir='ltr'><strong>possit</strong></span> <span class='ocrx_word' id='word_1_536' title='bbox 1177 3564 1359 3620; x_wconf 89' lang='lat' dir='ltr'><strong>capax</strong></span> <span class='ocrx_word' id='word_1_537' title='bbox 1378 3563 1508 3604; x_wconf 90' lang='lat' dir='ltr'><strong>esse</strong></span> <span class='ocrx_word' id='word_1_538' title='bbox 1528 3548 1825 3620; x_wconf 69' lang='lat' dir='ltr'><strong>sapientiae</strong></span> <span class='ocrx_word' id='word_1_539' title='bbox 1852 3550 1973 3605; x_wconf 91' lang='lat' dir='ltr'><strong>Dei.</strong></span> <span class='ocrx_word' id='word_1_540' title='bbox 2088 3553 2238 3609; x_wconf 76' lang='lat'><strong>796</strong></span> <span class='ocrx_word' id='word_1_541' title='bbox 2274 3554 2510 3609; x_wconf 84' lang='lat' dir='ltr'><strong>nubibus</strong></span> <span class='ocrx_word' id='word_1_542' title='bbox 2538 3570 2607 3609; x_wconf 92' lang='lat' dir='ltr'><strong>ne</strong></span> <span class='ocrx_word' id='word_1_543' title='bbox 2628 3554 2828 3625; x_wconf 86' lang='lat' dir='ltr'><strong>pluant</strong></span> <span class='ocrx_word' id='word_1_544' title='bbox 2846 3569 3013 3624; x_wconf 85' lang='lat' dir='ltr'><strong>super</strong></span> <span class='ocrx_word' id='word_1_545' title='bbox 3041 3568 3163 3608; x_wconf 91' lang='lat' dir='ltr'><strong>eam</strong></span> <span class='ocrx_word' id='word_1_546' title='bbox 3220 3554 3467 3609; x_wconf 81' lang='lat' dir='ltr'><strong>imbrem.</strong></span> <span class='ocrx_word' id='word_1_547' title='bbox 3521 3552 3701 3620; x_wconf 83' lang='lat' dir='ltr'><strong>Itaque</strong></span> 
     </span>
    </p>
   </div>
   <div class='ocr_carea' id='block_1_70' title="bbox 330 3631 3697 3715">
    <p class='ocr_par' dir='ltr' id='par_1_70' title="bbox 330 3631 3697 3715">
     <span class='ocr_line' id='line_1_70' title="bbox 330 3631 3697 3715; baseline 0.001 -29"><span class='ocrx_word' id='word_1_548' title='bbox 330 3631 549 3689; x_wconf 86' lang='lat' dir='ltr'><strong>Verum</strong></span> <span class='ocrx_word' id='word_1_549' title='bbox 581 3638 646 3690; x_wconf 91' lang='lat' dir='ltr'><strong>ut</strong></span> <span class='ocrx_word' id='word_1_550' title='bbox 674 3636 746 3690; x_wconf 90' lang='lat' dir='ltr'><strong>ad</strong></span> <span class='ocrx_word' id='word_1_551' title='bbox 764 3635 1128 3708; x_wconf 90' lang='lat' dir='ltr'><strong>propositum</strong></span> <span class='ocrx_word' id='word_1_552' title='bbox 1142 3642 1520 3704; x_wconf 89' lang='lat' dir='ltr'><strong>revertamur,</strong></span> <span class='ocrx_word' id='word_1_553' title='bbox 1542 3636 1799 3693; x_wconf 85' lang='lat' dir='ltr'><strong>diximus</strong></span> <span class='ocrx_word' id='word_1_554' title='bbox 1821 3640 1973 3710; x_wconf 91' lang='lat' dir='ltr'><strong>quod</strong></span> <span class='ocrx_word' id='word_1_555' title='bbox 2084 3642 2182 3714; x_wconf 79' lang='lat' dir='ltr'><strong>(At.</strong></span> <span class='ocrx_word' id='word_1_556' title='bbox 2214 3643 2316 3715; x_wconf 92' lang='lat' dir='ltr'><strong>Ita)</strong></span> <span class='ocrx_word' id='word_1_557' title='bbox 2349 3643 2758 3714; x_wconf 89' lang='lat' dir='ltr'><strong>unusquisque</strong></span> <span class='ocrx_word' id='word_1_558' title='bbox 2789 3646 3129 3698; x_wconf 88' lang='lat' dir='ltr'><strong>sanctorum</strong></span> <span class='ocrx_word' id='word_1_559' title='bbox 3162 3643 3358 3698; x_wconf 91' lang='lat' dir='ltr'><strong>nubes</strong></span> <span class='ocrx_word' id='word_1_560' title='bbox 3372 3644 3468 3696; x_wconf 89' lang='lat' dir='ltr'><strong>est.</strong></span> <span class='ocrx_word' id='word_1_561' title='bbox 3491 3641 3697 3708; x_wconf 84' lang='lat' dir='ltr'><strong>Moyses</strong></span> 
     </span>
    </p>
   </div>
   <div class='ocr_carea' id='block_1_71' title="bbox 330 3722 3695 3803">
    <p class='ocr_par' dir='ltr' id='par_1_71' title="bbox 330 3722 3695 3803">
     <span class='ocr_line' id='line_1_71' title="bbox 330 3722 3695 3803; baseline 0.001 -26"><span class='ocrx_word' id='word_1_562' title='bbox 330 3722 643 3793; x_wconf 91' lang='lat' dir='ltr'><strong>prudentia</strong></span> <span class='ocrx_word' id='word_1_563' title='bbox 663 3723 733 3796; x_wconf 78' lang='grc' dir='ltr'><strong>(ο)</strong></span> <span class='ocrx_word' id='word_1_564' title='bbox 751 3725 877 3795; x_wconf 90' lang='lat' dir='ltr'><strong>ejus</strong></span> <span class='ocrx_word' id='word_1_565' title='bbox 897 3723 1104 3779; x_wconf 69' lang='lat' dir='ltr'><strong>coelum</strong></span> <span class='ocrx_word' id='word_1_566' title='bbox 1137 3725 1352 3780; x_wconf 83' lang='lat' dir='ltr'><strong>factum</strong></span> <span class='ocrx_word' id='word_1_567' title='bbox 1370 3725 1698 3790; x_wconf 87' lang='lat' dir='ltr'><strong>sit,etnunc</strong></span> <span class='ocrx_word' id='word_1_568' title='bbox 1717 3727 1973 3784; x_wconf 82' lang='lat' dir='ltr'><strong>afﬁrma-</strong></span> <span class='ocrx_word' id='word_1_569' title='bbox 2083 3731 2270 3787; x_wconf 92' lang='lat' dir='ltr'><strong>nubes</strong></span> <span class='ocrx_word' id='word_1_570' title='bbox 2299 3735 2440 3798; x_wconf 88' lang='lat' dir='ltr'><strong>erat,</strong></span> <span class='ocrx_word' id='word_1_571' title='bbox 2471 3735 2529 3787; x_wconf 90' lang='lat' dir='ltr'><strong>et</strong></span> <span class='ocrx_word' id='word_1_572' title='bbox 2554 3730 2722 3803; x_wconf 90' lang='lat' dir='ltr'><strong>quasi</strong></span> <span class='ocrx_word' id='word_1_573' title='bbox 2745 3730 2931 3786; x_wconf 90' lang='lat' dir='ltr'><strong>nubes</strong></span> <span class='ocrx_word' id='word_1_574' title='bbox 2950 3728 3312 3802; x_wconf 90' lang='lat' dir='ltr'><strong>loquebatur</strong></span> <span class='ocrx_word' id='word_1_575' title='bbox 3333 3726 3580 3792; x_wconf 80' lang='lat' dir='ltr'><strong>:Attende,</strong></span> <span class='ocrx_word' id='word_1_576' title='bbox 3600 3740 3695 3779; x_wconf 74' lang='lat' dir='ltr'><strong>cae-</strong></span> 
     </span>
    </p>
   </div>
   <div class='ocr_carea' id='block_1_72' title="bbox 327 3811 3703 3893">
    <p class='ocr_par' dir='ltr' id='par_1_72' title="bbox 327 3811 3703 3893">
     <span class='ocr_line' id='line_1_72' title="bbox 327 3811 3703 3893; baseline 0.001 -28"><span class='ocrx_word' id='word_1_577' title='bbox 327 3825 463 3866; x_wconf 88' lang='lat' dir='ltr'><strong>mus</strong></span> <span class='ocrx_word' id='word_1_578' title='bbox 484 3827 582 3867; x_wconf 91' lang='lat' dir='ltr'><strong>eos</strong></span> <span class='ocrx_word' id='word_1_579' title='bbox 604 3811 702 3882; x_wconf 92' lang='lat' dir='ltr'><strong>qui</strong></span> <span class='ocrx_word' id='word_1_580' title='bbox 717 3813 1009 3868; x_wconf 84' lang='lat' dir='ltr'><strong>coelestem</strong></span> <span class='ocrx_word' id='word_1_581' title='bbox 1036 3811 1336 3868; x_wconf 88' lang='lat' dir='ltr'><strong>hominem</strong></span> <span class='ocrx_word' id='word_1_582' title='bbox 1359 3819 1747 3887; x_wconf 89' lang='lat' dir='ltr'><strong>portant,esse</strong></span> <span class='ocrx_word' id='word_1_583' title='bbox 1763 3816 1841 3886; x_wconf 88' lang='lat' dir='ltr'><strong>(d)</strong></span> <span class='ocrx_word' id='word_1_584' title='bbox 1863 3833 1970 3872; x_wconf 74' lang='grc' dir='ltr'><strong>σω·</strong></span> <span class='ocrx_word' id='word_1_585' title='bbox 2082 3820 2220 3890; x_wconf 88' lang='lat' dir='ltr'><strong>lum,</strong></span> <span class='ocrx_word' id='word_1_586' title='bbox 2250 3825 2303 3876; x_wconf 87' lang='lat' dir='ltr'><strong>et</strong></span> <span class='ocrx_word' id='word_1_587' title='bbox 2346 3821 2559 3893; x_wconf 85' lang='lat' dir='ltr'><strong>loquar,</strong></span> <span class='ocrx_word' id='word_1_588' title='bbox 2590 3828 2642 3875; x_wconf 90' lang='lat' dir='ltr'><strong>et</strong></span> <span class='ocrx_word' id='word_1_589' title='bbox 2668 3819 2860 3875; x_wconf 81' lang='lat' dir='ltr'><strong>audiat</strong></span> <span class='ocrx_word' id='word_1_590' title='bbox 2887 3827 3034 3875; x_wconf 86' lang='lat' dir='ltr'><strong>terra</strong></span> <span class='ocrx_word' id='word_1_591' title='bbox 3064 3835 3344 3876; x_wconf 85' lang='lat' dir='ltr'><strong>sermones</strong></span> <span class='ocrx_word' id='word_1_592' title='bbox 3372 3835 3437 3874; x_wconf 80' lang='lat' dir='ltr'><strong>ex</strong></span> <span class='ocrx_word' id='word_1_593' title='bbox 3470 3830 3550 3872; x_wconf 91' lang='lat' dir='ltr'><strong>ore</strong></span> <span class='ocrx_word' id='word_1_594' title='bbox 3575 3827 3703 3869; x_wconf 81' lang='lat' dir='ltr'><strong>meo.</strong></span> 
     </span>
    </p>
   </div>
   <div class='ocr_carea' id='block_1_73' title="bbox 326 3895 3703 3981">
    <p class='ocr_par' dir='ltr' id='par_1_73' title="bbox 326 3895 3703 3981">
     <span class='ocr_line' id='line_1_73' title="bbox 326 3895 3703 3981; baseline 0.001 -28"><span class='ocrx_word' id='word_1_595' title='bbox 326 3895 436 3954; x_wconf 91' lang='lat' dir='ltr'><strong>los.</strong></span> <span class='ocrx_word' id='word_1_596' title='bbox 469 3899 528 3956; x_wconf 88' lang='lat' dir='ltr'><strong>Si</strong></span> <span class='ocrx_word' id='word_1_597' title='bbox 558 3901 714 3956; x_wconf 90' lang='lat' dir='ltr'><strong>enim</strong></span> <span class='ocrx_word' id='word_1_598' title='bbox 747 3902 818 3957; x_wconf 89' lang='lat' dir='ltr'><strong>ad</strong></span> <span class='ocrx_word' id='word_1_599' title='bbox 843 3906 1170 3973; x_wconf 89' lang='lat' dir='ltr'><strong>peccatores</strong></span> <span class='ocrx_word' id='word_1_600' title='bbox 1198 3902 1444 3959; x_wconf 88' lang='lat' dir='ltr'><strong>dicitur:</strong></span> <span class='ocrx_word' id='word_1_601' title='bbox 1480 3906 1641 3960; x_wconf 74' lang='lat' dir='ltr'><strong>Terra</strong></span> <span class='ocrx_word' id='word_1_602' title='bbox 1662 3906 1808 3974; x_wconf 84' lang='lat' dir='ltr'><strong>estis,</strong></span> <span class='ocrx_word' id='word_1_603' title='bbox 1840 3914 1889 3961; x_wconf 91' lang='lat' dir='ltr'><strong>et</strong></span> <span class='ocrx_word' id='word_1_604' title='bbox 1910 3908 1970 3961; x_wconf 89' lang='lat' dir='ltr'><strong>in</strong></span> <span class='ocrx_word' id='word_1_605' title='bbox 2078 3909 2472 3980; x_wconf 67' lang='lat' dir='ltr'><strong>Exspeetcmtur</strong></span> <span class='ocrx_word' id='word_1_606' title='bbox 2515 3908 2622 3981; x_wconf 88' lang='lat' dir='ltr'><strong>(Al.</strong></span> <span class='ocrx_word' id='word_1_607' title='bbox 2674 3907 2970 3980; x_wconf 72' lang='lat' dir='ltr'><strong>Exspectet)</strong></span> <span class='ocrx_word' id='word_1_608' title='bbox 3025 3913 3086 3962; x_wconf 85' lang='lat' dir='ltr'><strong>ut</strong></span> <span class='ocrx_word' id='word_1_609' title='bbox 3132 3908 3342 3979; x_wconf 88' lang='lat' dir='ltr'><strong>pluvia</strong></span> <span class='ocrx_word' id='word_1_610' title='bbox 3395 3905 3549 3962; x_wconf 84' lang='lat' dir='ltr'><strong>verba</strong></span> <span class='ocrx_word' id='word_1_611' title='bbox 3592 3917 3703 3957; x_wconf 87' lang='lat' dir='ltr'><strong>mea</strong></span> 
     </span>
    </p>
   </div>
   <div class='ocr_carea' id='block_1_74' title="bbox 324 3989 3694 4068">
    <p class='ocr_par' dir='ltr' id='par_1_74' title="bbox 324 3989 3694 4068">
     <span class='ocr_line' id='line_1_74' title="bbox 324 3989 3694 4068; baseline 0 -25"><span class='ocrx_word' id='word_1_612' title='bbox 324 3994 530 4044; x_wconf 85' lang='lat' dir='ltr'><strong>terram</strong></span> <span class='ocrx_word' id='word_1_613' title='bbox 557 3989 730 4055; x_wconf 85' lang='lat' dir='ltr'><strong>ibitis,</strong></span> <span class='ocrx_word' id='word_1_614' title='bbox 765 4007 945 4062; x_wconf 89' lang='lat' dir='ltr'><strong>quare</strong></span> <span class='ocrx_word' id='word_1_615' title='bbox 968 4007 1084 4046; x_wconf 91' lang='lat' dir='ltr'><strong>non</strong></span> <span class='ocrx_word' id='word_1_616' title='bbox 1113 3991 1424 4047; x_wconf 88' lang='lat' dir='ltr'><strong>dicaturad</strong></span> <span class='ocrx_word' id='word_1_617' title='bbox 1437 3992 1668 4064; x_wconf 89' lang='lat' dir='ltr'><strong>justum</strong></span> <span class='ocrx_word' id='word_1_618' title='bbox 1692 3994 1863 4064; x_wconf 91' lang='lat' dir='ltr'><strong>cujus</strong></span> <span class='ocrx_word' id='word_1_619' title='bbox 1880 3999 1970 4050; x_wconf 91' lang='lat' dir='ltr'><strong>est</strong></span> <span class='ocrx_word' id='word_1_620' title='bbox 2078 3997 2259 4067; x_wconf 84' lang='lat' dir='ltr'><strong>(Deut.</strong></span> <span class='ocrx_word' id='word_1_621' title='bbox 2290 3998 2486 4068; x_wconf 84' lang='lat' dir='ltr'><strong>xxxn).</strong></span> <span class='ocrx_word' id='word_1_622' title='bbox 2521 3997 2581 4052; x_wconf 87' lang='lat' dir='ltr'><strong>Si</strong></span> <span class='ocrx_word' id='word_1_623' title='bbox 2614 4014 2729 4053; x_wconf 90' lang='lat' dir='ltr'><strong>non</strong></span> <span class='ocrx_word' id='word_1_624' title='bbox 2754 3996 2961 4053; x_wconf 88' lang='lat' dir='ltr'><strong>fuisset</strong></span> <span class='ocrx_word' id='word_1_625' title='bbox 2997 3996 3185 4051; x_wconf 90' lang='lat' dir='ltr'><strong>nubes</strong></span> <span class='ocrx_word' id='word_1_626' title='bbox 3238 4009 3558 4068; x_wconf 88' lang='lat' dir='ltr'><strong>numquam</strong></span> <span class='ocrx_word' id='word_1_627' title='bbox 3611 3989 3694 4045; x_wconf 87' lang='lat' dir='ltr'><strong>di-</strong></span> 
     </span>
    </p>
   </div>
   <div class='ocr_carea' id='block_1_75' title="bbox 323 4078 3702 4157">
    <p class='ocr_par' dir='ltr' id='par_1_75' title="bbox 323 4078 3702 4157">
     <span class='ocr_line' id='line_1_75' title="bbox 323 4078 3702 4157; baseline 0.001 -24"><span class='ocrx_word' id='word_1_628' title='bbox 323 4094 572 4151; x_wconf 86' lang='lat' dir='ltr'><strong>regnum</strong></span> <span class='ocrx_word' id='word_1_629' title='bbox 602 4078 904 4147; x_wconf 79' lang='lat' dir='ltr'><strong>ccalorum,</strong></span> <span class='ocrx_word' id='word_1_630' title='bbox 937 4078 1154 4135; x_wconf 74' lang='lat' dir='ltr'><strong>Caelum</strong></span> <span class='ocrx_word' id='word_1_631' title='bbox 1199 4096 1283 4146; x_wconf 87' lang='lat' dir='ltr'><strong>es,</strong></span> <span class='ocrx_word' id='word_1_632' title='bbox 1315 4085 1372 4135; x_wconf 90' lang='lat' dir='ltr'><strong>et</strong></span> <span class='ocrx_word' id='word_1_633' title='bbox 1428 4080 1489 4135; x_wconf 90' lang='lat' dir='ltr'><strong>in</strong></span> <span class='ocrx_word' id='word_1_634' title='bbox 1545 4081 1753 4137; x_wconf 80' lang='lat' dir='ltr'><strong>coelum</strong></span> <span class='ocrx_word' id='word_1_635' title='bbox 1808 4082 1969 4139; x_wconf 79' lang='lat' dir='ltr'><strong>ibis?</strong></span> <span class='ocrx_word' id='word_1_636' title='bbox 2075 4084 2292 4140; x_wconf 83' lang='lat' dir='ltr'><strong>xisset:</strong></span> <span class='ocrx_word' id='word_1_637' title='bbox 2324 4087 2714 4156; x_wconf 72' lang='lat' dir='ltr'><strong>Exspectentur</strong></span> <span class='ocrx_word' id='word_1_638' title='bbox 2739 4089 2799 4140; x_wconf 87' lang='lat' dir='ltr'><strong>ut</strong></span> <span class='ocrx_word' id='word_1_639' title='bbox 2821 4085 3012 4157; x_wconf 87' lang='lat' dir='ltr'><strong>pluvia</strong></span> <span class='ocrx_word' id='word_1_640' title='bbox 3040 4083 3208 4139; x_wconf 87' lang='lat' dir='ltr'><strong>verba</strong></span> <span class='ocrx_word' id='word_1_641' title='bbox 3232 4101 3381 4152; x_wconf 85' lang='lat' dir='ltr'><strong>mea,</strong></span> <span class='ocrx_word' id='word_1_642' title='bbox 3409 4092 3461 4139; x_wconf 89' lang='lat' dir='ltr'><strong>et</strong></span> <span class='ocrx_word' id='word_1_643' title='bbox 3504 4082 3702 4137; x_wconf 83' lang='lat' dir='ltr'><strong>descen-</strong></span> 
     </span>
    </p>
   </div>
   <div class='ocr_carea' id='block_1_76' title="bbox 323 4167 3703 4245">
    <p class='ocr_par' dir='ltr' id='par_1_76' title="bbox 323 4167 3703 4245">
     <span class='ocr_line' id='line_1_76' title="bbox 323 4167 3703 4245; baseline 0 -22"><span class='ocrx_word' id='word_1_644' title='bbox 323 4168 395 4240; x_wconf 92' lang='lat' dir='ltr'><strong>(e)</strong></span> <span class='ocrx_word' id='word_1_645' title='bbox 408 4169 522 4223; x_wconf 89' lang='lat' dir='ltr'><strong>Aut</strong></span> <span class='ocrx_word' id='word_1_646' title='bbox 536 4168 590 4245; x_wconf 78' lang='lat' dir='ltr'><strong>si</strong></span> <span class='ocrx_word' id='word_1_647' title='bbox 609 4167 1122 4241; x_wconf 89' lang='lat' dir='ltr'><strong>propterchoicum</strong></span> <span class='ocrx_word' id='word_1_648' title='bbox 1144 4168 1535 4241; x_wconf 91' lang='lat' dir='ltr'><strong>dicitureiqui</strong></span> <span class='ocrx_word' id='word_1_649' title='bbox 1555 4170 1967 4243; x_wconf 88' lang='lat' dir='ltr'><strong>portatimagi-</strong></span> <span class='ocrx_word' id='word_1_650' title='bbox 2074 4173 2207 4228; x_wconf 88' lang='lat' dir='ltr'><strong>dant</strong></span> <span class='ocrx_word' id='word_1_651' title='bbox 2236 4176 2294 4228; x_wconf 91' lang='lat' dir='ltr'><strong>ut</strong></span> <span class='ocrx_word' id='word_1_652' title='bbox 2318 4188 2406 4228; x_wconf 88' lang='lat' dir='ltr'><strong>ros</strong></span> <span class='ocrx_word' id='word_1_653' title='bbox 2436 4175 2652 4244; x_wconf 88' lang='lat' dir='ltr'><strong>eloquia</strong></span> <span class='ocrx_word' id='word_1_654' title='bbox 2680 4190 2822 4229; x_wconf 88' lang='lat' dir='ltr'><strong>mea.</strong></span> <span class='ocrx_word' id='word_1_655' title='bbox 2854 4172 3030 4240; x_wconf 87' lang='lat' dir='ltr'><strong>Quasi</strong></span> <span class='ocrx_word' id='word_1_656' title='bbox 3075 4172 3266 4229; x_wconf 91' lang='lat' dir='ltr'><strong>nubes</strong></span> <span class='ocrx_word' id='word_1_657' title='bbox 3323 4171 3552 4228; x_wconf 87' lang='lat' dir='ltr'><strong>dicebat</strong></span> <span class='ocrx_word' id='word_1_658' title='bbox 3577 4186 3589 4224; x_wconf 92' lang='lat'>:</span> <span class='ocrx_word' id='word_1_659' title='bbox 3648 4167 3703 4224; x_wconf 84' lang='lat' dir='ltr'><strong>Ut</strong></span> 
     </span>
    </p>
   </div>
   <div class='ocr_carea' id='block_1_77' title="bbox 322 4256 3707 4334">
    <p class='ocr_par' dir='ltr' id='par_1_77' title="bbox 322 4256 3707 4334">
     <span class='ocr_line' id='line_1_77' title="bbox 322 4256 3707 4334; baseline -0.001 -22"><span class='ocrx_word' id='word_1_660' title='bbox 322 4272 458 4313; x_wconf 89' lang='lat' dir='ltr'><strong>nem</strong></span> <span class='ocrx_word' id='word_1_661' title='bbox 491 4256 697 4329; x_wconf 84' lang='lat' dir='ltr'><strong>choici,</strong></span> <span class='ocrx_word' id='word_1_662' title='bbox 734 4259 770 4312; x_wconf 90' lang='lat'><strong>7</strong></span> <span class='ocrx_word' id='word_1_663' title='bbox 781 4257 885 4312; x_wconf 77' lang='lat'><strong>96</strong></span> <span class='ocrx_word' id='word_1_664' title='bbox 918 4256 976 4311; x_wconf 91' lang='lat' dir='ltr'><strong>id</strong></span> <span class='ocrx_word' id='word_1_665' title='bbox 1004 4261 1093 4312; x_wconf 89' lang='lat' dir='ltr'><strong>est</strong></span> <span class='ocrx_word' id='word_1_666' title='bbox 1121 4257 1374 4325; x_wconf 86' lang='lat' dir='ltr'><strong>terreni;</strong></span> <span class='ocrx_word' id='word_1_667' title='bbox 1404 4259 1566 4313; x_wconf 87' lang='lat' dir='ltr'><strong>Terra</strong></span> <span class='ocrx_word' id='word_1_668' title='bbox 1589 4274 1663 4325; x_wconf 90' lang='lat' dir='ltr'><strong>es,</strong></span> <span class='ocrx_word' id='word_1_669' title='bbox 1694 4262 1745 4312; x_wconf 88' lang='lat' dir='ltr'><strong>ct</strong></span> <span class='ocrx_word' id='word_1_670' title='bbox 1775 4260 1834 4314; x_wconf 90' lang='lat' dir='ltr'><strong>in</strong></span> <span class='ocrx_word' id='word_1_671' title='bbox 1856 4263 1965 4315; x_wconf 88' lang='lat' dir='ltr'><strong>ter-</strong></span> <span class='ocrx_word' id='word_1_672' title='bbox 2074 4261 2276 4316; x_wconf 86' lang='lat' dir='ltr'><strong>imbres</strong></span> <span class='ocrx_word' id='word_1_673' title='bbox 2312 4276 2476 4331; x_wconf 82' lang='lat' dir='ltr'><strong>super</strong></span> <span class='ocrx_word' id='word_1_674' title='bbox 2519 4277 2769 4331; x_wconf 90' lang='lat' dir='ltr'><strong>gramen,</strong></span> <span class='ocrx_word' id='word_1_675' title='bbox 2798 4269 2860 4318; x_wconf 89' lang='lat' dir='ltr'><strong>ut</strong></span> <span class='ocrx_word' id='word_1_676' title='bbox 2872 4262 3084 4334; x_wconf 83' lang='lat' dir='ltr'><strong>pruina</strong></span> <span class='ocrx_word' id='word_1_677' title='bbox 3137 4259 3257 4333; x_wconf 89' lang='lat' dir='ltr'><strong>(Al.</strong></span> <span class='ocrx_word' id='word_1_678' title='bbox 3312 4261 3505 4333; x_wconf 83' lang='lat' dir='ltr'><strong>pluvia</strong></span> <span class='ocrx_word' id='word_1_679' title='bbox 3556 4271 3707 4329; x_wconf 82' lang='lat' dir='ltr'><strong>super</strong></span> 
     </span>
    </p>
   </div>
   <div class='ocr_carea' id='block_1_78' title="bbox 321 4361 3704 4437">
    <p class='ocr_par' dir='ltr' id='par_1_78' title="bbox 321 4361 3704 4437">
     <span class='ocr_line' id='line_1_78' title="bbox 321 4361 3704 4437; baseline 0 -19"><span class='ocrx_word' id='word_1_680' title='bbox 321 4379 512 4437; x_wconf 80' lang='lat' dir='ltr'><strong>neque</strong></span> <span class='ocrx_word' id='word_1_681' title='bbox 540 4362 839 4437; x_wconf 58' lang='lat' dir='ltr'><strong>origenes,</strong></span> <span class='ocrx_word' id='word_1_682' title='bbox 863 4361 1355 4437; x_wconf 73' lang='lat' dir='ltr'><strong>n_eque_Hie_ro_n._j</strong></span> <span class='ocrx_word' id='word_1_683' title='bbox 1368 4367 1502 4437; x_wconf 28' lang='lat' dir='ltr'><strong>u‘xta</strong></span> <span class='ocrx_word' id='word_1_684' title='bbox 1533 4363 1827 4437; x_wconf 85' lang='lat' dir='ltr'><strong>puriorem</strong></span> <span class='ocrx_word' id='word_1_685' title='bbox 1853 4365 1963 4421; x_wconf 79' lang='lat' dir='ltr'><strong>Ra-</strong></span> <span class='ocrx_word' id='word_1_686' title='bbox 2070 4370 2279 4437; x_wconf 76' lang='lat' dir='ltr'><strong>factum</strong></span> <span class='ocrx_word' id='word_1_687' title='bbox 2305 4367 2401 4421; x_wconf 85' lang='lat' dir='ltr'><strong>sit.</strong></span> <span class='ocrx_word' id='word_1_688' title='bbox 2424 4367 2609 4422; x_wconf 82' lang='lat' dir='ltr'><strong>Evicit</strong></span> <span class='ocrx_word' id='word_1_689' title='bbox 2637 4379 2833 4423; x_wconf 88' lang='lat' dir='ltr'><strong>autem</strong></span> <span class='ocrx_word' id='word_1_690' title='bbox 2863 4365 2947 4422; x_wconf 90' lang='lat' dir='ltr'><strong>ita</strong></span> <span class='ocrx_word' id='word_1_691' title='bbox 2966 4365 3415 4422; x_wconf 86' lang='lat' dir='ltr'><strong>rescribendum</strong></span> <span class='ocrx_word' id='word_1_692' title='bbox 3439 4380 3568 4422; x_wconf 91' lang='lat' dir='ltr'><strong>cum</strong></span> <span class='ocrx_word' id='word_1_693' title='bbox 3590 4377 3704 4419; x_wconf 85' lang='lat' dir='ltr'><strong>ora-</strong></span> 
     </span>
    </p>
   </div>
   <div class='ocr_carea' id='block_1_79' title="bbox 321 4432 3705 4511">
    <p class='ocr_par' dir='ltr' id='par_1_79' title="bbox 321 4432 3705 4511">
     <span class='ocr_line' id='line_1_79' title="bbox 321 4432 3705 4511; baseline -0 -23"><span class='ocrx_word' id='word_1_694' title='bbox 321 4432 456 4511; x_wconf 71' lang='lat' dir='ltr'><strong>bani</strong></span> <span class='ocrx_word' id='word_1_695' title='bbox 488 4432 795 4511; x_wconf 59' lang='lat' dir='ltr'><strong>lectio&#39;nem</strong></span> <span class='ocrx_word' id='word_1_696' title='bbox 818 4432 1014 4511; x_wconf 67' lang='lat' dir='ltr'><strong>habet.</strong></span> <span class='ocrx_word' id='word_1_697' title='bbox 1046 4432 1191 4498; x_wconf 90' lang='lat' dir='ltr'><strong>Quid</strong></span> <span class='ocrx_word' id='word_1_698' title='bbox 1224 4432 1563 4490; x_wconf 78' lang='lat' dir='ltr'><strong>sithabitata</strong></span> <span class='ocrx_word' id='word_1_699' title='bbox 1580 4439 1772 4490; x_wconf 88' lang='lat' dir='ltr'><strong>nostra</strong></span> <span class='ocrx_word' id='word_1_700' title='bbox 1791 4436 1964 4506; x_wconf 84' lang='lat' dir='ltr'><strong>juxta</strong></span> <span class='ocrx_word' id='word_1_701' title='bbox 2070 4432 2247 4511; x_wconf 72' lang='lat' dir='ltr'><strong>tionis</strong></span> <span class='ocrx_word' id='word_1_702' title='bbox 2275 4437 2487 4511; x_wconf 63' lang='lat' dir='ltr'><strong>series,</strong></span> <span class='ocrx_word' id='word_1_703' title='bbox 2507 4443 2635 4493; x_wconf 91' lang='lat' dir='ltr'><strong>tum</strong></span> <span class='ocrx_word' id='word_1_704' title='bbox 2653 4438 2942 4511; x_wconf 66' lang='lat' dir='ltr'><strong>praecipue</strong></span> <span class='ocrx_word' id='word_1_705' title='bbox 2954 4437 3197 4511; x_wconf 53' lang='lat' dir='ltr'><strong>Caecus</strong></span> <span class='ocrx_word' id='word_1_706' title='bbox 3215 4437 3488 4511; x_wconf 77' lang='lat' dir='ltr'><strong>origenis</strong></span> <span class='ocrx_word' id='word_1_707' title='bbox 3513 4438 3705 4511; x_wconf 72' lang='lat' dir='ltr'><strong>textus,</strong></span> 
     </span>
    </p>
   </div>
   <div class='ocr_carea' id='block_1_80' title="bbox 321 4504 1972 4624">
    <p class='ocr_par' dir='ltr' id='par_1_80' title="bbox 321 4504 1943 4624">
     <span class='ocr_line' id='line_1_80' title="bbox 321 4504 1812 4577; baseline -0.001 -16"><span class='ocrx_word' id='word_1_708' title='bbox 321 4504 590 4577; x_wconf 86' lang='lat' dir='ltr'><strong>Origenis</strong></span> <span class='ocrx_word' id='word_1_709' title='bbox 623 4522 866 4561; x_wconf 84' lang='lat' dir='ltr'><strong>sensum</strong></span> <span class='ocrx_word' id='word_1_710' title='bbox 898 4504 1178 4559; x_wconf 86' lang='lat' dir='ltr'><strong>diximus.</strong></span> <span class='ocrx_word' id='word_1_711' title='bbox 1795 4504 1812 4506; x_wconf 69' lang='grc'><strong><em>“</em></strong></span> 
     </span>
     <span class='ocr_line' id='line_1_81' title="bbox 389 4575 1943 4624; baseline 0 0"><span class='ocrx_word' id='word_1_712' title='bbox 389 4576 473 4624; x_wconf 76' lang='lat'><strong>(0.)</strong></span> <span class='ocrx_word' id='word_1_713' title='bbox 498 4577 729 4624; x_wconf 74' lang='lat' dir='ltr'><strong>Rantius</strong></span> <span class='ocrx_word' id='word_1_714' title='bbox 753 4591 928 4624; x_wconf 70' lang='lat' dir='ltr'><strong>nanos</strong></span> <span class='ocrx_word' id='word_1_715' title='bbox 959 4576 1177 4624; x_wconf 63' lang='lat' dir='ltr'><strong>Haben-</strong></span> <span class='ocrx_word' id='word_1_716' title='bbox 1206 4575 1421 4624; x_wconf 83' lang='lat' dir='ltr'><strong>auando</strong></span> <span class='ocrx_word' id='word_1_717' title='bbox 1440 4577 1717 4624; x_wconf 74' lang='lat' dir='ltr'><strong>sapientia</strong></span> <span class='ocrx_word' id='word_1_718' title='bbox 1732 4576 1943 4624; x_wconf 72' lang='lat' dir='ltr'><strong>dicitur</strong></span> 
     </span>
    </p>
   </div>
   <div class='ocr_carea' id='block_1_81' title="bbox 2085 4504 3705 4624">
    <p class='ocr_par' dir='ltr' id='par_1_81' title="bbox 2085 4504 3705 4624">
     <span class='ocr_line' id='line_1_82' title="bbox 2085 4504 3699 4591; baseline -0.002 -31"><span class='ocrx_word' id='word_1_719' title='bbox 2085 4504 2335 4582; x_wconf 67' lang='grc' dir='ltr'><strong>ἐλέγομεν</strong></span> <span class='ocrx_word' id='word_1_720' title='bbox 2367 4504 2491 4583; x_wconf 68' lang='lat' dir='ltr'><strong>napi</strong></span> <span class='ocrx_word' id='word_1_721' title='bbox 2520 4512 2618 4563; x_wconf 76' lang='grc' dir='ltr'><strong>τοῦ</strong></span> <span class='ocrx_word' id='word_1_722' title='bbox 2646 4504 2735 4563; x_wconf 71' lang='grc' dir='ltr'>’ἱόν</span> <span class='ocrx_word' id='word_1_723' title='bbox 2769 4504 2995 4583; x_wconf 59' lang='grc' dir='ltr'>ούρανόν</span> <span class='ocrx_word' id='word_1_724' title='bbox 3027 4508 3079 4562; x_wconf 78' lang='grc' dir='ltr'>ἐν</span> <span class='ocrx_word' id='word_1_725' title='bbox 3113 4504 3381 4591; x_wconf 67' lang='grc' dir='ltr'>φρονήσέι</span> <span class='ocrx_word' id='word_1_726' title='bbox 3408 4505 3699 4591; x_wconf 65' lang='grc' dir='ltr'><strong>χεγονὲναι.</strong></span> 
     </span>
     <span class='ocr_line' id='line_1_83' title="bbox 2149 4571 3705 4624; baseline 0 0"><span class='ocrx_word' id='word_1_727' title='bbox 2149 4580 2228 4624; x_wconf 72' lang='lat' dir='ltr'><strong>(Il)</strong></span> <span class='ocrx_word' id='word_1_728' title='bbox 2262 4582 2338 4624; x_wconf 71' lang='lat' dir='ltr'><strong>[tn</strong></span> <span class='ocrx_word' id='word_1_729' title='bbox 2394 4581 2668 4624; x_wconf 70' lang='lat' dir='ltr'><strong>Rnhnnnn</strong></span> <span class='ocrx_word' id='word_1_730' title='bbox 2725 4582 2864 4624; x_wconf 85' lang='lat' dir='ltr'><strong>nnin</strong></span> <span class='ocrx_word' id='word_1_731' title='bbox 2902 4582 3028 4624; x_wconf 69' lang='lat' dir='ltr'><strong>imm</strong></span> <span class='ocrx_word' id='word_1_732' title='bbox 3092 4588 3270 4624; x_wconf 70' lang='lat' dir='ltr'><strong>etiam</strong></span> <span class='ocrx_word' id='word_1_733' title='bbox 3324 4585 3601 4624; x_wconf 69' lang='lat' dir='ltr'><strong>“mtronas</strong></span> <span class='ocrx_word' id='word_1_734' title='bbox 3625 4571 3705 4624; x_wconf 74' lang='lat' dir='ltr'><strong>mi</strong></span> 
     </span>
    </p>
   </div>
   <div class='ocr_carea' id='block_1_82' title="bbox 318 4575 1972 4723">
    <p class='ocr_par' dir='ltr' id='par_1_82' title="bbox 318 4575 1965 4723">
     <span class='ocr_line' id='line_1_84' title="bbox 389 4575 1961 4702; baseline -0.001 -70"><span class='ocrx_word' id='word_1_735' title='bbox 389 4575 473 4659; x_wconf 74' lang='lat' dir='ltr'><strong>(ei)</strong></span> <span class='ocrx_word' id='word_1_736' title='bbox 498 4577 729 4632; x_wconf 80' lang='lat' dir='ltr'><strong>Rectius</strong></span> <span class='ocrx_word' id='word_1_737' title='bbox 730 4591 928 4702; x_wconf 50' lang='lat' dir='ltr'><strong>(penes</strong></span> <span class='ocrx_word' id='word_1_738' title='bbox 958 4576 1177 4642; x_wconf 75' lang='lat' dir='ltr'><strong>Haben,</strong></span> <span class='ocrx_word' id='word_1_739' title='bbox 1206 4575 1421 4646; x_wconf 87' lang='lat' dir='ltr'><strong>quando</strong></span> <span class='ocrx_word' id='word_1_740' title='bbox 1440 4577 1717 4648; x_wconf 85' lang='lat' dir='ltr'><strong>sapientia</strong></span> <span class='ocrx_word' id='word_1_741' title='bbox 1732 4576 1961 4649; x_wconf 81' lang='lat' dir='ltr'><strong>dicitur,</strong></span> 
     </span>
     <span class='ocr_line' id='line_1_85' title="bbox 318 4646 1965 4723; baseline 0.001 -19"><span class='ocrx_word' id='word_1_742' title='bbox 318 4646 634 4723; x_wconf 62' lang='lat' dir='ltr'><strong>disezplinis</strong></span> <span class='ocrx_word' id='word_1_743' title='bbox 664 4657 713 4704; x_wconf 91' lang='lat' dir='ltr'><strong>te</strong></span> <span class='ocrx_word' id='word_1_744' title='bbox 767 4649 1047 4723; x_wconf 70' lang='lat' dir='ltr'><strong>ivinarum</strong></span> <span class='ocrx_word' id='word_1_745' title='bbox 1078 4648 1570 4723; x_wconf 73' lang='lat' dir='ltr'><strong>humanarumque</strong></span> <span class='ocrx_word' id='word_1_746' title='bbox 1590 4664 1785 4723; x_wconf 81' lang='lat' dir='ltr'><strong>rerum</strong></span> <span class='ocrx_word' id='word_1_747' title='bbox 1807 4651 1965 4723; x_wconf 81' lang='lat' dir='ltr'><strong>insti-</strong></span> 
     </span>
    </p>
   </div>
   <div class='ocr_carea' id='block_1_83' title="bbox 2085 4575 3700 4723">
    <p class='ocr_par' dir='ltr' id='par_1_83' title="bbox 2085 4575 3700 4723">
     <span class='ocr_line' id='line_1_86' title="bbox 2149 4575 3700 4704; baseline -0.005 -69"><span class='ocrx_word' id='word_1_748' title='bbox 2149 4575 2344 4704; x_wconf 42' lang='lat' dir='ltr'><strong>(dg&#39;lta</strong></span> <span class='ocrx_word' id='word_1_749' title='bbox 2394 4575 2692 4639; x_wconf 66' lang='lat' dir='ltr'><strong>R&#39;abanus.</strong></span> <span class='ocrx_word' id='word_1_750' title='bbox 2725 4575 2867 4651; x_wconf 81' lang='lat' dir='ltr'><strong>quin</strong></span> <span class='ocrx_word' id='word_1_751' title='bbox 2902 4582 3028 4652; x_wconf 90' lang='lat' dir='ltr'><strong>ipse</strong></span> <span class='ocrx_word' id='word_1_752' title='bbox 3092 4575 3288 4635; x_wconf 76' lang='lat' dir='ltr'><strong>etiam</strong></span> <span class='ocrx_word' id='word_1_753' title='bbox 3324 4575 3601 4652; x_wconf 76' lang='lat' dir='ltr'><strong>Origenes</strong></span> <span class='ocrx_word' id='word_1_754' title='bbox 3625 4575 3700 4628; x_wconf 70' lang='lat' dir='ltr'><strong>ml</strong></span> 
     </span>
     <span class='ocr_line' id='line_1_87' title="bbox 2085 4649 3700 4723; baseline -0.002 -21"><span class='ocrx_word' id='word_1_755' title='bbox 2085 4650 2205 4723; x_wconf 72' lang='grc' dir='ltr'><strong>χύτο</strong></span> <span class='ocrx_word' id='word_1_756' title='bbox 2260 4650 2389 4705; x_wconf 70' lang='grc' dir='ltr'>εἰσιν</span> <span class='ocrx_word' id='word_1_757' title='bbox 2423 4649 2668 4723; x_wconf 75' lang='grc' dir='ltr'><strong>οὐρανός,</strong></span> <span class='ocrx_word' id='word_1_758' title='bbox 2705 4652 2870 4707; x_wconf 85' lang='lat' dir='ltr'><strong>Falso</strong></span> <span class='ocrx_word' id='word_1_759' title='bbox 2904 4657 3072 4707; x_wconf 81' lang='lat' dir='ltr'><strong>antea</strong></span> <span class='ocrx_word' id='word_1_760' title='bbox 3102 4650 3430 4723; x_wconf 83' lang='lat' dir='ltr'><strong>legebatur,</strong></span> <span class='ocrx_word' id='word_1_761' title='bbox 3460 4650 3700 4723; x_wconf 72' lang='lat' dir='ltr'><strong>cwlestes.</strong></span> 
     </span>
    </p>
   </div>
   <div class='ocr_carea' id='block_1_84' title="bbox 317 4715 1972 4795">
    <p class='ocr_par' dir='ltr' id='par_1_84' title="bbox 317 4715 1961 4795">
     <span class='ocr_line' id='line_1_88' title="bbox 317 4715 1961 4795; baseline 0 -22"><span class='ocrx_word' id='word_1_762' title='bbox 317 4715 674 4795; x_wconf 48' lang='grc' dir='ltr'><strong>ξαίιεξβι-ωοθ</strong></span> <span class='ocrx_word' id='word_1_763' title='bbox 690 4722 819 4795; x_wconf 53' lang='lat' dir='ltr'><strong>est;</strong></span> <span class='ocrx_word' id='word_1_764' title='bbox 845 4715 934 4795; x_wconf 61' lang='grc' dir='ltr'><strong>ᾃτε</strong></span> <span class='ocrx_word' id='word_1_765' title='bbox 967 4716 1061 4795; x_wconf 63' lang='grc' dir='ltr'><strong>μέγ</strong></span> <span class='ocrx_word' id='word_1_766' title='bbox 1094 4716 1208 4795; x_wconf 63' lang='grc' dir='ltr'><strong>γεῖιρ⁸</strong></span> <span class='ocrx_word' id='word_1_767' title='bbox 1238 4716 1448 4795; x_wconf 55' lang='lat' dir='ltr'><strong>coeptant,</strong></span> <span class='ocrx_word' id='word_1_768' title='bbox 1469 4715 1483 4719; x_wconf 74' lang='grc'><em>’</em></span> <span class='ocrx_word' id='word_1_769' title='bbox 1505 4719 1622 4795; x_wconf 61' lang='grc' dir='ltr'><strong>τήν⁸</strong></span> <span class='ocrx_word' id='word_1_770' title='bbox 1656 4717 1844 4795; x_wconf 57' lang='grc' dir='ltr'><strong>ἑπισῖή</strong></span> <span class='ocrx_word' id='word_1_771' title='bbox 1857 4740 1961 4791; x_wconf 82' lang='grc' dir='ltr'>μην</span> 
     </span>
    </p>
   </div>
   <div class='ocr_carea' id='block_1_85' title="bbox 2085 4715 3705 4795">
    <p class='ocr_par' dir='ltr' id='par_1_85' title="bbox 2146 4715 3705 4795">
     <span class='ocr_line' id='line_1_89' title="bbox 2146 4715 3705 4795; baseline -0.004 -17"><span class='ocrx_word' id='word_1_772' title='bbox 2146 4722 2216 4795; x_wconf 85' lang='lat' dir='ltr'><strong>(e)</strong></span> <span class='ocrx_word' id='word_1_773' title='bbox 2240 4723 2442 4795; x_wconf 72' lang='lat' dir='ltr'><strong>Isthmo</strong></span> <span class='ocrx_word' id='word_1_774' title='bbox 2462 4715 2765 4795; x_wconf 75' lang='lat' dir='ltr'><strong>verba,aut</strong></span> <span class='ocrx_word' id='word_1_775' title='bbox 2783 4725 2833 4778; x_wconf 87' lang='lat' dir='ltr'><strong>si</strong></span> <span class='ocrx_word' id='word_1_776' title='bbox 2848 4732 3070 4795; x_wconf 85' lang='lat' dir='ltr'><strong>propter</strong></span> <span class='ocrx_word' id='word_1_777' title='bbox 3085 4715 3494 4795; x_wconf 67' lang='lat' dir='ltr'><strong>cltoicum,qum</strong></span> <span class='ocrx_word' id='word_1_778' title='bbox 3518 4723 3573 4775; x_wconf 90' lang='lat' dir='ltr'><strong>in</strong></span> <span class='ocrx_word' id='word_1_779' title='bbox 3593 4715 3705 4775; x_wconf 89' lang='lat' dir='ltr'><strong>vul-</strong></span> 
     </span>
    </p>
   </div>
   <div class='ocr_carea' id='block_1_86' title="bbox 318 4783 1972 4864">
    <p class='ocr_par' dir='ltr' id='par_1_86' title="bbox 318 4783 1960 4864">
     <span class='ocr_line' id='line_1_90' title="bbox 318 4783 1960 4864; baseline 0.003 -22"><span class='ocrx_word' id='word_1_780' title='bbox 318 4783 617 4864; x_wconf 62' lang='grc' dir='ltr'>λαμϐἅενεις</span> <span class='ocrx_word' id='word_1_781' title='bbox 647 4793 752 4843; x_wconf 82' lang='grc' dir='ltr'><strong>τῶν</strong></span> <span class='ocrx_word' id='word_1_782' title='bbox 784 4788 940 4864; x_wconf 76' lang='grc' dir='ltr'><strong>Οεὶων</strong></span> <span class='ocrx_word' id='word_1_783' title='bbox 968 4783 1083 4864; x_wconf 56' lang='lat' dir='ltr'><strong>:xal</strong></span> <span class='ocrx_word' id='word_1_784' title='bbox 1108 4783 1505 4864; x_wconf 52' lang='lat' dir='ltr'><strong>&#39;e’tvOpwi&#39;tivaiv,</strong></span> <span class='ocrx_word' id='word_1_785' title='bbox 1554 4783 1626 4864; x_wconf 66' lang='lat' dir='ltr'><strong>ad</strong></span> <span class='ocrx_word' id='word_1_786' title='bbox 1685 4783 1960 4848; x_wconf 63' lang='lat' dir='ltr'><strong>verbum:</strong></span> 
     </span>
    </p>
   </div>
   <div class='ocr_carea' id='block_1_87' title="bbox 2085 4783 3706 4864">
    <p class='ocr_par' dir='ltr' id='par_1_87' title="bbox 2085 4783 3706 4864">
     <span class='ocr_line' id='line_1_91' title="bbox 2085 4783 3706 4864; baseline -0.001 -16"><span class='ocrx_word' id='word_1_787' title='bbox 2085 4783 2224 4863; x_wconf 73' lang='lat' dir='ltr'><strong>gatis</strong></span> <span class='ocrx_word' id='word_1_788' title='bbox 2255 4794 2536 4849; x_wconf 70' lang='lat' dir='ltr'><strong>hactenus</strong></span> <span class='ocrx_word' id='word_1_789' title='bbox 2568 4783 2827 4864; x_wconf 85' lang='lat' dir='ltr'><strong>deerant,</strong></span> <span class='ocrx_word' id='word_1_790' title='bbox 2848 4783 2924 4850; x_wconf 74' lang='lat' dir='ltr'><strong>ex</strong></span> <span class='ocrx_word' id='word_1_791' title='bbox 2948 4783 3190 4849; x_wconf 60' lang='lat' dir='ltr'><strong>Rabano</strong></span> <span class='ocrx_word' id='word_1_792' title='bbox 3221 4783 3591 4864; x_wconf 56' lang='lat' dir='ltr'><strong>sufﬁecimus,</strong></span> <span class='ocrx_word' id='word_1_793' title='bbox 3621 4804 3706 4864; x_wconf 77' lang='lat' dir='ltr'><strong>cq-</strong></span> 
     </span>
    </p>
   </div>
   <div class='ocr_carea' id='block_1_88' title="bbox 319 4856 3705 4937">
    <p class='ocr_par' dir='ltr' id='par_1_88' title="bbox 319 4856 3705 4937">
     <span class='ocr_line' id='line_1_92' title="bbox 319 4856 3705 4937; baseline -0.001 -21"><span class='ocrx_word' id='word_1_794' title='bbox 319 4856 541 4937; x_wconf 76' lang='lat' dir='ltr'><strong>Quando</strong></span> <span class='ocrx_word' id='word_1_795' title='bbox 564 4863 916 4933; x_wconf 81' lang='lat' dir='ltr'><strong>sapientiam,</strong></span> <span class='ocrx_word' id='word_1_796' title='bbox 946 4856 1300 4932; x_wconf 84' lang='lat' dir='ltr'><strong>disciplinam</strong></span> <span class='ocrx_word' id='word_1_797' title='bbox 1328 4856 1531 4932; x_wconf 68' lang='lat' dir='ltr'><strong>accipis</strong></span> <span class='ocrx_word' id='word_1_798' title='bbox 1588 4861 1963 4921; x_wconf 86' lang='lat' dir='ltr'><strong>humanarum</strong></span> <span class='ocrx_word' id='word_1_799' title='bbox 2071 4856 2243 4937; x_wconf 74' lang='lat' dir='ltr'><strong>gente</strong></span> <span class='ocrx_word' id='word_1_800' title='bbox 2272 4865 2398 4937; x_wconf 87' lang='lat' dir='ltr'><strong>ipso</strong></span> <span class='ocrx_word' id='word_1_801' title='bbox 2428 4867 2621 4937; x_wconf 61' lang='lat' dir='ltr'><strong>Graeco</strong></span> <span class='ocrx_word' id='word_1_802' title='bbox 2654 4856 2985 4921; x_wconf 75' lang='lat' dir='ltr'><strong>Adamantii</strong></span> <span class='ocrx_word' id='word_1_803' title='bbox 3041 4870 3223 4931; x_wconf 85' lang='lat' dir='ltr'><strong>textu,</strong></span> <span class='ocrx_word' id='word_1_804' title='bbox 3254 4867 3292 4937; x_wconf 76' lang='grc' dir='ltr'>ᾖ</span> <span class='ocrx_word' id='word_1_805' title='bbox 3327 4860 3420 4917; x_wconf 67' lang='lat' dir='ltr'><strong>Sid</strong></span> <span class='ocrx_word' id='word_1_806' title='bbox 3471 4856 3589 4935; x_wconf 72' lang='grc' dir='ltr'><strong>μέν’</strong></span> <span class='ocrx_word' id='word_1_807' title='bbox 3623 4856 3705 4937; x_wconf 55' lang='grc' dir='ltr'><strong>τόν</strong></span> 
     </span>
    </p>
   </div>
   <div class='ocr_carea' id='block_1_89' title="bbox 315 4931 3707 5009">
    <p class='ocr_par' dir='ltr' id='par_1_89' title="bbox 315 4931 3707 5009">
     <span class='ocr_line' id='line_1_93' title="bbox 315 4931 3707 5009; baseline -0 -17"><span class='ocrx_word' id='word_1_808' title='bbox 315 4931 738 5009; x_wconf 41' lang='lat' dir='ltr'><strong>diuinarum—que</strong></span> <span class='ocrx_word' id='word_1_809' title='bbox 768 4948 1004 5009; x_wconf 45' lang='lat' dir='ltr'><strong>rerum;</strong></span> <span class='ocrx_word' id='word_1_810' title='bbox 1261 5006 1268 5009; x_wconf 90' lang='lat'>_</span> <span class='ocrx_word' id='word_1_811' title='bbox 1307 5002 1342 5009; x_wconf 29' lang='lat' dir='ltr'><strong>ﬁ</strong></span> <span class='ocrx_word' id='word_1_812' title='bbox 1396 5004 1407 5009; x_wconf 27' lang='grc' dir='ltr'><strong>Α</strong></span> <span class='ocrx_word' id='word_1_813' title='bbox 1447 4931 1454 4932; x_wconf 24' lang='grc' dir='ltr'>ί</span> <span class='ocrx_word' id='word_1_814' title='bbox 1616 5002 1629 5009; x_wconf 85' lang='lat'><em>_</em></span> <span class='ocrx_word' id='word_1_815' title='bbox 1804 5008 1807 5009; x_wconf 16' lang='grc' dir='ltr'><em>ν</em></span> <span class='ocrx_word' id='word_1_816' title='bbox 1888 5005 1921 5009; x_wconf 19' lang='grc' dir='ltr'><strong>,Α</strong></span> <span class='ocrx_word' id='word_1_817' title='bbox 2072 4931 2496 5009; x_wconf 51' lang='grc' dir='ltr'><strong>ᾖρϊξςόψξΡδυιο</strong></span> <span class='ocrx_word' id='word_1_818' title='bbox 2527 4940 2659 5008; x_wconf 89' lang='lat' dir='ltr'><strong>post</strong></span> <span class='ocrx_word' id='word_1_819' title='bbox 2682 4937 2993 5009; x_wconf 88' lang='lat' dir='ltr'><strong>glossema,</strong></span> <span class='ocrx_word' id='word_1_820' title='bbox 3027 4937 3093 4992; x_wconf 89' lang='lat' dir='ltr'><strong>id</strong></span> <span class='ocrx_word' id='word_1_821' title='bbox 3115 4931 3482 5009; x_wconf 34' lang='lat' dir='ltr'><strong>estterreni,‘</strong></span> <span class='ocrx_word' id='word_1_822' title='bbox 3508 4931 3707 5009; x_wconf 56' lang='lat' dir='ltr'><strong>rectm}</strong></span> 
     </span>
    </p>
   </div>
   <div class='ocr_carea' id='block_1_90' title="bbox 389 5000 3706 5078">
    <p class='ocr_par' dir='ltr' id='par_1_90' title="bbox 389 5000 3706 5078">
     <span class='ocr_line' id='line_1_94' title="bbox 389 5000 3706 5078; baseline -0 -22"><span class='ocrx_word' id='word_1_823' title='bbox 389 5000 739 5078; x_wconf 62' lang='lat' dir='ltr'><strong>(b)_Mss.&#39;R_.</strong></span> <span class='ocrx_word' id='word_1_824' title='bbox 782 5007 928 5078; x_wconf 80' lang='lat' dir='ltr'><strong>teste</strong></span> <span class='ocrx_word' id='word_1_825' title='bbox 960 5002 1189 5078; x_wconf 78' lang='lat' dir='ltr'><strong>Huetio,</strong></span> <span class='ocrx_word' id='word_1_826' title='bbox 1222 5002 1584 5078; x_wconf 74' lang='lat' dir='ltr'><strong>etRabanus</strong></span> <span class='ocrx_word' id='word_1_827' title='bbox 1616 5002 1854 5078; x_wconf 88' lang='lat' dir='ltr'><strong>legunt:</strong></span> <span class='ocrx_word' id='word_1_828' title='bbox 1882 5005 1961 5060; x_wconf 86' lang='lat' dir='ltr'><strong>Ita</strong></span> <span class='ocrx_word' id='word_1_829' title='bbox 2069 5000 2143 5061; x_wconf 62' lang='lat' dir='ltr'><strong>a&#39;b</strong></span> <span class='ocrx_word' id='word_1_830' title='bbox 2173 5006 2303 5061; x_wconf 89' lang='lat' dir='ltr'><strong>libri</strong></span> <span class='ocrx_word' id='word_1_831' title='bbox 2328 5024 2490 5078; x_wconf 87' lang='lat' dir='ltr'><strong>oram</strong></span> <span class='ocrx_word' id='word_1_832' title='bbox 2520 5000 3118 5063; x_wconf 56' lang='lat' dir='ltr'><strong>amanvdabiacmtera</strong></span> <span class='ocrx_word' id='word_1_833' title='bbox 3137 5007 3314 5063; x_wconf 88' lang='lat' dir='ltr'><strong>etiam</strong></span> <span class='ocrx_word' id='word_1_834' title='bbox 3338 5000 3473 5076; x_wconf 90' lang='lat' dir='ltr'><strong>ejus</strong></span> <span class='ocrx_word' id='word_1_835' title='bbox 3498 5000 3706 5078; x_wconf 89' lang='lat' dir='ltr'><strong>periodi</strong></span> 
     </span>
    </p>
   </div>
   <div class='ocr_carea' id='block_1_91' title="bbox 313 5074 3706 5145">
    <p class='ocr_par' dir='ltr' id='par_1_91' title="bbox 313 5074 3706 5145">
     <span class='ocr_line' id='line_1_95' title="bbox 313 5074 3706 5145; baseline 0 -19"><span class='ocrx_word' id='word_1_836' title='bbox 313 5088 441 5145; x_wconf 77' lang='lat' dir='ltr'><strong>ergo</strong></span> <span class='ocrx_word' id='word_1_837' title='bbox 473 5074 560 5126; x_wconf 84' lang='lat' dir='ltr'><strong>hic</strong></span> <span class='ocrx_word' id='word_1_838' title='bbox 585 5074 932 5144; x_wconf 82' lang='lat' dir='ltr'><strong>prudentiam</strong></span> <span class='ocrx_word' id='word_1_839' title='bbox 958 5075 1073 5145; x_wconf 80' lang='lat' dir='ltr'><strong>ejus</strong></span> <span class='ocrx_word' id='word_1_840' title='bbox 1106 5074 1353 5145; x_wconf 75' lang='lat' dir='ltr'><strong>intellige</strong></span> <span class='ocrx_word' id='word_1_841' title='bbox 1380 5091 1507 5129; x_wconf 85' lang='lat' dir='ltr'><strong>cum</strong></span> <span class='ocrx_word' id='word_1_842' title='bbox 1534 5074 1783 5130; x_wconf 86' lang='lat' dir='ltr'><strong>doctrina</strong></span> <span class='ocrx_word' id='word_1_843' title='bbox 1809 5080 1888 5131; x_wconf 88' lang='lat' dir='ltr'><strong>est</strong></span> <span class='ocrx_word' id='word_1_844' title='bbox 1906 5081 1959 5131; x_wconf 87' lang='lat' dir='ltr'><strong>et</strong></span> <span class='ocrx_word' id='word_1_845' title='bbox 2070 5078 2244 5132; x_wconf 89' lang='lat' dir='ltr'><strong>verba</strong></span> <span class='ocrx_word' id='word_1_846' title='bbox 2273 5095 2340 5133; x_wconf 87' lang='lat' dir='ltr'><strong>ex</strong></span> <span class='ocrx_word' id='word_1_847' title='bbox 2371 5077 2575 5133; x_wconf 89' lang='lat' dir='ltr'><strong>iisdem</strong></span> <span class='ocrx_word' id='word_1_848' title='bbox 2609 5079 2845 5135; x_wconf 84' lang='lat' dir='ltr'><strong>Rabano</strong></span> <span class='ocrx_word' id='word_1_849' title='bbox 2870 5085 2929 5134; x_wconf 90' lang='lat' dir='ltr'><strong>et</strong></span> <span class='ocrx_word' id='word_1_850' title='bbox 2949 5080 3145 5135; x_wconf 66' lang='lat' dir='ltr'><strong>Graeco</strong></span> <span class='ocrx_word' id='word_1_851' title='bbox 3170 5074 3581 5135; x_wconf 81' lang='lat' dir='ltr'><strong>emendamus.</strong></span> <span class='ocrx_word' id='word_1_852' title='bbox 3607 5078 3706 5128; x_wconf 90' lang='lat' dir='ltr'><strong>Pro</strong></span> 
     </span>
    </p>
   </div>
   <div class='ocr_carea' id='block_1_92' title="bbox 314 5143 3704 5223">
    <p class='ocr_par' dir='ltr' id='par_1_92' title="bbox 314 5143 3704 5223">
     <span class='ocr_line' id='line_1_96' title="bbox 314 5143 3704 5223; baseline 0.001 -25"><span class='ocrx_word' id='word_1_853' title='bbox 314 5143 745 5223; x_wconf 81' lang='lat' dir='ltr'><strong>demonstratio:</strong></span> <span class='ocrx_word' id='word_1_854' title='bbox 805 5143 1044 5201; x_wconf 84' lang='lat' dir='ltr'><strong>omnino</strong></span> <span class='ocrx_word' id='word_1_855' title='bbox 1102 5144 1371 5217; x_wconf 90' lang='lat' dir='ltr'><strong>proprius</strong></span> <span class='ocrx_word' id='word_1_856' title='bbox 1420 5146 1492 5201; x_wconf 87' lang='lat' dir='ltr'><strong>ad</strong></span> <span class='ocrx_word' id='word_1_857' title='bbox 1555 5149 1816 5202; x_wconf 66' lang='lat' dir='ltr'><strong>Graecum</strong></span> <span class='ocrx_word' id='word_1_858' title='bbox 1900 5152 1956 5203; x_wconf 87' lang='lat' dir='ltr'><strong>et</strong></span> <span class='ocrx_word' id='word_1_859' title='bbox 2069 5164 2171 5203; x_wconf 84' lang='lat' dir='ltr'><strong>cur</strong></span> <span class='ocrx_word' id='word_1_860' title='bbox 2194 5157 2416 5221; x_wconf 89' lang='lat' dir='ltr'><strong>propter</strong></span> <span class='ocrx_word' id='word_1_861' title='bbox 2440 5150 2708 5223; x_wconf 72' lang='lat' dir='ltr'><strong>omlestem</strong></span> <span class='ocrx_word' id='word_1_862' title='bbox 2731 5152 2805 5218; x_wconf 90' lang='lat' dir='ltr'><strong>ei,</strong></span> <span class='ocrx_word' id='word_1_863' title='bbox 2839 5155 2963 5205; x_wconf 89' lang='lat' dir='ltr'><strong>erat</strong></span> <span class='ocrx_word' id='word_1_864' title='bbox 2994 5153 3328 5223; x_wconf 76' lang='lat' dir='ltr'><strong>quapropter</strong></span> <span class='ocrx_word' id='word_1_865' title='bbox 3356 5149 3561 5204; x_wconf 66' lang='lat' dir='ltr'><strong>caelesti</strong></span> <span class='ocrx_word' id='word_1_866' title='bbox 3622 5146 3704 5223; x_wconf 67' lang='lat' dir='ltr'><strong>et;</strong></span> 
     </span>
    </p>
   </div>
   <div class='ocr_carea' id='block_1_93' title="bbox 315 5214 3704 5292">
    <p class='ocr_par' dir='ltr' id='par_1_93' title="bbox 315 5214 3704 5292">
     <span class='ocr_line' id='line_1_97' title="bbox 315 5214 3704 5292; baseline -0.006 -1"><span class='ocrx_word' id='word_1_867' title='bbox 315 5216 560 5292; x_wconf 50' lang='grc' dir='ltr'><strong>νθΐίυβγ</strong></span> <span class='ocrx_word' id='word_1_868' title='bbox 661 5285 674 5292; x_wconf 87' lang='grc'><em>,</em></span> <span class='ocrx_word' id='word_1_869' title='bbox 1038 5290 1043 5292; x_wconf 19' lang='grc' dir='ltr'><strong>Α</strong></span> <span class='ocrx_word' id='word_1_870' title='bbox 1103 5214 1120 5217; x_wconf 34' lang='grc'>⁷</span> <span class='ocrx_word' id='word_1_871' title='bbox 1196 5214 1227 5292; x_wconf 44' lang='grc' dir='ltr'><strong><em>ί</em></strong></span> <span class='ocrx_word' id='word_1_872' title='bbox 1310 5290 1315 5292; x_wconf 18' lang='grc' dir='ltr'><strong>Α</strong></span> <span class='ocrx_word' id='word_1_873' title='bbox 1396 5286 1408 5292; x_wconf 89' lang='lat'>_</span> <span class='ocrx_word' id='word_1_874' title='bbox 1605 5287 1638 5292; x_wconf 19' lang='grc' dir='ltr'><strong>Α,</strong></span> <span class='ocrx_word' id='word_1_875' title='bbox 1902 5288 1913 5292; x_wconf 93' lang='lat'>_</span> <span class='ocrx_word' id='word_1_876' title='bbox 2068 5214 2475 5277; x_wconf 41' lang='lat' dir='ltr'><strong>tum-convenit</strong></span> <span class='ocrx_word' id='word_1_877' title='bbox 2504 5237 2607 5292; x_wconf 86' lang='lat' dir='ltr'><strong>pro</strong></span> <span class='ocrx_word' id='word_1_878' title='bbox 2635 5238 2743 5279; x_wconf 87' lang='lat' dir='ltr'><strong>non</strong></span> <span class='ocrx_word' id='word_1_879' title='bbox 2774 5214 3250 5291; x_wconf 41' lang='lat' dir='ltr'><strong>conveniat-sub</strong></span> <span class='ocrx_word' id='word_1_880' title='bbox 3312 5214 3704 5290; x_wconf 88' lang='lat' dir='ltr'><strong>interrogandi</strong></span> 
     </span>
    </p>
   </div>
   <div class='ocr_carea' id='block_1_94' title="bbox 387 5285 2226 5359">
    <p class='ocr_par' dir='ltr' id='par_1_94' title="bbox 387 5285 2226 5359">
     <span class='ocr_line' id='line_1_98' title="bbox 387 5285 2226 5359; baseline 0.003 -17"><span class='ocrx_word' id='word_1_881' title='bbox 387 5287 639 5359; x_wconf 81' lang='lat' dir='ltr'><strong>(c)Antea</strong></span> <span class='ocrx_word' id='word_1_882' title='bbox 654 5285 982 5359; x_wconf 85' lang='lat' dir='ltr'><strong>incongruo</strong></span> <span class='ocrx_word' id='word_1_883' title='bbox 995 5290 1169 5359; x_wconf 85' lang='lat' dir='ltr'><strong>atque</strong></span> <span class='ocrx_word' id='word_1_884' title='bbox 1180 5286 1445 5342; x_wconf 85' lang='lat' dir='ltr'><strong>Auctoris</strong></span> <span class='ocrx_word' id='word_1_885' title='bbox 1461 5287 1640 5342; x_wconf 89' lang='lat' dir='ltr'><strong>menti</strong></span> <span class='ocrx_word' id='word_1_886' title='bbox 1666 5288 1954 5344; x_wconf 88' lang='lat' dir='ltr'><strong>contrario</strong></span> <span class='ocrx_word' id='word_1_887' title='bbox 2072 5295 2226 5347; x_wconf 88' lang='lat' dir='ltr'><strong>nota.</strong></span> 
     </span>
    </p>
   </div>
   <div class='ocr_carea' id='block_1_95' title="bbox 313 5358 3697 5434">
    <p class='ocr_par' dir='ltr' id='par_1_95' title="bbox 313 5358 3697 5434">
     <span class='ocr_line' id='line_1_99' title="bbox 313 5358 3697 5434; baseline 0 -23"><span class='ocrx_word' id='word_1_888' title='bbox 313 5374 505 5434; x_wconf 79' lang='lat' dir='ltr'><strong>sensu</strong></span> <span class='ocrx_word' id='word_1_889' title='bbox 524 5358 846 5434; x_wconf 75' lang='lat' dir='ltr'><strong>legebatur,</strong></span> <span class='ocrx_word' id='word_1_890' title='bbox 879 5358 1018 5428; x_wconf 88' lang='lat' dir='ltr'><strong>quod</strong></span> <span class='ocrx_word' id='word_1_891' title='bbox 1028 5359 1326 5428; x_wconf 83' lang='lat' dir='ltr'><strong>prudentia</strong></span> <span class='ocrx_word' id='word_1_892' title='bbox 1350 5359 1513 5434; x_wconf 82' lang='lat' dir='ltr'><strong>hujus</strong></span> <span class='ocrx_word' id='word_1_893' title='bbox 1538 5360 1725 5434; x_wconf 64' lang='lat' dir='ltr'><strong>saeculi</strong></span> <span class='ocrx_word' id='word_1_894' title='bbox 1746 5361 1805 5414; x_wconf 85' lang='lat' dir='ltr'><strong>in</strong></span> <span class='ocrx_word' id='word_1_895' title='bbox 1836 5377 1952 5434; x_wconf 41' lang='lat' dir='ltr'><strong>ma:</strong></span> <span class='ocrx_word' id='word_1_896' title='bbox 2064 5432 2104 5434; x_wconf 30' lang='grc' dir='ltr'><strong><em>Π</em></strong></span> <span class='ocrx_word' id='word_1_897' title='bbox 2133 5362 2199 5434; x_wconf 83' lang='lat' dir='ltr'><strong>(f)</strong></span> <span class='ocrx_word' id='word_1_898' title='bbox 2220 5361 2449 5434; x_wconf 3' lang='lat' dir='ltr'><strong>(Vitiose</strong></span> <span class='ocrx_word' id='word_1_899' title='bbox 2478 5378 2654 5434; x_wconf 87' lang='lat' dir='ltr'><strong>penes</strong></span> <span class='ocrx_word' id='word_1_900' title='bbox 2677 5362 2979 5418; x_wconf 81' lang='lat' dir='ltr'><strong>Itabanum</strong></span> <span class='ocrx_word' id='word_1_901' title='bbox 3006 5362 3149 5434; x_wconf 86' lang='lat' dir='ltr'><strong>qnod</strong></span> <span class='ocrx_word' id='word_1_902' title='bbox 3174 5377 3276 5434; x_wconf 80' lang='lat' dir='ltr'><strong>pro</strong></span> <span class='ocrx_word' id='word_1_903' title='bbox 3308 5375 3437 5432; x_wconf 87' lang='lat' dir='ltr'><strong>quo,</strong></span> <span class='ocrx_word' id='word_1_904' title='bbox 3459 5363 3518 5416; x_wconf 88' lang='lat' dir='ltr'><strong>et</strong></span> <span class='ocrx_word' id='word_1_905' title='bbox 3529 5370 3697 5434; x_wconf 78' lang='lat' dir='ltr'><strong>penes</strong></span> 
     </span>
    </p>
   </div>
   <div class='ocr_carea' id='block_1_96' title="bbox 313 5428 3703 5505">
    <p class='ocr_par' dir='ltr' id='par_1_96' title="bbox 313 5428 3703 5505">
     <span class='ocr_line' id='line_1_100' title="bbox 313 5428 3703 5505; baseline 0 -24"><span class='ocrx_word' id='word_1_906' title='bbox 313 5429 567 5505; x_wconf 81' lang='lat' dir='ltr'><strong>lum_sit._</strong></span> <span class='ocrx_word' id='word_1_907' title='bbox 586 5428 937 5505; x_wconf 71' lang='lat' dir='ltr'><strong>Lectionetn,</strong></span> <span class='ocrx_word' id='word_1_908' title='bbox 969 5445 1144 5505; x_wconf 80' lang='lat' dir='ltr'><strong>quam</strong></span> <span class='ocrx_word' id='word_1_909' title='bbox 1205 5446 1311 5505; x_wconf 87' lang='lat' dir='ltr'><strong>nos</strong></span> <span class='ocrx_word' id='word_1_910' title='bbox 1370 5428 1755 5505; x_wconf 51' lang='lat' dir='ltr'><strong>restituimur),</strong></span> <span class='ocrx_word' id='word_1_911' title='bbox 1814 5432 1954 5505; x_wconf 66' lang='lat' dir='ltr'><strong>quod</strong></span> <span class='ocrx_word' id='word_1_912' title='bbox 2063 5428 2336 5488; x_wconf 54' lang='lat' dir='ltr'><strong>Hue&#39;tium</strong></span> <span class='ocrx_word' id='word_1_913' title='bbox 2358 5428 2615 5505; x_wconf 69' lang='lat' dir='ltr'><strong>differant</strong></span> <span class='ocrx_word' id='word_1_914' title='bbox 2643 5451 2744 5505; x_wconf 91' lang='lat' dir='ltr'><strong>pro</strong></span> <span class='ocrx_word' id='word_1_915' title='bbox 2773 5428 3028 5505; x_wconf 80' lang='lat' dir='ltr'><strong>deferant</strong></span> <span class='ocrx_word' id='word_1_916' title='bbox 3047 5428 3212 5505; x_wconf 59' lang='lat' dir='ltr'><strong>;quz&#39;e</strong></span> <span class='ocrx_word' id='word_1_917' title='bbox 3241 5428 3379 5503; x_wconf 81' lang='lat' dir='ltr'><strong>ipsa</strong></span> <span class='ocrx_word' id='word_1_918' title='bbox 3403 5428 3623 5505; x_wconf 72' lang='lat' dir='ltr'><strong>menda</strong></span> <span class='ocrx_word' id='word_1_919' title='bbox 3641 5428 3703 5481; x_wconf 87' lang='lat' dir='ltr'><strong>de</strong></span> 
     </span>
    </p>
   </div>
   <div class='ocr_carea' id='block_1_97' title="bbox 350 5500 3699 5575">
    <p class='ocr_par' dir='ltr' id='par_1_97' title="bbox 350 5500 3699 5575">
     <span class='ocr_line' id='line_1_101' title="bbox 350 5500 3699 5575; baseline 0.001 -23"><span class='ocrx_word' id='word_1_920' title='bbox 350 5500 749 5575; x_wconf 50' lang='lat' dir='ltr'><strong>rudentiapjus</strong></span> <span class='ocrx_word' id='word_1_921' title='bbox 778 5501 972 5554; x_wconf 66' lang='lat' dir='ltr'><strong>caelum</strong></span> <span class='ocrx_word' id='word_1_922' title='bbox 998 5503 1203 5575; x_wconf 70' lang='lat' dir='ltr'><strong>factum</strong></span> <span class='ocrx_word' id='word_1_923' title='bbox 1233 5503 1325 5575; x_wconf 78' lang='lat' dir='ltr'><strong>sit,</strong></span> <span class='ocrx_word' id='word_1_924' title='bbox 1387 5501 1780 5575; x_wconf 84' lang='lat' dir='ltr'><strong>suppeditavit</strong></span> <span class='ocrx_word' id='word_1_925' title='bbox 1823 5500 1949 5575; x_wconf 28' lang='lat' dir='ltr'><strong>’lta-</strong></span> <span class='ocrx_word' id='word_1_926' title='bbox 2061 5500 2695 5560; x_wconf 52' lang='lat' dir='ltr'><strong>restituenda&#39;lectione</strong></span> <span class='ocrx_word' id='word_1_927' title='bbox 2728 5500 3519 5575; x_wconf 41' lang='lat' dir='ltr'><strong>nos&#39;lnonueruntz—optime</strong></span> <span class='ocrx_word' id='word_1_928' title='bbox 3576 5514 3699 5558; x_wconf 84' lang='lat' dir='ltr'><strong>vero</strong></span> 
     </span>
    </p>
   </div>
   <div class='ocr_carea' id='block_1_98' title="bbox 306 5515 1972 5653">
    <p class='ocr_par' dir='ltr' id='par_1_98' title="bbox 306 5515 1952 5653">
     <span class='ocr_line' id='line_1_102' title="bbox 306 5515 1949 5625; baseline 0.003 -73"><span class='ocrx_word' id='word_1_929' title='bbox 306 5515 749 5625; x_wconf 53' lang='lat' dir='ltr'><strong>praeeunayus</strong></span> <span class='ocrx_word' id='word_1_930' title='bbox 778 5515 972 5554; x_wconf 68' lang='lat' dir='ltr'><strong>cretum</strong></span> <span class='ocrx_word' id='word_1_931' title='bbox 998 5515 1203 5571; x_wconf 70' lang='lat' dir='ltr'><strong>[actum</strong></span> <span class='ocrx_word' id='word_1_932' title='bbox 1233 5515 1325 5567; x_wconf 77' lang='lat' dir='ltr'><strong>sti,</strong></span> <span class='ocrx_word' id='word_1_933' title='bbox 1387 5519 1453 5555; x_wconf 91' lang='lat' dir='ltr'><strong>su</strong></span> <span class='ocrx_word' id='word_1_934' title='bbox 1505 5515 1780 5573; x_wconf 73' lang='lat' dir='ltr'><strong>penitavxt</strong></span> <span class='ocrx_word' id='word_1_935' title='bbox 1841 5515 1949 5557; x_wconf 77' lang='lat' dir='ltr'><strong>ua-</strong></span> 
     </span>
     <span class='ocr_line' id='line_1_103' title="bbox 353 5519 1952 5653; baseline 0.003 -29"><span class='ocrx_word' id='word_1_936' title='bbox 353 5585 447 5650; x_wconf 79' lang='lat' dir='ltr'><strong>ap,</strong></span> <span class='ocrx_word' id='word_1_937' title='bbox 473 5571 962 5653; x_wconf 72' lang='lat' dir='ltr'><strong>probatqueunus</strong></span> <span class='ocrx_word' id='word_1_938' title='bbox 976 5573 1131 5653; x_wconf 72' lang='lat' dir='ltr'><strong>apud</strong></span> <span class='ocrx_word' id='word_1_939' title='bbox 1153 5571 1428 5653; x_wconf 76' lang='lat' dir='ltr'><strong>Huetium</strong></span> <span class='ocrx_word' id='word_1_940' title='bbox 1456 5519 1669 5653; x_wconf 42' lang='lat' dir='ltr'><strong>Segius</strong></span> <span class='ocrx_word' id='word_1_941' title='bbox 1686 5573 1952 5653; x_wconf 81' lang='lat' dir='ltr'><strong>ms;alter</strong></span> 
     </span>
    </p>
   </div>
   <div class='ocr_carea' id='block_1_99' title="bbox 2085 5515 3026 5653">
    <p class='ocr_par' dir='ltr' id='par_1_99' title="bbox 2085 5515 3026 5647">
     <span class='ocr_line' id='line_1_104' title="bbox 2085 5515 3026 5561; baseline 0.003 -3"><span class='ocrx_word' id='word_1_942' title='bbox 2085 5515 2421 5560; x_wconf 80' lang='lat' dir='ltr'><strong>&#39;estltucnda</strong></span> <span class='ocrx_word' id='word_1_943' title='bbox 2453 5515 2695 5560; x_wconf 87' lang='lat' dir='ltr'><strong>lectlone</strong></span> <span class='ocrx_word' id='word_1_944' title='bbox 2728 5523 2832 5561; x_wconf 85' lang='lat' dir='ltr'><strong>nos</strong></span> <span class='ocrx_word' id='word_1_945' title='bbox 2860 5523 3026 5561; x_wconf 83' lang='lat' dir='ltr'><strong>monL‘</strong></span> 
     </span>
     <span class='ocr_line' id='line_1_105' title="bbox 2085 5575 3026 5647; baseline 0 -17"><span class='ocrx_word' id='word_1_946' title='bbox 2085 5575 2293 5633; x_wconf 67' lang='lat' dir='ltr'><strong>irascus</strong></span> <span class='ocrx_word' id='word_1_947' title='bbox 2321 5575 2417 5630; x_wconf 74' lang='grc' dir='ltr'><strong>τοῧ</strong></span> <span class='ocrx_word' id='word_1_948' title='bbox 2448 5576 2810 5647; x_wconf 67' lang='grc' dir='ltr'><strong>ἐκπέμπουσιν</strong></span> <span class='ocrx_word' id='word_1_949' title='bbox 2844 5576 3026 5631; x_wconf 71' lang='grc' dir='ltr'>αὐτόν’</span> 
     </span>
    </p>
   </div>
   <div class='ocr_carea' id='block_1_100' title="bbox 312 5640 1950 5718">
    <p class='ocr_par' dir='ltr' id='par_1_100' title="bbox 312 5640 1950 5718">
     <span class='ocr_line' id='line_1_106' title="bbox 312 5640 1950 5718; baseline 0 -19"><span class='ocrx_word' id='word_1_950' title='bbox 312 5640 1282 5718; x_wconf 30' lang='lat' dir='ltr'><strong>enim’paululumlabluditugquod</strong></span> <span class='ocrx_word' id='word_1_951' title='bbox 1330 5640 1635 5716; x_wconf 62' lang='lat' dir='ltr'><strong>prudentia</strong></span> <span class='ocrx_word' id='word_1_952' title='bbox 1680 5640 1950 5703; x_wconf 69' lang='lat' dir='ltr'><strong>saeculum</strong></span> 
     </span>
    </p>
   </div>
   <div class='ocr_carea' id='block_1_101' title="bbox 2076 4650 2205 4704">
    <p class='ocr_par' dir='ltr' id='par_1_101' title="bbox 2076 4650 2205 4704">
     <span class='ocr_line' id='line_1_107' title="bbox 2076 4650 2205 4704; baseline 0.016 -2"><span class='ocrx_word' id='word_1_953' title='bbox 2076 4650 2205 4704; x_wconf 63' lang='grc' dir='ltr'><strong>αὐτο</strong></span> 
     </span>
    </p>
   </div>
  </div>
