3978 6188
292 315 411 385 638

1556 318 1622 383 S.
1663 318 1974 384 EUSEBII
2019 315 2435 385 HIERONYM

3552 326 3657 392 686

293 454 453 528 pulo,
485 453 585 528 qui
613 456 886 511 nascetur
912 447 985 510 de
1011 452 1306 527 gentibus.
1338 452 1452 510 Iste
1481 452 1639 509 enim
1681 452 1935 526 populus
1963 454 2020 521 Α
2045 456 2146 527 qui
2170 471 2281 511 non
2300 456 2544 514 audierit
2561 457 2724 514 verba
2753 460 3063 516 testamenti
3104 457 3287 532 hujus.
3314 463 3380 518 Et
3405 458 3540 519 dixit
3562 466 3659 520 Do-

297 544 496 603 subito
527 543 820 600 nascitur:
854 548 911 599 et
940 543 999 599 in
1048 544 1332 617 propheta
1389 544 1672 615 scriptum
1705 547 1793 600 est
1821 562 1834 600 :
1875 545 1940 599 Si

295 639 431 690 nata
459 638 538 690 est
564 650 696 703 gens
725 636 785 690 in
812 635 999 690 semel.
1052 634 1294 701 Quando
1353 632 1619 690 Salvator
1673 634 1940 689 ascendit

295 724 368 780 ad
400 723 595 791 caelos,
628 727 685 779 et
714 724 1090 779 crediderunt
1138 739 1255 779 una
1311 723 1404 779 dic
1462 724 1722 794 quinque
1753 721 1939 778 millia

293 813 429 884 (Act.
459 831 536 877 ιν,
570 813 648 883 4),
680 816 738 868 et
767 812 883 868 alia
911 814 1005 869 die
1037 813 1237 868 addita
1267 816 1406 869 sunt
1426 812 1537 867 tria
1558 811 1777 867 millia:
1805 828 1937 867 vere

289 907 431 958 tunc
463 902 571 957 fuit
600 919 833 959 cernere
855 902 1139 975 populum
1163 903 1221 957 in
1243 901 1423 958 semel
1446 905 1649 957 natum
1668 917 1935 957 sermone

287 992 411 1060 Dei,
444 996 502 1048 et
558 997 794 1063 repente
850 991 1127 1060 sterilem,
1162 991 1600 1063 parturientem,
1634 991 1705 1045 ad
1756 1006 1931 1061 quam

287 1081 538 1137 dicitur:
590 1083 824 1151 Lwtare,
882 1082 1109 1149 sterilis,
1138 1097 1256 1152 qua:
1311 1097 1417 1135 non
1476 1080 1669 1151 paris;
1712 1095 1935 1149 erumpe

285 1178 339 1226 et
365 1171 546 1225 clama
573 1185 698 1242 quae
725 1187 837 1224 non
863 1173 1111 1241 parturis
1132 1187 1151 1224 :
1177 1171 1309 1240 quia
1356 1169 1543 1232 plures
1569 1168 1678 1238 ﬁlii
1705 1167 1933 1224 deserta:

286 1261 468 1330 magis
496 1277 662 1332 quam
689 1264 807 1332 ejus
825 1277 943 1331 qum
966 1261 1127 1316 habet
1154 1262 1337 1314 virum
1371 1260 1524 1329 (Gen.
1558 1275 1632 1328 Iv,
1681 1260 1793 1326 27).
1823 1257 1931 1312 De-

289 1353 449 1405 serta
475 1349 733 1404 Ecclesia
760 1366 795 1403 a
828 1350 996 1421 Lege,
1028 1349 1260 1403 deserta
1287 1365 1322 1403 a
1352 1351 1466 1402 Deo
1521 1349 1664 1401 erat.
1702 1345 1932 1402 [labens

288 1440 485 1493 autem
516 1437 667 1493 805
726 1437 919 1492 virum
975 1452 1273 1509 synagoga
1324 1436 1536 1507 Legem
1587 1433 1839 1489 habebat
1875 1437 1932 1488 et

287 1525 662 1591 Deum.Quid
692 1541 827 1596 ergo
853 1524 1162 1597 pollicetur
1180 1524 1372 1580 Deus?
1395 1524 1568 1578 Erilis
1595 1522 1740 1578 mihi
1766 1523 1931 1592 inpo-

283 1614 504 1685 pulum,
536 1616 586 1669 et
615 1630 718 1687 ego
747 1630 839 1670 ero
868 1615 1017 1671 vobis
1073 1615 1134 1669 in
1163 1615 1352 1670 Deum.
1385 1614 1512 1668 Non
1542 1617 1632 1667 est
1661 1611 1927 1666 omnium

283 1701 458 1772 Deus,
491 1702 592 1758 sed
650 1720 853 1759 eorum
883 1706 1115 1759 tantum
1174 1703 1389 1775 quibus
1420 1717 1482 1757 se
1540 1700 1785 1772 largitus
1816 1703 1925 1765 est,

285 1792 579 1863 quomodo
613 1791 953 1860 patriarchas
1003 1790 1090 1846 illi
1145 1793 1217 1847 ad
1277 1806 1451 1862 quem
1481 1788 1625 1845 dicit
1668 1790 1776 1859 Ego
1804 1805 1928 1842 sum

282 1880 426 1935 Deus
464 1883 594 1937 tuus
650 1880 800 1953 (Gen.
856 1898 992 1946 xvu,
1044 1879 1136 1951 1):
1192 1884 1251 1935 et
1305 1895 1542 1934 rursum
1622 1876 1757 1932 alii:
1817 1877 1924 1944 Ego

284 1969 425 2025 Deus
453 1985 549 2026 ero
576 1971 715 2025 Deus
742 1974 870 2024 tuus
899 1968 1093 2041 (Exod.
1121 1985 1274 2037 xx1x,
1298 1967 1388 2039 45)
1408 1984 1427 2022 :
1450 1983 1675 2023 necnon
1704 1964 1927 2036 dejaliis

281 2059 408 2127 Ero,
486 2058 698 2130 inquit,
781 2063 925 2113 Deus
996 2074 1201 2113 eorum.
1278 2061 1535 2112 Putasne
1608 2054 1925 2126 aliquando

283 2147 702 2219 consequimur
729 2147 787 2202 id
817 2148 974 2218 quod
1008 2163 1110 2219 per
1162 2145 1427 2219 singulos
1475 2145 1626 2215 dico,
1675 2148 1741 2199 ut
1770 2143 1925 2199 Deus

284 2236 551 2292 omnium
582 2237 686 2291 ﬁat
714 2236 867 2292 Deus
899 2240 1114 2292 noster.
1148 2235 1208 2292 Si
1238 2239 1434 2291 autem
1465 2234 1554 2290 vis
1584 2232 1816 2305 plenius
1837 2231 1923 2287 di-

282 2340 466 2392 scere,
498 2341 750 2397 quorum
781 2325 857 2379 sit
886 2330 1058 2395 Deus,
1091 2328 1148 2380 et
1177 2324 1393 2395 quibus
1448 2320 1797 2378 vocabulum
1830 2320 1922 2376 sui

281 2413 538 2470 nominis
568 2413 884 2485 largiatur:
918 2415 1046 2484 Ego,
1079 2412 1291 2484 inquit,
1342 2414 1484 2468 Deus
1534 2412 1839 2477 Abraham,
1871 2418 1924 2465 et

280 2503 425 2559 Deus
490 2504 660 2570 Isaac,
719 2510 771 2557 et
825 2503 968 2558 Deus
1030 2501 1191 2558 Jacob
1247 2501 1438 2574 (Exod.
1503 2516 1585 2573 ιιι,
1607 2502 1701 2568 6);
1743 2499 1922 2570 idque

278 2590 476 2663 ipsum
508 2606 805 2663 exponens
836 2589 1102 2646 Salvator
1129 2591 1246 2646 ait:
1297 2592 1440 2645 Deus
1468 2595 1656 2645 autem
1700 2604 1812 2645 non
1841 2592 1921 2644 est

276 2684 646 2750 mortuorum,
697 2678 792 2735 sed
848 2680 1101 2735 vivorum
1164 2680 1312 2747 (Luc.
1372 2695 1466 2746 xx,
1500 2679 1610 2749 38).
1662 2677 1803 2741 Quis
1833 2680 1921 2732 est

278 2770 547 2822 mortuus
567 2765 595 2821 ‘P
610 2764 823 2837 Utique
853 2764 1375 2837 peccator,quinon
1389 2764 1566 2820 habet
1589 2765 1875 2820 dicentem
1903 2782 1915 2820 :

277 2855 388 2923 Ego
416 2870 538 2909 sum
564 2854 674 2909 vita
730 2854 912 2924 (Joan.
972 2871 1050 2918 x1,
1114 2855 1230 2924 25),
1279 2853 1380 2925 qui
1439 2853 1656 2909 habent
1689 2857 1920 2908 mortua

277 2958 476 3014 opera,
509 2940 609 3013 qui
641 2942 891 2997 necdum
922 2941 1323 3019 pcenitentiam
1353 2943 1472 3016 egit
1527 2942 1600 2997 ab
1643 2941 1917 3013 operibus

279 3029 568 3085 mortuis:
603 3029 673 3085 de
699 3045 816 3101 quo
846 3030 953 3101 (At.
1003 3029 1243 3101 quibus)
1274 3029 1590 3102 Apostolus
1643 3030 1762 3085 ait:
1794 3033 1916 3086 Non

272 3134 501 3174 rursum
547 3117 969 3189 fundamentum
1006 3119 1277 3190 jacientes
1313 3120 1661 3191 paenitentia
1689 3119 1756 3174 ab
1792 3134 1916 3190 ope-

274 3207 428 3262 ribus
455 3208 686 3262 mortuis
708 3207 893 3278 (Hebr.
927 3226 1004 3267 vr.
1034 3208 1107 3280 1).
1168 3208 1226 3264 Si
1280 3224 1417 3281 ergo
1474 3208 1626 3264 Deus
1681 3225 1795 3264 non
1827 3212 1918 3264 est
1947 3192 1989 3260 C

274 3299 429 3351 Deus
462 3298 850 3366 mortuorum,
884 3298 985 3353 sed
1014 3297 1331 3353 viventium
1358 3314 1370 3352 :
1403 3300 1461 3352 et
1520 3298 1741 3354 scimus
1789 3315 1919 3354 esse

271 3383 561 3441 viventem
591 3401 724 3440 eum
757 3385 857 3458 qui
889 3391 1266 3442 conversatur
1293 3385 1354 3440 in
1411 3384 1662 3456 Christo,
1722 3391 1789 3441 ut
1817 3387 1920 3442 ﬁat

273 3472 569 3545 particeps
593 3473 723 3544 ejus
747 3489 760 3527 :
793 3478 852 3529 et
879 3474 929 3530 si
961 3473 1237 3531 volumus
1258 3478 1402 3530 utet
1427 3479 1577 3530 Deus
1600 3478 1796 3531 noster
1817 3476 1914 3544 sit,

273 3561 679 3618 renuntiemus
710 3563 985 3634 operibus
1018 3563 1286 3630 mortuis,
1321 3568 1387 3619 ut
1434 3562 1914 3635 pollicitationem

272 3666 443 3707 suam
474 3649 533 3706 in
569 3650 736 3707 nobis
751 3650 1251 3724 compleatdicens
1272 3653 1362 3708 :Et
1374 3668 1465 3708 ero
1483 3653 1631 3708 vobis
1647 3654 1709 3708 in
1721 3653 1915 3722 Deum,

269 3746 332 3795 ut
345 3747 584 3795 statuam
602 3738 711 3812 (Al.
741 3742 998 3797 suscitem
1027 3743 1417 3810 testimonium,
1447 3742 1582 3812 etc.)
1614 3746 1915 3813 juramen-

268 3832 392 3883 tum
422 3828 775 3902 meum,guod
796 3829 984 3897 iuravi
994 3830 1256 3900 patribus
1288 3831 1481 3886 vestris
1500 3830 1634 3886 dare
1669 3830 1783 3898 (Al.
1817 3830 1915 3885 da-

271 3923 460 3972 turum
485 3915 596 3988 me)
627 3917 744 3971 illis
769 3919 975 3972 terram
1002 3920 1266 3988 ﬂuentem
1322 3919 1409 3974 lac
1435 3922 1488 3975 et
1531 3920 1637 3975 mel
1666 3921 1801 3989 (Jer.
1833 3936 1913 3985 x1,

271 4005 347 4077 Δ).
380 4005 636 4061 Observa
666 4005 767 4077 qui
799 4005 991 4063 dicat:
1024 4007 1277 4063 Statuam
1321 4010 1730 4081 juramentum,
1775 4009 1916 4080 quod

263 4092 461 4164 juruvi
486 4093 745 4162 patribus
774 4096 993 4162 vestris,
1026 4095 1161 4151 dare
1180 4096 1299 4151 illis
1319 4104 1525 4152 terram
1553 4099 1811 4169 ﬂuentem
1830 4098 1916 4152 lac

269 4183 320 4237 et
350 4179 480 4236 mel.
514 4180 645 4235 Haec
674 4181 830 4237 enim
860 4199 976 4238 non
1008 4188 1099 4239 est
1127 4189 1283 4240 terra
1302 4186 1374 4240 de
1402 4201 1520 4256 qua
1541 4185 1802 4241 Salvator
1820 4188 1916 4240 do-

269 4266 391 4324 cuit
420 4267 658 4324 dicens:
692 4271 851 4325 Beati
898 4273 1080 4340 mites,
1121 4275 1388 4345 quoniam
1433 4274 1542 4343 ipsi
1569 4274 1916 4344 possidebunt

268 4365 485 4414 terram
512 4357 685 4429 (Matt.
716 4374 772 4429 ν,
807 4359 883 4430 4).
937 4359 1157 4417 Deinde
1212 4361 1284 4416 ad
1342 4360 1462 4416 hinc
1516 4377 1644 4433 quas
1691 4361 1916 4418 dixerat

268 4450 426 4502 Deus
457 4445 740 4518 propheta
769 4448 1090 4519 respondit,
1152 4450 1210 4505 id
1267 4452 1357 4506 est
1385 4450 1457 4506 ad
1514 4449 1572 4506 id
1603 4451 1759 4523 quod
1793 4451 1909 4508 ait:

270 4533 600 4628 maledictus
631 4533 789 4628 homo
812 4538 910 4607 qui
950 4538 1335 4628 non‘audierit
1381 4539 1547 4596 verba
1604 4542 1914 4596 testamenti
1944 4564 1990 4628 Β

266 4624 432 4697 hujus
464 4623 594 4695 (Jer.
626 4640 706 4692 x1,
733 4624 824 4695 3):
859 4628 917 4680 et
972 4624 1151 4681 dicit:
1211 4628 1279 4682 Et
1326 4628 1606 4701 respondi,
1657 4632 1711 4684 et
1743 4629 1870 4684 dixi
1895 4646 1909 4683 :

266 4712 662 4782 Fiat,Domine.
697 4711 846 4778 Quid
878 4716 967 4768 est
995 4715 1147 4786 quod
1181 4715 1302 4773 ait:
1334 4718 1459 4773 Fiat
1498 4717 1765 4772 Domine?
1793 4715 1914 4772 Uti-

267 4817 383 4874 que
410 4800 470 4855 id
503 4800 659 4872 quod
699 4803 1103 4872 pronuntiavit
1156 4809 1309 4861 Deus
1337 4822 1349 4861 :
1382 4805 1710 4861 Maledictus
1758 4805 1914 4862 homo

336 4926 414 5002 (a_)
431 4929 619 5002 Antea
632 4924 937 5002 legebatur
957 4929 1232 4985 continua
1246 4928 1393 4985 serie
1415 4931 1581 5002 quasi
1601 4930 1913 5002 Scriptura:

264 4997 781 5071 testimonium,“
805 4998 913 5070 his,
946 5002 1044 5071 qui
1068 5002 1212 5071 foris
1241 5008 1392 5057 sunt.
1418 4997 1611 5057 Audite
1637 4997 1801 5058 verba
1829 5003 1914 5058 di-

263 5072 400 5144 vina
425 5070 893 5144 provocanlianos
922 5072 994 5126 ad
1010 5070 1253 5144 salutem
1274 5091 1292 5127 :
1317 5073 1459 5128 sive.
1475 5073 1727 5144 Legimus
1750 5075 1917 5130 verba

268 5140 461 5196 divina
479 5142 832 5212 provocantia
851 5158 942 5197 eos
962 5143 1032 5198 ad
1050 5144 1401 5212 salutem,cui
1422 5140 1655 5200 lectioni
1682 5145 1916 5201 Graecus

266 5229 402 5288 cum
427 5208 636 5281 primis
664 5213 858 5288 textus
886 5213 981 5270 hic
1012 5208 1356 5288 refragatur,
1391 5215 1493 5271 Καὶ
1521 5219 1640 5288 τεοῖς
1661 5213 1765 5285 ’ἐξω
1788 5216 1913 5288 dva-

267 5278 605 5359 γιγὼοξκᾳμεν
635 5278 762 5359 τοὺς
794 5278 1115 5359 λόγρυςμτρῦ
1146 5278 1299 5353 ὅεοῦ,
1322 5278 1795 5359 ᾑροσκαλοῦμένοι
1817 5284 1911 5340 αὐ-

264 5349 391 5414 ιέοὺς
424 5349 520 5429 Eni
545 5349 1307 5429 σωςεηρίανκέοὺςλόγουςτῆξ
1331 5349 1915 5428 δὶαθήκης,όῐο.Ὲᾶνϐι

264 5441 433 5501 vero,_
456 5423 754 5495 simulque
786 5423 1146 5501 ουτω-ϐρωὸο
1170 5423 1305 5484 huic
1335 5423 1798 5501 concinit'quam
1829 5447 1916 5485 re-

268 5496 577 5569 posuimus
604 5512 759 5569 unus
791 5512 901 5551 ms.
930 5497 994 5550 R.
1028 5516 1206 5569 penes
1254 5500 1528 5557 Huetium
1556 5520 1568 5557 :
1602 5496 1783 5557 Etiam
1831 5502 1916 5557 his

266 5567 365 5644 qui
390 5567 529 5644 [oris
555 5571 702 5644 sunt2
738 5568 969 5644 legimus
1006 5567 1176 5644 verba
1199 5573 1416 5644 divina,
1438 5577 1792 5644 provocantes
1829 5589 1915 5629 eos

264 5639 336 5700 nd
364 5640 624 5694 salutem.
664 5639 829 5695 Verba
857 5639 1178 5698 Testamenti
1206 5639 1531 5715 hujus,etc.
1586 5644 1740 5702 Male
1768 5644 1914 5704 alias

2047 546 2236 600 minus
2258 546 2328 601 ad
2346 562 2464 602 me:
2487 550 2620 619 Lege
2638 547 2801 603 verba
2822 550 2927 604 ista
2947 550 3009 604 in
3026 550 3247 605 civitate
3264 550 3422 616 Iuda,
3442 555 3495 606 et
3519 557 3663 609 extra

2045 634 2346 690 Jerusalem
2374 635 2512 707 (Jer.
2546 653 2625 703 x1,
2646 638 2723 708 6).
2745 637 2822 709 (α)
2838 638 2908 692 Et
2934 637 3027 693 his
3048 639 3149 710 qui
3172 639 3325 694 800
3363 639 3500 696 foris
3519 647 3661 709 sunt,

2045 721 2299 794 legimus
2319 725 2494 780 verba
2513 725 2729 793 divina,
2765 732 3142 798 provocantes
3171 744 3271 783 eos
3312 729 3379 784 ad
3410 729 3661 785 salutem.

2049 812 2215 867 Verba
2233 816 2543 870 testamenti
2558 816 2799 887 hujus,et
2817 816 2986 887 facite
3014 815 3142 871 illa.
3166 821 3234 873 Et
3247 817 3391 872 dicit
3419 819 3666 875 Dominus

2042 900 2122 954 ad
2141 916 2232 955 me
2255 917 2268 955 :
2291 903 2516 957 Inventa
2537 910 2616 958 est
2636 904 2921 973 colligatio
2949 904 3007 958 in
3029 906 3167 959 viris
3190 905 3328 960 Jada
3352 913 3403 961 et
3431 907 3494 961 in
3520 907 3664 963 habi-

2042 989 2286 1045 tantibus
2301 991 2623 1047 Jerusalem.
2645 991 2704 1047 Si
2737 991 3168 1063 peccaverimus
3196 1010 3303 1049 nos
3334 993 3433 1065 qui
3450 1000 3668 1067 prepter

2041 1076 2337 1134 Christum
2356 1080 2431 1150 (b)
2453 1079 2767 1136 Christiani
2791 1080 3379 1148 vocamur,etinventi
3400 1083 3667 1139 fuerimus

2042 1164 2098 1220 in
2133 1184 2375 1224 numero
2398 1173 2791 1240 peccatorum,
2824 1172 2881 1224 et
2900 1169 2972 1224 de
2995 1169 3161 1225 nobis
3183 1170 3398 1226 dicitur
3424 1173 3669 1228 :Inventa

2039 1258 2118 1309 est
2134 1257 2416 1326 colligatio
2445 1260 2505 1313 in
2536 1260 2677 1314 viris
2701 1259 2930 1328 Juda,et
2961 1260 3023 1313 in
3053 1259 3433 1315 habitantibus
3459 1262 3667 1317 Jerusa-

2041 1343 2147 1399 lem
2177 1346 2311 1416 (Jer.
2346 1364 2426 1413 χι,
2449 1346 2523 1418 9).
2556 1347 2701 1402 Cum
2734 1347 2793 1402 in
2847 1347 3098 1403 Ecclesia
3119 1347 3221 1403 Dei
3277 1347 3424 1405 tales
3452 1355 3588 1405 sunt
3614 1350 3668 1406 in

2040 1433 2256 1504 quibus
2314 1434 2637 1506 reperiatur
2665 1434 2912 1507 laqueus
2968 1434 3320 1507 iniquitatis,
3368 1440 3426 1492 et
3453 1437 3672 1494 vincula

2038 1523 2279 1593 peccati,
2314 1524 2370 1578 in
2404 1528 2633 1579 tantum
2668 1528 2733 1578 ut
2754 1524 2808 1580 id
2834 1525 2991 1596 quod
3013 1525 3085 1580 de
3116 1530 3420 1597 peccatore
3448 1526 3668 1597 dicitur,

2038 1610 2123 1666 eis
2152 1612 2338 1667 valeat
2392 1612 2735 1668 convenire:
2790 1614 3029 1669 Vinculis
3072 1618 3419 1685 peccatorum
3455 1632 3672 1673 suorum

2035 1702 2410 1774 unusquisque
2464 1703 2868 1773 constringitur
2924 1702 3105 1773 (Prov.
3137 1721 3192 1775 v,
3223 1704 3338 1776 22),
3373 1708 3514 1760 tunc
3540 1705 3672 1762 dicit

2035 1794 2224 1845 Deus:
2258 1791 2491 1846 Inventa
2520 1793 2597 1845 est
2624 1792 2910 1863 colligatio
2968 1793 3031 1846 in
3059 1793 3202 1847 viris
3256 1793 3431 1850 Iuda.
3466 1794 3664 1851 Verum

2036 1893 2152 1934 non
2183 1878 2510 1934 invenietur
2530 1878 2823 1951 colligatio
2851 1880 2911 1934 in
2933 1880 3124 1936 nobis.
3153 1883 3456 1946 Quomodo
3482 1887 3667 1940 autem

2036 1983 2151 2023 non
2182 1968 2510 2023 invenietur
2529 1967 2821 2041 colligatio
2844 1968 2901 2023 in
2930 1969 3120 2039 nobis,
3145 1970 3194 2026 si
3217 1988 3409 2043 usque
3432 1973 3503 2029 ad
3529 1972 3667 2029 hanc

2034 2054 2237 2111 horam
2258 2055 2547 2128 colligatio
2569 2057 2627 2112 in
2660 2057 3013 2129 quibusdam
3039 2062 3146 2114 est.
3167 2059 3310 2115 Sed:
3328 2060 3492 2117 Solve
3517 2078 3669 2119 omne

2033 2147 2323 2204 vinculum
2351 2147 2409 2201 in
2418 2146 2929 2217 iquitatis,dissolve
2940 2148 3297 2219 obligationes
3306 2150 3670 2207 violentarum

2031 2237 2756 2299 commutationum,omnem
2784 2238 3239 2308 conscriptionem
3287 2240 3542 2311 iniquam
3566 2242 3668 2296 dis-

2031 2325 2172 2394 sipa.
2205 2325 2414 2392 Frange
2441 2325 2814 2380 esurientibus
2866 2340 3066 2396 panem
3125 2335 3281 2382 tuum
3336 2327 3488 2399 (Isai,
3522 2346 3668 2396 Lvm,

2031 2413 2107 2479 6).
2141 2412 2384 2468 Inventa
2409 2416 2500 2469 est
2529 2429 2667 2486 ergo
2695 2412 2992 2486 colligatio
3022 2414 3085 2470 in
3115 2415 3255 2471 viris
3284 2416 3462 2485 Juda,
3494 2416 3553 2473 in
3581 2417 3671 2472 ha-

2030 2501 2356 2558 bitantibus
2387 2500 2735 2558 Jerusalem.
2769 2501 3028 2559 Conversi
3082 2512 3211 2559 sunt
3256 2504 3331 2560 ad
3364 2507 3670 2578 iniquitates

2025 2595 2255 2664 patrum
2282 2606 2512 2647 suorum
2534 2593 2791 2663 priorum
2821 2592 2951 2664 (Jer.
3007 2609 3093 2660 x1,
3146 2593 3254 2664 10).
3284 2594 3362 2667 (c)
3411 2595 3668 2652 Conversi

2031 2683 2170 2735 sunt
2199 2680 2270 2735 ad
2304 2679 2670 2752 iniquitates.
2704 2681 2964 2744 Quorum
2986 2680 3015 2736 *ἶ
3042 2681 3168 2736 Non
3195 2681 3278 2737 ait
3305 2683 3666 2756 simpliciter,

2024 2773 2267 2840 patrum,
2299 2769 2400 2824 sed
2433 2785 2568 2824 cum
2611 2768 2970 2836 addimento,
3000 2777 3224 2842 patrum
3247 2787 3481 2828 suorum
3520 2774 3664 2846 prio-

2029 2873 2170 2912 rum.
2207 2856 2469 2912 Diximus
2500 2857 2621 2913 haec
2650 2858 2723 2913 de
2752 2857 2923 2913 nobis
2939 2858 3075 2928 dici,
3094 2863 3152 2915 et
3184 2859 3400 2932 bisqui
3425 2862 3486 2917 in
3509 2860 3665 2918 nobis

2026 2950 2165 3002 sunt
2194 2950 2542 3017 peccatores.
2576 2947 2876 3011 Quomodo
2909 2946 3090 3020 igitur
3110 2947 3212 3020 qui
3233 2948 3397 3005 inter
3415 2966 3520 3006 nos
3536 2954 3665 3006 sunt

2025 3038 2377 3105 peccatores,
2409 3034 2671 3090 conversi
2703 3040 2842 3091 sunt
2871 3036 2943 3091 ad
2967 3036 3311 3108 iniquitates
3345 3043 3664 3110 patrum,et

2025 3127 2259 3196 patrum
2285 3139 2527 3178 suorum
2548 3124 2807 3196 priorum
2822 3124 2850 3179 ?
2862 3129 2946 3180 Du
2953 3124 3134 3198 plices
3148 3125 3444 3185 habemus
3457 3132 3661 3200 patres,

2025 3217 2083 3269 et
2112 3228 2229 3267 una
2259 3211 2485 3284 species
2516 3217 2605 3268 est
2634 3213 3029 3285 pessimorum
3060 3218 3319 3287 patrum.
3372 3217 3663 3289 Siquidem

2027 3305 2343 3373 antequam
2372 3301 2763 3370 crederemus,
2797 3301 3066 3358 diabolus
3096 3307 3262 3375 pater
3316 3309 3521 3361 noster
3543 3305 3663 3372 fuit,

2026 3394 2092 3445 ut
2121 3406 2313 3447 sermo
2336 3389 2716 3463 Evangelicus
2734 3390 3011 3459 ostendit,
3045 3391 3245 3449 dicens
3271 3409 3284 3448 :
3310 3394 3411 3451 Vos
3428 3395 3495 3450 de
3518 3396 3665 3466 patre

2024 3479 2231 3535 Zabulo
2255 3480 2376 3534 nati
2403 3480 2532 3534 estis
2561 3478 2739 3551 (Joan.
2773 3496 2892 3547 vm,
2925 3480 3016 3551 44)
3041 3496 3054 3536 :
3096 3496 3231 3536 cum
3262 3486 3462 3538 autem
3485 3480 3666 3537 credi-

2024 3567 2247 3634 dimus,
2277 3566 2415 3622 facti
2446 3584 2658 3623 sumus
2688 3567 2793 3622 filii
2824 3567 2946 3623 Dei.
2980 3569 3040 3624 Si
3073 3584 3210 3642 ergo
3232 3575 3367 3642 post
3392 3570 3508 3625 haec
3537 3585 3663 3641 pec-

2024 3655 2372 3721 caverimus,
2406 3656 2801 3711 convertimur
2830 3657 2903 3712 ad
2932 3656 3280 3728 iniquitates
3297 3662 3525 3729 patrum
3548 3674 3657 3713 non

2024 3744 2391 3816 simpliciter,
2424 3745 2526 3800 sed
2556 3748 2791 3815 patrum
2819 3745 3105 3817 priorum.
3148 3747 3236 3802 Ad
3267 3745 3657 3819 probationem

2023 3838 2220 3889 autem
2252 3833 2432 3904 hujus
2464 3833 2566 3903 rei,
2606 3832 2747 3906 quia
2807 3833 3071 3906 duplices
3127 3834 3424 3893 habemus
3451 3841 3658 3909 patres,
3752 3890 3763 3901 ,

2024 3922 2250 3978 utimur
2273 3926 2329 3978 et
2349 3922 2528 3978 David
2550 3922 2973 3990 testimonio,in
2996 3924 3449 3997 quadragesimo
3470 3928 3666 3997 quarto

2023 4009 2252 4082 psalmo
2286 4010 2368 4066 ita
2397 4010 2682 4067 dicentis:
2715 4011 2883 4079 Audi,
2913 4012 3059 4082 ﬁlia,
3090 4015 3141 4068 et
3172 4011 3312 4081 vide,
3375 4018 3429 4069 et
3464 4014 3671 4068 inclina

2023 4115 2213 4154 aurem
2243 4102 2418 4165 tuam,
2444 4099 2593 4154 807
2627 4108 2678 4154 et
2734 4099 3053 4157 obliviscere
3102 4102 3378 4173 populum
3415 4110 3592 4168 tuum,
3620 4108 3670 4156 et

2020 4187 2246 4244 domum
2274 4189 2448 4257 patris
2475 4188 2561 4243 tui
2593 4190 2708 4258 (Ps.
2742 4204 2890 4257 XLIV,
2927 4188 3036 4262 11).
3062 4190 3237 4256 Quasi
3260 4195 3432 4263 pater
3461 4190 3674 4263 quippe

2023 4275 2233 4348 ccepit:
2262 4275 2405 4330 Audi
2430 4275 2570 4346 ﬁlia.
2603 4275 2752 4348 Ergo
2800 4276 3064 4348 duplices
3089 4278 3272 4335 nostri
3293 4283 3497 4350 patres
3516 4282 3668 4336 sunt.

2023 4364 2135 4421 Sed
2158 4362 2738 4435 obliviscere,inquit,
2763 4363 3007 4422 domum
3030 4366 3212 4438 patris
3241 4366 3328 4422 tui
3352 4366 3588 4439 prioris.
3619 4365 3674 4421 Si

2023 4453 2205 4527 igitur
2217 4451 2435 4509 oblitus
2455 4454 2696 4508 domum
2716 4454 2899 4525 patris
2920 4454 3007 4509 tui
3028 4455 3241 4527 prioris
3262 4472 3480 4513 rursus
3501 4455 3676 4512 lueris

2021 4543 2094 4599 ad
2126 4545 2363 4614 peccata
2394 4540 3001 4608 conversus,incidisti
3032 4542 3091 4598 in
3126 4543 3183 4598 id
3216 4544 3376 4615 quod
3410 4561 3572 4600 nunc
3592 4543 3676 4599 di-

2023 4632 2179 4687 citur
2205 4633 2535 4702 peccatum,
2568 4629 2830 4686 Conversi
2855 4634 2985 4686 sunt
3005 4631 3075 4687 ad
3106 4634 3434 4703 iniquitates
3458 4641 3680 4706 patrum

2021 4736 2246 4776 suorum
2260 4718 2891 4792 priorum.Dicebamus
2906 4720 3128 4776 dudum
3142 4720 3431 4777 Zabulum
3451 4726 3677 4795 patrem

2025 4812 2291 4866 nostrum
2323 4807 2527 4873 fuisse,
2559 4810 2873 4879 antequam
2904 4812 3057 4865 Deus
3086 4809 3275 4865 factus
3304 4809 3386 4865 sit
3404 4814 3597 4882 pater,
3625 4807 3673 4864 si

2023 4949 2255 5006 quoque
2276 4930 2867 5006 e_rat,eod_em_Huetio
2898 4937 3045 4989 teste
3072 4951 3085 4989 :
3117 4935 3300 4989 Etiam
3343 4939 3401 4991 et
3431 4935 3520 4991 his
3535 4936 3674 5005 foris

2021 5002 2178 5062 sunt:
2201 5004 2399 5060 Audite
2426 5003 2589 5075 verba
2615 5002 2806 5059 divina
2828 5006 3175 5075 provocantis
3201 5021 3294 5061 vos
3320 5006 3395 5061 ad
3412 5002 3671 5072 salutem,

2023 5077 2188 5133 verba
2218 5076 2531 5131 testamenti
2556 5074 2742 5146 hujus,
2773 5074 2881 5146 etc.

2096 5149 2175 5232 (b)
2206 5147 2359 5232 Mss.”
2382 5146 2543 5232 Regii
2558 5144 2750 5232 penes
2778 5144 3077 5232 Huetium,
3099 5147 3366 5232 viriluda
3379 5162 3668 5232 vqcarnur:

2021 5223 2073 5276 et
2093 5216 2308 5274 inventi
2325 5216 2774 5289 fuerintinnobis
2792 5216 2924 5271 nodi
2930 5222 3271 5287 peccatorum
3285 5236 3304 5273 :
3318 5219 3415 5274 cui
3434 5217 3669 5275 lectioni

2025 5291 2143 5346 fere
2169 5286 2436 5361 proprior
2466 5286 2816 5361 estgGrtecus
2844 5286 3058 5361 textus.

2097 5358 2316 5433 (c)'Qu:§e
2336 5358 3028 5433 hino_subsequuntu_r_ad
3051 5359 3229 5416 ﬁnem
3250 5375 3443 5433 usque
3464 5374 3673 5432 perpe-

2024 5428 2158 5487 ram
2184 5448 2348 5487 nones
2377 5430 2438 5485 in
2471 5428 2682 5503 Isaiam
2740 5429 3027 5499 Homilies,
3062 5447 3190 5503 qua
3244 5428 3669 5503 Hieronymum

2024 5503 2397 5575 interpretem
2407 5500 3141 5575 #mentiunturmuntque‘a
3169 5502 3335 5559 nobis
3356 5501 3421 5556 in
3439 5500 3674 5575 Appen-

2024 5569 2572 5646 diceg'quarti‘Tomi
2631 5571 2820 5646 editis,
2878 5569 3197 5646 subjuncta
3249 5576 3405 5630 sunt
3429 5569 3683 5630 toti—dem

2022 5642 2219 5703 verbis
2247 5645 2321 5701 ad
2346 5644 2474 5715 ejus
2503 5642 2933 5702 mutilationem
2961 5642 3399 5720 supplendam.
