3978 6188
184 348 300 415 63⁵1

646 348 1139 415 TRANSLATIO
1184 343 1689 413 HOMILIABUM
1733 346 2103 412 ORIGENIS
2145 348 2226 413 IN
2268 348 2701 417 JEREMIAM.
2747 353 2943 418 HOM.
2987 351 3119 418 VII.

3462 344 3581 415 638

186 488 379 542 tamen
412 501 567 541 nunc
598 502 714 542 non
744 485 1032 542 habemus
1059 484 1237 541 etiam
1275 482 1560 540 Zabulum
1599 487 1825 555 patrem
1853 485 1910 553 Α
1937 486 2070 556 post
2093 484 2409 542 adventum
2438 486 2580 543 Jesu
2610 486 2825 544 Christi
2851 486 3092 560 impleta
3119 499 3249 543 esse
3277 503 3405 559 qua
3427 485 3584 544 dicta

184 575 339 646 quod
360 574 538 631 etiam
560 575 633 631 de
659 574 902 630 Joannis
923 572 1171 647 epistola
1189 573 1606 646 approbamus,
1628 571 1689 626 in
1711 586 1829 643 qua

1935 576 2075 628 sunt
2093 572 2454 630 mortiﬁcatis
2470 574 2752 631 membris
2767 574 2986 631 nostris
3001 591 3178 647 super
3191 577 3429 647 terram,
3445 570 3579 631 cum

183 662 264 719 ita
307 663 625 720 scribitur:
661 664 848 720 Omnis
890 665 987 735 qui
1012 666 1292 734 peccatum
1317 664 1474 735 facit,
1524 678 1598 717 ex
1624 660 1828 717 Zabulo
1928 660 2053 731 jam
2076 677 2191 717 non
2213 666 2486 734 operetur
2507 664 2613 733 [AL
2638 665 2934 736 operatur]
2952 667 3108 719 terra
3127 680 3303 737 opera
3318 680 3447 733 sua,
3463 680 3580 719 non

182 760 345 809 natus
373 757 451 809 est
480 752 664 823 (Joan.
697 768 782 823 ιιι,
815 755 890 819 8).
925 751 1123 808 Toties
1160 767 1231 808 ex
1258 749 1475 807 Zabulo
1505 748 1825 819 nascimur,

184 841 405 914 quoties
421 856 757 914 peccamus.
784 839 987 897 infelix
1004 840 1118 897 iste
1139 839 1238 913 qui
1262 856 1495 913 semper
1514 842 1829 912 generatur

185 946 219 987 a
242 930 476 987 Zabulo.
513 931 887 1003 Rursumque
933 930 1188 986 multum
1228 930 1437 985 beatus
1467 927 1568 1000 qui
1597 942 1830 999 semper

187 1037 252 1077 ex
276 1020 390 1076 Deo
422 1019 707 1076 nascitur.
750 1019 948 1091 Neque
977 1018 1135 1075 enim
1169 1018 1349 1075 semel
1379 1018 1569 1072 dicam
1593 1017 1825 1086 justum

188 1126 251 1166 ex
278 1110 390 1165 Deo
421 1114 652 1179 natum,
685 1109 786 1165 sed
816 1124 919 1180 per
946 1107 1182 1182 singula
1208 1108 1444 1163 virtutis
1470 1124 1646 1179 opera
1665 1122 1825 1162 sem-

190 1215 284 1271 per
300 1199 501 1269 justus
530 1196 801 1265 nascitur,
839 1197 992 1253 808
1041 1213 1110 1252 ex
1159 1201 1293 1252 Deo.
1349 1196 1466 1252 Hoc
1514 1199 1709 1251 autem
1763 1196 1829 1249 ut

191 1287 407 1362 plenius
450 1286 642 1360 possit
689 1286 943 1359 probari,
994 1285 1170 1341 etiam
1195 1285 1267 1341 de
1296 1283 1615 1341 Salvatoris
1641 1282 1828 1339 nostri

192 1376 526 1450 quotidiana
568 1374 871 1431 nativitate
900 1373 1188 1444 dicamus,
1219 1372 1443 1446 liquido
1472 1372 1531 1428 id
1564 1374 1623 1428 in
1643 1372 1826 1444 justis

191 1467 537 1523 abstinentes
568 1464 724 1535 quod
758 1464 820 1519 in
850 1463 1100 1519 Domino
1132 1460 1510 1536 pracesserit.
1564 1461 1827 1518 Salvator

190 1560 374 1612 noster
419 1552 703 1626 splendor
748 1556 838 1608 est
880 1551 1099 1625 gloria,
1154 1551 1431 1624 splendor
1482 1554 1678 1607 autem
1709 1567 1825 1606 non

190 1643 357 1702 semel
394 1641 681 1713 nascitur,
714 1645 770 1697 et
798 1640 1075 1713 deinceps
1095 1639 1312 1696 desinit
1333 1638 1535 1696 nasci:
1568 1639 1825 1711 quoties-

189 1748 430 1804 cumque
457 1736 655 1787 ortum
686 1729 861 1786 fuerit
888 1728 1091 1785 lumen
1123 1730 1223 1801 (a),
1273 1745 1342 1784 ex
1388 1744 1506 1800 quo
1553 1727 1827 1801 splendor

189 1823 381 1889 oritur,
431 1821 608 1877 toties
655 1820 841 1875 oritur
886 1821 944 1874 et
989 1817 1270 1890 splendor
1310 1815 1529 1888 gloria.
1563 1815 1828 1872 Salvator

191 1916 374 1968 noster
400 1908 692 1982 sapientia
719 1912 809 1964 est
845 1905 966 1963 Dei.
1018 1907 1318 1978 Sapientia
1364 1922 1496 1961 vero
1546 1904 1827 1978 splendor

191 2005 273 2057 est
296 1999 445 2056 lucis
475 2002 723 2053 aterna.
753 1996 848 2052 Sic
878 1995 1059 2068 igitur
1086 1994 1354 2051 Salvator
1381 2010 1613 2067 semper
1643 1994 1828 2050 nasci-

193 2094 296 2157 tur,
345 2092 404 2144 et
430 2087 650 2144 idcirco
681 2085 861 2142 dicit:
895 2086 1034 2140 Ante
1060 2101 1242 2140 omnes
1274 2083 1441 2141 colles
1467 2086 1689 2155 generat
1718 2099 1824 2151 me,

192 2195 319 2243 non,
349 2181 416 2233 ut
445 2175 689 2249 quidam
718 2172 873 2230 male
902 2172 1127 2246 legunt,
1156 2175 1456 2242 generavit.
1508 2173 1563 2227 Si
1597 2188 1830 2245 semper

192 2282 253 2323 ex
281 2269 450 2321 Patre
479 2262 744 2320 nascitur
772 2261 1078 2328 Dominus,
1107 2262 1283 2318 etiam
1314 2267 1378 2317 tu
1406 2261 1466 2318 in
1489 2260 1828 2317 similitudi-

193 2371 315 2411 nem
340 2355 471 2425 ejus
492 2356 724 2408 tantum
751 2350 1081 2423 adoptionis
1100 2350 1386 2422 scriptum
1406 2350 1653 2417 habens,
1675 2366 1831 2406 sem-

192 2460 288 2518 per
314 2441 615 2515 generaris
642 2457 677 2496 a
703 2440 821 2496 Deo
868 2456 972 2512 per
1019 2438 1285 2513 singulos
1328 2438 1680 2509 intellectus,
1728 2454 1833 2510 per

192 2532 417 2606 singula
442 2547 641 2604 opera,
663 2534 722 2586 et
740 2528 990 2586 efﬁceris
1009 2527 1168 2585 filius
1188 2528 1290 2585 Dei
1323 2528 1383 2583 in
1411 2527 1641 2583 Christo
1664 2527 1828 2597 Jesu,

193 2623 279 2678 cui
324 2625 415 2677 est
458 2619 649 2693 gloria
687 2623 745 2675 et
781 2617 1096 2691 imperium
1126 2618 1187 2673 in
1218 2616 1430 2673 sacula
1457 2615 1826 2673 saculorum.

194 2716 394 2767 Amen.
966 2731 978 2736 -

682 2812 983 2869 HOMILIA
1010 2812 1343 2868 SEPTIMA.

196 2905 270 2961 De
291 2922 360 2962 eo
388 2904 549 2977 quod
578 2901 865 2973 scriptum
895 2904 987 2977 est
1000 2918 1023 2977 _:
1055 2901 1435 2977 Extertninata
1461 2908 1544 2977 est
1572 2900 1834 2977 extermi-

260 2980 350 3033 nio
378 2971 560 3032 o'mnis
584 2971 771 3041 terra;
820 2977 878 3028 et
905 2972 964 3028 in
995 2971 1153 3028 istud
1179 2988 1193 3027 :
1234 2971 1568 3027 Cinctorium
1597 2971 1832 3043 (Jerem.

259 3066 358 3117 xu,
393 3049 481 3117 11,
514 3051 575 3102 et
601 3062 742 3112 xxn,
777 3044 849 3115 1).

260 3155 404 3211 807
460 3153 604 3217 Quis
633 3154 724 3208 est
750 3150 861 3207 iste
904 3150 1006 3222 qui
1055 3149 1237 3206 dicit:
1288 3154 1518 3222 Propter
1544 3151 1834 3205 meexter-

1936 749 2082 805 ﬁant
2101 752 2253 822 apud
2277 751 2510 821 justum
2541 768 2634 820 ea,
2666 753 2883 825 quibus
2903 757 3075 810 antea
3103 771 3235 810 caro
3258 754 3578 822 fovebatur,

1936 855 2053 894 non
2067 832 2391 907 fornicatio,
2407 857 2523 897 non
2546 842 2944 910 immunditia,
2959 860 3075 899 non
3089 844 3165 915 (ὁ)
3178 842 3334 898 ultra
3348 843 3582 899 luxuria

1936 944 2053 983 non
2079 928 2368 985 idolorum
2398 931 2668 997 servitus,
2701 949 2817 987 non
2848 932 3145 988 beneficia.
3178 932 3464 987 Dominus
3492 931 3576 987 lo-

1937 1017 2174 1088 quitur:
2208 1019 2349 1087 Quid
2375 1021 2600 1091 putatis,
2648 1022 2779 1093 quia
2808 1022 2934 1077 veni
2959 1037 3147 1093 pacem
3175 1026 3391 1077 mittere
3417 1038 3580 1093 super

1935 1116 2139 1162 terram
2157 1112 2183 1161 .9
2211 1109 2328 1163 Non
2356 1110 2481 1164 veni
2505 1125 2698 1180 pacem
2724 1112 2960 1178 mittere,
3008 1109 3100 1165 sed
3126 1110 3375 1181 gladium
3405 1110 3575 1182 (Matt.

1933 1194 2150 1266 xxxiv).
2168 1195 2312 1252 Vere
2330 1203 2645 1268 antequam
2664 1196 2760 1253 ille
2775 1198 3174 1265 descenderet,
3191 1215 3307 1254 non
3324 1202 3447 1254 erat
3461 1199 3582 1271 gla-

1934 1282 2066 1339 dius
2097 1301 2274 1356 super
2300 1289 2541 1354 terram,
2572 1302 2761 1358 neque
2790 1303 2924 1342 caro
2952 1287 3401 1359 concupiscebat
3428 1288 3583 1344 800

1936 1373 2216 1429 adversus
2233 1373 2530 1446 spiritum,
2551 1392 2742 1446 neque
2763 1375 3008 1448 spiritus
3027 1377 3307 1433 adversus
3324 1378 3582 1435 carnem.

1935 1462 2177 1527 Quando
2208 1466 2403 1519 autem
2434 1463 2608 1533 venit,
2652 1468 2711 1520 et
2737 1465 2927 1520 edocti
2958 1482 3190 1533 sumus,
3230 1483 3358 1538 qua
3389 1468 3585 1524 carnis

1910 1565 2134 1621 ~quave
2163 1552 2282 1607 sint
2308 1552 2572 1624 spiritus,
2614 1558 2672 1609 et
2698 1554 2965 1611 doctrina
2991 1555 3121 1626 ejus
3152 1556 3321 1628 quasi
3347 1555 3593 1629 gladius.

1934 1637 2242 1696 immissus
2266 1640 2465 1697 divisit
2486 1658 2741 1713 carnem,
2773 1641 2830 1698 id
2854 1647 2944 1699 est
2963 1648 3180 1700 terram
3202 1662 3236 1700 a
3254 1645 3488 1718 spiritu,
3522 1648 3582 1701 et

1934 1729 2341 1785 exterminavit
2367 1746 2497 1786 eam
2527 1731 2601 1803 (Il
2625 1731 2749 1788 Cor.
2772 1749 2849 1797 ιν,
2875 1732 2985 1805 10),
3020 1733 3162 1805 quia
3181 1733 3578 1791 mortificatio-

1933 1833 2068 1872 nem
2087 1817 2118 1872 J
2126 1834 2230 1874 esu
2262 1818 2473 1874 Christi
2499 1818 2971 1876 circumferimus
2995 1820 3053 1876 in
3084 1826 3324 1894 Corpore
3353 1827 3577 1892 nostro,

1933 1909 1992 1960 et
2020 1922 2139 1962 non
2158 1906 2407 1963 vivimus
2427 1907 2583 1964 ultra
2601 1909 2777 1980 juxta
2796 1925 3055 1976 carnem,
3087 1910 3227 1967 vivit
3245 1916 3440 1968 autem
3463 1911 3582 1985 spi-

1934 1994 2106 2062 ritus,
2140 1999 2199 2051 et
2226 1996 2589 2053 seminamus
2612 2015 2726 2054 non
2749 1998 2806 2053 in
2830 2015 3022 2071 carne,
3050 2000 3152 2057 sed
3173 2000 3233 2055 in
3257 2000 3490 2073 spiritu,
3521 2004 3589 2057 ut.

1935 2100 2050 2139 non
2078 2089 2370 2142 metamus
2390 2086 2821 2159 corruptionem
2843 2088 2915 2143 de
2935 2105 3129 2160 carne,
3154 2089 3255 2145 sed
3279 2089 3350 2145 de
3370 2089 3584 2163 spiritu

1933 2173 2114 2229 vitam
2146 2178 2420 2230 aternam
2452 2175 2648 2247 (Galat.
2680 2192 2759 2242 vr,
2791 2177 2869 2249 8).
2902 2177 3127 2234 Dicitur
3155 2181 3352 2234 autem
3380 2195 3599 2252 pecca—.

1936 2262 2163 2318 toribus
2198 2279 2211 2318 :
2264 2262 2556 2320 Seminatis
2601 2267 2866 2337 triticum,
2918 2274 2969 2322 et
3005 2269 3196 2338 spinas
3222 2269 3423 2324 metitis
3452 2268 3584 2341 (Jer.

1936 2367 2039 2418 xu,
2075 2351 2184 2423 13).
2215 2352 2322 2415 Qui
2351 2352 2508 2408 enim
2539 2369 2728 2424 neque
2749 2354 2921 2424 juxta
2949 2355 3309 2412 voluntatem
3332 2356 3591 2429 Scriptu-

1938 2456 2160 2508 rarum,
2193 2456 2382 2511 neque
2403 2441 2575 2512 juxta
2604 2441 2739 2497 ﬁdei
2768 2443 3069 2498 veritatem
3102 2444 3321 2514 profert
3349 2443 3585 2516 eloquia

1939 2529 2062 2595 Dei,
2096 2528 2347 2585 seminat
2374 2530 2657 2597 triticum,
2706 2535 2764 2586 et
2806 2530 2973 2587 metit
3000 2531 3223 2603 spinas.
3255 2536 3377 2588 Hoc
3406 2533 3582 2589 hare-

1938 2617 2039 2674 tici
2066 2617 2289 2674 faciunt
2319 2618 2419 2690 qui
2452 2617 2659 2691 legunt
2685 2618 3040 2691 Scripturas,
3072 2623 3130 2676 et
3157 2621 3357 2693 spinas
3379 2638 3496 2678 non
3518 2622 3590 2678 de

1944 2705 2113 2763 libris
2135 2707 2375 2775 sanctis,
2400 2708 2503 2763 sed
2523 2708 2596 2764 de
2616 2707 2867 2780 propriis
2889 2708 3163 2764 sensibus
3181 2712 3428 2766 metunt.
3449 2710 3595 2767 Cleri

1940 2810 2132 2851 eorum
2158 2811 2272 2851 non
2298 2796 2601 2867 proderunt
2629 2798 2726 2852 eis.
2757 2800 2891 2851 Hac
2920 2800 3053 2852 ante
3075 2813 3168 2853 me
3187 2796 3284 2853 alii
3305 2813 3593 2870 exposue-

1943 2888 2102 2961 runt,
2133 2888 2192 2940 et
2211 2884 2350 2956 quia
2373 2901 2487 2941 non
2515 2885 2782 2958 improbo
2805 2885 3344 2958 interpretationem
3363 2903 3586 2958 eorum,

1942 2973 2315 3029 consentiens
2344 2974 2611 3030 eamdem
2644 2975 2892 3046 profero,
2923 2991 3041 3030 non
3070 2975 3240 3048 quasi
3272 2975 3398 3047 ipse
3426 2992 3589 3047 repe-

1944 3061 2142 3130 rerim,
2193 3062 2295 3118 sed
2326 3066 2555 3134 reperta
2575 3063 2702 3135 jam
2735 3066 3021 3135 repetens,
3074 3068 3141 3119 ut
3169 3063 3316 3119 mihi
3349 3063 3586 3136 pariter,

1943 3150 2225 3223 vobisque
2257 3152 2582 3208 conducat:
2615 3152 2665 3208 si
2685 3156 2883 3208 tamen
2906 3168 3033 3224 qua
3053 3152 3300 3208 dicenda
3323 3157 3482 3221 sunt,
3506 3153 3592 3209 in-

192 3249 403 3300 menata
430 3246 514 3298 est
538 3241 867 3298 exterminio
887 3241 1065 3295 omnis
1086 3246 1240 3295 terra
1259 3242 1286 3292 .9
1315 3237 1582 3294 Christus
1606 3238 1727 3293 hac
1747 3237 1829 3294 ιο·
1861 3225 1904 3292 C
1942 3242 2141 3295 tentus
2187 3239 2423 3296 animus
2472 3240 2746 3313 excipiat.
2784 3239 2900 3297 Nos
2930 3240 3031 3313 qui
3063 3244 3341 3313 putamur
3369 3240 3590 3314 aliquid

192 3333 418 3405 quitur:
443 3348 585 3387 nam
608 3335 741 3386 ante
761 3329 1075 3385 adventum
1092 3329 1222 3398 ejus
1238 3326 1427 3383 multa
1442 3326 1678 3399 quidem
1704 3343 1833 3399 pec-

188 3427 310 3478 cata
327 3423 572 3479 fuerunt
592 3420 651 3474 in
679 3417 890 3491 populo
922 3416 1122 3486 Israel,
1153 3417 1253 3472 sed
1283 3416 1568 3473 Dominus
1596 3415 1835 3472 veniens

186 3510 484 3583 prohibuit
530 3507 695 3578 talia,
747 3512 811 3562 ut
848 3507 1082 3580 penitus
1131 3505 1621 3578 relinquerentur,
1670 3509 1727 3560 et
1772 3505 1833 3560 in

182 3598 412 3673 longam
461 3598 833 3654 traderentur
879 3594 1296 3668 captivitatem.
1351 3595 1592 3660 Quando
1637 3598 1833 3649 autem

180 3688 620 3762 compleverunt
648 3700 989 3741 mensuram
1020 3689 1254 3755 patrum
1285 3700 1550 3752 suorum,
1581 3687 1639 3738 et
1667 3682 1832 3738 addi-

177 3778 389 3833 derunt
408 3776 484 3832 ad
505 3773 858 3831 occisionem
880 3773 1320 3844 prOpbetarum,
1348 3772 1835 3842 persecutionem-

176 3882 291 3938 que
330 3868 658 3938 justorum,
708 3867 765 3918 et
810 3860 1125 3918 Salvatoris
1155 3861 1643 3927 interfectionem,
1692 3865 1834 3917 tunc

176 3954 542 4027 completum
559 3956 652 4008 est
671 3968 685 4007 :
707 3953 1026 4009 Dimittetur
1040 3950 1186 4005 vobis
1202 3950 1396 4005 domus
1414 3958 1584 4005 vestra
1599 3948 1831 4005 deserta.

169 4044 249 4100 Et
279 4044 425 4116 quia
453 4041 559 4098 iste
589 4041 663 4097 ab
694 4038 800 4108 eis,
839 4056 965 4112 qua
993 4039 1053 4094 in
1084 4038 1394 4111 Evangelio
1425 4037 1643 4110 scripta
1671 4043 1832 4109 sunt,

168 4148 394 4204 passus
440 4134 572 4186 est:
623 4128 843 4184 idcirco
892 4143 1048 4183 nunc
1078 4127 1330 4184 dicitur:
1363 4128 1708 4184 Exterminio
1735 4143 1833 4184 ex-

175 4223 487 4277 terminata
532 4222 616 4274 est
663 4220 848 4274 omnis
894 4224 1063 4273 terra.
1100 4216 1254 4272 808
1282 4216 1445 4281 Quod
1477 4216 1528 4272 si
1558 4216 1833 4273 subtilius

174 4310 429 4366 volueris
458 4306 824 4379 intelligere:
864 4308 1094 4377 Propter
1120 4321 1207 4361 me
1235 4306 1601 4361 exterminata
1629 4310 1709 4361 est
1736 4322 1834 4362 ex-

179 4401 436 4455 terminio
464 4398 650 4454 omnis
679 4403 866 4451 terra:
913 4393 1221 4450 considera
1250 4410 1380 4450 eam
1412 4410 1541 4466 qua
1569 4393 1631 4449 in
1660 4399 1717 4451 te
1745 4399 1836 4451 est

182 4488 475 4560 quomodo
524 4483 913 4542 exterminata
962 4482 1040 4538 sit
1084 4486 1258 4550 terra,
1308 4486 1366 4538 et
1401 4487 1544 4538 tunc
1587 4482 1831 4554 videbis,

1942 3344 2093 3395 esse,
2123 3328 2182 3384 id
2216 3332 2325 3397 est,
2357 3328 2460 3401 qui
2485 3329 2546 3384 in
2569 3329 2881 3386 clericatus
2900 3330 3065 3386 vobis
3088 3330 3294 3386 ordine
3318 3331 3593 3402 praside-

1944 3434 2100 3484 mus,
2132 3417 2428 3474 intantum
2457 3423 2524 3475 ut
2544 3418 2781 3490 quidam
2806 3419 2877 3474 de
2897 3417 3110 3475 minori
3130 3419 3315 3491 gradu
3335 3420 3409 3475 ad
3435 3419 3594 3477 hunc

1941 3505 2133 3562 locum
2166 3507 2405 3578 cupiant
2435 3508 2753 3579 pervenire,
2788 3524 2962 3564 nosse
2993 3508 3215 3564 debetis
3245 3524 3360 3563 non
3392 3509 3590 3564 statim

1942 3594 2002 3649 in
2033 3611 2099 3650 eo
2129 3610 2258 3650 esse
2301 3594 2634 3665 salvandos,
2685 3596 2825 3668 quia
2869 3594 3060 3651 clerici
3112 3612 3368 3663 sumus;
3421 3595 3589 3652 multi

1942 3681 2099 3738 enim
2131 3687 2188 3739 et
2219 3684 2537 3756 presbyteri
2582 3688 2847 3757 pereunt,
2896 3688 2955 3739 et
2982 3683 3114 3739 laici
3146 3683 3471 3740 beatissimi
3501 3701 3588 3741 re-

1941 3771 2285 3843 periuntur;
2329 3773 2428 3828 sed
2464 3772 2516 3828 si
2541 3772 2805 3828 ordinem
2836 3772 3144 3828 clericatus
3173 3776 3231 3827 et
3260 3789 3591 3829 mereamur

1942 3860 2177 3932 pariter,
2210 3865 2268 3917 et
2297 3860 2804 3924 habeamus.Quia
2833 3861 3012 3933 igitur
3040 3864 3180 3917 sunt
3207 3861 3450 3933 quidam
3479 3860 3591 3918 cle-

1943 3948 2049 4003 rici
2080 3966 2197 4005 non
2225 3948 2310 4005 ita
2334 3949 2615 4019 viventes,
2658 3954 2724 4004 ut
2753 3953 2809 4004 et
2838 3948 2952 4022 ipsi
2999 3966 3070 4005 ex
3113 3949 3317 4005 ordine
3355 3950 3587 4022 capiant

1944 4037 2220 4107 fructum,
2271 4042 2329 4094 et
2358 4042 2701 4094 ornamento
2731 4054 2849 4094 sua
2881 4038 3001 4094 sint
3028 4037 3300 4111 dignitati
3326 4056 3339 4094 :
3372 4038 3588 4095 idcirco

1943 4126 2109 4183 aiunt
2125 4127 2225 4198 qui
2242 4131 2638 4199 exposuerunt
2652 4126 2994 4200 prophetam
3008 4126 3078 4200 (c)
3096 4124 3252 4183 nunc
3267 4126 3553 4185 dicentem
3572 4145 3586 4184 :

1943 4215 2090 4272 Cleri
2114 4233 2298 4272 eorum
2328 4232 2441 4273 non
2465 4216 2769 4288 proderunt
2795 4217 2875 4272 eis
2905 4218 3033 4286 (Jer.
3068 4234 3172 4288 x11,
3208 4217 3296 4286 13)
3321 4234 3334 4285 ;
3366 4216 3589 4274 utilitas

1943 4304 2161 4377 quippe
2181 4303 2489 4361 clericatus
2510 4321 2623 4360 non
2648 4304 2705 4359 in
2728 4321 2794 4361 eo
2816 4309 2924 4371 est,
2960 4304 3009 4360 si
3037 4303 3249 4377 aliquis
3271 4306 3333 4361 in
3356 4306 3590 4378 agmine

1943 4393 2144 4449 sedeat
2171 4393 2663 4465 presbyterorum,
2698 4394 2798 4449 sed
2830 4393 3064 4464 sijuxta
3082 4392 3275 4450 locum
3303 4410 3500 4463 suum,
3531 4397 3590 4449 et

1937 4481 2105 4551 juxta
2124 4486 2410 4553 pracepta
2428 4481 2657 4537 Domini
2679 4482 2895 4554 dignus
2915 4481 3165 4538 incedat.
3187 4482 3423 4550 Verum,
3447 4481 3588 4537 cha-

249 4612 325 4683 (a)
350 4606 1174 4687 Ead_e_m,annotante_liu_etio
1200 4606 1688 4687 Qrigenianorum
1726 4606 1829 4687 lib.
1865 4596 1910 4661 D
1940 4608 2247 4687 substantia
2266 4607 2470 4687 Patris.
2501 4605 2864 4687 Augustinus
2886 4605 3010 4687 ipse
3031 4604 3465 4687 cqmparatio'ne
3489 4620 3587 4687 e_a-

183 4681 236 4748 2,
258 4677 428 4739 num.
458 4680 751 4747 24,utitur
780 4678 1175 4735 similitudine
1200 4677 1599 4733 Tertullianus
1628 4677 1832 4748 Apolo-

188 4758 320 4823 εει,
352 4770 482 4826 cap.
511 4754 581 4807 21
608 4769 622 4807 :
670 4752 858 4826 Etiam
895 4766 1021 4826 cum
1046 4749 1241 4826 radius
1268 4766 1339 4826 ex
1365 4749 1478 4805 sole
1504 4749 1828 4826 porrigitur,

186 4820 357 4895 portio
385 4820 457 4882 ex
482 4839 719 4879 summa.
753 4821 859 4877 Sed
883 4822 970 4895 sol_
991 4822 1097 4877 erit
1124 4823 1183 4895 in
1215 4820 1391 4895 radio,
1434 4820 1725 4895 quia‘solis
1753 4828 1832 4895 est

189 4891 393 4963 radius,
423 4912 527 4952 nec
552 4897 857 4964 separatur
880 4893 1209 4964 substantia,
1240 4892 1335 4947 sed
1357 4891 1694 4964 extenditur.
1750 4894 1833 4964 ita

192 4965 261 5039 de
292 4962 502 5039 Spiritu
538 4962 792 5037 spiritus,
840 4968 899 5039 et
922 4963 988 5039 de
1006 4964 1120 5039 Deo
1149 4964 1314 5039 Deus,
1343 4971 1405 5039 ut
1433 4963 1620 5039 lumen
1646 4963 1710 5018 de
1742 4962 1831 5039 lu-

193 5033 341 5095 mine
362 5033 646 5094 ascensum
667 5053 686 5089 :
715 5038 904 5091 manet
932 5036 1147 5103 integra
1191 5039 1241 5089 et
1292 5033 1557 5104 indefecta
1599 5036 1835 5090 materia

194 5112 408 5176 matrix,
445 5110 546 5165 etsi
572 5108 759 5178 plures
787 5107 929 5178 inde,
950 5106 1197 5161 traduces
1225 5106 1513 5178 qualitatis
1539 5106 1829 5161 mutueris.

200 5180 268 5252 ita
294 5185 345 5235 et
372 5180 514 5252 quod
542 5176 611 5233 de
645 5179 752 5233 Deo
777 5176 1102 5252 Apro/tectum
1153 5176 1251 5252 est,
1302 5181 1445 5252 Deus
1491 5185 1591 5243 est,
1638 5180 1721 5252 et__
1734 5177 1836 5252 Dei

196 5247 395 5313 Filius.‘
421 5254 476 5306 et
502 5266 646 5305 unus
674 5247 855 5305 ambo.
893 5247 1128 5314 Quibus
1158 5248 1280 5303 hac
1310 5248 1599 5304 adsonant
1626 5264 1657 5303 ο
1686 5247 1833 5303 libro

197 5328 388 5379 contra
414 5321 694 5377 Praxeam
737 5336 861 5390 cap.
907 5321 964 5386 9,
1015 5321 1182 5375 Pater
1226 5327 1334 5375 tota
1380 5320 1684 5374 substantia
1733 5327 1830 5374 est.

194 5397 364 5452 Pilius
390 5410 520 5450 vero
547 5392 814 5449 derivatio
846 5392 1009 5446 totius
1037 5399 1088 5446 et
1115 5393 1332 5463 portio,
1351 5391 1639 5463 sicutipse
1664 5390 1832 5462 pro/i-

195 5474 334 5524 tetur
360 5485 380 5522 :
432 5466 577 5534 Quia
614 5467 783 5520 Pater
825 5462 1006 5534 major
1034 5460 1238 5518 me'est.
1292 5461 1453 5517 Unde
1498 5460 1680 5530 liquet
1717 5477 1833 5532 quo

193 5556 367 5597 sensu
395 5536 605 5592 dixerit
628 5552 642 5590 :
671 5537 890 5590 Patrem
919 5540 971 5590 et
993 5535 1201 5590 Filium
1223 5535 1273 5589 et
1292 5534 1559 5605 Spiritum
1579 5536 1831 5589 sanctum

191 5615 354 5668 unius
384 5624 497 5665 esse
522 5607 857 5673 substantia,
888 5609 945 5661 et
971 5607 1141 5661 unius
1168 5608 1360 5672 status,
1410 5611 1462 5660 et
1492 5606 1658 5659 unius
1682 5608 1832 5676 pote-

190 5685 366 5751 statis,
415 5684 472 5738 et
512 5679 726 5738 Filium
776 5693 889 5735 non
933 5676 1159 5735 aliunde
1203 5676 1469 5735 deducere
1495 5692 1551 5733 se
1577 5674 1743 5749 quam
1768 5674 1834 5733 de

1941 4678 2074 4749 dem
2103 4677 2539 4749 generationem
2569 4675 2741 4731 Verbi
2772 4675 3241 4749 explicat_l_ib.’v1
3274 4676 3344 4731 de
3373 4675 3579 4749 Trinit.

1936 4748 2065 4820 ipso
2090 4746 2287 4820 initio,
2316 4748 2417 4805 sed
2442 4764 2558 4803 non
2581 4749 2783 4820 eadem
2798 4748 2942 4820 inde
2963 4746 3183 4819 colligit
3207 4764 3219 4803 :
3253 4751 3371 4816 Ipse
3399 4748 3585 4820 Arius,

1937 4817 2152 4890 inquit,
2185 4820 2393 4875 dixisse
2419 4822 2601 4890 fertur
2622 4835 2635 4890 :
2668 4817 2729 4873 Si
2747 4819 2901 4887 ﬁlius
2920 4826 3017 4884 est,
3039 4817 3205 4873 natus
3225 4820 3332 4873 est:
3355 4819 3407 4872 si
3422 4825 3588 4890 natus

1938 4888 2038 4955 est,
2068 4899 2184 4945 erat
2211 4888 2426 4954 tempus
2450 4889 2666 4960 quando
2692 4905 2806 4943 non
2836 4893 2954 4944 erat
2982 4890 3164 4946 Filius
3182 4905 3204 4950 ;
3232 4904 3344 4943 non
3370 4888 3587 4943 intelli-

1938 4978 2092 5033 gens,
2123 4962 2293 5016 etiam
2320 4969 2513 5016 natum
2541 4976 2671 5027 esse,
2705 4962 2810 5015 Deo
2839 4962 3235 5033 sempiternum
3261 4975 3395 5033 esse,
3427 4963 3493 5033 ut
3514 4962 3589 5015 sit

1940 5031 2235 5089 coaeternus
2263 5033 2420 5087 Patri
2458 5033 2658 5097 Filius,
2709 5034 2851 5087 sicut
2896 5031 3168 5101 splendor,
3200 5033 3296 5102 qui
3336 5031 3589 5100 gignitur

1941 5105 2007 5159 ab
2037 5105 2184 5171 igne,
2215 5107 2381 5174 atque
2407 5103 2761 5174 diffunditur,
2790 5117 3003 5159 coaevus
3032 5103 3126 5158 illi
3152 5106 3254 5168 est,
3282 5106 3336 5158 et
3349 5105 3484 5158 esset
3506 5118 3590 5159 co-

1942 5184 2202 5241 aternus,
2228 5176 2280 5229 si
2307 5180 2443 5229 esset
2472 5176 2621 5243 ignis
2648 5178 2904 5229 alemus.

2012 5246 2086 5326 ςὺ)
2120 5246 2228 5300 Pro
2255 5247 2405 5326 ultra
2435 5242 2682 5326 luxuria,
2706 5246 2969 5326 quodex
2997 5242 3585 5326 itabano'bicrescri-

1943 5314 2193 5389 psimus,
2215 5316 2420 5372 vitiose
2442 5317 2498 5372 in
2523 5314 2778 5389 vulgatis
2798 5316 3114 5381 obtinebat,
3138 5314 3400 5389 adulterii
3418 5315 3586 5389 luxu-

1942 5381 2050 5444 ria.
2084 5381 2470 5444 Dissentiebat
2500 5381 2717 5443 verouet
2745 5388 2998 5459 Gracus,
3022 5405 3120 5459 oux
3150 5381 3586 5459 daélyazaﬁpsa-

1942 5476 2057 5531 que
2086 5459 2367 5515 orationis
2397 5459 2578 5531 series
2608 5459 2755 5531 ratio
2786 5458 3143 5531 concinnior.

2012 5531 2083 5595 (c)
2112 5531 2250 5586 Mss.
2285 5530 2446 5601 Regii
2472 5531 2625 5601 apud
2657 5530 2952 5599 Huetium,
2985 5532 3083 5600 qui
3105 5532 3470 5600 exposuerunt
3499 5544 3583 5593 ea,

1940 5618 2061 5673 qua
2087 5603 2353 5674 propheta
2380 5601 2723 5674 nuncrdixit.
2766 5601 3059 5673 Rabanus,
3091 5601 3189 5672 qui
3217 5604 3587 5673 exposuerunt

1944 5672 2263 5746 prophetam
2293 5673 2457 5742 hunc,
2488 5672 2651 5730 dixit.
