3978 6188
389 333 509 402 639

386 471 629 544 rissimi,
663 470 845 530 nolite
872 472 1078 545 putare
1106 469 1218 529 hoc
1257 472 1423 528 8.10
1459 473 1692 527 tantum
1744 471 1815 527 de
1863 470 2031 527 nobis
2064 468 2117 533 Α

384 580 514 621 esse
547 563 770 619 dictum
796 580 811 631 ;
842 565 899 618 et
918 578 1046 632 nos,
1079 566 1139 618 et
1155 578 1258 618 vos
1279 566 1616 618 commonet
1632 560 1829 617 divina
1852 561 2035 632 maje-

386 656 604 721 stas,ut
617 653 784 723 juxta
824 652 1261 724 Scripturarum
1288 655 1574 723 praecepta
1592 651 1876 715 vivamus,
1906 655 1963 705 et
1984 649 2034 704 si

386 741 471 799 sic
493 740 725 813 expedit
743 741 934 796 dicere
959 757 971 796 :
1001 745 1250 797 Potentes
1266 744 1516 813 potenter
1534 745 1805 796 tormenta
1823 742 2035 812 patien-

382 834 475 887 tur
506 829 618 901 [AL
649 830 983 901 patiuntur].
1022 829 1155 886 Plus
1184 847 1219 885 a
1248 846 1339 885 me
1368 830 1622 902 exigitur
1650 846 1827 901 quam
1855 846 1887 883 a
1908 829 2032 884 dia-

384 935 530 976 cono
579 920 722 988 [Mss.
772 921 898 990 Reg.
951 920 1218 989 Zacono],
1274 919 1406 990 plus
1438 935 1472 974 a
1501 918 1745 974 diacono
1777 934 1953 991 quam
2000 935 2033 973 a

381 1008 550 1065 laico.
575 1008 682 1074 Qui
705 1025 835 1063 vero
858 1007 1038 1063 totius
1063 1008 1327 1063 Ecclesiae
1351 1024 1541 1063 arcem
1565 1009 1641 1079 (a)
1663 1008 1903 1074 obtinet,
1928 1024 2031 1079 pro

385 1098 545 1153 omni
568 1096 823 1153 Ecclesia
850 1097 1052 1152 reddet
1070 1097 1373 1153 rationem.
1401 1102 1643 1168 Propter
1665 1096 1773 1152 hoc
1798 1101 2028 1168 aposto-

388 1186 482 1242 lus
510 1186 729 1242 Paulus
759 1186 1045 1257 (videlicet
1075 1190 1140 1241 ut
1168 1187 1218 1242 is
1248 1186 1342 1241 cui
1386 1186 1613 1241 fuerant
1659 1184 1842 1240 multa
1873 1202 2029 1240 com-

393 1276 598 1343 missa)
651 1275 875 1331 aiebat:
927 1274 1018 1330 Sic
1044 1290 1141 1330 nos
1169 1276 1445 1331 existimet
1472 1276 1628 1330 homo
1658 1278 1718 1329 ut
1746 1276 2033 1330 ministros

397 1364 626 1430 Christi,
651 1368 701 1419 et
728 1364 1125 1434 dispensatores
1152 1372 1622 1419 sacramentorum
1643 1365 1757 1419 Dei.
1786 1365 1883 1419 Hic
1910 1365 2033 1435 jam

386 1455 657 1525 quaeritur
702 1454 848 1509 inter
886 1452 1298 1523 dispensatores,
1332 1458 1395 1507 ut
1427 1452 1601 1512 ﬁdelis
1628 1455 1753 1524 quis
1780 1454 2031 1508 invenia-

385 1545 479 1599 tur
524 1541 569 1612 (Ι
602 1542 723 1598 Cor.
759 1541 857 1612 ιν).
907 1541 1208 1597 Intantum
1256 1557 1455 1597 rarum
1504 1545 1594 1597 est
1642 1542 1861 1597 bonum
1911 1540 2031 1595 dis-

385 1634 755 1704 pensatorem
800 1629 1078 1695 invenire,
1120 1634 1186 1685 ut
1211 1630 1405 1696 Jesus,
1439 1630 1538 1702 qui
1572 1634 1885 1702 antequam
1906 1630 2030 1685 ‘ori-

383 1724 587 1776 rentur
614 1736 683 1776 ea
703 1736 829 1791 quin
858 1723 1026 1774 erant
1046 1720 1243 1774 futura
1262 1724 1627 1791 cognoverat,
1657 1718 2026 1790 loqueretur:

388 1809 520 1903 quis
545 1812 708 1903 putas
728 1816 806 1903 est
824 1806 1005 1878 ﬁdelis
1032 1808 1379 1903 dispensator
1397 1812 1450 1863 et
1468 1810 1711 1903 sapiens,
1733 1824 1892 1879 quem
1911 1823 2035 1862 con-
2064 1838 2117 1903 Β

385 1899 564 1954 stituit
595 1898 857 1952 Dominus
884 1913 1051 1968 super
1077 1897 1359 1968 familiam
1408 1913 1587 1962 suam,
1638 1896 1769 1952 dare
1806 1898 1866 1951 in
1899 1904 2035 1951 tem-

380 2002 516 2059 pore
542 1986 1056 2041 cibariaconservis
1085 1988 1247 2041 suis?
1294 1986 1444 2057 (Luc.
1478 2002 1579 2053 χιι,
1627 1986 1741 2057 42.)
1792 1985 1859 2040 Et
1904 1990 2045 2058 post:

385 2074 670 2148 pusillum
682 2078 960 2129 causatus
972 2074 1043 2129 de
1056 2074 1410 2145 quibusdam
1429 2073 1935 2146 dispensatoribus
1951 2075 2034 2129 in-

385 2162 531 2220 tulit
555 2163 755 2219 dicens
779 2179 791 2218 :
826 2162 889 2218 Si
915 2171 1094 2218 autem
1128 2164 1368 2235 incipiat
1397 2164 1581 2218 malus
1608 2179 1802 2219 servus
1823 2163 2029 2218 dicere:

385 2253 628 2310 Maratur
653 2252 906 2309 dominus
932 2269 1088 2307 meus
1114 2254 1323 2317 venire,
1357 2261 1409 2307 et
1440 2255 1661 2324 eruperit
1685 2253 1891 2308 ccedere
1917 2268 2031 2307 ser-

383 2358 483 2399 vos
499 2345 552 2398 et
570 2342 830 2413 ancillas,
855 2341 1220 2410 et'comedere,
1247 2350 1299 2397 et
1321 2342 1524 2407 bibere,
1554 2350 1605 2397 et
1626 2342 1919 2412 inebriari,
1942 2358 2032 2396 ve-

383 2433 481 2488 nit;
497 2430 752 2487 dominus
780 2431 928 2486 servi
956 2430 1114 2485 illius
1144 2432 1207 2486 in
1233 2429 1322 2485 die
1342 2446 1451 2501 qua
1469 2446 1579 2486 non
1600 2432 1801 2502 sperat,
1823 2438 1875 2486 et
1896 2430 2035 2485 hora

383 2520 711 2593 qua-nescit,
742 2527 794 2574 et
819 2518 1016 2574 dividit
1042 2520 1224 2584 illum,
1257 2522 1310 2574 et
1332 2524 1550 2590 partem
1582 2520 1740 2575 illius
1767 2535 1891 2574 cum
1912 2519 2035 2590 inﬁ-

386 2609 597 2665 delibus
621 2609 778 2680 ponit
808 2608 963 2679 (Luc.
994 2625 1093 2679 xu,
1129 2608 1217 2676 45,
1250 2608 1359 2680 46).
1392 2612 1524 2664 Haec
1542 2608 1600 2663 in
1622 2625 1689 2665 eo
1710 2608 1865 2680 quod
1888 2608 2031 2664 scri-

388 2700 709 2769 ptumest:
746 2695 895 2752 Cleri
922 2712 1110 2752 eorum
1128 2711 1239 2751 non
1254 2696 1556 2768 proderunt
1584 2699 1681 2752 eis.
1714 2696 2033 2752 Videamus

388 2789 588 2842 autem
605 2789 667 2840 et
688 2784 930 2857 reliquis
951 2785 1342 2841 necessariam
1362 2785 1805 2858 corr-optionem,
1830 2802 2033 2857 quam,

389 2878 461 2932 ut
486 2874 631 2930 mihi
656 2873 904 2940 videtur,
936 2873 996 2928 in
1027 2873 1232 2929 morali
1265 2873 1390 2930 loco
1419 2874 1702 2930 debemus
1731 2874 1992 2946 accipere
2018 2890 2031 2930 :

389 2962 810 3034 Confmdimmi
820 2979 863 3017 -a
875 2962 1204 3033 gloriatione
1222 2967 1415 3027 vestra,
1432 2964 1502 3018 ab
1520 2963 1804 3035 opprobrio
1826 2964 1886 3018 in
1907 2979 2035 3018 con-

387 3057 588 3125 spectus
617 3052 839 3108 Domini
886 3052 1016 3123 (ler.
1058 3067 1160 3118 xu,
1194 3051 1304 3123 13).
1349 3050 1529 3107 Multa
1559 3051 1785 3108 suntin
1816 3051 2035 3123 quibus

387 3140 706 3214 gloriantes
734 3139 1136 3211 insipientiam
1165 3144 1425 3195 nostram
1448 3140 1835 3195 ostendimus.
1858 3139 2031 3194 Verbi

386 3206 593 3303 gratia,
625 3228 676 3284 si
705 3228 806 3300 qui
834 3206 894 3283 in
925 3227 1129 3284 multis
1159 3227 1631 3300 possessionibus
1681 3227 2027 3300 gloriantur,
2063 3206 2106 3274 Ο

387 3317 605 3373 dicitur
618 3316 704 3373 eis
727 3334 741 3372 :
776 3316 1197 3388 Confundimini
1215 3333 1250 3372 a
1266 3317 1597 3387 gloriatione
1614 3324 1814 3372 vestra.
1848 3316 1907 3371 Si
1932 3316 2028 3388 qui

387 3406 715 3480 gloriantur
759 3406 819 3461 in
866 3405 1100 3478 generis
1154 3405 1474 3474 nobilitate,
1524 3404 1741 3461 dicitur
1789 3405 1861 3460 ad
1893 3421 2028 3461 eos:

391 3495 807 3568 Confundimini
815 3495 1186 3566 agloriatione
1194 3497 1390 3550 vestra.
1407 3494 1462 3550 Si
1481 3494 1579 3565 qui
1591 3493 1937 3563 jactabundi
1950 3494 2035 3549 in-

388 3586 603 3643 cedunt
632 3584 738 3657 [AL
771 3583 905 3655 quis
933 3582 1305 3640 laetabundus
1336 3582 1577 3652 incedis]
1611 3597 1790 3653 super
1817 3582 2036 3654 pretio-

389 3673 647 3731 sissimis
664 3672 949 3743 vestibus,
973 3687 1149 3744 super
1168 3672 1343 3728 domo
1367 3670 1569 3727 multis
1589 3678 1864 3727 exornata
1887 3671 2034 3726 divi-

387 3763 511 3835 tiis,
542 3761 735 3819 aliena
759 3766 849 3819 est
873 3761 1088 3834 quippe
1108 3761 1185 3834 (b)
1210 3760 1332 3817 haec
1350 3759 1617 3833 gloriatio
1639 3777 1673 3814 a
1693 3759 2037 3832 gloriatione

389 3857 748 3920 sanctorum,
772 3850 985 3907 dicitur
1006 3851 1077 3906 ad
1097 3866 1227 3906 eos:
1254 3848 1675 3921 Confundimini
1694 3866 1728 3904 a
1743 3848 1891 3904 8“
1922 3849 2039 3918 glo-

388 3943 628 3998 riatione
655 3943 853 3996 vestra.
886 3939 1104 3995 Verum
1130 3939 1239 3995 hoc
1261 3954 1469 4011 parum
1491 3942 1597 3993 est.
1620 3936 1769 3992 Audi
1796 3937 1937 4009 quid
1958 3938 2037 3994 lo-

391 4034 609 4102 quatur
633 4028 695 4083 in
723 4026 976 4083 Jeremia
1004 4043 1197 4083 sermo
1228 4025 1480 4090 divinus,
1514 4025 1734 4097 jubens
1778 4030 1846 4081 ut
1876 4043 1947 4082 ne
1975 4027 2036 4082 in

390 4114 681 4188 sapientia
710 4114 948 4187 quidem
982 4119 1183 4170 nostra
1224 4112 1582 4184 gloriemur:
1632 4114 1711 4170 Ne
1751 4115 2035 4187 glorietur,

462 4238 540 4311 (a)
567 4237 767 4322 .Placet
796 4237 1141 4322 disserentis
1168 4238 1230 4294 in
1256 4237 1413 4320 hunc
1436 4236 1630 4320 locum
1656 4239 1842 4295 lluetii
1865 4240 2039 4296 verba

392 4311 740 4366 describere.
774 4310 928 4366 Loci.
960 4314 1059 4366 ait.
1094 4311 1332 4366 quidem
1363 4309 1549 4366 illius.
1582 4327 1640 4364 1n
1664 4326 1779 4366 quo
1804 4328 2039 4366 nerora-

392 4324 740 4367 describere.
774 4324 928 4378 Loci,
960 4324 1059 4375 alt,
1094 4324 1332 4382 quidem
1363 4324 1549 4373 unus,
1582 4327 1640 4364 ιιι
1664 4326 1779 4382 quo
1804 4328 2041 4382 perora-

391 4383 514 4468 bat,
531 4382 907 4468 episcopum,
939 4381 1027 4468 vel
1060 4381 1488 4468 metropqlitam
1512 4381 1792 4468 Origengs
1806 4383 2041 4468 yidetur

392 4452 778 4538 significasse.
792 4458 909 4510 Has
930 4458 1124 4535 autem
1142 4452 1416 4536 bomilias
1431 4452 1703 4509 Caesareae
1723 4453 2042 4536 Palaestinas

391 4527 575 4582 fuisse
605 4530 874 4581 recntatas
905 4525 1236 4581 verosnmile
1268 4529 1377 4580 est.
1415 4524 1499 4579 Ita
1527 4522 1615 4579 vel
1638 4523 2039 4581 Theoctistum

392 4575 1513 4670 agisagis."“cassi'e'aaa,‘y;iita;
1542 4575 1826 4670 sib—ﬂii
1839 4575 2049 4670 ’Ᾱῖίῇὖῖ
2082 4575 2129 4640 D

394 4666 650 4753 chenum
699 4667 1092 4740 patriamhnm
1141 4666 1487 4749 designavit.
1538 4666 1909 4791 Quamqluam
1939 4668 2048 4794 Τῖ-

394 4756 604 4794 rumne
632 4756 750 4794 iam
781 4744 908 4794 tum
940 4746 1311 4794 concesserit.
1344 4743 1575 4793 certum
1600 4753 1715 4792 non
1787 4738 1947 4794 abeo.
2012 4740 2048 4794 d

393 4756 604 4797 rumne
626 4738 750 4811 join
781 4744 908 4794 tum
940 4738 1311 4805 concesserit,
1344 4743 1575 4811 certum
1600 4753 1715 4811 non
1744 4738 1947 4811 habeo,
1985 4738 2049 4794 Id

392 4828 529 4868 vero
548 4807 966 4883 Hieronymum
993 4811 1350 4883 convertisse
1367 4807 1698 4883 verosimile
1720 4814 1809 4864 est
1834 4809 1905 4864 ad
1934 4810 2044 4866 Ro-

395 4896 641 4939 manum
694 4879 1026 4953 pontificem
1073 4882 1162 4952 (ut
1192 4882 1319 4953 ejus
1357 4880 1532 4953 verba
1568 4879 1819 4953 Vindicat)
1870 4898 2044 4953 quem

394 4951 708 5010 summum
719 4951 1087 5025 sacerdotem
1108 4951 1362 5025 appellat
1379 4951 1542 5025 priet.
1563 4951 1817 5025 inEvan‘.
1840 4951 1911 5025 ad
1935 4953 2047 5009 Da-

392 5042 649 5094 masum,
682 5029 740 5080 et
768 5025 839 5079 de
868 5024 1040 5095 cujus
1070 5022 1354 5095 potéstate
1377 5022 1577 5096 inultis
1601 5022 1836 5078 disserit
1861 5024 1917 5078 in
1950 5041 2042 5096 ep.

392 5096 468 5151 ad
497 5096 792 5151 eumdem.
826 5094 1196 5167 Quamquam,
1231 5094 1443 5166 inquit,
1473 5096 1561 5149 tui
1587 5110 1673 5149 me
1703 5098 1901 5151 terreat
1921 5094 2043 5151 ma-

392 5166 642 5239 gnitudo,
675 5167 872 5222 invitat
903 5166 1086 5222 tamen
1114 5168 1457 5239 humanitas.
1502 5171 1541 5221 Α
1591 5174 1806 5236 pastore
1847 5169 2044 5237 praesi-

392 5238 550 5295 dium
575 5239 690 5294 ovis
717 5240 927 5308 ﬂagito.
960 5239 1204 5294 Facessat
1234 5238 1446 5293 invidia
1466 5254 1485 5292 :
1522 5238 1758 5293 Romani
1782 5239 2045 5293 culminis

390 5310 606 5367 recedat
625 5310 890 5365 ambitio:
922 5326 1047 5364 cum
1073 5326 1376 5365 successore
1402 5309 1687 5379 piscatoris
1706 5316 1757 5362 et
1776 5308 2048 5379 discipulo

391 5384 570 5438 mscis
600 5383 808 5452 loquor.
844 5383 951 5451 Ego
976 5381 1197 5436 nullum
1222 5383 1486 5452 primum,
1513 5380 1634 5452 nisi
1662 5379 1936 5435 Christum
1958 5397 2044 5436 se-

393 5470 583 5525 quens,
608 5451 943 5507 beatitudini
959 5455 1089 5525 tuae,
1122 5453 1181 5507 id
1199 5451 1297 5522 est,
1330 5451 1608 5507 cathedra
1628 5452 1784 5525 Retri
1801 5467 2045 5507 commu-

394 5521 576 5597 nione»
604 5526 899 5597 consocior.
939 5523 1130 5597 Super
1157 5521 1319 5580 illam
1341 5527 1558 5597 petram
1587 5521 1915 5597 aediﬁcatam
1944 5525 2042 5579 Ec-

394 5596 633 5651 clesium.
660 5596 793 5651 scio.
844 5594 1179 5666 Quicumque
1207 5594 1365 5652 extra
1394 5596 1535 5651 hanc
1579 5594 1802 5650 domum
1840 5611 2046 5667 agnum

396 5667 706 5733 comederit,
735 5669 1012 5739 pro/anus
1040 5670 1138 5723 est.
1170 5667 1235 5724 Si
1258 5668 1386 5739 quis
1417 5668 1479 5722 in
1507 5681 1638 5723 arca
1661 5667 1778 5723 Noe
1789 5682 1902 5723 non
1926 5672 2046 5740 fue-

1640 335 1706 398 S.
1751 328 2065 398 EUSEBH
2107 326 2550 397 HIERONYMI

3668 318 3770 389 ϐω

2146 470 2361 542 inquit,
2392 470 2613 542 sapiens
2642 470 2704 524 in
2732 466 3007 540 sapientia
3035 481 3156 535 sua,
3185 478 3288 521 nec
3305 461 3473 538 fortis
3488 462 3552 518 in
3569 462 3771 534 fin-titu-

2143 559 2271 615 dine
2298 575 2420 625 sua,
2451 574 2552 614 nec
2576 557 2729 613 dives
2758 559 2821 613 in
2847 556 3057 612 divitiis
3085 557 3242 617 suis;
3270 553 3362 610 sed
3384 555 3446 609 in
3466 553 3571 608 isto
3589 551 3772 623 glorie-

2144 652 2236 704 tur
2264 649 2362 721 qui
2386 648 2678 719 gloriatur,
2710 647 3021 715 intelligere
3040 652 3090 700 et
3106 647 3249 700 scire
3271 643 3405 714 quia
3426 657 3524 712 ego
3542 657 3659 696 sum
3680 641 3771 695 Do-

2141 740 2327 794 minus
2371 739 2591 809 (Jerem.
2625 753 2701 807 1x,
2732 737 2823 801 23,
2853 736 2966 805 24).
3017 735 3121 789 Vis
3169 732 3425 805 gloriari,
3475 735 3534 786 et
3577 729 3775 801 gloria-

2144 828 2378 883 bundus
2410 844 2524 882 non
2556 826 2758 882 audire
2777 825 2805 879 ?
2835 823 3252 895 Confundimini
3279 840 3313 878 a
3340 822 3676 893 gloriatione
3700 833 3778 874 ve-

2140 922 2274 974 stra.
2308 916 2567 973 Gloriare
2599 920 2663 970 ut
2694 913 2995 987 apostolus
3027 913 3132 985 [Αἰ.
3161 912 3395 968 additur
3425 908 3688 981 Paulus],
3727 913 3778 963 et

2142 1006 2271 1061 dic:
2306 1007 2439 1062 Mihi
2476 1008 2662 1060 autem
2690 1004 2832 1059 absit
2868 1004 3129 1071 gloriari,
3160 1003 3274 1058 nisi
3304 1003 3365 1056 in
3391 1016 3547 1055 cruce
3576 998 3780 1054 Domini

2141 1098 2251 1151 mei
2276 1099 2403 1152 Jesu
2427 1095 2650 1161 Christi,
2679 1110 2781 1164 per
2811 1091 2924 1164 [ΑΙ.
2942 1092 3187 1164 propter]
3218 1106 3377 1163 quem
3394 1089 3538 1144 mihi
3557 1088 3780 1143 mundus

2139 1186 2431 1256 cruciﬁxus
2476 1191 2572 1255 est,
2620 1186 2671 1239 et
2711 1198 2805 1253 ego
2850 1181 3055 1237 mundo
3100 1181 3243 1250 (Cal.
3273 1197 3354 1247 vr,
3395 1180 3503 1246 14).
3534 1177 3637 1232 Vis
3664 1176 3779 1248 glo-

2141 1274 2275 1329 riari
2294 1278 2351 1329 et
2365 1290 2481 1328 non
2501 1272 2730 1328 audire:
2752 1271 3181 1341 Con/undimini
3196 1286 3230 1323 a
3245 1268 3577 1340 gloriatione
3590 1275 3782 1333 vestra,

2141 1363 2278 1419 audi
2304 1361 2549 1417 Paulum
2577 1361 2949 1433 gloriantem,
2972 1364 3028 1414 et
3048 1360 3205 1416 disce
3226 1374 3360 1415 cum
3380 1357 3671 1430 loquitur:
3695 1358 3779 1412 Li-

2143 1452 2331 1508 benter
2358 1451 2639 1522 gloriabor
2657 1452 2716 1505 in
2741 1449 3159 1519 inﬁrmitatibus
3177 1450 3336 1515 meis,
3366 1456 3428 1503 ut
3447 1446 3709 1502 inhabitet
3725 1448 3784 1500 in

2139 1557 2226 1597 me
2251 1544 2427 1597 virtus
2457 1539 2685 1597 Christi.
2717 1538 2865 1594 Audi
2899 1554 3027 1609 qua
3059 1536 3181 1594 sint
3205 1536 3423 1609 gloriae,
3472 1535 3533 1590 in
3573 1532 3785 1605 quibus

2141 1646 2204 1687 se
2233 1632 2303 1700 (c)
2334 1630 2422 1683 vir
2450 1628 2685 1683 elferat:
2722 1625 2782 1682 In
2811 1627 3089 1683 laboribus
3117 1625 3484 1681 abundanter.
3516 1623 3657 1688 Quis
3677 1623 3783 1678 hoc

2141 1722 2335 1792 potest
2363 1717 2555 1773 dicere
2581 1733 2593 1772 :
2628 1718 2692 1772 In
2719 1716 3031 1771 carceribus
3049 1731 3216 1786 supra
3235 1714 3479 1780 modum,
3511 1714 3570 1768 in
3591 1713 3785 1767 morti-

2143 1810 2243 1864 bus
2268 1823 2431 1877 saepe,
2463 1823 2497 1861 a
2524 1806 2725 1863 Judais
2754 1806 3044 1877 quinquies
3071 1803 3451 1875 quadragenas
3470 1818 3583 1857 una
3604 1803 3784 1857 minus

2142 1898 2345 1968 accepi,
2376 1900 2460 1951 ter
2485 1896 2656 1965 virgis
2682 1910 2850 1950 casus
2876 1910 3020 1962 sum,
3050 1894 3215 1950 semel
3246 1892 3522 1964 lapidatus
3543 1908 3683 1962 sum,
3707 1900 3773 1947 te:

2142 1986 2501 2056 naufragium
2526 2001 2720 2056 passus
2748 1999 2869 2039 sum
2897 1983 2969 2055 (II
2993 1984 3121 2039 Cor.
3145 2000 3226 2049 χι,
3247 1981 3440 2053 23-25)
3457 1981 3487 2036 ?
3514 1980 3785 2036 Dicamus

2143 2070 3241 2147 diﬂ’erentiasgloﬁarum,etnonnullos
3253 2087 3380 2127 esse
3393 2070 3491 2142 qui
3506 2086 3682 2142 super
3694 2068 3787 2125 his

2142 2162 2485 2236 glorientur,
2520 2179 2647 2234 qua:
2678 2163 2890 2218 rubore
2921 2160 3099 2233 digna
3130 2164 3289 2230 sunt,
3324 2175 3573 2231 quorum
3605 2157 3788 2231 gloria

2142 2257 2232 2309 est
2250 2252 2310 2307 in
2333 2251 2693 2307 confusione.
2711 2253 2774 2306 In
2799 2250 2894 2306 his
2910 2250 3127 2322 quippe
3147 2249 3493 2322 gloriantur,
3511 2265 3638 2321 quae
3652 2263 3785 2304 cum

2142 2341 2383 2407 faciunt,
2436 2340 2710 2410 latebras,
2756 2344 2815 2396 et
2844 2343 3068 2396 secreta
3097 2338 3447 2410 perquirunt
3491 2336 3668 2409 (Phil.
3700 2354 3784 2404 ιιι,

2142 2431 2252 2502 19).
2285 2431 2422 2487 Post
2451 2430 2574 2485 haec
2604 2428 3046 2485 consideremus
3076 2428 3217 2500 quid
3250 2428 3322 2483 de
3350 2426 3631 2483 cinctorio
3653 2443 3791 2499 prai-

2140 2523 2374 2592 oeptum
2427 2519 2522 2575 sit.
2573 2521 2701 2576 ch
2728 2519 2861 2573 dicit
2891 2518 3154 2573 Dominus
3173 2534 3192 2572 :
3244 2515 3368 2574 Vide
3393 2525 3447 2572 et
3476 2517 3661 2588 accipe
3685 2516 3792 2571 tibi

2139 2610 2470 2665 cinctorium
2500 2609 2731 2674 lineam,
2782 2615 2834 2662 et
2862 2606 3141 2662 circumda
3172 2605 3383 2661 lumbos
3423 2608 3564 2669 tuos,
3616 2610 3667 2659 et
3691 2620 3797 2675 per

2140 2698 2216 2771 (d)
2233 2714 2435 2770 aquam
2449 2713 2559 2753 non
2577 2697 2857 2753 transibis.
2882 2697 2946 2751 Et
2960 2697 3147 2767 accepi
3159 2696 3483 2751 cinctorium
3500 2692 3793 2749 secundum

2140 2787 2366 2842 verbum
2415 2787 2638 2842 Domini
2684 2784 2756 2840 ad
2799 2801 2889 2840 me
2932 2784 3153 2841 dicens:
3205 2785 3397 2856 Accipe
3436 2784 3789 2851 cinctorium,

2141 2875 2283 2948 quod
2310 2876 2460 2930 circa
2489 2876 2697 2931 lumbos
2727 2883 2847 2930 tuos
2875 2878 2973 2939 est,
3004 2877 3058 2929 et
3088 2873 3234 2929 vade
3262 2872 3333 2928 ad
3360 2873 3716 2944 Euphratem,
3744 2879 3801 2926 et

2141 2964 2403 3021 absconde
2430 2964 2567 3019 illuc
2606 2965 2669 3018 in
2696 2979 2931 3020 caverna
2956 2965 3125 3034 petra
3171 2961 3311 3033 (Jer.
3357 2978 3484 3027 xm,
3532 2960 3605 3034 4).
3657 2963 3796 3015 Post

2141 3053 2266 3109 dies
2295 3052 2454 3109 venit
2484 3052 2786 3124 propheta,
2833 3056 2891 3107 et
2922 3050 3158 3122 accepit
3187 3050 3536 3106 cinctorium
3567 3050 3639 3106 de
3668 3049 3795 3106 loco

2144 3141 2244 3198 ubi
2286 3141 2575 3197 infoderat
2625 3140 2795 3208 illud,
2846 3144 2903 3196 et
2946 3156 3079 3196 ecce
3126 3144 3585 3212 computruerat,
3638 3141 3794 3212 quod

2145 3230 2291 3287 nulli
2324 3231 2455 3286 usui
2488 3235 2662 3286 esset.
2697 3229 2766 3284 Et
2785 3245 2857 3285 ne
2880 3227 3014 3301 quis
3036 3229 3212 3300 juxta
3229 3227 3590 3285 voluntatem
3610 3229 3799 3285 animi

2142 3320 2234 3375 sui
2263 3320 2334 3375 de
2364 3319 2473 3375 hoc
2504 3318 2630 3375 loco
2664 3317 2777 3374 sibi
2810 3321 3188 3390 praesumeret
3215 3315 3600 3386 intellectum,
3647 3318 3802 3375 dans

2142 3408 2429 3465 Dominus
2444 3406 2908 3479 interpretationi
2928 3405 3799 3478 occasionem,addiditdicens:

2142 3497 2295 3553 Sicut
2320 3498 2470 3552 enim
2500 3496 2751 3553 adhaeret
2778 3498 3118 3552 cunctorium
3135 3496 3280 3551 circa
3304 3496 3515 3552 lumbos
3534 3497 3803 3564 hominis,

2140 3587 2222 3642 sic
2247 3586 2600 3659 agglutinavi
2631 3585 2708 3640 ad
2736 3601 2825 3640 me
2854 3585 3073 3640 domum
3101 3585 3291 3649 Israel,
3337 3592 3391 3640 et
3434 3601 3653 3640 omnem
3702 3586 3806 3642 do-

2141 3690 2296 3730 mum
2321 3675 2481 3742 Juda,
2513 3682 2576 3730 ut
2603 3675 2797 3745 ﬁerent
2813 3673 2956 3729 mihi
2976 3675 3037 3728 in
3056 3674 3322 3745 pupulum
3342 3674 3711 3743 nominatam,
3749 3679 3813 3731 et

2143 3766 2207 3821 in
2232 3764 2675 3835 exsultationem,
2708 3766 2759 3818 et
2785 3763 3042 3833 gloriam,
3091 3765 3142 3818 et
3179 3778 3288 3819 non
3316 3762 3677 3819 obaudierunt
3708 3779 3813 3820 me

2145 3854 2361 3927 (Jerem.
2393 3870 2521 3919 xm,
2555 3852 2664 3922 11).
2717 3851 2902 3924 Igitur
2948 3850 3233 3924 propheta
3278 3851 3336 3906 in
3390 3850 3512 3907 loco
3540 3866 3648 3923 pro
3678 3851 3813 3909 Deo

2144 3942 2482 4014 accipiatur,
2520 3940 2893 3997 circumdans
2924 3938 3157 3997 lumbos
3188 3956 3331 3996 suos
3350 3938 3701 3997 cinctorium
3726 3941 3811 3996 li-

2147 4047 2344 4099 neum,
2367 4030 2426 4085 id
2446 4034 2537 4087 est
2556 4028 2840 4102 populum
2867 4029 3044 4097 Deus,
3077 4030 3431 4101 Agglutinavi
3447 4031 3672 4102 quippe,
3696 4031 3809 4098 ait,

2145 4120 2216 4175 ad
2240 4136 2327 4175 me
2361 4120 2586 4175 domum
2616 4117 2771 4174 8|?
2803 4118 2998 4186 Israel,
3030 4124 3086 4174 et
3114 4119 3551 4190 quodammodo
3581 4118 3826 4175 cincto-

2146 4245 2243 4315 rit,
2270 4242 2474 4315 peribit
2503 4244 2766 4313 regnante
2793 4242 3034 4315 diluviq.
3078 4241 3309 4298 Similia
3350 4240 3528 4299 habet
3556 4244 3829 4299 Ambro-

2148 4313 2359 4371 siaster
2388 4314 2446 4368 in
2478 4329 2612 4385 cap.
2645 4330 2709 4368 ιιι
2740 4330 2831 4384 ep.
2866 4314 2937 4368 ad
2969 4313 3123 4385 Tim.
3150 4329 3162 4367 :
3214 4315 3277 4371 Ut
3321 4329 3443 4369 cum
3472 4318 3616 4369 totus
3644 4332 3831 4369 mun-

2147 4387 2249 4457 dus
2279 4386 2378 4441 Dei
2406 4386 2501 4450 sit,
2538 4384 2788 4439 Ecclesia
2817 4392 3015 4457 tamen,
3031 4384 3226 4440 domus
3245 4386 3363 4457 ejus
3376 4385 3618 4457 dicatur,
3652 4387 3837 4457 cujus

2148 4456 2307 4513 hodie
2336 4460 2518 4512 rector
2536 4463 2623 4528 est
2653 4457 2918 4528 Damasus
2937 4473 2956 4528 ,τ
2988 4456 3319 4512 Romanum
3367 4456 3570 4513 itidem
3617 4456 3834 4528 ponti-

2161 4529 2329 4610 licem
2361 4545 2395 4583 a
2421 4527 2633 4610 Rufino
2657 4526 3289 4610 desigpaerg-‘obabile
3319 4532 3596 4610 esthum
3618 4526 3838 4610 ait__in

2161 4598 2635 4671 interpretatione
2657 4597 2911 4671 homiliaa
2940 4597 3292 4671 17_Origenis
3322 4598 3381 4654 in
3413 4599 3618 4655 Genes.
3652 4617 3668 4654 :
3704 4600 3843 4656 Non

2157 4668 2368 4756 deﬁciet
2391 4672 2735 4756 ρνέηειήεηεξπ
2759 4670 2929 4756 βψ»
2952 4668 3019 4756 id
3041 4668 3153 4756 ςεεῐ
3170 4671 3259 4725 hic
3276 4672 3375 4742 qui
3396 4674 3515 4753 ρρει
3536 4686 3842 4756 mw":-

2156 4740 2405 4869 ctiton'e-m'
2442 4740 2894 4814 eiulehristi)
2942 4740 3307 4798 Ecclesiarum
3344 4740 3602 4814 princeps
3661 4742 3844 4798 ordi-

2157 4831 2194 4869 n
2261 4830 2299 4868 u
2338 4854 2349 4867 .

2157 4828 2349 4869 natur.

2328 4884 2513 4966 voces
2530 4883 2648 4939 haec
2666 4883 2923 4966 gloriatio
2943 4883 3273 4966 saltabant).
3289 4882 3657 4966 suﬂ'ecimus,
3685 4900 3845 4940 con-

2156 4950 2443 5030 sentiente
2468 4950 2685 5030 Graeco'
2706 4950 3206 5030 tfxtu,__d?l101pia
3255 4952 3393 5030 ἐστιν
3442 4955 3478 5023 ἡ
3527 4953 3847 5030 χαύχησις

2155 5027 2344 5105 χαρχή
2354 5024 2498 5105 seu):
2509 5023 2854 5105 ᾀγίωνπιιῐιι
2870 5020 3156 5105 diciture'x
3168 5025 3377 5082 iisdem
3393 5020 3752 5105 repo:s'un'fm
3762 5044 3847 5083 us

2155 5097 2434 5224 Egi’zlicit.
2462 5097 2738 5154 Rabanus
2759 5101 3036 5170 praeterea
3062 5114 3188 5153 eum
3208 5115 3312 5171 pro
3342 5114 3430 5155 eos
3457 5097 3852 5155 cohaerenter

2185 5185 2324 5226 8211..

2218 5185 2463 5366 glires.
2490 5238 2650 5312 Regii
2675 5254 2855 5311 penes
2877 5238 3175 5313 Huetium,
3193 5241 3390 5314 quibus
3406 5256 3463 5297 se
3480 5243 3571 5297 vir
3587 5244 3855 5297 sanctus

2227 5328 2316 5366 ere
2355 5328 2435 5366 as.

2154 5328 2435 5369 enereoas.

2183 5313 2557 5456 ᾔῗξῗξέῗέοωι
2568 5380 2811 5437 Huetius
2823 5380 3024 5437 haberi
3039 5383 3192 5456 apud
3208 5380 3438 5456 LXX,ob
3454 5378 3822 5456 Saetaba-erati
3833 5424 3851 5435 .

2162 5454 2359 5527 Vulg.,
2390 5462 2443 5509 et
2470 5456 2537 5527 in
2559 5469 2899 5527 aquam_non
2926 5454 3128 5527 infer-es
3161 5454 3322 5523 illud,
3370 5455 3541 5527 quod,
3576 5455 3859 5511 Hebraeo

2156 5524 2458 5581 consonat.
2492 5524 2621 5579 Haec
2678 5525 2883 5598 eodem
2916 5524 3203 5598 recidunt,
3244 5524 3462 5581 nam'si
3496 5526 3697 5582 cinctu
3740 5542 3865 5583 re-

2151 5598 2383 5654 vinctus
2397 5612 2613 5668 aquam
2627 5597 2855 5666 subeat,
2871 5597 3069 5654 subire
3086 5597 3319 5671 queque
3332 5598 3594 5655 cinctum
3612 5597 3863 5670 ipsum

2154 5684 2396 5728 11808888
2424 5672 2533 5725 est:
