3960 6172
271 274 393 344 853

1544 277 1610 335 S.
1655 272 1967 336 EUSEBII
2011 271 2452 334 HIERONYMI

3509 251 3617 327 856

279 417 420 470 bent
447 410 744 468 occidendi
776 409 1063 476 homines,
1097 413 1171 479 et,
1204 411 1270 462 ut
1297 407 1411 480 ipsi
1441 409 1672 479 putant,
1696 423 1762 460 ea
1785 405 1914 459 fulti
1945 410 1999 474 Α
2028 405 2086 458 in
2113 402 2670 474 lumine,quasijam
2705 416 2818 456 non
2848 398 3034 470 possit
3059 395 3296 469 gloriam
3319 396 3620 468 pradicare,

279 499 802 571 suntdignitate,ut
815 513 1066 570 quorum
1077 494 1473 569 velint,capita
1485 494 1924 552 secent.Horum

279 590 466 662 gloria
491 588 550 641 in
582 585 920 642 confusione
951 603 1059 642 sua
1090 589 1198 642 est.
1227 584 1336 640 Alii
1369 601 1546 656 super
1575 582 1793 639 divitiis
1815 583 1926 638 sibi

279 675 788 748 applaudunt,non
819 674 1210 745 hisveris,sed
1239 674 1314 730 iis
1346 672 1567 729 divitiis
1598 689 1730 744 quae
1759 672 1928 727 deor-

279 775 412 820 sum
445 767 600 818 sunt.
635 761 750 816 Alii
781 763 1133 838 superbiunt
1162 780 1338 836 super
1371 765 1545 819 domo
1596 760 1923 834 splendida,

279 851 939 923 superpossessionibus
952 851 1154 908 multis
1175 870 1187 907 :
1205 852 1262 906 in
1282 851 1497 923 quibus
1509 848 1798 904 universis
1811 863 1927 902 non

277 944 368 995 est
396 939 631 1011 penitus
661 939 1057 1011 gloriandum.
1091 940 1252 1004 Quod
1285 945 1479 996 autem
1526 935 1842 993 verisimile
1873 939 1930 991 et

280 1028 522 1100 dignum
546 1027 849 1097 judicatur
878 1028 984 1099 (Al.
1019 1029 1289 1100 videtur),
1324 1032 1388 1084 ut
1415 1027 1654 1098 quidam
1697 1028 1927 1097 putant,

282 1115 730 1188 (a)gloria,illud
757 1121 1006 1182 est,cum
1041 1116 1252 1188 aliquis
1283 1117 1356 1172 ob
1386 1115 1735 1188 sapientiam
1758 1129 1927 1168 suam

283 1203 560 1276 elevatur,
593 1207 696 1260 aut
750 1205 1021 1260 conscius
1071 1205 1184 1260 sibi
1242 1209 1332 1261 est
1386 1204 1524 1276 quia
1579 1204 1778 1259 decem
1801 1202 1926 1272 jam

284 1293 454 1348 annis
485 1292 558 1364 (b)
589 1309 681 1348 res
711 1307 986 1349 venereas
1017 1311 1132 1348 non
1162 1293 1563 1366 tetigerit,sive
1581 1293 1652 1347 ab
1685 1290 1930 1346 infantia

282 1382 528 1453 integer,
573 1385 855 1452 catusque
913 1383 1319 1453 permanserit.
1376 1382 1749 1452 Rursumque
1774 1378 1930 1434 alius

284 1469 544 1540 erigitur,
578 1469 718 1540 quia
745 1469 980 1525 vincula
1009 1487 1112 1542 pro
1143 1471 1368 1526 Christo
1418 1469 1931 1542 portaverit.Recta

285 1557 522 1628 quidem
552 1555 822 1612 videntur
854 1557 972 1613 huic
995 1558 1148 1615 880
1170 1559 1536 1629 omnia,et(e)
1561 1555 1933 1628 subjicientia

285 1645 605 1716 quamdam
638 1647 1081 1717 persuasionem
1105 1648 1177 1702 ad
1211 1647 1579 1719 gloriandum
1608 1664 1620 1714 ;
1648 1646 1747 1701 sed
1779 1661 1850 1700 ne
1871 1644 1930 1699 in

284 1733 378 1788 his
413 1733 649 1805 quidem
681 1735 753 1804 (si
786 1739 980 1791 tamen
1009 1735 1314 1807 sequimur
1331 1734 1654 1804 veritatem)
1679 1733 1930 1788 rationa-

295 1822 492 1877 biliter
521 1823 654 1894 quis
686 1824 943 1890 effertur,
975 1824 1113 1894 quia
1133 1830 1188 1878 et
1217 1825 1276 1878 in
1306 1825 1480 1879 rebus
1510 1823 1678 1878 bonis
1711 1822 1783 1894 (d)
1805 1820 1934 1894 glo-

287 1910 452 1978 riari,
477 1927 595 1965 non
626 1913 717 1966 est
741 1911 868 1967 sine
888 1912 1248 1968 discrimine.
1274 1912 1489 1967 Paulus
1521 1911 1728 1966 habuit
1745 1914 1932 1966 mate-

288 1998 438 2054 riam
469 1998 739 2054 elationis
771 1999 878 2070 (Al.
913 2000 1320 2072 gloriationis),
1347 2001 1572 2056 habens
1598 1999 1659 2054 in
1681 2015 1742 2054 se
1757 1999 1934 2054 visio-

289 2101 414 2154 nes,
447 2086 846 2153 revelationes,
879 2088 1068 2160 signa,
1124 2089 1388 2155 virtutes,
1445 2091 1680 2160 propter
1709 2086 1936 2143 labores

290 2192 438 2248 quos
465 2175 677 2230 Christi
696 2191 874 2232 causa
901 2193 1212 2250 perpessus
1245 2182 1351 2245 est,
1386 2180 1620 2250 propter
1647 2175 1934 2232 Ecclesias

289 2279 438 2335 quas
467 2263 788 2334 constituit,
822 2265 1208 2332 contendens,
1247 2266 1347 2321 ubi
1374 2265 1640 2320 Christus
1674 2281 1787 2320 non
1812 2267 1938 2319 erat

290 2351 648 2418 nominatus,
681 2350 763 2406 ibi
811 2353 1010 2423 jacere
1068 2353 1539 2410 fundamentum.
1581 2357 1711 2408 Haec
1741 2353 1939 2409 omnia

291 2439 546 2495 materiai
575 2444 741 2494 erant
771 2439 1212 2512 gloriationum,
1245 2446 1301 2498 et
1355 2442 1514 2499 sisic
1569 2442 1802 2514 expedit
1843 2441 1935 2496 di-

293 2542 442 2595 cere,
475 2526 814 2584 verisimilis
844 2545 1022 2585 causa
1077 2546 1201 2602 quae
1258 2531 1567 2586 honestam
1625 2529 1940 2601 subjiceret

286 2616 691 2686 jactationem.
725 2617 836 2673 Sed
869 2619 1010 2690 quia
1039 2635 1111 2674 ne
1143 2619 1202 2674 in
1258 2618 1475 2675 talibus
1531 2617 1770 2690 quidem
1813 2619 1940 2673 sine

294 2705 552 2777 periculo
583 2710 674 2761 est
701 2705 1017 2773 sublevari,
1049 2707 1341 2779 benignus
1372 2712 1429 2763 et
1453 2708 1730 2780 providus
1773 2708 1941 2762 Pater

294 2795 586 2864 quomodo
616 2793 667 2848 ei
700 2793 950 2865 largitus
981 2800 1069 2850 est
1098 2795 1559 2860 revelationes,et
1588 2795 1806 2867 gratias
1828 2793 1940 2849 dif-

295 2880 655 2946 ferentes,sic
686 2882 758 2936 ad
785 2882 1098 2937 tuitionem
1123 2884 1678 2958 donorum'suorum
1701 2881 1942 2937 tradidit

295 2968 584 3042 Angelum
607 2970 835 3024 Satanae
859 2971 930 3041 (II
959 2971 1078 3026 Cor.
1122 2989 1225 3026 x11.
1257 2973 1336 3043 7),
1398 2976 1462 3026 ut
1517 2988 1651 3028 eum
1683 2971 1939 3042 colaphi-

295 3062 453 3113 zaret
483 3057 602 3129 (Αι.
636 3057 1002 3130 colaphizet),
1035 3075 1107 3114 ne
1166 3058 1560 3131 extolleretur,
1618 3065 1676 3115 et
1707 3063 1942 3132 propter

1960 1779 2009 1844 B

2035 509 2167 548 cum
2199 492 2449 547 tenebrae
2480 495 2618 546 ortae
2651 489 2883 545 fuerint.
2919 485 3156 552 Quando
3203 485 3549 552 tenebrescit,
3574 491 3622 543 et

2035 581 2268 652 quando
2298 597 2411 636 non
2445 584 2584 634 sunt
2612 579 2862 634 tenebras
2882 574 3431 649 ?Operaminidonec
3453 574 3626 630 lumen

2034 674 2122 724 est
2149 669 2209 723 in
2242 669 2425 724 vobis.
2462 670 2677 724 Lumen
2706 667 2764 721 in
2795 670 2851 721 te
2889 669 2998 734 est,
3056 665 3106 719 si
3164 663 3339 718 habes
3392 663 3446 717 in
3473 666 3522 718 te
3547 662 3626 716 di-

2036 761 2300 813 centem:
2338 759 2444 827 Ego
2473 774 2594 812 sum
2627 755 2819 811 lumen
2876 752 3072 809 mundi
3129 752 3324 823 (Joan.,
3378 767 3495 814 vm,
3534 751 3630 822 12).

2034 845 2324 910 Quamdiu
2353 845 2460 901 tibi
2493 845 2590 900 lux
2619 845 2732 900 ista
2761 840 3224 908 oritur,clarifica
3253 839 3449 910 Deum,
3499 838 3627 892 881

2036 935 2226 990 sciens
2253 934 2393 1006 quia
2421 933 2628 988 futura:
2652 949 2790 1000 sun,
2817 931 3088 987 tenebrae.
3139 928 3252 984 Nec
3278 927 3380 983 tibi
3409 925 3634 998 expedit,

2036 1027 2102 1076 ut
2129 1039 2228 1078 eas
2259 1022 2576 1094 opperiaris
2606 1040 2618 1088 ;
2652 1022 2755 1076 sed
2786 1025 3098 1090 antequam
3128 1018 3289 1088 ﬁant,
3319 1017 3388 1071 da
3418 1014 3637 1088 gloriam

2038 1117 2166 1167 Deo.
2203 1111 2468 1166 Forsitan
2507 1109 2793 1182 intelliges
2825 1124 3079 1181 praesens
3111 1104 3445 1179 capitulum,
3499 1105 3546 1159 si
3579 1103 3640 1160 de

2039 1199 2343 1273 Evangelio
2375 1198 2702 1270 sumpseris
2734 1196 3089 1268 exemplum,
3125 1195 3278 1267 quod
3310 1195 3387 1248 ita
3416 1193 3644 1249 contexi-

2035 1292 2134 1342 tur
2159 1304 2172 1341 :
2209 1287 2528 1358 Operamini
2557 1287 2724 1342 donec
2752 1287 2866 1341 dies
2894 1288 2972 1341 est
3003 1286 3144 1340 venit
3168 1299 3277 1338 nox
3303 1283 3507 1354 quando
3533 1283 3644 1336 nul-

2038 1378 2123 1432 lus
2149 1380 2321 1447 potest
2350 1378 2567 1448 operari
2593 1376 2770 1447 (Joan.
2801 1392 2876 1444 1x,
2907 1375 2984 1446 4).
3053 1373 3216 1428 Diem
3272 1372 3352 1426 ibi
3398 1371 3645 1427 suculam

2039 1464 2197 1520 istud
2229 1465 2611 1535 nuncupavit,
2642 1468 2699 1518 et
2727 1461 3056 1518 necessario
3105 1459 3347 1533 apposui
3404 1461 3496 1514 ibi.
3533 1458 3644 1514 Scio

2039 1552 2254 1624 quippe
2284 1553 2342 1606 in
2376 1551 2506 1607 aliis
2561 1551 2705 1606 locis
2764 1548 3130 1606 dissonantia
3183 1547 3546 1619 praesentibus
3589 1563 3649 1601 ex

2040 1639 2153 1695 diei
2183 1639 2461 1696 vocabulo
2493 1639 2830 1712 signiﬁcari.
2868 1638 3030 1694 Diem
3093 1637 3293 1708 itaque
3323 1635 3649 1707 nuncupavit

2039 1727 2317 1783 saeculum
2350 1729 2530 1798 istud,
2566 1729 2837 1784 tenebras
2867 1744 2998 1784 vero
3031 1730 3088 1782 et
3119 1729 3368 1795 noctem,
3402 1739 3649 1780 consum-

2045 1817 2361 1872 mationem
2394 1817 2621 1883 mundi,
2685 1821 2920 1888 propter
2975 1814 3264 1887 supplicia
3321 1830 3440 1885 quae
3479 1813 3653 1868 futura

2045 1904 2148 1977 (At.
2181 1907 2444 1974 ventura)
2473 1909 2632 1961 sunt.
2666 1905 2740 1961 Ut
2770 1906 2911 1977 quid
2944 1903 3098 1959 enim
3153 1903 3322 1959 nobis
3354 1901 3653 1958 desiderare

2043 1993 2196 2049 diem
2224 1993 2500 2049 Domini?
2530 1998 2596 2050 Et
2621 1997 2728 2050 ista
2759 2003 2834 2049 est
2863 1995 3095 2050 tenebrm
3125 2001 3178 2048 et
3221 2008 3329 2047 non
3375 1992 3470 2046 lus:
3495 1990 3650 2062 (Amos

2041 2100 2097 2150 v,
2135 2084 2242 2150 18),
2278 2087 2456 2138 Amos
2488 2083 2682 2156 inquit
2712 2082 3044 2155 prophetes.
3099 2081 3159 2138 Si
3190 2081 3510 2138 consideres
3536 2083 3650 2152 post
3725 2073 3728 2078 ’

2044 2171 2610 2227 consummationem
2643 2171 2849 2226 mundi
2879 2171 3129 2244 lugubre
3160 2169 3326 2241 illud,
3359 2169 3503 2242 quod
3533 2186 3650 2240 pas-

2045 2277 2250 2315 surum
2274 2265 2362 2315 est
2383 2261 2718 2316 universum
2742 2276 2887 2332 pene
2917 2259 3226 2315 hominum
3249 2275 3429 2332 genus
3450 2275 3544 2331 pro
3571 2257 3651 2313 his

2047 2364 2170 2417 qua:
2203 2349 2710 2420 peccavit,videbis
2741 2349 3030 2420 quomodo
3052 2349 3302 2404 tenebra
3323 2351 3654 2420 occupatura

2048 2435 2166 2490 sint
2195 2438 2412 2504 omnia,
2445 2441 2501 2492 et
2531 2436 2728 2493 nullus
2760 2437 2947 2509 possit
2975 2436 3033 2490 in
3058 2436 3158 2492 illo
3182 2441 3434 2508 tempore
3462 2433 3656 2508 gloriﬁ-

2049 2541 2180 2579 care
2209 2526 2313 2592 (Al.
2348 2525 2687 2592 clarificare)
2718 2526 2924 2581 Deum.
2957 2525 3016 2580 Si
3049 2526 3290 2597 quidem
3344 2529 3399 2580 et
3417 2525 3583 2596 justis
3607 2523 3658 2578 in

2051 2615 2198 2670 Isaia
2224 2615 2500 2685 jubetur:
2541 2616 2696 2687 Vade,
2727 2616 2960 2687 populus
2997 2631 3167 2680 meus,
3205 2617 3266 2669 in
3311 2614 3661 2686 promptuaria

2050 2710 2144 2758 tua
2169 2705 2338 2767 intra,
2371 2704 2563 2760 claude
2590 2707 2788 2760 ostium
2818 2708 3049 2775 tuum,el
3081 2703 3414 2759 abscondere
3428 2703 3668 2776 pusillum

2049 2793 2396 2862 quantulum,
2430 2793 2601 2849 donec
2642 2794 2743 2849 Dei
2786 2796 2872 2849 ira
2914 2797 3158 2848 transeat
3212 2794 3348 2859 (Isai
3399 2809 3545 2860 xxvx,
3586 2789 3663 2860 20)

2050 2879 2237 2934 Simul
2270 2886 2465 2936 autem
2498 2886 2553 2936 et
2591 2881 2650 2936 in
2682 2881 2774 2936 his
2805 2881 2904 2953 qui
2933 2885 3122 2953 potest
3177 2881 3459 2949 observet,
3509 2892 3664 2951 quare

2049 2967 2484 3040 dixitpusillum
2498 2969 2873 3041 quantulum:
2891 2971 2963 3040 (e)
2989 2969 3332 3041 quippehoc
3344 2966 3662 3041 quantulum

2050 3058 2203 3127 quod
2236 3057 2517 3129 pusillum
2548 3063 2778 3126 est,non
2811 3062 2900 3115 est
2926 3057 3217 3130 pusillum
3240 3057 3579 3114 hominibus.
3605 3053 3665 3108 Et

295 3146 407 3202 hoc
438 3149 528 3201 ter
559 3145 868 3201 Dominum
911 3147 1152 3220 rogavit,
1185 3148 1406 3205 scilicet
1460 3153 1525 3204 ut
1553 3150 1626 3205 ab
1654 3166 1720 3204 eo
1752 3148 1935 3204 disce-
1969 3140 2012 3206 C
2051 3145 2333 3200 debemus
2363 3146 2650 3218 inspicere
2672 3147 2964 3219 quomodo
2987 3146 3247 3219 singulis
3271 3151 3370 3203 aut
3390 3161 3578 3219 parum
3599 3141 3664 3196 sit

297 3235 457 3290 deret
486 3233 741 3306 Angelus
772 3235 1019 3306 Satanae,
1066 3237 1164 3307 qui
1213 3238 1386 3308 juxta
1443 3237 1938 3310 dispensationem

297 3323 349 3380 ei
389 3323 694 3395 appositus
751 3323 955 3378 fuerat.
1015 3325 1125 3379 Sed
1187 3325 1489 3397 respondit
1545 3326 1594 3381 ei
1653 3326 1939 3381 Dominus

299 3411 535 3485 (dignus
561 3410 776 3484 quippe
795 3416 919 3467 erat
936 3413 1314 3485 responsione
1350 3413 1579 3469 Domini
1611 3412 1854 3481 Paulus)
1884 3417 1940 3468 et

297 3501 444 3556 dixit
472 3501 545 3556 ad
576 3516 709 3556 eum
735 3519 748 3556 :
782 3500 999 3572 Suffieit
1043 3503 1152 3557 tibi
1179 3504 1364 3571 gratia
1389 3519 1509 3558 mea
1535 3519 1556 3565 ;
1588 3504 1763 3558 virtus
1792 3503 1941 3557 enim

295 3591 354 3646 in
385 3590 710 3662 inﬁrmitate
737 3589 1025 3659 perﬁcitur
1053 3591 1133 3661 (II
1161 3589 1281 3647 Cor.
1304 3607 1408 3661 xu,
1430 3591 1510 3659 9).
1567 3592 1749 3663 Super
1778 3588 1938 3645 nullo

295 3679 478 3751 igitur
505 3677 876 3750 gloriandum
905 3682 1012 3734 est.
1074 3678 1354 3750 Sequitur
1403 3680 1618 3751 quippe
1648 3679 1817 3734 ruina
1849 3679 1939 3748 ja-

295 3766 905 3838 ctantiam,Scriptura
936 3767 1199 3822 dicente:
1233 3769 1372 3823 Ante
1419 3769 1801 3823 contritionem
1829 3767 1935 3822 ele-

292 3858 455 3911 vatur
482 3871 574 3912 eor
627 3857 756 3922 viri,
811 3860 864 3911 et
917 3859 1045 3910 ante
1100 3857 1338 3927 gloriam
1394 3855 1724 3910 humiliatur
1753 3857 1934 3923 (Prov.

291 3959 456 4007 xvm,
477 3944 587 4015 12).
619 3944 687 3998 Et
718 3943 840 3999 haec
871 3943 1106 4015 quidem
1132 3945 1287 3999 dicta
1307 3948 1446 4000 sunt
1465 3945 1535 4000 de
1557 3961 1621 4000 eo
1644 3943 1797 4015 quod
1819 3943 1932 3998 ait:

305 4031 507 4086 Audite
533 4040 584 4086 et
609 4032 836 4086 auribus
862 4034 1211 4104 percipite,et
1239 4033 1410 4089 nolite
1430 4033 1643 4099 extolli,
1677 4033 1937 4102 quoniam

298 4120 562 4174 Dominus
609 4120 816 4174 locutus
870 4123 946 4174 est
975 4121 1104 4192 (Jer.
1165 4138 1264 4189 xu,
1323 4121 1412 4187 45,
1476 4120 1586 4190 16);
1616 4119 1935 4175 Videamus

295 4212 491 4263 autem
521 4211 578 4264 et
609 4212 833 4263 caetera.
865 4209 998 4264 Date
1025 4211 1253 4265 Domino
1311 4211 1410 4264 Deo
1467 4216 1648 4264 nostro
1677 4209 1932 4277 gloriam,

286 4299 617 4370 priusquam
673 4298 946 4366 obscuret,
1005 4305 1058 4354 et
1106 4301 1438 4369 priusquam
1478 4297 1754 4369 offendant
1781 4297 1939 4368 pedes

290 4390 459 4443 vestri
485 4403 650 4459 super
678 4395 888 4443 montes
908 4387 1232 4454 tenebrosos,
1293 4395 1344 4442 et
1372 4386 1705 4441 sustinebitis
1751 4387 1812 4440 in
1852 4387 1937 4440 lu-

289 4493 434 4534 men.
470 4481 614 4532 Eum
646 4475 745 4548 qui
778 4475 1021 4532 daturus
1041 4479 1130 4531 est
1158 4475 1403 4547 gloriam
1447 4479 1582 4540 Deo,
1641 4473 1766 4529 vult
1797 4474 1935 4529 dare
1968 4500 2012 4564 D

297 4699 300 4702 .
360 4654 777 4780 (akPerﬁeram
808 4653 866 4708 in
901 4653 1183 4709 hactenus
1239 4652 1543 4724 impressis
1575 4650 1931 4721 gloriandum

297 4735 389 4780 est.
475 4743 540 4780 os
625 4725 795 4780 abani
827 4725 994 4780 lectio
1024 4725 1096 4779 de
1155 4725 1362 4779 mendo
1413 4725 1661 4778 monuit.
1695 4725 1930 4780 Constat

289 4735 389 4782 est.
424 4725 540 4782 Nos
574 4725 795 4780 Rabani
827 4725 994 4780 lectio
1024 4725 1096 4779 de
1155 4725 1362 4779 mendo
1413 4725 1661 4778 monuit.
1695 4725 1930 4780 Constat

289 4811 423 4853 vero
445 4814 511 4851 ex
534 4807 730 4862 sensu,
753 4797 998 4868 ipsaque
1014 4795 1295 4868 orationis
1314 4795 1460 4851 serie
1478 4795 1926 4868 restituendum,

292 4869 377 4923 uti
409 4867 674 4935 fecimus,
708 4865 938 4922 duobus
996 4866 1206 4939 verbis,
1238 4868 1417 4937 gloria
1474 4865 1739 4938 (scilicet,
1773 4869 1927 4939 quod

289 4940 537 5010 dignum
561 4939 887 5008 judicatur)
913 4938 1054 4994 illud
1079 4941 1177 4994 est.

360 5009 437 5078 (b)
470 5010 631 5081 Legit
662 5011 956 5076 Rabanus,
985 5010 1246 5081 mulieres
1277 5024 1378 5081 pro
1411 5024 1494 5063 res
1523 5024 1778 5081 venereas
1797 5026 1814 5081 7:
1867 5009 1926 5065 in

288 5077 483 5164 Grach
512 5077 710 5163 autem
745 5081 974 5153 proprie
1027 5085 1135 5148 est,
1196 5077 1508 5164 oui'ﬁ'iuto‘
1553 5077 1880 5164 dupobtclmv
1907 5100 1924 5136 .-

287 5168 398 5207 non
433 5153 602 5219 titigit
624 5168 710 5206 res
742 5151 1030 5208 venereas:
1065 5168 1189 5220 seu,
1222 5151 1428 5205 venere
1460 5151 1765 5206 abstinuit.

359 5223 428 5293 (ε)
457 5228 643 5278 Antea
671 5228 794 5294 erat
825 5225 1022 5278 minus
1080 5229 1250 5288 recte,
1304 5222 1644 5294 subjicienda
1676 5222 1926 5294 (quadam

282 5295 669 5364 persuasione.
709 5293 938 5364 Optime
982 5293 1451 5364 econtrariplvjm
1508 5293 1923 5364 Grmci’textus

283 5357 576 5437 artﬂuvbrch
613 5362 705 5434 μὲν
734 5357 872 5416 tactv
906 5362 1126 5437 ἐνταῦθα
1150 5357 1645 5437 ὑποϐάλλρυσᾳβτι
1678 5361 1924 5437 εὐλόγως

282 5453 367 5492 τις
400 5432 693 5510 ἐπαίρεται,
727 5438 1024 5510 ot_Latinae
1057 5432 1925 5510 interpretationisgermanum

284 5507 535 5577 sensum
559 5507 679 5562 haec
710 5507 1188 5577 refert,quamex
1217 5507 1454 5562 Rabano
1483 5507 1924 5577 substituimus,

283 5574 476 5648 lectio,
503 5571 854 5650 subjicienlia
892 5571 1203 5650 quamdam
1252 5579 1659 5651 persuasionem
1687 5578 1756 5635 ad
1808 5571 1923 5652 glo-'

2049 3232 2292 3305 aliquid,
2327 3239 2428 3289 aut
2460 3251 2760 3307 magnum.
2792 3236 2876 3290 Ad
2909 3235 3062 3306 quod
3095 3235 3465 3307 probandum
3509 3231 3663 3289 etiam

2048 3322 2310 3393 exemplo
2343 3323 2583 3379 utimur.
2618 3323 2945 3396 Unicuique
2976 3323 3332 3379 animalium
3363 3340 3460 3396 pro
3481 3325 3664 3376 natura

2048 3414 2104 3464 et
2134 3410 2305 3466 modo
2325 3411 2583 3482 corporis
2597 3412 2818 3478 sui,aut
2839 3411 3119 3484 parvulus
3140 3418 3240 3468 est
3259 3413 3537 3480 cibus,aut
3559 3423 3663 3463 ma-

2049 3514 2200 3569 gnus
2227 3515 2239 3552 ε
2273 3502 2330 3554 et
2360 3500 2515 3570 quod
2547 3498 2642 3554 alii
2675 3499 2956 3571 pusillum
2973 3505 3261 3572 est,a3que
3291 3502 3346 3556 id
3377 3501 3553 3573 ipsum
3577 3493 3664 3551 alii

2048 3587 2300 3642 multum
2333 3593 2438 3643 est.
2471 3588 2617 3652 Quid
2649 3589 2720 3644 de
2750 3588 3104 3645 animalibus
3162 3587 3417 3663 loquar?
3465 3585 3517 3640 in
3547 3585 3659 3654 ipso

2049 3690 2279 3747 quoque
2311 3675 2546 3732 homine
2578 3693 2772 3732 rerum
2806 3677 3146 3733 differentiae
3181 3684 3342 3734 sunt.
3379 3673 3521 3742 Quod
3547 3672 3655 3727 viro

2047 3779 2254 3834 parum
2303 3769 2410 3832 est,
2445 3764 2554 3820 hoc
2600 3764 2808 3820 infanti
2841 3764 3169 3836 superﬂuit.
3211 3770 3394 3839 Atque
3435 3763 3487 3818 in
3519 3760 3658 3815 hunc

2048 3854 2286 3909 modum
2319 3870 2490 3910 omne
2511 3859 2747 3926 tempus
2769 3854 2895 3908 vitae
2926 3853 3228 3924 humanae,
3254 3840 3475 3911 etiamsi
3496 3854 3665 3908 cente-

2045 3941 2271 3996 nariam
2293 3942 2531 3998 excedat
2559 3947 2812 4009 atatem,
2841 3943 2912 3998 ad
2941 3944 3441 4015 comparationem
3461 3936 3666 3996 uterni-

2044 4030 2184 4086 tatis
2215 4031 2385 4086 breve
2423 4036 2512 4087 est
2545 4048 2557 4086 :
2593 4031 2746 4086 unde
2779 4031 3060 4103 pusillum
3092 4032 3193 4086 Dei
3239 4030 3406 4088 nobis
3437 4027 3669 4084 multum

2043 4123 2153 4182 est,
2184 4123 2240 4174 et
2290 4119 2548 4175 vicissim
2601 4121 2873 4176 universa
2922 4119 3134 4176 saecula
3164 4121 3242 4176 ad
3273 4121 3455 4176 Deum
3502 4115 3668 4172 relata

2045 4207 2391 4262 brevissima
2437 4212 2596 4263 sunt.
2643 4209 2737 4264 Sic
2787 4225 2922 4281 ergo
2967 4209 3231 4265 dicitur:
3272 4209 3428 4274 Vade,
3453 4202 3672 4280 populus

2044 4313 2218 4366 meus,
2250 4301 2401 4351 intra
2437 4298 2493 4350 in
2519 4299 2902 4369 promptuaria
2945 4306 3060 4363 tua,
3090 4298 3291 4353 claude
3338 4299 3550 4360 ostium,
3578 4294 3670 4350 ab-

2043 4385 2299 4440 scandere
2314 4386 2583 4456 pusillum
2613 4386 2766 4442 832
2799 4387 3145 4457 quantulum.
3179 4385 3536 4451 Quantulum
3575 4397 3670 4455 pu-

2045 4472 2246 4529 sillum
2277 4473 2421 4529 illud
2454 4491 2570 4530 non
2602 4475 2673 4530 ad
2731 4474 2892 4530 illius
2947 4479 3221 4530 naturam
3281 4475 3544 4543 refertur,
3584 4468 3672 4543 qui

2039 4653 2322 4718 riandum,
2347 4655 2457 4707 etc.
2493 4652 2705 4707 Eadem
2741 4669 2875 4707 mox
2905 4651 3152 4706 recurrit
3182 4650 3495 4708 sententia.

2111 4725 2184 4796 (d)
2215 4714 2533 4794 Contrario,
2567 4722 2685 4796 sive
2715 4725 2907 4796 potius
2940 4723 3100 4778 nullo
3131 4740 3314 4796 sensu
3366 4721 3506 4777 editi
3537 4714 3659 4796 libri

2040 4790 2320 4871 ferebant,
2353 4790 2815 4871 gloriandum'est
2843 4798 2984 4871 sine,
3009 4799 3138 4871 etc._
3177 4793 3407 4871 Clamat
3435 4808 3526 4848 res
3555 4790 3671 4871 ipsa

2038 4866 2187 4921 hanc
2213 4866 2392 4920 fuisse
2415 4865 2718 4936 scriptoris
2750 4869 3100 4931 mentem,ut
3125 4864 3390 4936 inferret,
3417 4877 3597 4936 neque
3615 4864 3668 4936 in

2037 4937 2206 4992 bonis
2237 4937 2411 4992 rebus
2469 4932 2726 5008 gloriari,
2789 4953 2916 4992 esse
2961 4937 3100 5008 (sine
3151 4935 3441 5008 periculo.
3500 4932 3589 4988 Sic
3617 4932 3666 5008 et

2037 5008 2209 5083 paulo
2242 5012 2388 5083 post,
2421 5003 2499 5062 nev
2517 5010 2576 5083 in
2603 5009 2808 5083 talibus
2839 5007 3055 5078 quidem
3075 5003 3376 5083 sublevari,
3409 5008 3524 5061 sine
3536 5003 3672 5083 pert"-

2035 5079 2157 5135 eulo
2186 5087 2280 5152 est.
2315 5079 2473 5152 lianc
2504 5079 2978 5152 adeoqlectioncm
3011 5079 3372 5152 exﬂRabano
3420 5079 3671 5152 reposui-

2036 5168 2169 5206 mus
2201 5166 2212 5204 :
2248 5150 2308 5223 in
2341 5149 2535 5205 Graeco
2567 5149 2722 5223 enim
2749 5155 2937 5223 _textu
2970 5149 3115 5223 nihil
3173 5154 3323 5223 es_t,_
3350 5146 3504 5223 quod
3546 5146 3668 5223 huic

2037 5222 2332 5277 sententia
2350 5221 2713 5292 respondeat.
2747 5221 2916 5276 Levia
2935 5221 3202 5292 quaedam
3230 5220 3478 5276 inferius
3509 5220 3668 5273 casti-

2078 5298 2273 5348 antur.

2038 5310 2273 5366 gantur.

2107 5366 2176 5434 (e)
2206 5362 2365 5436 Unus
2399 5379 2508 5436 ms.
2547 5363 2684 5433 Reg.
2712 5379 2889 5434 penes
2914 5360 3559 5436 Huetium,Quantul_um
3577 5371 3672 5436 pu-

2034 5429 2222 5489 sillum
2251 5435 2451 5506 quippe
2480 5435 2596 5497 hoc.
2627 5429 2948 5503 quantulum
2970 5504 2978 5506 Α
3003 5429 3269 5506 pusillum
3325 5435 3405 5506 est
3448 5429 3669 5506 Domni,

2034 5523 2144 5562 non
2163 5509 2242 5561 est
2257 5497 2412 5576 φυὲίί
2421 5504 2538 5559 lum
2560 5497 2896 5561 hominibus.
2918 5497 3084 5561 Alius
3099 5523 3117 5560 :
3146 5503 3487 5576 Quantulum
3505 5497 3671 5575 pusil-

2036 5523 2144 5562 non
2163 5523 2242 5561 εει
2307 5523 2538 5560 usmum
2560 5523 2896 5561 [ιονηιηιθιιδ.
2918 5523 3084 5561 Λιιυε
3099 5523 3117 5560 .'

2036 5578 2151 5634 lum
2166 5523 2422 5634 estfnon
2449 5583 2529 5634 est
2553 5576 2826 5650 pusillum
2864 5576 3123 5634 hominis.
