3960 6172
308 375 436 461 Oti'l

794 379 1292 455 TRANSLATIO
1334 385 1840 455 HOMILIARUM
1887 379 2254 454 ORIGENIS
2299 381 2380 453 ῙΝ
2421 380 2847 455 JEREMIAM.
2888 388 3083 456 HOM.
3126 389 3237 456 IX.

3601 391 3725 475 εδδ

303 518 368 577 in
414 518 824 595 promptuaria
870 539 980 582 sua
1001 523 1247 595 jubetur
1274 523 1511 593 intrare,
1544 523 1650 580 sed
1697 523 1827 595 ejus
1855 523 1955 595 qui
1988 525 2045 597 Α
2069 525 2245 578 monti
2272 524 2386 595 isti,
2419 525 2492 578 de
2523 540 2638 598 quo
2669 524 2985 596 quaesistis,
3019 526 3091 583 de
3131 541 3246 598 quo
3278 527 3671 601 proposuistis
3705 546 3721 589 :

300 608 493 683 jubet,
527 608 621 665 cui
650 609 936 682 pusillum
966 615 1055 667 est
1084 612 1194 668 hoc
1224 628 1396 668 omne
1425 611 1579 684 quod
1600 612 1820 685 grande
1849 614 1958 667 est.

266 773 277 777 _
302 699 365 759 Si
392 696 555 755 enim
587 699 770 754 donec
792 703 1159 777 pertranseat
1188 700 1275 756 ira
1299 700 1651 774 Dei,oportet
1672 701 1960 773 quosdam

301 786 527 844 intrare
570 788 977 860 promptuaria
1003 805 1149 858 sua;
1181 792 1321 846 sunt
1365 793 1562 845 autem
1593 788 1710 858 alii,
1743 789 1962 860 quibus

301 892 420 932 non
452 875 957 932 suntdimittenda
976 882 1231 950 peccata,
1259 894 1374 933 non
1396 877 1588 933 solum
1608 877 1668 932 in
1689 877 1962 950 praesenti

300 963 645 1031 saculo,sed
667 964 842 1021 etiam
859 964 920 1021 in
944 966 1544 1035 futuro,manifestum
1562 965 1959 1038 est,pusillum

300 1053 372 1109 ad
404 1069 475 1109 ea
495 1051 877 1109 deferendum
902 1070 1030 1126 quae
1062 1053 1338 1111 diximus.
1362 1055 1497 1110 Date
1518 1056 1702 1126 itaque
1726 1056 1960 1112 Domino

299 1142 407 1198 Deo
449 1144 629 1197 vestro
675 1142 918 1211 gloriam
946 1142 1084 1215 (Jer.
1118 1157 1240 1211 xm,
1276 1143 1385 1215 16).
1421 1144 1720 1209 Quomodo
1749 1144 1961 1200 damus

303 1228 552 1285 Domino
581 1229 698 1285 Deo
730 1233 929 1285 nostro
950 1228 1197 1302 gloriam
1218 1231 1247 1285 ‘I
1276 1247 1392 1285 non
1419 1231 1610 1287 verbis
1637 1236 1694 1288 et
1721 1232 1961 1289 vocibus

298 1321 538 1375 tantum
585 1315 1003 1389 gloriﬁcandus
1046 1321 1136 1373 est
1185 1318 1464 1374 Dominus
1493 1337 1507 1375 :
1541 1319 1803 1392 gloriﬁca
1848 1320 1958 1392 [Al,

300 1405 563 1463 clarifica
590 1405 679 1461 hic
706 1407 760 1460 et
790 1405 963 1478 infra]
985 1421 1121 1462 eum
1149 1405 1208 1460 in
1237 1406 1521 1473 castitate,
1548 1412 1604 1463 et
1624 1408 1881 1479 justitia,
1902 1412 1961 1464 et

298 1493 726 1552 beneﬁcentia:
750 1492 1014 1566 glorifica
1041 1510 1177 1550 eum
1198 1494 1257 1549 in
1289 1494 1959 1568 fortitudine,patientia,

297 1583 540 1658 pietate,
571 1582 883 1654 sapientia,
915 1582 1261 1655 ueterisque
1281 1582 1614 1639 virtutibus.
1640 1584 1715 1656 (a)
1739 1585 1833 1640 Sic
1865 1601 1962 1641 au-

293 1675 417 1729 tem
450 1675 543 1728 est
588 1668 1011 1745 gloriﬁcandus
1040 1671 1221 1740 Deus,
1251 1670 1303 1727 si
1351 1671 1641 1728 contraria
1688 1672 1958 1741 intulero,

298 1759 438 1817 nolo
470 1775 566 1816 me
597 1758 963 1816 arbitremini
995 1758 1425 1832 blasphemare.
1458 1760 1712 1817 Exhibeo
1743 1761 1961 1835 quippe

294 1849 666 1919 Scripturam
693 1863 906 1904 sensus
928 1846 1040 1904 mei
1064 1849 1595 1920 testem,quomodo
1618 1855 1818 1907 castus
1840 1849 1960 1923 glo-

293 1938 505 2008 riticet,
538 1936 879 1992 luxuriosus
925 1936 1236 1993 inhonoret
1265 1937 1449 1993 Deum
1479 1938 1560 2010 (b)
1593 1955 1606 1994 :
1643 1938 1954 2012 Templum

290 2026 451 2084 enim
484 2026 638 2098 ejus,
673 2025 842 2098 quasi
890 2025 1449 2093 Nabuchodonosor,
1482 2026 1733 2082 destruit
1778 2032 1954 2100 atque

291 2113 647 2186 corrumpit,
679 2115 736 2169 et
764 2113 1088 2169 secundum
1117 2113 1463 2187 Apostolum
1486 2130 1589 2187 per
1612 2117 1953 2188 praevarica-

293 2202 521 2260 tionem
550 2200 718 2276 legis,
751 2201 936 2257 Deum
980 2201 1294 2258 inhonoret
1323 2203 1496 2274 (Rom.
1529 2220 1592 2270 II,
1626 2204 1737 2276 23).
1774 2204 1957 2277 Igitur

298 2291 589 2366 gloriﬁcat
615 2290 802 2347 Deum
820 2290 1047 2362 justus,
1084 2290 1454 2347 contumeliis
1479 2291 1658 2347 afﬁcit
1686 2291 1955 2364 quicum-

306 2397 424 2457 que
455 2383 719 2450 peccator
747 2382 857 2435 est.
879 2382 1027 2434 Nam
1063 2382 1121 2435 et
1152 2377 1296 2434 illud
1331 2380 1487 2452 quod
1512 2381 1753 2452 quidam
1784 2380 1955 2436 dubi-

301 2472 528 2540 tant,an
557 2467 635 2524 sit
654 2466 1017 2540 providentia
1039 2466 1393 2539 Dei,nullam
1415 2467 1591 2524 aliam
1614 2469 1686 2525 ob
1717 2484 1957 2524 causam

297 2557 413 2614 nisi
444 2558 519 2613 ob
538 2555 683 2612 vitia
710 2554 993 2611 nascitur.
1017 2554 1198 2610 Aufer
1226 2572 1316 2625 ea,
1340 2554 1637 2612 abstulisti
1661 2556 1880 2628 pariter
1900 2558 1959 2612 et

299 2662 513 2709 causas
533 2643 913 2717 providentiae
928 2644 1294 2700 destruendis
1310 2660 1550 2700 sursum
1572 2661 1638 2700 ac
1660 2644 1954 2701 deorsum.

301 2735 411 2802 Qui
446 2734 765 2790 adversum
796 2732 1223 2804 providentiam
1249 2733 1573 2805 disputant,
1594 2733 1715 2789 haec
1731 2734 1955 2790 dicunt.

298 2824 493 2889 Quare
516 2821 669 2878 tanti
685 2820 929 2877 adulteri
943 2820 1166 2893 ‘lquare
1188 2821 1335 2876 tanti
1350 2820 1593 2878 molles?
1612 2838 1791 2894 quare
1811 2820 1961 2878 tanti

299 2909 615 2984 sacrilegi?
631 2925 812 2981 quare
831 2909 978 2965 tanti
1002 2909 1307 2983 irreligiosi
1331 2910 1508 2966 sunt?
1528 2913 1716 2983 Atque
1733 2911 1813 2966 ita
1830 2927 1962 2967 con-

297 2999 581 3057 tumelias
611 2997 673 3053 in
721 2997 1168 3070 providentiam,
1201 3001 1258 3054 et
1287 2998 1542 3054 offensas
1574 2998 1633 3053 in
1668 3003 1871 3067 Deum,
1904 3002 1962 3053 et

300 3086 746 3149 criminationes
767 3085 826 3141 in
848 3088 1178 3143 Creatorem
1200 3091 1531 3158 peccatores
1552 3092 1851 3158 generant.
1879 3087 1962 3142 Ex

302 3177 523 3251 quibus
550 3174 778 3247 liquido
796 3178 1036 3246 apparet
1060 3173 1205 3231 alios
1226 3175 1364 3231 dare
1391 3175 1507 3232 Deo
1537 3175 1962 3248 gloriam,alios

2069 609 2255 667 dicetis
2282 614 2460 668 monti
2487 613 2616 669 huic
2646 630 2665 668 :
2698 614 3050 683 Transmigra
3081 613 3228 681 hinc,
3261 616 3312 669 et
3347 618 3724 687 transmigra-

2070 700 2166 768 bit,
2201 699 2260 755 ld
2292 704 2382 756 est
2412 702 2483 758 ab
2513 701 2752 758 homine
2781 703 2854 757 ad
2885 701 3080 759 locum
3112 702 3420 761 definitum
3447 703 3581 761 sibi.
3614 704 3724 770 Qui

2069 805 2206 863 ergo
2237 789 2563 860 offendunt,
2589 806 2705 846 non
2737 790 3042 847 offendunt
3068 808 3244 864 super
3264 797 3494 850 montes
3522 791 3722 855 lucen-

2067 882 2175 945 tes,
2210 878 2313 933 sed
2367 895 2544 950 super
2591 883 2819 935 montes
2850 879 3210 947 tenebrosos,
3244 880 3295 936 si
3342 880 3560 938 fuerint
3587 898 3725 941 cum

2068 964 2295 1037 zabulo,
2328 971 2385 1022 et
2414 964 2639 1039 angelis
2669 967 2798 1038 ejus
2829 967 3131 1024 montibus
3162 967 3509 1025 tenebrosis.
3532 970 3726 1027 Etsus-

2071 1055 2319 1111 tinebitis
2348 1056 2409 1111 in
2437 1056 2645 1111 lumen.
2678 1059 2877 1113 Potest
2906 1056 3143 1128 quidem
3177 1057 3365 1128 aptari
3395 1057 3532 1117 huic
3562 1059 3720 1130 quod

2067 1142 2283 1199 dicitur
2328 1161 2341 1200 :
2394 1145 2522 1199 Date
2560 1144 2802 1215 gloriam
2846 1146 3080 1205 Domino
3126 1146 3235 1203 Deo
3267 1149 3452 1202 nostro
3498 1146 3717 1218 (Jerem.

2067 1249 2190 1303 χιιι,
2228 1232 2336 1304 16),
2370 1232 2478 1288 hoc
2530 1233 2683 1305 quod
2718 1233 2890 1289 modo
2946 1233 3124 1290 infert
3155 1250 3169 1288 :
3201 1236 3267 1290 Et
3293 1235 3633 1293 sustinebitis
3661 1237 3721 1293 in

2067 1320 2271 1378 lumen.
2304 1320 2361 1375 Si
2391 1320 2666 1377 dederitis
2695 1321 2941 1379 Domino
2971 1321 3086 1378 Deo
3109 1326 3300 1380 vestro
3318 1321 3591 1396 gloriam,
3614 1339 3719 1380 an.

2066 1412 2307 1482 tequam
2338 1410 2834 1478 contenebrescat,
2865 1414 2923 1467 et
2952 1405 3271 1482 antequam
3302 1412 3597 1477 offendant
3628 1427 3725 1487 pe-

2068 1497 2171 1553 des
2198 1497 2375 1553 vestri
2405 1514 2582 1572 super
2612 1503 2842 1554 montes
2873 1499 3233 1566 tenebrosos,
3257 1498 3416 1556 haud
3446 1498 3718 1568 dubium,

2068 1585 2207 1665 quin
2240 1585 2468 1642 etiamsi
2500 1587 2996 1653 contenebrescat,
3027 1590 3084 1643 et
3122 1585 3463 1645 sustineatis
3492 1585 3717 1657 lumen,

2067 1690 2170 1730 vos
2197 1674 2497 1746 suscipiat.
2526 1673 2693 1731 Alius
2739 1690 2874 1731 vero
2906 1674 3082 1743 dicat,
3112 1674 3307 1732 nescio
3339 1679 3537 1732 utrum
3567 1678 3722 1732 recte

2069 1778 2144 1818 an
2174 1779 2503 1835 perperam,
2522 1762 2661 1835 quia
2685 1766 2743 1819 et
2757 1762 2817 1819 hi
2839 1763 2941 1835 qui
2967 1763 3271 1820 offendunt
3297 1779 3474 1837 super
3493 1767 3723 1820 montes

2069 1851 2431 1918 tenebrosos,
2465 1855 2800 1923 exspectant
2829 1851 3143 1924 aliquando
3185 1850 3597 1909 misericordias
3627 1850 3720 1908 lu-

2069 1955 2224 1995 men.
2260 1939 2375 1994 Hoc
2395 1938 2552 1994 enim
2572 1939 2806 1995 videtur
2826 1940 3130 1996 ostendere
3159 1954 3173 1995 :
3203 1940 3271 1996 Et
3297 1941 3636 1997 sustinebitis
3655 1940 3718 1997 in

2065 2028 2273 2083 lumen.
2290 2026 2350 2084 Si
2383 2031 2578 2083 autem
2597 2028 2730 2100 quis
2761 2027 2983 2085 venerit
3003 2027 3077 2083 ad
3100 2032 3329 2087 montes
3357 2029 3721 2096 tenebrosos,

2061 2114 2194 2170 vide
2225 2114 2365 2188 quid
2398 2115 2477 2172 ibi
2525 2116 2802 2172 inveniat.
2836 2117 2937 2172 Est
2966 2114 3085 2171 illic
3131 2116 3344 2173 umbra
3372 2114 3601 2185 mortis,
3633 2115 3717 2173 ibi

2063 2202 2359 2259 tenebrosi
2380 2203 2732 2272 montes,ibi
2766 2204 2978 2263 umbra
2999 2204 3206 2261 mortis
3237 2221 3305 2260 ex
3334 2204 3483 2276 ipsis
3503 2203 3722 2265 monti-

2064 2291 2176 2347 bus
2208 2296 2525 2363 procreata.
2556 2293 2621 2346 Et
2664 2301 2938 2364 ponentur
2965 2295 3027 2349 in
3066 2294 3333 2349 tenebras.
3364 2295 3432 2349 Et
3479 2295 3594 2350 nisi
3620 2309 3723 2355 au-

2063 2378 2278 2436 dieritis
2305 2381 2526 2452 occulte,
2557 2381 2826 2454 gloriabit
2851 2383 3050 2437 anima
3076 2385 3257 2438 vestra
3285 2398 3320 2436 a
3346 2382 3493 2451 facie
3521 2386 3713 2439 contu-

2065 2470 2243 2523 meliae
2272 2469 2400 2539 (Jer.
2433 2485 2557 2535 xm,
2593 2469 2699 2540 17).
2753 2470 2831 2525 De
2870 2468 2962 2524 his
3017 2468 3119 2541 qui
3166 2468 3436 2538 audiunt,
3468 2469 3713 2541 quidam

2065 2555 2289 2613 occulte
2308 2557 2560 2612 audiunt
2584 2573 2596 2611 :
2622 2556 2861 2629 quidam
2885 2572 3020 2613 vero
3036 2573 3171 2612 cum
3189 2557 3460 2629 audiunt,
3486 2574 3601 2617 non
3625 2574 3721 2619 oo-

2065 2644 2218 2701 culte
2275 2644 2539 2701 audiunt.
2591 2645 2736 2713 Quid
2787 2649 2876 2702 est
2926 2646 3122 2717 itaque
3180 2644 3402 2703 occulte
3449 2645 3652 2704 audire
3694 2645 3723 2702 ‘2

2066 2750 2278 2806 nempe
2306 2732 2456 2789 illud
2487 2750 2500 2788 :
2534 2734 2639 2790 Sed
2676 2735 2954 2806 loquimur
2978 2736 3312 2806 sapientiam
3335 2735 3438 2791 Dei
3466 2736 3527 2790 in
3566 2751 3721 2806 mys-

2068 2825 2207 2879 terio
2237 2823 2554 2879 absconsum
2575 2841 2594 2879 :
2623 2840 2791 2895 quam
2827 2825 3243 2895 praedestinavit
3283 2825 3425 2881 Deus
3449 2827 3579 2880 ante
3605 2838 3725 2883 sae-

2066 2909 2202 2967 cula
2229 2913 2290 2967 in
2315 2910 2549 2983 gloriam
2596 2916 2841 2968 nostram
2890 2912 2962 2983 (ΙΙ
3007 2910 3130 2968 Cor.
3163 2929 3227 2980 ιι,
3258 2913 3337 2984 7).
3373 2912 3441 2967 Et
3485 2928 3725 2968 rursum

2069 2998 2208 3056 alibi
2235 3000 2468 3071 dicitur,
2493 3000 2630 3073 quia
2657 3000 2822 3072 plura
2842 3017 3067 3073 operum
3088 3001 3187 3057 Dei
3213 3009 3340 3057 sunt
3360 3002 3422 3057 in
3449 3000 3727 3058 absconsis

2070 3089 2243 3162 (Eccl.
2275 3106 2388 3156 xvr,
2419 3090 2532 3162 22).
2566 3089 2621 3145 Si
2659 3088 2832 3145 audio
2867 3089 3080 3163 legem,
3112 3094 3217 3146 aut
3263 3089 3497 3147 occulte
3528 3088 3732 3157 audio,

2073 3181 2176 3235 aut
2206 3194 2321 3233 non
2350 3177 2595 3234 occulte.
2629 3178 2867 3234 Judaeus
2889 3178 3029 3250 quia
3050 3179 3261 3251 Legem
3293 3195 3407 3235 non
3441 3178 3605 3237 audit
3627 3194 3725 3234 oc-

302 3265 635 3323 convicium
656 3263 1010 3332 facere,dum
1034 3263 1411 3335 passionibus
1428 3268 1484 3319 et
1499 3263 1655 3318 vitiis
1680 3264 1960 3319 serviunt.
1994 3251 2036 3317 C
2075 3266 2249 3337 culte,
2289 3263 2349 3321 in
2396 3264 2707 3321 manifesto
2759 3265 3224 3334 circumciditur,
3256 3266 3523 3323 nesciens
3568 3266 3729 3333 834

302 3356 435 3412 Date
454 3354 702 3426 gloriam
720 3353 947 3408 Domino
976 3354 1081 3408 Deo
1106 3362 1280 3408 vestro
1301 3355 1592 3424 antequam
1610 3353 1962 3419 tenebrescat,

301 3449 357 3500 et
384 3451 685 3514 antequam
729 3441 1021 3513 offendant
1045 3441 1206 3513 pedes
1247 3443 1418 3497 vestri
1464 3443 1526 3495 in
1565 3446 1961 3496 montes‘tene-

306 3534 490 3599 brosos
539 3533 673 3605 (Jer.
703 3547 828 3596 xm,
885 3529 992 3601 16).
1025 3533 1173 3584 Sunt
1222 3528 1322 3584 alii
1372 3533 1601 3585 montes
1647 3528 1961 3596 tenebrosi,

304 3621 405 3690 alii
458 3622 747 3677 lucentes.
791 3617 1212 3674 Verumtamen
1266 3618 1408 3689 quia
1454 3617 1691 3689 utrique
1737 3622 1966 3675 montes

304 3711 462 3769 888
489 3712 635 3766 sunt
663 3706 883 3779 magni,
918 3709 1145 3762 montes
1174 3706 1434 3762 lucentes
1469 3710 1609 3762 sunt
1640 3705 1832 3779 angeli
1864 3706 1989 3761 Dei

305 3804 363 3857 et
408 3796 710 3874 prophetae
745 3813 758 3852 :
792 3795 980 3851 Moses
1034 3793 1293 3850 famulus
1344 3796 1493 3867 ejus,
1528 3795 1775 3866 apostoli
1826 3795 1966 3852 Jesu

307 3885 548 3954 Christi,
585 3884 656 3940 de
703 3882 918 3956 quibus
966 3881 1217 3938 arbitror
1249 3882 1364 3938 dici
1397 3898 1410 3938 :
1443 3882 1823 3940 Fundamenta
1850 3883 1970 3955 ejus

313 3977 374 4031 in
414 3973 691 4032 montibus
740 3974 942 4029 sanctis
989 3974 1102 4041 (Ps.
1136 3989 1366 4042 LXXXVI,
1399 3972 1474 4044 1).
1528 3972 1755 4027 Montes
1801 3976 1965 4027 tene-

310 4062 471 4121 brosi
503 4066 647 4121 sunt
677 4060 777 4134 qui
828 4061 1137 4134 eriguntur
1183 4061 1464 4129 adversus
1510 4060 1817 4117 scientiam
1867 4059 1969 4115 Dei

308 4154 382 4227 (ΙΙ
416 4152 541 4209 Cor.
576 4168 637 4219 χ,
673 4151 753 4222 5).
783 4149 1037 4205 Zabulus
1069 4166 1237 4205 mons
1284 4150 1631 4206 tenebrosus
1662 4152 1770 4205 est.
1803 4148 1970 4204 Prin-

308 4242 472 4314 cipes
502 4239 703 4296 seculi
735 4237 920 4308 hujus
938 4236 1037 4310 qui
1060 4238 1464 4305 destruuntur,
1490 4242 1716 4294 montes
1737 4241 1877 4293 sunt
1897 4241 1976 4293 te—

308 4328 573 4387 nebrosi.
607 4326 971 4383 Dzemonium
997 4326 1261 4395 lunatici,
1286 4343 1456 4383 mons
1475 4331 1601 4383 erat
1628 4332 1685 4383 et
1704 4326 1973 4382 tenebro-

309 4436 415 4475 sus
451 4435 465 4473 :
502 4433 677 4475 mons
725 4423 851 4472 erat
902 4415 975 4471 de
1021 4432 1137 4487 quo
1192 4414 1455 4471 Salvator
1483 4415 1609 4471 ait:
1658 4415 1718 4471 Si
1757 4416 1974 4471 dixeris

308 4508 494 4566 monti
523 4506 655 4563 huic
672 4506 842 4578 (Mat.
875 4522 1018 4573 xvu,
1051 4504 1139 4576 19)
1169 4521 1182 4559 :
1218 4503 1291 4559 de
1320 4502 1579 4560 lunatico
1611 4503 1827 4576 quippe
1857 4504 1972 4560 daa-

312 4595 517 4654 monio
551 4594 663 4651 sibi
696 4592 935 4667 quaestio
967 4592 1253 4648 inciderat
1287 4617 1300 4659 ;
1333 4596 1391 4648 et
1440 4592 1773 4648 dicentibus
1803 4592 1977 4648 disci-

314 4685 479 4759 pulis
514 4700 529 4740 :
562 4684 682 4741 Non
704 4684 989 4757 potuimus
1041 4682 1237 4754 ejicere
1266 4680 1427 4747 illud,
1461 4682 1763 4755 reSpondit
1792 4681 1984 4737 Salva-

312 4780 408 4835 tor
439 4791 456 4831 :
490 4774 557 4833 Si
606 4772 910 4829 habueritis
958 4771 1125 4843 ﬁdem
1155 4779 1216 4826 ut
1261 4787 1497 4842 granum
1537 4772 1765 4842 sinapis,
1798 4771 1987 4827 dicetis

384 4914 936 4991 (a)Preaponendam
949 4915 1001 4970 si
1011 4914 1141 4991 conj
1148 4913 1348 4991 unctio
1356 4929 1489 4969 nem
1503 4912 1991 4991 suspicaturHue-

311 4984 460 5058 tius,
493 4992 563 5044 ut
591 4984 713 5042 haec
741 4984 1427 5058 subsequentigjungatur
1456 4984 1991 5058 sente’nti_;e,estque

316 5049 525 5130 revera
558 5058 632 5130 Ain
688 5059 880 5130 Graeco
930 5049 957 5110 ε’
995 5049 1169 5130 ἐἱςδέ
1218 5049 1403 5130 ςςᾶὖτα-
1434 5052 1627 5130 otism;
1700 5049 1840 5130 ἔχέε,
1889 5049 1988 5130 διαὶ

317 5130 467 5186 οὕτω
484 5126 695 5199 δοξάζει
708 5148 792 5189 τις
808 5127 901 5182 τὸν
919 5124 1173 5199 Θεὸνὶὲᾶν
1190 5121 1326 5179 εἷ’πω
1344 5126 1410 5178 τά
1426 5121 1775 5192 ἐναντίαβιέί.
1800 5126 1988 5182 Raba-

319 5220 436 5260 nns
452 5197 614 5259 atem
632 5199 800 5272 aliter
815 5198 1041 5268 dividit,
1055 5197 1351 5272 legitque:
1374 5199 1453 5253 sic
1473 5205 1654 5272 autem
1674 5199 1991 5272 clariﬁsan-

321 5276 428 5330 dus
457 5276 541 5330 est
574 5275 735 5327 Deus.
771 5271 832 5327 Si
857 5269 1149 5327 contraria
1174 5269 1432 5336 intulero,
1464 5270 1591 5324 nolo
1639 5285 1722 5325 me
1753 5271 1990 5325 arbitre-

324 5347 476 5401 mini
525 5343 859 5413 clariﬁcare,
912 5343 1003 5399 sed
1052 5340 1444 5412 blasphemare.
1502 5341 1744 5396 Exhibeo
1795 5343 1995 5412 quippe

322 5418 693 5485 Scﬁpturam,
728 5418 837 5470 etc.

395 5434 441 5472 ri
485 5433 693 5485 turam,
728 5433 837 5470 etc.

504 5486 933 5570 Expunximus‘
966 5483 1062 5540 hic
1096 5499 1305 5570 lvocem
1360 5486 1673 5570 quassu?
1698 5482 1992 5570 cont‘ea‘tui

327 5552 555 5640 reliquo
586 5552 1057 5640 incommodam,
1091 5552 1393 5625 totamque
1438 5552 1753 5640 periodum.
1775 5554 1846 5635 ad
1882 5554 1993 5609 Ra-

328 5624 555 5710 banicae
585 5624 852 5710 lectionis
881 5626 1181 5702 exegimus
1205 5624 1495 5710 normam,
1519 5629 1695 5710 atque
1717 5624 1798 5708 ibi
1829 5640 1993 5710 cum-

330 5698 677 5775 primis,ubi
697 5699 951 5775 legimus
973 5696 1113 5774 {per
1127 5696 1648 5774 praevaricationem
1673 5696 1808 5768 legis
1829 5696 1997 5755 Deum

2087 3371 2220 3411 eum
2253 3354 2353 3426 qui
2384 3353 2444 3408 in
2475 3354 2784 3410 manifesto
2824 3354 3282 3422 circumciditur,
3312 3355 3582 3413 Judaeum
3613 3371 3733 3412 non

2073 3460 2221 3511 esse,
2248 3459 2435 3515 neque
2467 3458 2597 3498 eam
2620 3460 2746 3514 quae
2768 3442 2830 3497 in
2861 3442 3057 3514 palam
3078 3447 3168 3498 est
3190 3442 3248 3497 in
3282 3458 3455 3500 carne
3475 3442 3735 3498 circum-

2073 3530 2375 3587 cisionem.
2409 3530 2513 3595 Qui
2546 3529 2776 3585 auditor
2793 3534 2883 3586 est
2910 3541 3106 3586 autem
3138 3528 3603 3586 circumcisionis
3633 3546 3729 3586 oc-

2074 3617 2265 3690 cultae,
2290 3622 2348 3673 et
2377 3618 2437 3672 in
2468 3616 2693 3674 occulto
2715 3617 3167 3673 circumciditur.
3197 3617 3301 3680 Qui
3328 3617 3493 3674 audit
3516 3617 3736 3689 Legem

2075 3706 2302 3763 occulte
2328 3707 2401 3761 de
2428 3704 2722 3777 mysteriis
2755 3705 3012 3773 Paschae,
3044 3722 3145 3761 ove
3174 3704 3430 3772 vescitur
3455 3704 3689 3761 Christo
3717 3722 3733 3773 ;

2078 3795 2286 3851 Pascha
2314 3793 2531 3866 quippe
2550 3796 2798 3848 nostrum
2819 3793 3137 3850 immolatus
3166 3797 3245 3850 est
3274 3793 3524 3849 Christus
3545 3793 3589 3865 (Ι
3607 3792 3736 3852 Cor.

2075 3901 2131 3952 v,
2161 3884 2261 3954 7);
2296 3881 2487 3938 sciens
2539 3897 2773 3937 carnem
2821 3881 2995 3937 Verbi
3031 3881 3126 3937 Dei
3155 3898 3287 3938 vere
3338 3880 3538 3939 cibum
3584 3896 3736 3954 esse,

2078 3970 2334 4028 vescitur
2364 3988 2450 4026 ea.
2488 3969 2724 4026 Occulte
2772 3970 2988 4042 quippe
3018 3970 3090 4026 de
3136 3970 3364 4026 Pascha
3392 3970 3637 4027 audivit.
3667 3972 3743 4027 At

2077 4077 2211 4118 vero
2257 4058 2614 4116 miserabilis
2661 4058 2899 4115 Judaeus
2927 4058 3146 4116 idcirco
3187 4059 3504 4117 Dominum
3532 4060 3739 4117 Jesum

2082 4147 2392 4214 interfecit,
2416 4151 2474 4204 et
2489 4163 2677 4219 usque
2697 4147 2757 4203 in
2777 4152 3123 4219 praesentem
3149 4148 3306 4205 diem
3331 4165 3466 4205 reus
3487 4152 3578 4206 est
3594 4165 3746 4207 mor-

2079 4239 2157 4294 tis
2186 4239 2334 4309 ejus,
2362 4237 2499 4309 quia
2524 4253 2639 4292 non
2670 4236 2892 4293 audivit
2913 4236 3137 4293 occulte
3163 4238 3369 4311 Legem
3404 4241 3459 4294 et
3489 4237 3746 4311 prophe-

2080 4330 2192 4381 tas.
2223 4326 2285 4381 Si
2318 4325 2555 4398 quando
2585 4324 2746 4398 leges
2775 4326 2849 4381 de
2878 4326 3099 4399 azymis
3122 4332 3288 4399 potes
3318 4324 3520 4381 audire
3549 4325 3745 4382 occul-

2082 4419 2159 4486 te,
2190 4420 2357 4486 potes
2405 4414 2609 4469 audire
2660 4413 2989 4470 manifeste.
3041 4412 3407 4485 Quicumque
3456 4412 3528 4469 de
3579 4412 3747 4469 vobis

2083 4504 2283 4576 (prope
2335 4502 2553 4576 quippe
2598 4507 2685 4557 est
2734 4501 2978 4574 Pascha)
3010 4517 3213 4574 azyma
3259 4498 3655 4568 celebraverit,
3687 4498 3749 4555 id

2013 4617 2062 4681 Β
2091 4595 2409 4681 est,azyma
2439 4589 3130 4681 bsec(c)corporalia,non
3152 4588 3375 4681 audivit
3402 4588 3750 4681 mandatum

2096 4679 2296 4736 dicens
2330 4697 2343 4734 :
2376 4679 2497 4734 Nisi
2523 4678 2814 4734 audieritis
2833 4677 3311 4750 occulte,plcrabit
3338 4677 3529 4731 anima
3549 4682 3743 4733 vestra.

2096 4769 2165 4824 Et
2192 4769 2263 4823 de
2302 4767 2543 4824 sabbato
2575 4767 2843 4839 quaedam
2896 4764 3245 4823 muliercula
3294 4781 3411 4820 non
3445 4763 3752 4821 audientes

2098 4910 2419 4979 inhonorat,
2449 4924 2587 4964 cum
2641 4913 2813 4965 antea
2854 4911 3027 4977 esset,
3055 4908 3459 4979 praevarigatur
3502 4913 3556 4961 et
3583 4905 3758 4979 Deum

2097 4976 2411 5036 inhonorat.
2449 4980 2665 5035 Praasto
2712 4984 2906 5034 autem
2940 4976 3100 5034 fuere
3121 4980 3281 5049 gpost
3310 4976 3453 5033 Rab.
3488 4977 3755 5049 testimo-

2098 5052 2263 5131 nium
2297 5068 2444 5131 mss.
2466 5066 2698 5131 quoque
2732 5050 2916 5131 Qegii,
2943 5047 3331 5131 quoslaudat‘
3351 5048 3758 5131 {iustiti-equi:

2100 5139 2213 5196 que
2244 5123 2303 5177 in
2336 5138 2402 5196 eo
2431 5119 2663 5196 tantum
2696 5138 2729 5177 a
2750 5119 2976 5176 Babani
3004 5120 3250 5196 l_ec_tione
3283 5119 3758 5196 abludunt,quod

2098 5191 2298 5251 vocem
2316 5194 2465 5265 legis
2490 5209 2604 5248 non
2639 5196 2987 5265 agnoscunt.
3002 5191 3253 5265 Sedﬁprse
3275 5192 3511 5265 caeteris
3519 5191 3759 5265 Graecus

2101 5264 2355 5351 concinit
2380 5256 2577 5351 textus
2612 5280 2624 5318 :
2651 5256 2742 5316 τ’ὅν
2759 5261 2870 5351 ὶγὰβ
2897 5261 3019 5351 γαὸν
3036 5256 3282 5351 τοῦβξος)
3306 5256 3756 5351 ὡςΝαϐοΒχοδο-

2103 5337 2264 5427 voscf
2284 5335 2661 5412 καταστρέφει,
2684 5326 3163 5412 καῖ’φθείρει,,.καὶ
3177 5329 3267 5388 διὰ
3284 5339 3384 5403 τῆς
3397 5326 3756 5409 παραϐἇῗσεως

2172 5411 2193 5421 ε·
2234 5424 2239 5427 ι
2270 5406 2282 5427 Ι
2464 5406 2475 5421 ‘
2544 5405 2631 5427 n_!
2702 5405 2773 5427 3....
2794 5425 2817 5427 η
2840 5404 2919 5427 ΛνΑ
2979 5422 2991 5427 -
3027 5401 3048 5427 Ἰ
3070 5404 3135 5427 1P1
3160 5425 3171 5427 _
3207 5403 3222 5427 2
3242 5403 3314 5427 --Ι
3345 5403 3431 5427 __-_\
3463 5403 3567 5427 --Π-Α
3623 5402 3716 5427 ).--

2100 5411 2209 5479 τοῦθ
2225 5401 2397 5479 δόμου
2425 5401 2519 5461 tab
2541 5401 2671 5461 Θεὸν
2696 5401 2945 5478 ἀτιμάζεί
2979 5422 2993 5474 ;
3027 5401 3172 5474 λέξις
3204 5403 3315 5459 ἐστι
3344 5401 3434 5459 καὶ
3457 5401 3590 5473 sitim
3617 5402 3753 5458 ἀπο·
3857 5418 3865 5431 ‘

2103 5478 2233 5533 στθλ
2246 5478 2330 5548 ική
2345 5522 2357 5536 .

2174 5552 2244 5623 (c)
2274 5541 2557 5623 Lorrupte
2580 5552 2752 5605 antea
2774 5547 3079 5622 legebatur
3097 5546 3538 5621 corpora.Graec.
3563 5565 3754 5621 σωμα-
3867 5541 3878 5552 ’

2100 5623 2247 5681 τικά.
