3978 6188
253 394 373 462 659

1501 399 1566 460 8.
1613 396 1917 462 EUSEBII
1962 395 2405 465 HIERONYMI

3512 392 3627 469 ϐω,

249 528 617 606 prophetam,
663 543 778 586 non
832 527 1080 586 audiunt
1126 528 1371 601 occulte,
1403 530 1505 587 sed
1552 529 1747 602 palam
1795 530 1887 586 die
1915 531 2288 604 Acupantur
2314 534 2674 590 Christiani?
2710 535 2781 591 de
2805 533 3020 608 quibus
3048 534 3144 592 hic
3174 549 3361 592 sermo
3389 538 3505 594 est:
3530 538 3615 595 Ve-

249 621 492 680 sabbato
513 619 773 674 lavantes
798 621 955 687 se,et
982 619 1192 674 iterum
1219 622 1568 676 revertentes
1600 619 1671 675 ad
1690 634 1891 691 egena,

249 713 307 766 et
352 708 588 763 infirma
642 705 951 776 elementa,
1002 707 1172 777 quasi
1219 708 1482 763 nondum
1530 707 1896 763 descenderit

247 796 539 865 Christus,
571 799 629 851 et
658 810 768 851 nos
814 794 1106 866 baptismo
1139 812 1244 852 suo
1273 795 1477 851 laverit
1520 812 1553 851 a
1584 795 1895 869 Legalibus

246 884 431 940 initiis
474 883 535 938 in
566 882 973 956 Evangelicam
1026 884 1459 956 perfectionem.
1493 885 1713 940 Idcirco
1759 884 1894 940 dili-

248 974 483 1047 gentius
514 973 905 1040 attendamus,
940 971 990 1027 si
1024 973 1256 1043 quando
1301 972 1503 1043 Legem
1538 972 1807 1045 legimus,
1839 976 1897 1029 et

248 1061 586 1134 prophetas,
619 1077 692 1116 ne
737 1060 1068 1116 incidamus
1115 1059 1175 1114 in
1225 1059 1715 1130 maledictionem,
1766 1079 1894 1133 quae

249 1167 404 1206 nunc
437 1149 655 1205 dicitur
687 1166 700 1203 :
732 1150 861 1204 Nisi
878 1149 1164 1205 audieritis
1191 1148 1421 1219 occulte,
1446 1150 1687 1221 plorabit
1706 1152 1897 1205 anima

246 1240 430 1293 vestra
457 1253 493 1293 α
509 1237 657 1310 facie
684 1238 1050 1294 contumeliae.
1085 1236 1447 1308 Quicumque
1470 1238 1764 1309 jejunium
1792 1238 1894 1295 Ju-

245 1327 525 1393 daaorum,
559 1324 727 1398 quasi
759 1324 1096 1397 ignorantes
1129 1325 1548 1397 redemptionis
1579 1327 1734 1382 diem
1765 1331 1896 1400 post

245 1415 561 1470 adventum
590 1413 731 1469 Jesu
778 1414 989 1469 Christi
1021 1413 1360 1484 observatis,
1394 1431 1510 1485 non
1557 1416 1775 1473 auditis
1805 1433 1894 1473 re-

242 1502 638 1574 demptionem
672 1500 915 1558 occulte‘
950 1502 1051 1558 sed
1082 1503 1491 1558 tantummodo
1522 1503 1738 1575 palam.
1771 1505 1893 1559 Ab-

241 1605 452 1646 sconsa
481 1588 697 1662 quippe
721 1593 811 1645 est
838 1589 1271 1662 propitiationis
1301 1591 1544 1660 auditio,
1569 1593 1719 1648 scire
1748 1609 1892 1666 quo-

239 1678 412 1735 modo
442 1677 702 1751 posuerit
721 1678 925 1734 Jesum
956 1678 1109 1734 Deus
1132 1679 1606 1751 propitiationem
1638 1698 1741 1753 pro
1762 1699 1897 1754 pec-

238 1766 384 1822 catis
414 1765 653 1834 nostris,
674 1769 731 1821 et
760 1767 900 1838 quia
930 1768 1047 1838 ipse
1076 1774 1151 1821 est
1168 1768 1492 1838 propitiatio
1519 1786 1617 1840 pro
1630 1772 1891 1841 peccatis,

235 1869 349 1910 non
376 1854 790 1922 solum'nostris,
814 1870 1003 1910 verum
1021 1855 1188 1909 etiam
1217 1856 1381 1911 totius
1405 1858 1604 1913 mundi
1632 1860 1705 1931 (II
1725 1860 1887 1915 Joan.

239 1958 301 2013 II,
331 1942 409 2013 2).
440 1940 733 1997 Parabolas
755 1956 987 2013 quoque
1013 1957 1147 1997 cum
1178 1941 1457 2014 leguntur
1477 1944 1535 1999 in
1558 1946 1885 2019 Evangelio,

238 2033 298 2086 et
327 2033 418 2085 est
446 2029 678 2085 auditor
696 2033 1042 2101 extranaaus,
1068 2046 1181 2085 non
1200 2035 1392 2103 potest
1411 2048 1509 2088 eas
1544 2034 1766 2090 occulte
1792 2052 1891 2091 au-

242 2117 385 2173 dire.
419 2117 478 2173 Si
507 2133 641 2173 vero
686 2118 917 2174 auditor
944 2118 1121 2173 fuerit
1166 2119 1504 2194 Apostolus,
1533 2126 1589 2177 et
1619 2139 1772 2179 unus
1803 2140 1893 2180 eo-

240 2222 375 2262 rum
406 2206 509 2277 qui
538 2205 1204 2278 ingrediunturdomum
1225 2208 1619 2277 Jesu,accedit
1639 2212 1709 2266 ad
1731 2229 1889 2281 eum,

239 2294 560 2367 interrogat
587 2296 660 2351 de
689 2294 1043 2351 obscuritate
1064 2296 1372 2368 parabolae,
1400 2301 1455 2353 et
1478 2298 1526 2354 si
1547 2298 1890 2373 interpreta-

238 2387 336 2439 tus
368 2383 420 2440 ei
444 2384 524 2440 sit
544 2400 671 2455 quae
695 2383 935 2452 audivit,
963 2383 1295 2457 intelligens
1326 2387 1706 2460 Evangelium
1729 2391 1894 2447 audit

237 2488 308 2528 ea
336 2471 581 2539 occulte,
612 2477 679 2528 ut
709 2489 826 2528 non
857 2472 1045 2545 ploret
1066 2473 1264 2529 anima
1297 2475 1446 2546 ejus.
1481 2477 1697 2533 Eorum
1722 2479 1891 2552 quip-

236 2560 437 2633 pe,qui
468 2559 692 2617 occulte
714 2577 829 2617 non
856 2562 1107 2616 audiunt
1132 2561 1381 2634 plorabit
1404 2563 1893 2638 anima.(a)0uam

236 2648 579 2705 admiranda
608 2666 723 2705 non
746 2649 864 2705 ait:
900 2648 1228 2715 Plorabitis,
1255 2650 1368 2706 nisi
1396 2652 1619 2708 occulte
1639 2654 1894 2711 audieri-

237 2737 336 2804 tis,
368 2752 603 2793 verum:
634 2738 882 2793 Plorabit
908 2740 1104 2793 anima
1133 2746 1313 2801 vestra
1339 2756 1352 2794 :
1377 2738 1526 2797 835
1560 2746 1650 2796 est
1680 2742 1895 2815 quippe

242 2825 426 2881 solius
457 2824 664 2881 animae
697 2826 890 2893 ﬂetus;
910 2830 968 2881 et
997 2826 1241 2881 forsitan
1265 2827 1374 2882 iste
1400 2827 1495 2895 sit,
1527 2829 1598 2884 de
1628 2847 1744 2901 quo
1768 2833 1895 2888 Sal-

242 2917 405 2969 vator
435 2913 535 2985 ait,
567 2916 650 2969 Ibi
677 2915 785 2969 erit
813 2916 971 2984 ﬂetus
995 2922 1047 2969 et
1067 2914 1271 2971 stridor
1298 2915 1548 2971 dentium
1578 2918 1791 2989 (Matth.
1814 2938 1895 2989 v1,

244 3000 362 3074 25).
383 3000 485 3057 Illa
505 3017 738 3073 quoque
759 3002 1159 3072 comminatio,
1184 3020 1300 3075 qua
1322 3004 1649 3063 ridentibus
1670 3006 1895 3065 luctum

248 3090 657 3163 lacrymasque
715 3090 1041 3157 denuntiat,
1092 3092 1164 3147 de
1214 3091 1323 3148 hoc
1381 3093 1518 3149 ﬂetu
1564 3100 1673 3165 est,
1719 3113 1895 3169 quem

252 3182 675 3234 commemorat
695 3178 977 3251 propheta
1005 3179 1080 3251 (b)
1106 3197 1279 3246 nunc,
1302 3181 1503 3237 dicens
1532 3200 1545 3239 :
1570 3185 1689 3239 Nisi
1713 3186 1897 3242 audie-

2001 626 2313 679 rumtamen
2354 625 2580 680 veniens
2625 625 2798 681 Filius
2830 625 3089 692 hominis,
3115 628 3276 697 putas
3316 625 3540 681 inveniet
3566 626 3621 696 ﬁ-

2001 710 2129 766 dem
2157 727 2321 782 super
2348 717 2555 768 terram
2603 713 2754 785 (Luc.
2786 730 2943 780 xvm,
2975 713 3074 785 3)?
3102 729 3290 769 nonne
3318 713 3387 767 de
3414 713 3572 769 nobis
3594 714 3621 768 ‘i

2004 799 2224 855 Idcirco
2255 800 2662 872 provideamus
2690 802 2993 867 attentius,
3017 806 3083 856 ut
3110 816 3212 872 per
3235 800 3490 873 singulos
3510 801 3621 858 dies

2003 886 2108 943 iste
2136 904 2275 960 grex
2321 889 2552 945 Domini
2602 889 2960 959 melioretur,
3006 888 3386 955 convalescat,
3416 887 3626 962 integer

2004 983 2379 1048 perverseret,
2415 981 2478 1032 ut
2509 978 2614 1049 [AL
2647 978 2726 1051 et]
2761 978 2918 1033 omni
2943 977 3290 1034 contritione
3318 977 3388 1032 ab
3418 976 3626 1032 anima-

2004 1064 2115 1121 bus
2147 1065 2362 1121 nostris
2392 1066 2497 1137 [AL
2520 1066 2750 1140 vestris]
2774 1066 3497 1137 recedente,(d)efficiamur
3510 1081 3628 1136 per-

2004 1152 2135 1208 fecti
2165 1153 2225 1208 in
2254 1153 2481 1211 Christo
2503 1157 2661 1223 Iesu,
2694 1156 2789 1211 cui
2818 1162 2905 1212 est
2930 1154 3118 1228 gloria
3145 1158 3202 1210 et
3243 1154 3547 1227 imperium
3573 1153 3627 1208 in

2003 1239 2216 1296 saecula
2245 1241 2612 1299 saeculorum.
2645 1250 2853 1299 Amen.

2481 1385 2815 1447 HOMILIA
2859 1386 3159 1446 DECIMA

2004 1481 2152 1551 Quis,
2179 1489 2366 1550 parcet
2411 1497 2576 1553 super
2620 1490 2702 1608 te5
2731 1483 3034 1624 lfrusalfm
3055 1484 3080 1535 .9
3108 1483 3219 1536 etc.
3266 1480 3497 1550 (Jerem.
3542 1495 3631 1548 xv,

2730 1569 2762 1608 e
2816 1570 2939 1624 seq.
2974 1592 2989 1607 .

2730 1569 2787 1608 et
2816 1569 2989 1625 seq.).

2072 1676 2221 1734 885
2256 1677 2337 1732 Ea
2368 1693 2494 1748 qum
2527 1676 2598 1732 ad
2626 1674 2947 1732 Jerusalem
2980 1690 3113 1730 cum
3152 1672 3375 1747 ingenti
3403 1670 3629 1729 commi-

2001 1764 2234 1820 natione
2265 1764 2561 1832 dicuntur,
2574 1764 2847 1820 volumus
2870 1762 3219 1836 intelligere,
3235 1763 3317 1819 ita
3344 1778 3405 1817 se
3424 1760 3632 1817 haben-

1997 1854 2099 1909 tia.
2128 1855 2235 1923 Qui
2262 1858 2447 1926 parcet
2493 1870 2657 1926 super
2684 1862 2752 1924 te,
2783 1853 3082 1910 Jerusalem
3102 1855 3129 1907 ?
3155 1856 3255 1908 aut
3302 1852 3423 1922 quis
3448 1850 3633 1906 contri-

1996 1942 2232 1999 stabitur
2266 1959 2432 2014 super
2460 1942 2551 1998 te?
2585 1944 2716 2011 Quis
2746 1944 3084 1998 convertetur
3129 1955 3326 2013 rogare
3353 1955 3417 1996 ea
3443 1953 3556 2011 quae
3580 1939 3635 1993 in

1991 2048 2181 2104 pacem
2225 2037 2354 2087 sunt
2403 2031 2549 2087 tibi?
2577 2032 2834 2087 Aversata
2884 2046 2939 2086 es
2967 2047 3002 2085 a
3049 2046 3158 2096 me,
3183 2029 3320 2085 dicit
3364 2028 3629 2083 Dominus.

1997 2122 2154 2177 Retro
2182 2120 2509 2189 ambulabis,
2538 2128 2590 2175 et
2616 2119 2905 2176 extendam
2929 2135 3159 2175 manum
3177 2133 3359 2174 meam
3385 2131 3542 2188 super
3564 2119 3630 2181 te,

1998 2218 2050 2266 et
2077 2209 2385 2281 disperdam
2427 2212 2496 2275 te,
2529 2215 2583 2265 et
2610 2210 2759 2264 ultra
2785 2224 2896 2265 non
2937 2208 3120 2264 sinam
3146 2210 3223 2276 te,
3256 2215 3306 2262 et
3333 2206 3634 2278 dispergam

1999 2299 2123 2355 illos
2151 2300 2208 2354 in
2259 2297 2616 2371 dispersione.
2648 2298 2782 2352 Dixi
2808 2315 2828 2352 :
2859 2296 2990 2352 Sine
3037 2296 3172 2366 ﬁliis
3219 2296 3437 2367 effectus
3481 2306 3634 2347 sum:

1999 2390 2203 2460 egestas
2227 2389 2405 2443 tenuit
2433 2402 2534 2443 me.
2562 2385 2907 2458 Exemplum
2938 2383 3225 2456 accipiam
3253 2402 3265 2439 :
3290 2381 3477 2439 Hostis
3496 2378 3639 2452 quis-

2002 2475 2159 2549 piam
2175 2476 2243 2548 (e)
2256 2492 2321 2531 ac
2342 2473 2660 2547 perduellis
2681 2478 2883 2529 contra
2905 2473 3328 2545 Imperatorem
3348 2470 3521 2542 hujus
3540 2472 3639 2523 ter-

2003 2581 2078 2619 ra:
2096 2564 2397 2635 judicatus
2453 2564 2559 2635 [AL
2592 2562 2989 2634 adjudicatus]
3020 2565 3109 2616 est
3139 2577 3153 2616 :
3190 2561 3267 2616 ab
3311 2559 3419 2615 hoc
3463 2555 3640 2613 omnis

2004 2652 2402 2708 misericordia
2414 2651 2705 2719 aufertur;
2726 2649 3036 2706 scilicetne
3056 2649 3199 2704 dum
3224 2649 3495 2704 damnato
3520 2641 3640 2716 quis

2004 2741 2333 2806 miseretur,
2363 2738 2606 2811 incipiat
2633 2738 2923 2794 offendere
2960 2737 3472 2793 condemnantem.
3504 2732 3641 2788 Sunt

2003 2829 2177 2885 etiam
2211 2830 2316 2901 [AL
2348 2829 2566 2899 autem]
2599 2826 2869 2883 nonnulli
2895 2826 2994 2898 qui
3026 2824 3323 2897 adjiciunt
3351 2823 3422 2881 ad
3451 2818 3641 2879 severi-

2005 2922 2204 2986 tatem,
2237 2922 2301 2973 ut
2330 2934 2401 2973 ne
2430 2917 2536 2989 [AL
2572 2917 2710 2988 non]
2756 2916 3173 2972 contristentur
3210 2913 3448 2986 quidem
3479 2923 3641 2981 super

2003 3023 2092 3077 eo,
2150 3006 2210 3061 id
2262 3022 2613 3079 magnopere
2661 3005 3003 3072 devitantes,
3064 3019 3137 3058 ne
3198 3019 3305 3076 per
3351 3011 3638 3056 mosrorem

2002 3093 2199 3151 vultus
2230 3098 2634 3150 monstrentur
2653 3092 2877 3166 judicio
2901 3091 3053 3165 regis
3084 3089 3325 3147 offendi.
3350 3088 3408 3146 Si
3430 3084 3638 3142 intelle-

2006 3184 2163 3254 xisti,
2188 3185 2264 3256 (g)
2295 3182 2600 3239 considera
2616 3182 2761 3238 mihi
2778 3186 3014 3254 propter
3040 3185 3286 3252 peccata
3301 3176 3481 3234 multa
3499 3174 3637 3231 886

252 3268 381 3322 ritis
409 3267 635 3338 occulte,
648 3268 891 3339 plorabit
908 3269 1097 3322 anima
1125 3273 1302 3324 vestra
1319 3286 1355 3324 a
1380 3272 1525 3340 facie
1551 3276 1900 3333 contumeliae
1930 3252 1973 3318 C
2010 3290 2044 3327 a
2082 3252 2198 3328 Deo
2214 3252 2685 3329 condemnatum
2710 3252 3093 3343 peccatorem,
3116 3272 3173 3325 et
3206 3268 3339 3325 vide
3367 3263 3637 3338 quomodo

255 3355 386 3427 (Jer.
418 3355 636 3428 1111,17).
670 3358 814 3411 Cum
845 3355 998 3411 enim
1023 3356 1249 3412 fueritis
1280 3357 1439 3429 passi
1456 3361 1892 3432 contumeliam,

249 3447 389 3499 tunc
420 3443 744 3515 plorabitis,
776 3449 834 3501 et
863 3444 1153 3501 deducent
1198 3445 1347 3501 oculi
1377 3448 1552 3503 vestri
1583 3447 1892 3523 lacrymas,

248 3532 387 3605 quia
425 3533 714 3589 contritus
759 3537 849 3590 est
877 3549 1016 3606 grex
1063 3533 1318 3590 Domini.
1348 3535 1405 3589 Si
1454 3537 1892 3597 consideremus

244 3625 487 3690 statum,
511 3622 580 3695 (c)
597 3622 657 3677 in
678 3639 793 3694 quo
824 3623 996 3678 modo
1018 3625 1159 3677 sunt
1175 3623 1381 3691 Judmi,
1404 3628 1462 3679 et
1482 3640 1891 3697 comparemus

240 3709 411 3766 illum
443 3709 695 3783 antiqua
729 3709 1008 3779 felicitati,
1036 3710 1367 3767 videbimus
1403 3727 1518 3783 quo
1550 3719 1719 3785 pacto
1750 3732 1887 3772 con-

238 3798 412 3855 tritus
443 3800 520 3855 sit
546 3816 685 3872 grex
732 3798 983 3855 Domini.
1017 3799 1148 3854 Fuit
1200 3800 1417 3873 quippe
1447 3801 1762 3875 aliquando
1792 3804 1887 3861 hic

238 3904 377 3961 grex
406 3888 657 3959 Domini,
690 3892 748 3943 et
777 3889 917 3960 quia
962 3887 1234 3960 indignos
1264 3905 1326 3944 se
1351 3890 1762 3960 judicaverunt
1791 3911 1883 3950 sa-
1911 3915 1917 3921 ’

234 3974 377 4047 lute,
401 3992 717 4032 conversus
738 3980 828 4032 est
847 3992 1040 4032 sermo
1061 3976 1291 4032 Domini
1313 3978 1384 4032 ad
1412 3978 1645 4035 Gentes.
1668 3981 1724 4036 Si
1746 3998 1883 4055 ergo

236 4079 376 4136 grex
402 4063 498 4119 ille
529 4063 815 4119 contritus
845 4068 953 4131 est,
986 4080 1091 4119 nos
1123 4063 1391 4135 oleaster,
1416 4067 1518 4138 qui
1550 4073 1754 4126 contra
1784 4088 1883 4128 na-

233 4155 428 4207 turam
448 4151 655 4208 inserti
685 4152 839 4209 836
859 4169 1067 4209 sumus
1084 4152 1142 4207 in
1159 4153 1372 4210 bonam
1396 4154 1604 4211 olivam
1629 4157 1881 4215 Patriar-

233 4240 479 4297 charum
511 4242 682 4312 (Rom.
716 4258 798 4309 x1,
826 4242 941 4313 24),
974 4257 1166 4295 nonne
1196 4240 1328 4313 plus
1358 4243 1640 4300 debemus
1672 4246 1875 4316 vereri,

232 4345 306 4386 ne
335 4334 394 4386 et
425 4329 532 4387 iste
561 4346 700 4403 grex
730 4329 962 4385 Domini
990 4330 1370 4386 conteratur?
1398 4332 1683 4390 Futurum
1715 4338 1880 4408 quip-

228 4434 301 4491 pe
332 4421 422 4475 est
452 4422 516 4474 ut
559 4418 873 4491 aliquando
902 4421 959 4473 et
1007 4416 1116 4472 iste
1146 4433 1285 4490 grex
1332 4422 1685 4492 conteratur,
1706 4425 1878 4495 juxta

227 4506 374 4563 illud
406 4508 559 4579 quod
584 4525 619 4564 a
647 4506 945 4565 Salvatore
966 4505 1188 4561 dictum
1215 4510 1338 4562 est:
1375 4508 1508 4564 Cum
1536 4512 1873 4585 multiplica-

2006 3361 2536 3417 innumerabilibus
2560 3359 2782 3431 angelis
2802 3358 3059 3414 humano
3078 3358 3284 3430 generi
3302 3349 3636 3429 praesidenti-

2000 3451 2223 3518 bus,ne
2252 3450 2325 3505 ab
2352 3466 2468 3505 uno
2501 3449 2739 3520 quidem
2762 3445 3162 3502 misericordia
3180 3446 3405 3518 dignus
3429 3440 3633 3513 judice-

2000 3538 2434 3610 tur.Singu1i(h)
2457 3538 2673 3609 quippe
2703 3534 3045 3608 angelorum
3063 3526 3633 3607 perspicientes,quia

1998 3627 2154 3683 Deus
2206 3632 2295 3683 est
2342 3626 2442 3699 qui
2490 3623 2916 3691 condemnavit,
2954 3621 3093 3694 quia
3139 3622 3383 3679 Creator
3424 3621 3506 3673 est
3536 3613 3628 3685 qui

1997 3720 2316 3783 aversatur,
2349 3721 2407 3770 et
2433 3712 2548 3770 tale
2579 3729 2706 3769 esse
2756 3715 3081 3784 peccatum,
3116 3714 3182 3765 ut
3237 3706 3546 3767 misericors
3572 3701 3624 3755 et

1996 3804 2321 3875 clemens(i)
2353 3802 2505 3859 Deus
2534 3800 2967 3874 quodammodo
2990 3798 3407 3854 necessitatem
3436 3803 3626 3866 passus

1994 3894 2072 3951 sit
2100 3909 2278 3966 super
2324 3892 2433 3964 [AL
2467 3894 2532 3947 ut
2560 3889 2756 3962 super]
2786 3904 2923 3945 eum
2974 3887 3339 3944 sententiam
3385 3892 3631 3956 promere

1993 3983 2100 4054 [AL
2133 3979 2468 4053 promeret],
2501 3995 2616 4034 non
2649 3980 2916 4050 parcunt,
2950 3992 3066 4031 non
3098 3975 3635 4038 contristantur,ne—

1991 4087 2105 4143 que
2135 4070 2507 4137 miserentur,
2538 4082 2654 4123 non
2689 4069 3077 4136 revertuntur,
3111 4067 3175 4118 ut
3212 4065 3416 4137 rogent
3443 4074 3542 4132 pro
3569 4071 3631 4111 eo

1988 4175 2212 4231 pacem.
2234 4155 2561 4214 Jerusalem
2588 4152 3206 4227 igitur,qus:[ALquia]
3226 4152 3298 4207 ad
3323 4149 3634 4224 priorasce—

1986 4248 2109 4304 lera
2118 4247 2291 4303 etiam
2306 4245 2415 4300 hoc
2427 4244 2496 4298 ad
2495 4241 3190 4315 jecit,utcruciﬁgeretDo
3200 4239 3429 4295 minum
3443 4248 3630 4291 meum

1983 4338 2272 4403 Jesum,et
2299 4334 2357 4388 in
2388 4336 2618 4388 tantum
2649 4331 2900 4387 surrexit
2929 4328 3215 4395 scelus,ut
3243 4327 3315 4384 de
3336 4343 3406 4383 ea
3424 4324 3633 4381 diceret

1985 4424 2247 4482 Salvator
2280 4440 2292 4479 :
2322 4419 2645 4491 Jerusalem,
2672 4419 2994 4487 Jerusalem,
3026 4432 3148 4490 quae
3176 4415 3380 4473 occidis
3402 4410 3628 4484 Prophe-

1984 4522 2086 4580 tas,
2117 4516 2167 4569 et
2198 4511 2415 4583 lapidas
2442 4510 2637 4565 missos
2675 4508 2745 4563 ad
2773 4515 2844 4574 te,
2874 4508 3082 4580 quoties
3110 4506 3267 4563 volui
3313 4514 3630 4575 congregare

227 4601 303 4655 ιω
330 4600 542 4670 fuerint
568 4598 911 4670 iniquitates,
938 4603 1063 4651 tunc
1090 4598 1399 4667 refrigescet
1418 4599 1659 4656 charitas
1682 4605 1876 4661 multo-
1903 4616 1949 4680 D
1980 4604 2123 4675 ﬁlios
2144 4600 2446 4671 tuos,quasi
2462 4598 2677 4669 gallina
2688 4611 3031 4665 congregans
3038 4595 3223 4666 pullos
3236 4609 3361 4649 suos
3378 4591 3478 4680 sub
3496 4590 3627 4680 alas,

225 4702 351 4742 rum
380 4687 552 4759 (Matt.
586 4704 739 4755 xxxv,
776 4686 864 4757 12)
899 4701 912 4738 :
945 4685 1016 4740 de
1048 4686 1264 4756 quibus
1311 4686 1468 4741 enim
1501 4686 1609 4744 hoc
1637 4689 1869 4766 dicitur,

222 4777 539 4847 refrigescet
553 4776 797 4832 charitas
824 4773 1123 4829 multorum
1142 4777 1167 4827 ?
1186 4790 1381 4830 nonne
1401 4775 1473 4831 de
1494 4776 1583 4832 his
1606 4779 1703 4850 qui
1726 4798 1873 4837 nun.

293 4936 374 5008 (a)
397 4936 581 4993 Penes
619 4936 841 4993 Raban.
874 4937 941 4991 Et
962 4934 1286 5006 notandum,
1318 4951 1484 5006 quam
1524 4938 1868 5012 admirando,

228 5011 368 5155 ftfb)
400 5075 549 5132 Illud
584 5095 740 5155 nunc
769 5079 923 5150 quod
949 5080 1032 5155 _et
1055 5077 1121 5155 _i_n
1156 5078 1584 5155 graecosonat,
1616 5086 1672 5136 et
1712 5085 1867 5155 apud

220 5147 549 5221 Rabauum,
582 5148 641 5203 in
672 5147 843 5206 antea
872 5147 1125 5221 vulgatis
1156 5147 1324 5203 libris
1354 5149 1571 5221 deerat.

291 5221 362 5290 (c)
398 5220 724 5292 Legebatur
752 5227 941 5286 antea,
971 5220 1235 5292 Quomodo
1261 5222 1352 5283 sit,
1380 5220 1713 5279 Judworum.
1762 5225 1868 5281 No-

219 5289 309 5346 bis
341 5289 529 5347 verior
556 5293 680 5365 visa
710 5292 926 5365 Rabani
951 5289 1052 5365 est!
1071 5290 1865 5365 leplio,quam_rep_osuimus,

217 5366 277 5449 et
306 5380 449 5453 qua:
465 5363 705 5453 propius
736 5363 958 5419 accedit
985 5363 1057 5418 ad
1101 5359 1387 5429 Graecum,
1420 5359 1507 5415 ἐὰν
1537 5359 1628 5438 ἴδῃ
1658 5369 1747 5419 νῦν
1780 5359 1862 5430 τιέ

215 5439 282 5483 τὰ
315 5439 599 5502 Ἰουδαϊκὰ,
632 5439 739 5490 etc.

290 5503 366 5573 (ά)
402 5504 892 5586 itarecripsimus
915 5520 995 5586 ex.
1014 5502 1270 5586 “ebeno,
1293 5504 1602 5586 e/ﬁciamur
1615 5510 1859 5586 perfecti,

215 5581 456 5645 cogente
486 5575 676 5633 Graeci
704 5575 999 5646 archetypi
1049 5575 1220 5629 verbo
1250 5575 1648 5648 τελειωῦῶμεῦ,
1681 5575 1865 5636 Antea

212 5642 429 5701 lectum
460 5648 634 5717 vulgo
663 5653 771 5713 est,
800 5648 1077 5717 efﬁcimur
1105 5662 1244 5713 grex
1270 5647 1515 5717 Domini,
1540 5665 1690 5717 quas
1715 5652 1864 5709 duas

212 5670 429 5701 ιυυιυυι
461 5670 554 5701 νυι
601 5670 634 5703 0
663 5670 771 5713 est,
800 5670 1077 5717 (tutantur
1105 5670 1244 5713 grew
1270 5670 1515 5717 uumzm,
1583 5670 1690 5706 uas
1715 5670 1864 5709 uuas

211 5732 381 5776 voces
409 5732 550 5790 grex
562 5670 805 5775 ﬁlomini
832 5721 1143 5775 annotarat
1169 5715 1414 5773 Huetius
1446 5717 1507 5774 in
1539 5670 1678 5793 Reg.
1711 5738 1857 5781 mss.

1978 4695 2032 4748 et
2057 4688 2338 4746 noluisti?
2367 4689 2498 4742 Ecce
2514 4685 2818 4742 dimittetur
2836 4684 2984 4739 vobis
3013 4682 3203 4738 domus
3229 4685 3411 4738 vestra
3429 4677 3628 4735 deserta

1982 4781 2128 4852 (Mat.
2146 4794 2310 4846 xxm,
2330 4776 2420 4846 37;
2442 4777 2571 4832 Luc.
2586 4792 2713 4844 xui,
2737 4775 2848 4845 34),
2873 4772 2990 4829 ideo
3011 4770 3242 4828 dimissa
3262 4777 3363 4838 est,
3385 4777 3439 4826 et
3466 4779 3629 4839 usque

2019 4939 2214 4996 enitus
2245 4954 2359 4992 non
2388 4933 2896 5007 inveniri,legique
2924 4928 3629 5001 continenter,e/ﬁciamur

1980 5010 2039 5068 in
2069 5010 2300 5076 Christo,
2332 5010 2441 5062 etc.

2069 5092 2118 5153 e)
2152 5074 2450 5153 Intersecit
2477 5077 2772 5145 Rabauus,
2808 5074 3049 5131 rebellis.

2069 5092 2118 5153 e)
2152 5083 2450 5136 Intersecit
2477 5083 2772 5145 Rabauus,
2808 5083 3049 5131 rebellis.

2047 5083 2114 5225 ll“)
2144 5150 2326 5225 Apud,
2346 5149 2674 5225 Daganum,
2691 5163 2760 5202 ne
2785 5163 2883 5219 per
2900 5161 3140 5225 errorem
3156 5142 3343 5225 vultus
3349 5141 3625 5225 putentur

1965 5214 2351 5296 judicia'regis
2380 5214 2796 5296 oﬁ'endi._Unus
2823 5233 2937 5296 ms.
2960 5217 3100 5296 Reg.
3116 5230 3297 5296 penes
3323 5214 3617 5276 Huetium,

1973 5286 2043 5352 ne
2066 5286 2488 5367 permanerem,
2519 5290 2794 5367 Judicium
2820 5291 2961 5361 regis
2990 5286 3291 5367 offendant.

2046 5354 2119 5438 (ξι)
2132 5365 2291 5422 Idem
2323 5354 2817 5431 addit,ea:emplum
2836 5378 2856 5415 :
2879 5354 3008 5416 tum
3021 5354 3478 5432 legit,considera
3493 5354 3622 5406 tunc

1972 5439 2036 5494 ob
2065 5444 2303 5502 peccata,
2336 5438 2444 5489 etc.

2064 5455 2303 5508 peccata,
2336 5455 2444 5489 ew.
3386 5496 3397 5506 θ
3441 5495 3452 5506 _

2044 5509 2122 5579 (ἡ)
2154 5505 2325 5570 Editi,
2355 5503 2563 5579 singuli
2590 5502 2810 5579 quidem
2853 5502 3176 5572 angelorum
3203 5495 3613 5579 prospicientes.

1974 5574 2149 5635 Paulo
2181 5592 2413 5649 quoque
2445 5574 2946 5649 post,’adversatur
2967 5590 3069 5649 pro
3098 5575 3404 5649 aversatur.

2042 5652 2106 5723 (i)
2136 5638 2348 5723 vocem
2378 5638 2541 5723 Deus,
2560 5638 2693 5719 quas
2719 5646 2936 5717 deerat,
2960 5638 3236 5703 Rabanus
3266 5638 3617 5708 Graccusque

1969 5719 2163 5781 textus
2194 5719 2529 5779 restituunt.
