3978 6188
456 206 575 269 675

1711 208 1778 269 S.
1823 205 2136 270 EUSEBII
2177 204 2625 269 HIERONYMI

3738 203 3862 267 6’16

457 339 664 395 bratur
682 339 710 394 ?
735 338 834 394 Ait
863 306 1077 410 quippe
1107 353 1299 392 sermo
1328 336 1596 392 divinus:
1624 337 1758 392 Cum
1795 338 2106 394 habueritis
2136 342 2188 407 Α
2220 339 2373 393 tians
2405 337 2678 393 vulnera:
2712 340 2769 393 et
2790 338 2992 407 justus
3021 334 3122 408 qui
3152 338 3283 408 post
3311 333 3513 407 plagas
3541 332 3746 407 recipit
3763 352 3862 392 sa-

450 426 596 482 diem
621 428 825 497 festum
852 424 2105 496 azyma(a)superaimzritudinemmanducabi-

450 514 524 569 tis
553 513 743 585 (Exod.
776 531 875 579 xu,
909 513 985 584 8).
1021 511 1207 567 Simul
1235 516 1430 574 autem
1444 512 1941 569 considerandum
1964 518 2104 584 puto

449 600 590 672 quid
622 601 759 655 velit
790 601 911 656 haec
933 600 1278 671 jussio,quo'e
1311 600 1581 672 praecepit
1602 605 1866 674 agentem
1887 600 2106 673 pascha

447 689 543 744 Dei
593 706 798 762 azyma
828 707 960 744 cum
994 688 1489 744 amaritudinibus
1521 690 1894 745 manducare.
1928 690 1994 743 Et
2033 689 2103 743 de

446 778 666 850 azymis
696 778 835 850 quid
856 782 945 834 est
970 795 1099 833 mea
1120 778 1862 850 interpretatio,Apostolus
1884 777 2103 833 Paulus

446 868 736 938 exposuit.
770 867 850 923 De
883 866 1273 923 amaritudine
1302 883 1435 922 vero
1476 867 1631 938 quod
1683 866 1968 939 sequitur,
2001 882 2101 921 ne-

446 972 609 1011 cesse
640 959 728 1011 est
757 958 823 1011 ut
845 955 1069 1027 aliquid
1103 954 1443 1027 Apostolica:
1493 954 1873 1026 disputationi
1912 954 2102 1009 simile

451 1044 533 1115 (b)
559 1045 856 1100 reddatur.
883 1045 962 1099 De
990 1044 1207 1116 azymis
1238 1044 1438 1115 itaque
1466 1044 1780 1115 Apostolus
1809 1044 1890 1099 ita
1929 1043 2097 1099 dicit:

445 1134 610 1188 Festa
639 1133 963 1189 celebremus
992 1150 1101 1189 non
1131 1135 1193 1188 in
1246 1132 1514 1206 fermento
1563 1135 1753 1200 veteri,
1809 1148 1984 1203 neque
2040 1133 2100 1186 in

441 1222 710 1291 fermento
732 1223 972 1278 malitiae
998 1226 1051 1278 et
1079 1221 1459 1293 nequitiw,sed
1482 1223 1541 1277 in
1570 1216 1784 1293 azymis
1810 1221 2098 1276 sincerita-

442 1311 519 1364 tis
547 1318 599 1365 et
623 1298 870 1366 veritatis
893 1310 937 1382 (I
969 1310 1093 1365 Cor.
1127 1328 1185 1379 ν,
1216 1310 1289 1382 8).
1327 1315 1404 1365 De
1455 1309 1953 1365 amaritudinibus
1992 1325 2090 1364 ne-

444 1414 606 1453 cesse
637 1402 725 1454 est
756 1403 818 1454 ut
846 1398 983 1454 talis
1014 1398 1162 1454 ratio
1190 1398 1625 1470 reddatur,quae
1657 1399 1860 1454 doceat
1890 1398 1973 1453 sic
1999 1414 2097 1453 eas

441 1485 844 1554 celebrandas,
878 1487 1169 1557 quomodo
1210 1503 1413 1559 azyma
1438 1487 1839 1542 comedantur.
1872 1485 2093 1541 Habeto

440 1572 840 1629 sinceritatem
868 1578 925 1629 et
947 1574 1771 1643 veritatem,etamaritudines
1788 1578 1843 1630 te
1855 1590 2099 1646 sequen-

439 1664 560 1728 tur,
595 1666 651 1717 et
681 1663 1063 1718 manducabis
1094 1680 1296 1735 azyma
1317 1679 1449 1718 cum
1465 1662 1798 1718 sinceritate
1811 1667 1866 1718 et
1884 1662 2091 1717 verita-

437 1754 515 1805 te.
541 1750 686 1816 Quia
699 1749 915 1806 Paulus
929 1751 1100 1807 istius
1114 1751 1268 1806 modi
1294 1768 1497 1823 azyma
1517 1752 1983 1822 comedebat,seq
1995 1768 2090 1805 ue-

437 1838 612 1916 hatur
641 1854 774 1894 eum
795 1839 1122 1893 amaritudo
1137 1838 1425 1893 dicentem
1449 1840 1736 1894 :inimicus
1757 1840 1904 1893 vobis
1918 1841 2092 1902 factus

434 1942 560 1981 sum
587 1943 717 1982 vera
747 1926 930 1982 dicens
961 1926 1160 1998 (Galat.
1185 1944 1262 1995 1v,
1289 1926 1793 1990 I6).Manducabat
1810 1927 2088 1981 amaritu-

443 2014 612 2070 dines
643 2016 703 2070 in
729 2015 912 2070 dolore
940 2016 1001 2069 in
1032 2016 1234 2081 labore,
1284 2015 1345 2069 in
1398 2016 1610 2084 vigiliis
1667 2018 1994 2087 frequenter,
2028 2017 2088 2069 in

434 2104 584 2172 fame
611 2107 661 2158 et
691 2105 788 2158 siti
814 2103 905 2174 (II.
933 2103 1053 2159 Cor.
1077 2104 1289 2175 x1,27),
1322 2107 1485 2158 extra
1549 2107 1754 2158 caetera
1802 2121 1929 2175 quae
1960 2118 2084 2174 pro,

437 2190 620 2247 totius
642 2190 848 2246 mundi
875 2190 1064 2247 salute
1094 2191 1466 2263 pandebat,et
1483 2208 1608 2262 quae
1630 2207 1764 2246 cum
1796 2190 2086 2246 faciebant

436 2278 742 2351 prasidem
776 2278 1036 2335 veritatis
1059 2296 1263 2351 azyma
1310 2296 1443 2334 cum
1485 2278 1895 2335 amaritudinis
1916 2296 2086 2333 man-

436 2367 670 2423 ducare.
704 2368 775 2423 Et
808 2368 921 2423 Lex
943 2367 1180 2439 quidem
1210 2367 1330 2423 haec
1364 2366 1504 2422 dicit
1529 2384 1541 2421 :
1562 2372 1770 2440 Azyma
1789 2384 1912 2423 cum
1929 2384 2085 2422 ama-

433 2456 770 2512 ritudinibus
799 2457 1056 2513 comedite
1082 2460 1134 2512 et
1163 2457 1495 2528 implemini,
1521 2456 1674 2512 sicut
1719 2460 1776 2512 et
1813 2456 1926 2511 alio
1958 2454 2084 2512 loco

436 2544 652 2601 dicitur
681 2547 752 2602 de
783 2545 1178 2618 quibusdam:
1240 2545 1560 2602 Manducate
1618 2553 1669 2601 et
1716 2546 1934 2618 implete
1962 2561 2074 2600 vos.

435 2633 723 2706 Propheta
751 2650 881 2690 vero
940 2651 1057 2689 non
1112 2634 1231 2690 ait:
1292 2634 1761 2714 Amaritudinem
1816 2633 2081 2702 comedi;

433 2723 535 2778 sed
560 2739 573 2778 :
604 2723 991 2779 Amaritudine
1018 2724 1259 2793 repletus
1290 2740 1412 2778 sum
1439 2740 1451 2779 :
1478 2723 1587 2779 hoc
1616 2727 1723 2788 est,
1751 2723 1807 2777 in
1841 2739 1933 2777 me
1955 2727 2081 2777 tan-

431 2815 559 2865 tum
581 2810 776 2866 saeculi
797 2815 1270 2882 persecutionum
1302 2812 1533 2882 pondus
1556 2809 1952 2881 incubuit[Al.
1988 2810 2080 2865 in-

2213 427 2480 482 nitatem.
2514 429 2678 481 Facta
2731 433 2812 481 est
2861 426 3002 481 mihi
3054 424 3428 493 (subauditur
3485 420 3678 496 plaga)
3721 426 3861 480 sicut

2212 531 2357 588 aqua
2385 514 2625 571 mendam
2652 530 2757 571 non
2790 514 2993 570 habens
3021 513 3182 583 ﬁdem
3239 513 3367 584 (Jer.
3399 528 3493 566 xv.
3526 510 3615 582 48,
3652 512 3763 583 19).
3796 513 3858 568 Si

2213 604 2451 674 quidem
2483 604 2652 676 plaga
2685 620 2816 659 mea
2844 619 2960 658 non
2993 604 3210 671 manet,
3245 600 3401 657 854
3431 600 3533 656 sed
3562 616 3742 672 super
3764 616 3860 656 me

2209 693 2440 748 transit.
2466 692 2585 749 Ideo
2613 693 2746 747 dicit
2773 693 3041 747 Dominus
3074 708 3087 746 :
3119 691 3183 745 Si
3208 705 3496 744 conversus
3521 689 3719 757 fueris,
3749 703 3864 743 res-

2211 782 2410 837 tituam
2446 790 2515 836 te.
2549 781 2636 836 Ad
2667 797 2869 836 omnes
2895 780 3017 835 haec
3054 777 3315 851 loquitur
3344 777 3518 847 Deus,
3570 792 3720 848 quos
3769 792 3859 832 re-

2209 869 2357 925 verti
2387 868 2511 924 vult
2542 869 2613 924 ad
2646 868 2916 925 salutem.
2950 867 3191 923 Videtur
3213 870 3412 923 autem
3461 864 3745 936 quiddam
3775 864 3861 920 si-

2209 958 2487 1030 gniﬁcare
2518 956 2776 1030 mysterii
2827 956 2886 1011 in
2943 972 3010 1011 eo
3067 955 3224 1027 quod
3265 954 3381 1010 ait:
3442 954 3732 1009 restituam
3768 960 3858 1021 te;

2210 1061 2380 1101 nemo
2402 1045 2615 1117 quiqpe
2637 1044 2865 1101 restitui
2883 1042 3210 1116 potest,nisi
3241 1043 3300 1097 in
3323 1058 3459 1098 eum
3486 1040 3682 1097 locum
3704 1040 3863 1096 unde

2210 1137 2343 1189 ante
2372 1134 2738 1203 discesserat,
2763 1137 2827 1188 ut
2848 1136 2991 1205 puta
3012 1132 3059 1187 si
3086 1131 3417 1186 membrum
3459 1130 3727 1201 corporis
3748 1129 3863 1185 mei

2208 1222 2387 1277 fuerit
2405 1239 2438 1277 a
2457 1238 2583 1278 com
2591 1218 3408 1294 page’disjunctum,medicus
3425 1217 3650 1287 illudlin
3667 1218 3865 1290 pristi-

2208 1327 2351 1365 num
2382 1309 2576 1365 locum
2607 1310 2910 1365 restituere
2931 1313 3194 1364 conatur.
3229 1307 3288 1363 Si
3311 1306 3527 1378 aliquis
3547 1309 3867 1378 separatur

2206 1413 2237 1453 e
2258 1397 2467 1469 patria,
2499 1397 2560 1453 in
2600 1396 2871 1453 exsilium
2904 1396 3183 1464 mittitur,
3208 1399 3267 1451 et
3291 1399 3494 1467 postea
3522 1411 3626 1467 per
3654 1394 3863 1450 indul-

2204 1485 2459 1557 gentiam
2487 1502 2687 1541 eorum
2700 1485 2801 1557 qui
2815 1487 3064 1556 possunt
3085 1484 3316 1541 exsules
3338 1482 3864 1549 solvere,redditur

2203 1573 2456 1630 libertati
2484 1590 2497 1629 :
2532 1574 2681 1629 redit
2712 1573 2867 1629 unde
2880 1573 3067 1628 fuerat
3097 1570 3388 1644 expulsus.
3418 1569 3587 1626 Miles
3616 1587 3861 1643 quoque

2205 1663 2465 1733 abjectus
2494 1679 2562 1717 ex
2593 1661 2794 1717 ordine
2825 1659 3298 1728 suo,restituitur
3325 1658 3594 1729 ordini,si
3616 1674 3861 1731 accepe-

2199 1750 2275 1805 rit
2304 1750 2555 1806 veniam.
2592 1751 2679 1805 Ita
2704 1753 2760 1805 et
2790 1765 2947 1805 nunc
2963 1748 3177 1804 dicitur
3190 1748 3262 1804 ad
3298 1746 3539 1803 mortale
3568 1748 3858 1819 genus,id

2203 1843 2295 1894 est
2323 1840 2392 1894 ad
2426 1856 2534 1895 nos
2563 1837 2854 1905 homines,
2913 1838 3013 1909 qui
3061 1855 3096 1892 a
3143 1837 3258 1893 Deo
3290 1837 3589 1891 fueramus
3619 1835 3858 1892 aversi:

2200 1926 2259 1982 Si
2289 1926 2550 1982 conversi
2584 1925 2832 1993 fueritis,
2867 1925 3170 1981 restituam
3190 1922 3480 1980 vos.Finis
3510 1923 3739 1995 quippe
3771 1939 3860 1979 re-

2196 2013 2602 2086 promissionis
2623 2013 2915 2070 restitutio
2945 2017 3051 2081 est,
3081 2016 3147 2068 ut
3177 2012 3237 2067 in
3265 2011 3505 2067 Actibus
3556 2010 3860 2084 apostolo-

2195 2118 2325 2157 rum
2360 2100 2652 2175 legimus:
2689 2103 2862 2172 Usque
2891 2101 2967 2157 ad
3024 2105 3271 2172 tempora
3329 2100 3693 2156 restitutionis
3735 2116 3859 2156 om-

2203 2192 2363 2245 nium
2392 2207 2513 2261 quae
2543 2191 2749 2246 locutus
2777 2199 2853 2246 est
2878 2190 3019 2245 Deus
3047 2206 3145 2261 per
3172 2205 3230 2245 os
3272 2196 3586 2244 sanctorum
3609 2190 3858 2261 prophe-

2194 2286 2383 2334 tarum
2410 2295 2655 2345 suorum,
2689 2279 2748 2333 in
2798 2277 3025 2334 Christo
3093 2278 3254 2348 Jesu,
3291 2277 3383 2333 cui
3440 2281 3531 2333 est
3568 2276 3770 2351 gloria
3796 2282 3855 2334 et

2192 2366 2503 2440 imperium
2536 2367 2596 2422 in
2627 2366 2841 2423 saecula
2869 2365 3235 2423 saeculorum.
3261 2365 3482 2436 :Amem

2635 2507 2929 2563 HOMILIA
2960 2507 3103 2563 DUO
3112 2506 3393 2563 DECIMA.

2191 2615 2273 2670 De
2303 2629 2369 2671 eo
2400 2614 2555 2686 quod,
2585 2613 2870 2687 scriptum
2901 2617 3023 2669 est:
3059 2617 3189 2669 Ecce
3215 2629 3313 2687 ego
3343 2613 3501 2668 mitto
3548 2614 3855 2687 piscatores

2321 2684 2541 2753 multos,
2573 2684 3016 2751 dicit'Dominus,
3048 2689 3157 2741 etc.
3189 2685 3419 2752 (larem.
3452 2699 3569 2754 xvr,
3606 2684 3727 2753 16).

2260 2808 2412 2865 855
2435 2807 2493 2863 in
2507 2806 2816 2880 Evangelio
2846 2808 3001 2880 quod
3028 2807 3352 2863 secundum
3367 2805 3713 2863 Matthaaum
3739 2812 3847 2881 est,

438 2898 703 2969 cumbit],
736 2902 801 2954 ut
825 2898 1034 2971 plenus
1066 2899 1458 2955 amaritudine
1490 2900 1711 2955 fierem.
1756 2899 1933 2967 Quare
1984 2901 2085 2969 qui
2188 2896 2467 2952 scribitur
2496 2896 2762 2953 Salvator
2790 2899 2988 2952 noster
3017 2896 3247 2952 venisse
3268 2897 3442 2967 juxta
3476 2911 3641 2952 mare
3690 2897 3850 2953 Gali-

431 3002 519 3041 me
541 2989 885 3060 contristant,
917 2990 1294 3059 confortantur
1322 2989 1379 3042 in
1401 2987 1732 3042 me?Multa
1762 3004 1972 3059 passus
1994 2991 2083 3043 est
2186 2984 2323 3052 laete,
2353 2988 2409 3040 et
2436 2984 2518 3039 ibi
2538 2984 2754 3039 vidisse
2810 2984 3102 3040 Simonem
3155 2988 3214 3039 et
3267 2984 3561 3040 Andream
3593 2985 3846 3042 fratrem

429 3073 719 3130 Jeremias
749 3075 820 3130 ab
852 3075 945 3131 his
977 3075 1075 3147 qui
1105 3075 1407 3131 veritatem
1439 3076 1642 3131 audire
1689 3075 1984 3145 nolebant,
2019 3080 2078 3131 et
2108 3065 2151 3133 (ἶ
2190 3075 2318 3144 ejus
2349 3074 2648 3128 mittentes
2679 3072 2824 3129 retia
2852 3073 2913 3128 in
2945 3072 3310 3129 mare.Erant
3334 3073 3553 3145 quippe
3583 3073 3848 3145 piscato-

432 3167 601 3217 erant
629 3162 729 3218 illo
758 3162 818 3217 in
849 3163 957 3218 hoc
987 3164 1196 3220 seaculo
1255 3163 1541 3233 fortiores,
1603 3164 1881 3236 quoniam
1926 3164 2076 3221 855

436 3266 553 3304 non
585 3254 674 3306 est
702 3251 1055 3321 regnumDei
1087 3252 1159 3307 de
1188 3253 1399 3307 saeculo
1427 3252 1671 3320 isto,sed
1703 3253 1774 3308 de
1804 3251 1918 3307 alia
1938 3269 2082 3324 qua-

430 3338 566 3393 dam
597 3337 913 3394 viventium
946 3339 1201 3411 regione,
1235 3343 1299 3394 ut
1329 3338 1596 3395 Salvator
1614 3340 1732 3395 ait:
1769 3340 1829 3395 Si
1856 3349 1990 3395 esset
2019 3341 2085 3396 de

428 3427 531 3483 hoc
558 3427 759 3483 mundo
788 3444 1020 3497 regnum
1058 3444 1239 3483 meum
1266 3428 1516 3483 ministri
1538 3431 1650 3483 mei
1679 3428 1996 3484 laborarent
2023 3431 2086 3482 ut

379 3540 397 3553 κ
427 3530 541 3571 non
571 3515 821 3571 traderer
848 3516 1051 3573 Judwis
1110 3517 1282 3582 (Joan.
1336 3533 1498 3586 xvm,
1533 3516 1643 3586 36).
1679 3516 2087 3571 Confortantur

432 3618 569 3675 ergo
602 3604 880 3659 adversus
911 3621 1043 3659 eucn
1076 3603 1135 3659 in
1165 3602 1377 3659 saeculo
1408 3603 1542 3659 isto.
1577 3604 1643 3658 Et
1682 3604 1836 3675 quod
1883 3604 2085 3675 justus

432 3690 682 3747 debilior
710 3692 789 3747 sit
819 3708 853 3746 a
878 3691 1366 3764 persequentibus
1387 3691 1603 3759 se,vide
1616 3695 1939 3764 martyrum
1958 3708 2085 3763 pas-

431 3778 646 3835 siones.
677 3779 863 3836 Judex
895 3780 951 3835 in
974 3780 1110 3836 altis
1125 3777 1522 3836 tribunalibus
1556 3780 1718 3836 sedet
1748 3781 1819 3835 ad
1852 3785 2084 3836 ructum

432 3868 490 3920 et
512 3865 583 3919 ad
605 3863 844 3921 delicias
867 3866 939 3936 (ο)
960 3866 1279 3922 sententias
1303 3883 1577 3938 promens
1593 3884 1611 3919 :
1636 3866 2004 3922 Christianus
2024 3866 2085 3922 in

435 3968 551 4024 quo
577 3952 846 4009 Christus
875 3953 1427 4024 habitat,judicatur
1446 3954 1656 4027 plenus
1670 3954 2082 4022 amaritudine,

398 4043 490 4121 'et
514 4040 586 4095 ad
618 4044 867 4095 mortem
903 4058 1089 4113 usque
1121 4042 1803 4112 subjectus,confortatis
1830 4042 2084 4099 inimicis

435 4127 559 4182 suis
587 4127 895 4183 adversum
927 4144 1010 4184 se.
1040 4129 1217 4201 Plaga
1245 4146 1371 4185 mea
1397 4132 1559 4200 ﬁrma
1586 4138 1680 4186 est.
1715 4130 1823 4196 Qui
1858 4131 2085 4186 confor-

433 4218 638 4270 tantur
664 4214 722 4270 in
759 4232 872 4284 me,
895 4216 1138 4273 vulnera
1158 4218 1576 4274 inferuntmihi
1602 4235 1615 4273 :
1649 4222 1707 4274 et
1736 4218 1909 4292 plaga
1939 4236 2032 4275 me
2053 4236 2087 4276 a

435 4302 609 4359 firma
637 4307 745 4359 est.
779 4304 908 4361 Sive
929 4306 1001 4361 de
1038 4322 1209 4362 cruce
1258 4305 1488 4362 Domini
1530 4307 1931 4380 praedicatum,
1966 4307 2087 4363 sive

2192 3178 2304 3217 res.
2331 3161 2531 3233 Ibique
2552 3161 2817 3217 additur:
2881 3160 3073 3219 Videas
3129 3169 3313 3217 autem
3366 3176 3457 3218 eos
3510 3163 3667 3217 Iesus
3696 3162 3853 3219 dixit

2192 3252 2308 3306 eis:
2348 3251 2538 3306 Venite
2558 3254 2683 3321 post
2709 3265 2814 3317 me,
2848 3256 2903 3304 et
2953 3251 3162 3321 faciam
3217 3264 3309 3305 vos
3334 3251 3638 3320 piscatores
3666 3250 3852 3306 homi-

2191 3340 2416 3394 num.Et
2446 3337 2766 3410 relinquens
2788 3354 2891 3394 sua
2920 3340 3062 3393 retia
3087 3339 3262 3394 secuti
3288 3345 3419 3393 sunt
3463 3354 3590 3394 eum
3619 3338 3848 3410 (Matth.

2191 3444 2268 3493 ιν,
2302 3426 2414 3497 18).
2448 3427 2517 3481 Et
2542 3416 2676 3481 fecit
2704 3442 2803 3481 eos
2861 3425 3126 3482 Salvator
3191 3427 3263 3481 de
3302 3426 3699 3498 piscatoribus
3719 3427 3854 3498 pis-

2193 3515 2373 3583 cium,
2410 3513 2729 3586 piscatores
2761 3512 3087 3569 hominum.
3111 3514 3264 3570 Alios
3295 3530 3525 3587 quoque
3554 3515 3707 3571 duos
3730 3516 3854 3571 fra-

2192 3608 2312 3660 tres
2342 3602 2564 3658 invenit
2597 3602 2894 3670 Dominus,
2941 3601 3227 3659 Jacobum
3272 3602 3541 3672 Zebedai,
3572 3607 3631 3658 et
3659 3604 3855 3660 Joan-

2195 3709 2328 3748 nem
2360 3691 2600 3748 fratrem
2631 3692 2782 3763 ejus,
2814 3690 2871 3745 in
2905 3690 3174 3747 navicula
3205 3708 3337 3746 cum
3364 3694 3523 3762 patre
3558 3690 3858 3749 Zebedaao

2194 3779 2521 3836 reﬁcientes
2543 3779 2686 3835 retia
2717 3796 2826 3835 sua
2854 3778 3062 3852 (Matth.
3095 3796 3171 3844 IV,
3202 3779 3295 3851 21)
3323 3780 3476 3844 Quos
3503 3794 3639 3834 cum
3671 3778 3862 3835 simi-

2194 3868 2325 3925 liter
2355 3869 2425 3924 ad
2458 3867 2754 3941 Evangelii
2788 3867 3189 3924 ministerium
3236 3872 3627 3939 provocasset,
3659 3868 3861 3941 pisca-

2191 3962 2351 4013 tores
2384 3956 2695 4012 hominum
2726 3957 2995 4012 reddidit.
3029 3957 3087 4012 Si
3122 3956 3257 4028 quis
3289 3973 3426 4029 ergo
3480 3957 3655 4027 juxta
3699 3956 3860 4013 hanc

2194 4044 2502 4100 historiam
2534 4045 2864 4101 consideret
2892 4044 3220 4117 discipulos
3253 4043 3593 4116 Salvatoris,
3637 4049 3708 4100 ut
3752 4044 3860 4101 ha-

2194 4134 2371 4189 beant
2398 4150 2513 4188 non
2545 4132 2738 4189 solum
2764 4133 3014 4206 gratiam
3047 4132 3364 4201 sermonis,
3397 4133 3482 4189 ita
3519 4132 3862 4206 Scriptura-

2195 4237 2327 4275 rum
2357 4220 2583 4277 ratione
2614 4225 2942 4278 contextam
2974 4226 3040 4277 ut
3068 4221 3232 4293 retia,
3256 4238 3385 4293 quas
3415 4222 3647 4294 possint
3676 4238 3864 4294 super

2196 4308 2491 4364 humanas
2521 4309 2751 4365 animas
2766 4324 2907 4382 gyro
2923 4308 3162 4365 artificis
3190 4309 3557 4381 superfundi,
3579 4312 3639 4365 et
3667 4310 3864 4366 consi-

437 4392 509 4447 de
529 4391 732 4463 justis,
766 4392 885 4449 sive
914 4393 1245 4466 specialiter
1273 4395 1345 4450 de
1373 4394 1626 4451 Jeremia
1655 4395 1907 4451 volueris
1937 4396 2086 4451 acci-
2117 4427 2165 4492 D
2195 4396 2355 4452 deret
2381 4396 2489 4452 hoc
2520 4396 2714 4469 ipsum
2747 4414 2881 4453 cum
2913 4414 3150 4453 summa
3178 4397 3402 4454 ratione
3444 4397 3604 4464 fidei,
3631 4397 3867 4454 videbit

436 4495 593 4552 pere,
629 4498 744 4538 non
773 4481 1111 4539 abhorrebit
1137 4501 1169 4538 a
1200 4500 1400 4540 sensu.
1432 4485 1608 4556 Plaga
1634 4500 1757 4540 mea
1797 4486 1961 4555 ﬁrma
1988 4487 2089 4552 est,

437 4568 582 4625 unde
609 4570 890 4626 sanabor?
920 4571 989 4625 Et
1018 4569 1283 4627 Salvator
1312 4576 1503 4644 potest
1532 4572 1895 4640 dicere,unde
1924 4589 2092 4628 sana-

440 4657 580 4712 bor?
610 4658 1097 4715 resurrectionem
1147 4676 1317 4716 suam
1370 4666 1504 4732 post
1534 4659 1829 4716 clavorum
1862 4677 2092 4717 annun-

509 4781 583 4851 (e)
617 4781 864 4837 Huetius
893 4782 1013 4844 ait;
1043 4783 1182 4838 LXX
1213 4783 1592 4839 reddiderunt
1625 4783 1757 4854 μετᾶ
1803 4779 2093 4856 πικρίδων,
2117 4797 2133 4817 '

441 4868 596 4940 quod
660 4869 937 4925 llebraice
1013 4876 1101 4926 est
1158 4881 1352 4932 ωτιῖὲ
1417 4856 1509 4935 Y5.
1564 4870 1855 4927 Jonatban
1928 4886 2094 4934 ’ΠΕΟ

441 4952 551 5001 ’πη
569 4951 647 5007 nr,
683 4956 810 4994 cum
833 4942 1122 5011 parthenio
1152 4948 1204 4997 et
1235 4944 1455 5011 iulg/bis.
1492 4941 1723 4998 Hieron.
1756 4960 1879 4999 cum
1920 4946 2095 4999 lactu-

440 5012 519 5065 cis
549 5013 885 5085 agrestibus,
905 5014 1229 5085 Cyprianus
1258 5030 1383 5068 cum
1405 5014 2096 5084 picridibus,Ambrosius

442 5097 569 5158 cum
597 5084 994 5158 amaritudine,
1019 5085 1517 5158 quemadmodum
1543 5091 1599 5140 et
1636 5085 1897 5158 plerique
1918 5086 2094 5142 inter-

445 5153 916 5236 pretesﬂutinus
937 5153 1529 5236 humiliamOrigcnis
1547 5153 1685 5236 mil—ll
1718 5157 1777 5211 in
1800 5153 2099 5236 Numeros

446 5227 868 5296 interpretatur
882 5227 1282 5282 mandacabitis
1311 5227 1461 5282 enim
1515 5230 1702 5282 anima
1738 5244 1860 5283 cum
1888 5231 2095 5284 amari-

445 5296 636 5353 tudine
663 5297 779 5351 sive
804 5298 1001 5371 picriis
1021 5308 1212 5371 εμπ-κβ
1243 5297 1511 5371 generale
1562 5314 1773 5371 nomen
1842 5305 1952 5366 est,
1984 5316 2099 5371 quo

448 5383 651 5425 amara
681 5368 898 5434 omnia,
932 5373 988 5424 et
1019 5370 1067 5425 si
1099 5368 1484 5425 esus—mentio
1544 5369 1639 5434 sit,
1672 5387 1874 5427 amara
1901 5368 2103 5427 omnia

448 5439 645 5496 edulia
675 5439 1067 5495 continentur.
1102 5443 1163 5496 Id
1223 5446 1416 5496 autem
1465 5438 1558 5496 his
1604 5440 1747 5497 locis
1778 5442 1849 5497 ad
1881 5448 2101 5499 certam

449 5525 707 5596 speozem
740 5508 880 5573 LXX
908 5509 1253 5595 interpretes
1284 5517 1628 5575 revocarunt
1654 5509 1907 5599 πικρίδας
1938 5529 2100 5575 nem-

2199 4485 2495 4557 quomodo
2527 4501 2641 4541 non
2673 4489 2815 4541 tunc
2870 4489 3101 4541 tantum
3150 4485 3434 4554 Salvator,
3468 4485 3622 4542 856
3656 4486 3767 4542 sed
3808 4489 3867 4541 et

2200 4590 2390 4646 usque
2420 4574 2492 4629 ad
2510 4578 2856 4645 presentem
2878 4573 3033 4630 diem
3064 4574 3257 4630 mittat
3275 4574 3583 4631 hominum
3605 4574 3867 4646 piscato-

2201 4678 2316 4733 res,
2348 4661 2664 4718 instituens
2694 4678 2793 4718 eos
2852 4662 3080 4719 animas
3138 4661 3388 4719 liberare
3418 4663 3490 4718 de
3520 4661 3769 4733 mari,et
3795 4677 3867 4717 ex

2212 4801 2304 4859 pe,
2338 4785 2491 4856 quod
2523 4785 2778 4841 deterius
2808 4789 2898 4840 est
2948 4789 3204 4841 Lactucm
3251 4802 3456 4859 genus.
3492 4785 3624 4841 LXX
3657 4790 3866 4842 autem

2209 4857 2592 4928 Hieronymus
2623 4862 2858 4912 secutus
2890 4862 2996 4912 est.

2275 4936 2351 5006 (b)
2380 4936 2598 5018 lterum
2630 4954 2784 4993 unus
2815 4953 2959 4992 mss.
2994 4941 3133 5008 Reg.
3167 4937 3324 5009 apud
3349 4936 3625 4993 Huetium
3672 4936 3871 4991 simile

2203 5015 2546 5079 reperiatur.

2277 5086 2344 5157 (c)
2374 5086 2741 5169 Prqduobus
2768 5086 2942 5169 hisce
2982 5084 3194 5167 verbis,
3253 5088 3546 5169 tententias
3565 5102 3867 5169 promens,

2207 5174 2335 5240 91183
2365 5174 2433 5212 ex
2465 5157 2703 5213 Rabano
2734 5157 3154 5240 substituimus
3183 5162 3424 5245 cogente
3462 5157 3619 5213 recto
3651 5174 3865 5227 sensu,

2206 5245 2452 5301 ipsoque
2507 5229 2751 5301 Origene
2799 5229 3106 5301 scribente,
3168 5227 3196 5280 ὁ
3274 5228 3528 5301 δῳιαστὴς
3579 5226 3866 5301 meite-rat

2208 5293 2464 5383 δίκῖᾁζὶρχ,
2495 5299 2583 5383 nati
2607 5293 2826 5383 ῖὲρρφῶν
2858 5298 2912 5351 ἒν
2943 5302 3022 5370 τῷ
3049 5293 3402 5383 δίκαστηρίῳ.
3434 5293 3494 5354 In
3526 5293 3870 5383 antea‘vul-

2210 5371 2361 5442 gatis
2388 5370 2551 5425 libris
2584 5369 2744 5427 nulld
2775 5386 2952 5427 sensu
2999 5369 3117 5426 aut
3164 5369 3318 5429 certe
3347 5369 3667 5445 incongrua
3701 5369 3869 5444 lege-

2210 5443 2404 5512 batur,
2433 5444 2765 5516 prominens.
