3978 6188
258 222 386 309 6⁷⁷

738 222 1231 290 TRANSLATIO
1274 221 1777 289 HOMILIARUM
1823 222 2189 287 ORIGENIS
2232 222 2313 285 IN
2356 220 2781 286 JEREMIAM.
2827 222 3023 287 HOM.
3066 219 3195 285 XII.

3306 196 3338 217 κ

3545 226 3664 293 6'18

268 355 668 413 acerbissimis
697 357 973 416 ﬂuctibus
1002 361 1075 418 ad
1105 377 1310 417 auram
1338 361 1657 433 producere
1676 358 1909 416 liherio-
1941 361 1996 426 Α
2025 356 2279 428 reliquas
2295 359 2517 427 septem
2536 355 3160 428 beatitudines.Neque
3176 374 3308 413 vero
3326 357 3401 429 (ὁ)
3420 360 3589 430 putes
3603 356 3669 412 1i-

267 461 413 501 rem.
445 448 668 502 Verum
700 446 783 502 illi
815 448 1004 520 pisces
1034 466 1168 505 cum
1200 449 1453 522 sagenis,
1487 449 1710 505 retibus
1740 453 1915 519 atque

268 533 466 590 hamis
485 536 726 590 extracti
745 536 816 592 de
830 553 984 609 aqua
1003 538 1239 606 fuerint,
1254 539 1605 595 moriuntur.
1623 540 1789 611 Apud
1808 554 1915 594 nos

266 638 401 677 vero
433 638 569 678 cum
601 622 815 695 aliquis
844 625 1018 680 fuerit
1058 628 1350 683 sermonis
1387 632 1507 683 rete
1535 626 1916 699 comprehen-

269 727 393 780 sus,
425 715 485 766 et
513 711 762 767 eductus
792 713 864 767 de
895 712 1041 769 mari
1062 714 1258 770 saculi
1286 732 1300 770 :
1333 716 1583 771 moritur
1604 715 1838 787 quidem
1862 719 1919 770 et

266 798 419 871 ipse,
449 800 552 855 sed
582 804 843 872 peccato,
875 802 977 858 sed
1000 803 1219 858 mundo
1244 820 1258 858 :
1291 807 1357 858 ut
1376 820 1736 877 consurgens
1755 803 1919 859 Chri-

268 893 381 955 sto,
430 888 588 943 vivat
631 888 769 945 Deo.
814 890 873 945 Si
924 906 1061 962 ergo
1106 892 1318 962 possis,
1368 893 1440 948 ad
1471 892 1917 965 intelligendum

270 992 515 1032 sensum
545 993 720 1048 quem
750 994 1035 1034 conamur
1061 996 1369 1051 exponere,
1402 981 1598 1037 animo
1619 982 1915 1049 inducere,

269 1066 461 1138 pisces
491 1067 565 1121 de
593 1067 743 1121 mari
772 1071 1059 1124 extractos
1091 1067 1265 1125 aliam
1296 1086 1503 1125 rursus
1540 1069 1719 1125 vitam
1750 1087 1921 1127 assu-

270 1170 451 1223 mere,
482 1158 542 1211 et
568 1154 729 1211 aliud
751 1172 965 1228 corpus
986 1157 1249 1224 induere,
1281 1162 1420 1213 tunc
1442 1158 1591 1214 scies
1613 1175 1727 1230 quo
1750 1158 1921 1215 nobis

269 1243 585 1315 profecerit
601 1243 953 1317 exemplum.
976 1246 1157 1302 Nemo
1179 1245 1563 1318 blasphemet,
1584 1264 1754 1303 nemo
1773 1247 1922 1304 male

269 1330 506 1399 laceret,
557 1348 672 1388 non
722 1337 958 1389 vocetur
998 1334 1221 1390 crimen
1259 1335 1415 1406 quod
1446 1335 1520 1391 ab
1548 1334 1789 1391 alterius
1818 1337 1919 1391 ah-

270 1420 519 1476 ductum
551 1425 642 1477 est
660 1420 1067 1495 intelligentia.
1101 1426 1171 1477 Et
1189 1427 1254 1478 tu
1278 1423 1458 1495 igitur
1475 1439 1609 1479 cum
1631 1425 1702 1480 de
1723 1424 1921 1482 saculi

270 1507 448 1564 istius
479 1508 758 1565 ﬂuctibus
782 1526 886 1583 per
904 1510 1226 1582 discipulos
1246 1512 1480 1567 Domini
1501 1513 1681 1569 fueris
1700 1518 1921 1570 extrac-

270 1600 389 1664 tus,
442 1601 613 1653 muta
656 1599 916 1670 corporis
962 1601 1125 1666 vitia,
1170 1604 1336 1656 muta
1380 1616 1621 1656 sensum
1672 1602 1920 1671 anima;

2024 461 2153 502 cere
2172 444 2266 500 his
2285 443 2679 510 venatoribus,
2701 443 2939 499 aliunde
2954 444 3244 516 homines,
3268 445 3383 501 nisi
3406 445 3476 501 de
3499 462 3666 502 mon-

2021 534 2183 589 tibus
2207 550 2273 589 ac
2294 531 2542 588 collibus
2573 548 2796 604 capere,
2824 539 2881 587 et
2904 534 3060 605 quod
3083 534 3368 605 sequitur,
3394 534 3460 590 de
3482 551 3667 591 caver-

2022 624 2111 677 nis
2135 626 2438 693 petrarum.
2473 620 2636 675 Unde
2666 637 2907 692 possum
2939 622 3045 692 [Αι.
3080 628 3415 693 possumus]
3449 623 3669 680 intelli-

2024 728 2158 784 gere
2185 709 2422 782 petras?
2462 710 2616 765 unde
2646 725 2921 765 cavernas
2974 711 3319 781 petrarum?
3364 711 3545 768 Venio
3595 712 3668 767 ad

2024 800 2288 855 Exodum
2316 815 2329 852 :
2365 814 2561 866 quaro
2588 797 2847 869 aliquam
2882 797 3380 870 interpretationis
3410 802 3670 857 occasio-

2026 904 2180 958 nem,
2212 887 2409 956 ibique
2440 886 2669 940 invenio
2698 885 2986 941 volentem
3037 887 3291 960 Moysem
3332 889 3527 944 videre
3558 890 3668 946 Do-

2027 978 2275 1044 minum,
2297 975 2450 1032 858
2478 978 2533 1030 et
2553 975 2867 1030 Dominum
2891 976 3080 1031 eidem
3103 978 3559 1049 promittentem,
3584 984 3671 1035 at-

2027 1081 2141 1137 que
2166 1065 2489 1120 dicentem:
2511 1065 2643 1119 Ecce
2668 1079 2808 1134 pono
2839 1066 2889 1120 te
2919 1066 2977 1119 in
3002 1082 3236 1121 caverna
3261 1076 3456 1138 petra,
3480 1072 3534 1124 et
3551 1085 3675 1125 con-

2024 1156 2218 1226 spicias
2232 1153 2535 1225 posteriora
2553 1169 2694 1219 mea,
2715 1154 2915 1223 faciem
2933 1159 3123 1209 autem
3142 1171 3320 1210 meum
3344 1172 3455 1211 non
3470 1157 3675 1215 videbis

2028 1243 2223 1315 (Exod.
2255 1258 2453 1305 xxxm,
2484 1241 2596 1309 22).
2632 1241 2691 1296 Si
2724 1242 3057 1298 consideres
3088 1243 3228 1314 quid
3262 1245 3372 1315 [AL
3416 1245 3539 1317 qui]
3593 1247 3674 1302 ibi

2028 1336 2194 1405 petra
2220 1331 2470 1400 dicatur,
2499 1337 2555 1386 et
2584 1331 2845 1386 foramen
2875 1336 3074 1402 petra,
3105 1333 3176 1404 (c)
3206 1332 3265 1388 in
3298 1350 3414 1406 quo
3446 1334 3677 1407 Moyses

2030 1436 2206 1492 super
2236 1423 2460 1491 petram
2506 1423 2692 1486 stans,
2734 1424 2790 1475 et
2820 1420 2891 1476 de
2922 1424 3094 1492 petra
3142 1438 3387 1478 caverna
3416 1423 3675 1495 intuens,

2027 1509 2222 1564 videat
2234 1513 2414 1564 Deum
2428 1525 2531 1580 per
2541 1507 2801 1563 foramen
2818 1513 3010 1580 petra,
3027 1509 3360 1582 intelligens
3372 1521 3425 1568 et
3439 1512 3676 1570 c'ateras

2031 1602 2246 1670 petras,
2270 1601 2327 1651 et
2350 1602 2440 1667 pet
2450 1614 2646 1651 rarum
2671 1597 2978 1652 foramina.
3011 1600 3145 1663 Qua
3166 1598 3346 1671 igitur
3364 1605 3453 1656 est
3473 1606 3636 1672 petra
3650 1604 3678 1657 ?

271 1702 388 1740 non
421 1685 508 1741 sis
537 1685 635 1742 ille
664 1686 841 1759 piscis
870 1687 970 1759 qui
1012 1688 1073 1743 in
1121 1689 1297 1744 salsis
1341 1690 1671 1746 versaberis
1722 1692 1921 1759 undis,
1952 1724 1999 1788 B
2032 1684 2314 1742 Dominus
2343 1686 2516 1743 ὅθεῠὸ
2546 1685 2810 1788 Οῒξςίεξξυε
2832 1704 2851 1739 -’
2878 1686 3141 1788 Βίῇϐὺίηι
3168 1690 3317 1743 enim
3343 1688 3409 1745 de
3435 1692 3679 1760 spiritali

271 1774 370 1829 sed
389 1774 487 1831 85
502 1776 543 1828 7
570 1775 641 1830 de
664 1775 955 1847 profundo
969 1776 1200 1849 gurgite
1216 1782 1421 1834 erutus
1437 1779 1509 1834 ad
1530 1778 1770 1835 meliora
1790 1796 1923 1835 con-

271 1865 518 1931 vertere,
534 1863 859 1919 secundum
876 1862 1024 1919 illud
1040 1865 1437 1938 Apostolicum
1454 1883 1467 1922 :
1487 1869 1593 1924 Nos
1610 1876 1792 1924 autem
1806 1885 1923 1924 om-

271 1967 387 2018 nes,
406 1952 659 2008 revelata
671 1954 835 2023 facie,
853 1953 1087 2024 gloriam
1105 1954 1217 2025 [AL
1232 1956 1552 2012 claritatem
1568 1955 1663 2011 hic
1678 1961 1737 2013 et
1750 1956 1923 2031 infra]

272 2041 500 2095 Domini
518 2042 965 2112 contemplantes,
990 2043 1051 2096 in
1070 2043 1315 2099 eamdem
1336 2046 1642 2113 imaginem
1663 2049 1926 2117 transfor-

270 2145 494 2184 mamur
538 2130 612 2185 de
636 2130 817 2200 gloria
845 2130 907 2184 in
934 2131 1193 2199 gloriam,
1225 2134 1385 2204 quasi
1412 2150 1446 2187 a
1474 2134 1695 2189 Domini
1720 2136 1926 2206 spiritu

271 2219 347 2289 (ΙΙ
378 2219 503 2274 Cor.
535 2235 623 2290 ιιι,
655 2220 763 2287 18).
803 2223 873 2274 Et
914 2236 1048 2275 cum
1079 2221 1259 2277 fueris
1289 2222 1363 2278 ab
1394 2223 1676 2295 apostolis
1706 2241 1773 2280 ac
1804 2225 1922 2281 dis-

276 2305 643 2378 cipulisJesu
661 2307 907 2364 marinis
923 2307 1199 2364 ﬂuctibus
1215 2308 1518 2379 liberatus,
1533 2312 1652 2368 noli
1669 2328 1926 2384 quarere

272 2394 659 2466 profundum,
691 2396 793 2451 sed
814 2396 876 2451 in
898 2396 1198 2453 montibus
1218 2398 1297 2454 sit
1313 2405 1676 2458 conversatio
1698 2406 1801 2457 tua
1820 2420 1833 2470 ;
1859 2407 1928 2458 ut

263 2483 392 2554 jam
426 2499 541 2538 non
564 2482 782 2540 habeas
807 2501 954 2557 opus
976 2485 1388 2557 piscatoribus,
1419 2489 1521 2560 qui
1545 2494 1601 2545 te
1625 2507 1829 2546 rursus
1854 2491 1925 2547 de

272 2570 552 2628 ﬂuctibus
581 2572 911 2641 extrahant,
943 2574 1044 2630 sed
1080 2574 1209 2631 aliis
1238 2576 1620 2648 quibusdam,
1651 2594 1797 2643 quos
1827 2595 1922 2635 ve-

272 2664 509 2716 natores
531 2661 829 2734 Scriptura
858 2666 1179 2735 nuncupat,
1211 2664 1311 2736 qui
1340 2668 1397 2720 te
1418 2669 1621 2737 postea
1640 2671 1926 2723 venentur

270 2749 344 2804 de
357 2750 655 2815 monte,de
665 2749 1061 2818 colle,delocis
1073 2750 1486 2810 altioribus:ihi
1500 2754 1578 2811 sit
1588 2755 1925 2812 deambula-

268 2838 352 2893 tio
372 2843 495 2904 tua,
509 2838 592 2893 ibi
611 2855 800 2906 mens,
814 2856 1052 2913 gressus
1069 2845 1124 2896 et
1141 2842 1334 2898 statio:
1355 2842 1691 2901 obliviscere
1710 2845 1919 2902 maris:

270 2926 860 2984 ohliviscerevallium
877 2945 944 2985 ac
964 2930 1388 3001 profundorum
1408 2951 1422 2989 :
1441 2934 1654 2989 veniad
1673 2938 1921 3003 montes,

2032 1778 2287 1846 sequente
2314 1789 2400 1829 eos
2426 1777 2585 1844 petra
2614 1773 2659 1843 (Ι
2687 1775 2812 1830 Cor.
2842 1791 2897 1844 x,
2932 1775 3006 1845 4).
3038 1776 3103 1829 Et
3129 1792 3294 1847 super
3318 1786 3533 1848 petram
3564 1783 3673 1836 sta-

2033 1866 2141 1919 tuit
2167 1862 2327 1936 pedes
2355 1878 2521 1932 meos,
2567 1860 2627 1916 in
2672 1862 2975 1934 trigesimo
3024 1880 3176 1919 nono
3206 1865 3435 1937 psalmo
3466 1869 3679 1925 dicitur

2033 1953 2145 2025 (Ps.
2177 1968 2364 2018 xxxrx,
2397 1950 2471 2020 3).
2501 1951 2662 2014 Quod
2686 1954 2774 2005 est
2804 1951 3065 2009 foramen
3099 1953 3315 2025 petra?
3335 1955 3477 2012 Vide
3495 1963 3676 2014 Deum

2032 2040 2141 2110 [AL
2166 2038 2322 2108 eum]
2346 2039 2501 2109 apud
2528 2038 2712 2093 Deum
2738 2043 2986 2108 Patrem,
3010 2041 3266 2097 Verbum
3298 2044 3498 2112 Deum,
3519 2046 3676 2103 vide-

2034 2127 2128 2182 his
2148 2127 2434 2197 integram
2451 2129 2675 2197 petram
2694 2143 2706 2181 :
2725 2126 2855 2182 vide
2867 2127 3368 2200 dispensationem
3387 2135 3679 2208 assumpti

2035 2214 2313 2286 corporis,
2327 2213 2551 2269 videbis
2574 2214 2831 2269 foramen
2851 2220 3167 2289 petra,per
3185 2220 3338 2289 quod
3358 2223 3681 2292 posteriora

2034 2303 2134 2358 Dei
2149 2303 2320 2374 juxta
2334 2301 2783 2373 possibilitatem
2802 2302 3222 2361 imbecillitatis
3242 2324 3360 2363 sua
3382 2308 3679 2368 humanus

2035 2392 2298 2446 intuetur
2341 2394 2631 2461 aspectus.
2677 2390 2796 2445 Hoc
2826 2391 2981 2446 enim
3012 2397 3101 2447 est
3129 2396 3285 2465 quod
3316 2396 3431 2451 ait:
3469 2398 3678 2455 Videbis

2029 2487 2337 2560 posteriora
2364 2502 2491 2542 mea
2520 2486 2709 2558 (Exod.
2740 2504 2939 2555 χχχιιι,
2969 2490 3081 2560 23).
3116 2490 3314 2547 Inveni
3369 2510 3548 2550 unam
3581 2512 3674 2551 ca-

2033 2593 2269 2632 vernam
2301 2574 2476 2631 unius
2497 2579 2693 2647 petra,
2716 2592 2911 2647 quaro
2943 2575 3086 2632 alias
3112 2583 3326 2649 petras,
3346 2586 3404 2636 et
3421 2581 3566 2638 alias
3588 2599 3678 2638 ca-

2030 2680 2275 2721 vernas:
2308 2663 2474 2719 venio
2504 2664 2574 2718 ad
2606 2663 2849 2719 chorum
2882 2664 3301 2736 Prophetarum
3327 2673 3503 2741 atque
3532 2672 3678 2744 Apo-

2034 2753 2343 2818 stolorum,
2396 2762 2451 2808 et
2480 2753 3022 2808 transcendentium
3063 2760 3401 2813 sanctorum
3431 2760 3676 2832 Angelo-

2033 2859 2188 2909 rum,
2207 2845 2262 2898 et
2282 2841 2411 2897 dico
2428 2840 2567 2912 quia
2582 2857 2786 2897 omnes
2800 2841 3124 2900 imitatores
3134 2845 3349 2901 Christi
3368 2852 3540 2919 petra
3557 2850 3678 2905 sint

2033 2932 2285 3003 [Al.sunt
2297 2930 2400 3002 l,ut
2410 2936 2573 3002 petra
2587 2929 2784 2986 estille
2797 2931 2896 3003 qui
2909 2932 3363 2990 docuit.Etsicut
3378 2935 3489 2992 iste
3500 2937 3678 2994 habet

273 3016 593 3088 Prophetas
614 3042 629 3085 ;
650 3017 780 3073 veni
801 3019 873 3073 ad
897 3017 1093 3084 colles,
1109 3020 1423 3092 justos[Al.
1443 3022 1576 3094 ibi];
1600 3022 1659 3077 in
1681 3024 1829 3095 ipsis
1847 3024 1924 3080 sit
1961 3087 1994 3095 _
2034 3021 2294 3076 foramen
2314 3035 2418 3091 per
2438 3019 2593 3090 quod
2622 3018 2894 3075 videntur
2948 3022 3274 3092 posteriora
3301 3025 3400 3081 Dei
3425 3041 3438 3079 :
3470 3026 3675 3083 eodem

270 3087 771 3175 conversatiotua;
788 3109 851 3161 ut
864 3123 996 3162 cum
1012 3107 1137 3164 dies
1149 3110 1355 3165 mortis
1368 3110 1921 3183 advenerit,mittan-
1953 3087 1995 3155 (ἶ
2036 3109 2207 3164 modo
2225 3107 2637 3180 unusquisque
2658 3110 3110 3183 nostrum(d)qui
3135 3129 3238 3183 per
3255 3129 3557 3171 sermones
3577 3133 3676 3171 su-

270 3197 371 3248 tur
386 3197 711 3263 venatores,
736 3193 835 3250 alii
857 3195 1097 3267 quidam
1117 3214 1150 3252 a
1171 3197 1580 3270 piscatoribus,
1604 3199 1705 3272 qui
1728 3217 1925 3273 super-

268 3283 740 3355 assumptionem
752 3285 1708 3359 constitutisunt(a)animarum,et
1720 3293 1776 3345 te
1788 3306 1922 3346 cum

268 3372 495 3428 caeteris
514 3373 735 3428 sanctis
752 3373 825 3428 de
842 3372 987 3430 colle
1002 3379 1059 3430 et
1074 3375 1145 3430 de
1162 3380 1381 3443 monte,
1398 3377 1469 3432 de
1487 3376 1677 3432 altiori
1694 3377 1819 3433 loco
1837 3395 1925 3434 ac-

268 3460 321 3515 ci
328 3460 510 3534 piant.
528 3461 671 3517 Vide
686 3466 882 3518 autem
900 3464 950 3518 si
968 3480 1084 3518 non
1101 3468 1329 3519 sacrata
1344 3481 1480 3520 voce
1496 3464 1556 3520 in
1573 3465 1778 3520 eadem
1796 3481 1924 3522 sen-

266 3551 453 3605 tentia
473 3549 760 3622 Propheta
779 3551 1071 3607 consentit
1090 3552 1322 3608 dicens:
1354 3554 1487 3609 Ecce
1513 3570 1612 3623 ego
1642 3556 1805 3611 mitto
1830 3557 1919 3626 pis

266 3646 475 3694 calores
497 3640 722 3703 multos,
752 3639 891 3695 dicit
917 3640 1203 3706 Dominus,
1232 3644 1283 3696 et
1310 3642 1671 3710 piscabuntur
1698 3660 1787 3700 eos
1812 3662 1825 3699 :
1858 3646 1924 3701 Et

260 3730 381 3798 post
401 3727 525 3783 hac
540 3729 765 3784 mittam
784 3732 1061 3785 venatores
1080 3730 1304 3801 multos,
1325 3734 1387 3786 ut
1408 3733 1633 3804 capiant
1651 3749 1739 3789 eos
1754 3750 1924 3806 supra

267 3831 487 3871 omnem
502 3826 747 3873 montem
764 3821 816 3873 et
834 3818 1029 3874 collem
1057 3820 1187 3887 (Jer.
1217 3836 1332 3886 xvr,
1368 3822 1476 3889 16),
1497 3821 1554 3877 Si
1579 3821 1664 3876 vis
1685 3828 1744 3878 et
1765 3827 1825 3878 tu
1849 3826 1921 3881 ab

268 3903 371 3959 his
396 3905 770 3962 venatoribus
808 3907 959 3979 capi,
1007 3924 1144 3965 cave
1174 3925 1246 3965 ne
1274 3909 1525 3966 verseris
1554 3910 1615 3965 in
1648 3910 1918 3981 vallibus,

272 4008 353 4048 ne
382 3992 441 4047 in
472 3993 580 4050 alia
606 3995 813 4051 humili
847 3997 1082 4069 regione
1111 3998 1421 4055 consistas.
1472 4001 1673 4065 Quare
1719 4001 1919 4075 colles,

269 4098 468 4153 quare
489 4088 769 4153 montem,
803 4084 860 4141 in
886 4102 1085 4157 quem,
1116 4087 1242 4143 viso
1263 4086 1499 4160 populo,
1524 4089 1807 4146 Dominus
1828 4107 1920 4147 as-

247 4172 490 4239 .cendit,
514 4176 574 4227 et
595 4174 779 4229 secuti
800 4178 940 4229 sunt
959 4190 1089 4230 eum
1111 4175 1405 4248 discipuli,
1426 4193 1496 4232 ex
1517 4193 1632 4249 quo
1654 4179 1922 4251 aperiens

268 4276 337 4315 os
367 4277 546 4317 suum
576 4261 773 4319 docuit
801 4279 919 4331 eos,
952 4263 1153 4320 dicens
1177 4281 1191 4319 :
1224 4266 1381 4320 Beati
1408 4282 1675 4338 pauperes
1694 4270 1919 4340 spiritu,

269 4351 536 4420 quoniam
566 4352 813 4421 ipsorum
840 4355 920 4408 est
963 4368 1204 4426 regnum
1238 4354 1496 4411 calorum
1524 4355 1745 4427 (Matth.
1778 4358 1835 4430 v)
1864 4362 1923 4415 et

341 4475 420 4547 (a)
440 4474 652 4531 Deerat
669 4493 799 4552 vox,
821 4479 1160 4552 animarum,
1182 4478 1243 4534 in
1266 4483 1436 4535 antea
1454 4479 1709 4552 vulgatis
1728 4482 1916 4549 libris,
1952 4455 1997 4520 Ῑ)

310 4562 450 4602 nam
481 4563 553 4602 ex
582 4549 809 4625 ξιιιιιιιιιὶΔ
830 4548 1076 4625 lectione
1100 4550 1345 4625 ipsoqpe
1366 4548 1630 4625 Origenis
1654 4558 1837 4625 textu,
1865 4554 1918 4607 oi

295 4618 685 4699 πιτεταγμὲνῳ
736 4617 957 4699 ἐνὶητοῦ
994 4616 1440 4699 πᾳρᾷλαμῖϐἀνειγ
1466 4616 1581 4684 τεὰς
1610 4616 1918 4699 ψρχᾴςίδᾶ

266 4690 535 4767 sensum‘
569 4690 668 4767 qu_i
690 4691 935 4767 mutilus
955 4690 1099 4759 erat,
1123 4690 1532 4767 integrandam
1556 4690 1915 4752 su'tl‘écimus.

341 4706 535 4744 nsum'
569 4706 668 4817 qui
690 4706 935 4747 mutuus
955 4706 1099 4759 erat,
1123 4706 1532 4767 integrandam
1556 4706 1915 4752 sun‘eclmus.

341 4761 417 4831 (b)
438 4763 566 4832 Apu
624 4762 955 4837 Rabanum,
970 4780 1145 4837 neque
1164 4782 1286 4822 vero
1298 4770 1472 4837 potest
1495 4767 1676 4822 licere.
1697 4769 1756 4822 In
1770 4767 1920 4822 Gra-

266 4848 337 4887 co
357 4832 850 4910 tantumresttobx
875 4832 1063 4903 egeo-rt
1077 4856 1158 4910 γε,
1192 4832 1313 4894 etcf
1328 4838 1433 4892 Pro
1454 4854 1520 4893 eo
1542 4843 1737 4910 autem
1760 4841 1915 4910 quod

267 4902 447 4985 paulo
479 4909 613 4975 post
609 4904 902 4985 “legimus,
920 4902 1153 4985 papers,
1169 4909 1582 4985 juxtaRabani
1608 4902 1915 4985 lectionem

269 4972 1212 5051 ipsumqueOrigeneminGracé,
1232 4972 1752 5047 συλλαϐεῖν,ιιιίιιιιε
1767 4987 1918 5037 recte

264 5046 488 5121 lectum
506 5046 610 5121 est
639 5046 834 5121 antea,
862 5066 1125 5121 quaerere.

341 5120 411 5188 (c)
436 5117 792 5193 ATriumifere
820 5117 1309 5193 subsequentium
1341 5138 1615 5193 versuum
1641 5121 1736 5177 hic
1756 5122 1915 5179 lacu-

263 5205 407 5267 nam
433 5189 825 5267 implevimus,
855 5194 954 5264 qui
979 5189 1226 5249 solemni
1244 5192 1720 5264 Antiquariorum
1744 5193 1914 5267 lapsu

257 5261 355 5336 ob
370 5262 715 5336 earumdem
745 5261 972 5336 vocum,
1003 5267 1253 5336 foramen
1278 5261 1475 5335 petra,
1512 5261 1822 5336 recursum
1847 5282 1915 5321 ex

256 5331 443 5406 editis
460 5337 631 5388 antea
651 5333 817 5390 libris
833 5331 1183 5401 exciderant,
1202 5331 1523 5406 eorumque
1538 5335 1788 5405 defectu,
1811 5343 1915 5393 aut

252 5403 492 5479 nullus,
522 5410 626 5479 aut
655 5406 883 5479 ad_rem
915 5424 1030 5463 non
1060 5412 1184 5463 erat
1205 5403 1508 5479 prasentis
1535 5403 1911 5479 periodisen-

248 5492 388 5550 sus.
415 5475 721 5550 Siquidem
741 5476 1077 5549 legebatur:
1111 5478 1173 5535 Si
1190 5475 1493 5534 consideres
1515 5475 1647 5548 quid
1665 5479 1745 5534 ibi
1755 5488 1909 5550 petra

245 5546 486 5612 dicatur
501 5546 561 5608 et
586 5546 838 5622 foramen
861 5554 1058 5629 petrae,
1081 5550 1346 5631 intelligis
1373 5552 1427 5615 σι
1452 5546 1679 5615 (cetera:
1701 5546 1909 5629 petrae,

2034 3213 2099 3253 os
2110 3196 2261 3252 viam
2284 3196 2488 3268 pandit
2503 3197 2575 3251 ad
2598 3196 3039 3269 intelligendum
3057 3202 3405 3268 Deum,facit
3424 3207 3483 3259 et
3502 3206 3675 3276 se[Al.

2033 3302 2096 3341 se
2124 3286 2260 3341 fecit
2287 3286 2437 3356 esse]
2470 3286 2731 3341 foramen
2763 3291 2958 3357 petra.
2990 3288 3047 3342 Si
3069 3294 3266 3345 autem
3291 3290 3460 3348 aliter
3481 3292 3675 3349 visin-

2034 3373 2293 3444 telligere
2321 3378 2567 3445 petram,
2600 3377 2655 3429 et
2674 3379 2847 3445 petra
2870 3374 3150 3443 foramen,
3172 3378 3304 3434 vide
3320 3395 3422 3450 per
3439 3380 3673 3452 Moysen

2036 3463 2248 3532 Legem
2274 3480 2287 3517 :
2321 3478 2424 3533 per
2444 3461 2656 3539 Isaiam
2679 3462 3075 3534 prophetiam:
3101 3481 3204 3536 per
3226 3466 3541 3522 Jerem'iam
3562 3468 3677 3525 alia

2032 3549 2262 3621 eloquia
2290 3551 2504 3606 divina.
2536 3550 2635 3605 Sin
2667 3566 2798 3605 vero
2825 3550 3081 3622 Angelus
3115 3553 3288 3609 fuerit
3314 3560 3372 3609 et
3402 3554 3677 3626 loquatur

2030 3639 2092 3694 in
2121 3638 2378 3705 homine,
2392 3640 2563 3710 juxta
2582 3637 2726 3693 illud
2748 3638 3187 3711 Propheticum:
3220 3642 3458 3711 Angelus
3480 3646 3576 3714 qui
3596 3646 3676 3701 lo-

2031 3728 2296 3797 quebatur
2326 3729 2385 3781 in
2413 3743 2500 3782 me
2527 3726 2710 3797 (Zach.
2745 3744 2806 3791 ιι,
2840 3727 2918 3797 3),
2951 3732 3079 3782 asto
3110 3728 3171 3782 in
3203 3729 3443 3801 Angelo,
3487 3735 3546 3787 et
3572 3749 3678 3804 per

2032 3816 2295 3871 foramen
2324 3816 2453 3885 ejus
2481 3813 2758 3887 Angelice
2786 3814 2953 3869 video
2974 3815 3179 3872 Deum.
3212 3817 3553 3890 Exemplum
3576 3821 3676 3878 ha-

2030 3904 2137 3959 beo
2159 3903 2578 3969 necessarium,
2599 3907 2665 3957 ut
2683 3903 2922 3958 doceam
2946 3905 3239 3974 quomodo
3260 3906 3446 3978 possit
3460 3908 3675 3981 aliquis

2032 3993 2091 4047 in
2122 3991 2338 4064 Angelo
2368 3991 2695 4046 consistens
2724 3991 2920 4047 videre
2951 3998 3153 4048 Deum.
3186 3994 3480 4068 Scriptum
3502 4003 3593 4053 est
3614 3998 3674 4054 iu

2028 4082 2264 4138 Exodo:
2314 4080 2582 4152 Apparuit
2622 4080 2863 4149 Angelus
2904 4081 3125 4136 Domini
3170 4083 3228 4137 in
3276 4084 3504 4152 ﬂamma
3550 4086 3678 4142 rubi

2028 4171 2219 4241 Moysi,
2243 4169 2457 4225 videbat
2485 4169 2685 4240 Moyses
2714 4169 2846 4240 quia
2864 4170 3090 4226 ardebat
3110 4172 3297 4240 rubus,
3328 4177 3380 4228 et
3406 4189 3517 4229 non
3538 4191 3680 4231 com-

2032 4260 2332 4316 burebatur
2356 4258 2550 4330 (Exod.
2585 4275 2670 4328 III,
2705 4259 2777 4330 1).
2812 4258 2878 4312 Et
2898 4258 3050 4316 859
3074 4276 3189 4315 non
3220 4260 3392 4317 sicuti
3423 4268 3678 4335 caperet

2030 4347 2332 4415 Scriptura
2360 4346 2421 4401 in
2452 4363 2519 4402 eo
2546 4346 2703 4419 quod
2734 4346 2995 4403 dixerat:
3028 4348 3295 4420 Apparuit
3315 4351 3557 4423 Angelus
3578 4352 3676 4407 Do-

2029 4493 2138 4546 etc.
2170 4489 2286 4570 Nos
2315 4489 2386 4570 de
2417 4488 2786 4570 mutilatione
2814 4488 2925 4570 loci
2961 4489 3218 4570 primum
3259 4491 3534 4570 {tabanus
3556 4492 3673 4570 ad-

2028 4560 2277 4643 monuit,
2295 4561 2465 4644 cujus
2486 4558 2790 4644 lectionem
2813 4558 3079 4633 religiose
3100 4562 3539 4644 descripsimus,
3556 4562 3675 4618 hic-

2028 4648 2141 4703 que
2165 4631 2545 4705 inseruimus.
2595 4632 2743 4685 Tum
2760 4631 3185 4705 pveroasseruit
3209 4631 3669 4705 Qrigegnes‘ipse,

2027 4699 2117 4789 eu
2129 4720 2197 4789 qs
2216 4703 2338 4789 haec
2358 4703 2488 4786 ipsa
2504 4706 2647 4789 sunt
2658 4702 2851 4787 verba,
2878 4699 2965 4789 tim
2983 4703 3078 4771 νοή
3089 4699 3431 4789 σῃςὶέκεῖῖτήν
3450 4699 3670 4789 ast-{px},

2026 4769 2114 4826 χαῖ
2148 4769 2264 4845 ἴδῃς
2296 4769 2405 4847 ἐκεῖ
2423 4772 2520 4847 "Cipi
2546 4771 2700 4847 ἀπῆν-
2718 4777 2815 4847 τῇς
2847 4769 3210 4847 πμὲτραςςτὶνᾷ
3237 4769 3437 4847 sponso}:
3462 4769 3670 4847 ἐπὶίτῇξ

2026 4840 2404 4918 ﬁngeretur};
2433 4842 2521 4894 καὶ
2543 4842 2641 4918 τὴν
2678 4840 2815 4909 ὀπήν
2838 4840 3013 4918 τὴνξν
3034 4846 3101 4916 τῇ
3134 4840 3301 4918 πέει-γρᾷ
3325 4841 3451 4897 ἰδών
3481 4840 3670 4918 βλὲτξει

2023 4914 2113 4968 τὸν
2139 4909 2284 4968 ¹Θεὸν
2327 4909 2416 4965 διὰ
2452 4919 2553 4980 τῆς
2594 4911 2736 4989 ὀπῆς
2772 4919 2874 4981 τῆς
2898 4909 3131 4989 νπέτραίς,
3184 4909 3304 4987 ὅῷεὶ
3350 4935 3408 4989 τε
3431 4909 3536 4989 ᾃκῖχὶ
3573 4916 3670 4977 τὰς

2025 4982 2240 5044 πολλὰς
2258 4984 2476 5058 πέτραιςὲ
2498 4988 2607 5058 etc.
2622 4984 2755 5047 Qua
2772 4988 2841 5039 ad
2859 4982 3098 5040 verbum
3115 4982 3315 5042 Latine
3330 4988 3412 5043 sic
3431 4987 3668 5055 habent,

2026 5058 2087 5113 Si
2102 5056 2409 5131 consideres
2425 5057 2513 5131 ibi
2533 5064 2773 5131 petram,
2805 5061 2855 5111 et
2876 5057 3076 5131 videris
3097 5059 3178 5112 ibi
3201 5058 3461 5131 foramen
3478 5068 3668 5131 petrae,

2024 5127 2284 5201 quomodo
2315 5126 2616 5201 (Rabanu‘s
2644 5126 2863 5201 legerat
2894 5127 2951 5181 in
2988 5126 3450 5201 Hieronymianis
3478 5126 3675 5187 exem-

2024 5197 2308 5282 plarihus,
2325 5197 2403 5282 "in
2434 5212 2538 5282 quo
2568 5197 2802 5282 Moyses).
2818 5214 2981 5268 super
3001 5197 3221 5282 petrgni
3249 5204 3418 5272 stans,
3437 5206 3500 5282 _et
3527 5202 3671 5274 quod

2021 5269 2141 5326 erat
2170 5272 2227 5325 in
2257 5278 2417 5344 petra
2435 5270 2683 5344 foramen
2712 5269 2920 5344 videns,
2955 5269 3099 5325 videt
3117 5273 3289 5326 Deum
3305 5269 3411 5344 per
3422 5269 3671 5343 foramen

2020 5350 2196 5410 petrae
2219 5358 2231 5395 :
2258 5340 2533 5410 intelliges
2558 5343 2611 5394 et
2639 5340 2843 5394 multas
2869 5349 3077 5411 petras,
3108 5347 3217 5399 etc.

2093 5412 2170 5484 (d)
2188 5413 2351 5484 Apud
2370 5414 2692 5481 Rabanum,
2709 5413 3384 5484 unusquisquejuslorum,
3400 5413 3666 5484 inGraco

2021 5479 2327 5547 dumtaxat
2355 5486 2466 5552 est,
2496 5479 2888 5559 unusquisque,
2916 5479 3164 5551 ἓκᾶστὸς,
