3960 6172
369 203 496 266 6'79

1630 203 1694 263 S.
1743 202 2052 264 EUSEBlI
2098 201 2538 263 HIERONYMI

3601 197 3698 268 680

368 337 532 408 mini,
583 335 668 390 sic
698 343 753 389 et
784 335 840 388 in
875 333 1115 404 reliquis
1163 332 1477 387 subsecuta
1505 338 1612 401 est,
1665 337 1730 386 ut
1760 332 2012 388 diceret:
2047 337 2101 400 Α
2129 336 2209 388 cie
2239 335 2353 398 Dei,
2402 342 2448 389 et
2482 332 2751 386 habitavit
2780 333 2839 386 in
2873 335 3024 386 terra
3067 332 3208 386 Naid
3231 330 3375 401 (Gen.
3402 349 3501 400 xm,
3529 333 3621 406 16).
3652 339 3698 392 Si

371 427 487 497 Ego
514 423 772 495 Angelus
805 421 1071 489 Domini;
1125 422 1229 476 sed
1261 422 1376 476 ait:
1421 422 1530 490 Ego
1563 423 1700 476 Deus
1730 421 2022 490 Abraham,

365 519 418 568 et
447 515 584 567 Deus
614 515 781 580 Isaac,
814 515 863 567 et
893 512 1034 567 Deus
1061 511 1227 566 Iacob
1259 510 1450 581 (Exod.
1489 528 1571 576 ιιι,
1611 511 1688 581 6).
1726 511 1859 565 Erat
1887 526 2023 582 ergo

368 602 448 656 ibi
479 608 631 656 Deus
654 601 714 656 in
736 599 952 671 Angela
976 599 1244 668 visibilis,
1269 604 1325 654 et
1353 616 1455 670 per
1477 600 1893 675 foramenejus
1921 616 2020 670 ap-

369 690 650 761 parebant
707 688 1029 760 posteriora
1075 690 1223 758 ejus.
1251 687 1398 750 Quia
1448 687 1626 759 igitur
1656 688 1847 743 nescis
1899 704 2016 758 quo

369 782 627 850 tempore
659 777 968 832 mittantur
1004 781 1324 845 venatores,
1354 792 1487 830 cave
1511 792 1582 830 ne
1605 775 1920 847 aliquando
1938 777 2009 830 de

367 870 564 921 monte
579 863 924 931 descendas,
944 881 1014 920 ne
1034 863 1331 936 relinquas
1353 862 1554 929 colles,
1575 880 1645 918 ne
1663 864 1733 918 de
1752 864 2020 920 cavernis

365 958 664 1027 petrarum
697 971 890 1010 exeas.
941 954 998 1008 Si
1033 953 1187 1008 enim
1222 953 1361 1008 foris
1393 951 1573 1007 fueris
1605 953 1896 1024 inventus,
1931 953 2018 1007 di-

365 1047 572 1099 centur
602 1043 706 1097 tibi
741 1059 810 1098 ea
841 1059 968 1114 quae
999 1042 1059 1112 ii,
1096 1041 1193 1113 qui
1229 1041 1368 1097 foris
1399 1047 1560 1105 sunt,
1595 1045 1893 1096 merentur
1913 1059 2016 1096 au-

365 1131 489 1186 dire
515 1148 528 1186 :
561 1132 756 1201 Stulte,
783 1133 882 1186 hac
903 1139 1054 1186 nocte
1073 1131 1150 1202 (α)
1171 1132 1417 1185 animam
1440 1134 1589 1184 tuan:
1616 1138 1852 1202 repetent
1874 1147 1908 1184 a
1930 1134 1980 1186 te
1997 1149 2015 1185 :

365 1235 490 1292 quae
517 1224 703 1274 autem
730 1222 945 1291 parasti
971 1221 1126 1289 cujus
1157 1227 1315 1274 erunt
1345 1220 1495 1289 (Luc.
1521 1236 1620 1285 im,
1644 1220 1735 1288 20)
1759 1219 1786 1272 ‘?
1816 1219 2017 1274 Dicen-

363 1312 460 1363 tur
487 1315 685 1364 autem
717 1309 826 1364 tibi
860 1309 990 1378 ista,
1025 1307 1072 1363 si
1105 1307 1322 1362 dixeris
1355 1324 1366 1362 :
1399 1309 1684 1363 Destruam
1707 1309 2010 1379 apothecas,

363 1406 414 1452 et
443 1399 676 1466 majores
704 1398 1002 1467 aediﬁcabo,
1047 1405 1100 1452 et
1128 1397 1308 1452 dicam
1337 1399 1538 1452 anima:
1569 1412 1708 1454 mea:
1727 1414 1748 1453 :
1781 1399 2010 1467 Anima,

363 1484 528 1539 habes
551 1486 689 1540 bona
709 1488 945 1558 reposita
965 1490 1022 1541 in
1041 1502 1213 1542 annos
1233 1487 1832 1556 multos;requiesce,co
1842 1485 2010 1552 mede,

361 1573 499 1639 bibe,
533 1574 745 1631 laetare.
780 1574 1214 1630 Animadvertis
1244 1575 1315 1630 de
1347 1575 1646 1630 montibus
1676 1579 1732 1629 et
1763 1573 2012 1630 collibus

359 1662 805 1719 descendentem
824 1667 845 1718 Ρ
866 1664 1282 1719 animadvertis
1300 1663 1714 1719 consistentem
1733 1667 1892 1718 extra
1915 1681 2010 1734 pe-

359 1754 462 1806 trae
494 1752 752 1808 foramen
776 1752 804 1806 ‘l
836 1753 1128 1824 quomodo
1160 1758 1314 1808 erret
1343 1757 1401 1807 et
1432 1769 1500 1807 ea
1524 1757 1688 1824 putet
1711 1753 1862 1808 bona
1886 1769 2013 1808 esse

361 1856 485 1910 quae
507 1839 670 1895 nulla
691 1845 850 1905 sunt,
875 1840 1075 1895 dicens
1101 1857 1113 1894 :
1149 1842 1336 1895 Dicam
1357 1843 1556 1894 animm
1583 1855 1720 1896 mem
1739 1859 1760 1894 .·
1798 1841 2010 1907 Anima,

360 1926 530 1983 habes
547 1929 722 1982 multa
746 1928 889 1982 bona
910 1929 1145 1999 reposita
1172 1945 1184 1981 :
1221 1930 1584 1984 frumentum
1609 1933 1664 1983 et
1685 1929 2012 1983 ubertatem

360 2015 476 2086 [AL
492 2015 831 2086 utilitatem]
852 2021 1150 2070 terrenoru
1163 2033 1216 2070 m
1240 2018 1533 2071 fructuum
1557 2033 1683 2070 esse
1697 2017 2014 2072 arbitratus

359 2108 449 2159 est
479 2105 650 2173 bona,
684 2104 949 2158 nesciens
976 2105 1117 2175 quia
1135 2121 1271 2159 vera
1293 2105 1445 2159 bona
1468 2121 1582 2158 non
1607 2109 1922 2159 nascuntur
1949 2105 2010 2159 in

360 2191 671 2247 maledicta
702 2197 874 2262 terra,
910 2193 1007 2247 sed
1033 2193 1089 2246 in
1115 2191 1450 2248 ccelestibus
1473 2193 1810 2265 regionibus
1837 2209 1849 2247 :
1885 2193 2010 2248 the-

359 2281 672 2336 saurizavit
699 2281 812 2336 sibi
843 2281 901 2335 in
925 2286 1097 2346 terra,
1133 2282 1272 2353 quia
1294 2282 1352 2335 in
1374 2285 1530 2336 terra
1550 2298 1677 2336 esse
1701 2281 2010 2337 thesauros

360 2369 678 2424 arbitratus
695 2373 801 2424 est.
825 2369 883 2424 Si
905 2369 1038 2440 quis
1057 2375 1275 2434 autem,
1290 2368 1524 2424 sublata
1540 2385 1730 2436 cruce,
1747 2370 2014 2441 sequitur

357 2457 670 2512 Dominum
699 2458 924 2527 Jesum,
957 2463 1014 2512 et
1043 2458 1401 2512 thesaurizat
1432 2457 1541 2512 sibi
1572 2458 1632 2512 in
1679 2457 1842 2525 coelo,
1894 2474 2009 2512 non

358 2545 572 2600 dicitur
601 2546 649 2600 ei
677 2563 689 2600 :
726 2546 918 2613 Stulte,
953 2547 1054 2600 hac
1081 2555 1234 2601 nocte
1263 2549 1512 2602 animum
1541 2553 1698 2601 tuam
1719 2555 2011 2617 repetente

360 2638 446 2688 te:
481 2634 582 2688 sed
611 2633 905 2689 venientes
935 2639 1258 2703 venatores,
1291 2640 1348 2689 et
1379 2641 1706 2707 quaerentes
1732 2634 2012 2690 animalia

360 2722 430 2777 de
461 2722 783 2789 montibus,
830 2722 902 2776 de
939 2721 1210 2789 collibus,
1262 2723 1332 2778 de
1383 2724 1644 2778 cavernis
1688 2729 2007 2795 petrarum,

359 2810 532 2866 etiam
564 2809 731 2865 illum
763 2827 898 2865 cum
929 2810 1012 2866 eis
1041 2812 1256 2882 pariter
1285 2812 1573 2883 accipient
1605 2813 1675 2867 de
1705 2813 2008 2868 venatione

360 2899 620 2970 sublimi,
653 2904 710 2954 et
739 2900 809 2954 ad
842 2899 1190 2955 sublimiora
1213 2900 1590 2956 beatitudinis
1614 2917 1792 2972 regna
1815 2907 2006 2973 porta-

360 2989 526 3043 bunt.
578 2989 719 3056 Quia
765 2989 910 3043 oculi
944 2991 1059 3044 mei
1085 3005 1252 3060 super
1279 3005 1462 3044 omnes
1494 2991 1608 3045 vias
1640 3006 1827 3045 eorum
1874 2993 2002 3058 (Jer.

2135 423 2204 476 ad
2238 421 2527 477 malorum
2559 420 3052 492 comparationem
3077 421 3291 488 venias,
3320 421 3512 477 melius
3529 428 3600 478 est
3619 424 3699 479 ab-

2133 511 2333 566 scondi
2367 528 2400 565 a
2431 511 2572 566 facie
2595 509 2713 574 Dei,
2737 525 2913 580 quam
2939 509 3133 580 fugere
3153 525 3304 564 eum.
3327 511 3386 564 In
3411 510 3510 565 alio
3530 512 3702 584 quippe

2134 599 2498 654 conscientia:
2521 599 2732 654 vulnus
2754 598 3041 653 inflictum
3067 599 3170 669 [AL
3201 599 3451 670 inﬁxum]
3481 601 3702 657 tenebras

2132 691 2188 742 et
2218 693 2438 743 secreta
2471 688 2832 760 perquirens,
2866 687 3053 742 levare
3082 687 3276 742 oculos
3304 704 3406 742 non
3438 689 3624 759 patitur
3647 691 3702 745 ad

2131 775 2363 830 coelum.
2397 776 2458 830 1n
2491 776 2604 831 alio
2639 780 2834 831 autem
2867 792 2934 830 ex
2965 775 3353 846 desperatione
3382 781 3506 831 nata
3541 782 3702 832 contu-

2131 865 2320 920 macia
2351 865 2593 938 negligit
2624 865 2956 920 Dominum.
2992 865 3104 920 Non
3132 880 3188 920 se
3214 865 3578 920 absconderant
3599 882 3704 938 ergo

2127 969 2161 1007 a
2187 955 2330 1023 facie
2358 970 2497 1024 mea,
2529 969 2703 1024 neque
2721 952 3055 1010 absconditae
3074 951 3182 1024 [ΑΙ.
3203 952 3590 1024 absconderant]
3608 959 3706 1010 sunt

2128 1042 2445 1112 iniquitates
2463 1059 2651 1098 eorum
2670 1045 2856 1097 contra
2877 1043 3057 1097 oculos
3070 1057 3236 1097 meos.
3250 1041 3280 1095 J
3289 1041 3394 1096 usti
3417 1058 3577 1114 super
3592 1058 3706 1113 quas

2126 1129 2452 1201 injustitias
2501 1148 2613 1185 non
2665 1147 2726 1186 se
2776 1131 3206 1186 absconderunt
3242 1147 3274 1185 a
3304 1129 3435 1185 facie
3464 1129 3592 1185 Dei?
3617 1129 3710 1185 Ali-

2126 1220 2360 1290 quando
2395 1220 2629 1276 fuerunt
2660 1220 2720 1274 in
2750 1219 3020 1292 peccatis,
3054 1220 3283 1290 quando
3313 1222 3468 1274 erant
3493 1219 3545 1273 in
3573 1217 3707 1284 mari,

2125 1324 2192 1363 ex
2215 1324 2330 1379 quo
2352 1326 2385 1364 a
2407 1309 2795 1380 piscatoribus
2817 1307 3054 1363 extracti
3079 1312 3237 1362 sunt.
3260 1307 3339 1362 Ne
3357 1307 3538 1379 itaque
3561 1307 3710 1379 suspi-

2123 1402 2348 1464 centur,
2379 1397 2515 1468 quia
2544 1414 2657 1452 non
2689 1415 2755 1452 ex
2786 1397 3187 1452 misericordia
3232 1396 3352 1464 Dei,
3396 1396 3488 1451 sed
3517 1412 3576 1452 ex
3603 1411 3709 1467 pro-

2121 1485 2247 1556 prio
2274 1485 2474 1541 merito
2489 1487 2557 1557 (ε)
2576 1487 2646 1542 de
2669 1486 2958 1558 profundo
2983 1485 3053 1540 ad
3075 1489 3298 1540 montes
3313 1482 3711 1552 venerint,com-

2123 1590 2366 1630 monens
2399 1575 2502 1645 [AL
2536 1577 2890 1644 commonet]
2941 1574 3072 1630 illos
3103 1589 3290 1629 sermo
3322 1573 3555 1639 divinus,
3591 1577 3642 1628 et
3666 1571 3711 1626 in

2119 1661 2237 1717 illis
2269 1679 2373 1717 nos
2401 1662 2478 1733 (ἀ)
2509 1661 2703 1717 delicti
2735 1661 2967 1733 prioris,
3001 1667 3058 1718 et
3087 1662 3298 1717 idcirco
3329 1665 3453 1733 post
3478 1676 3710 1732 prospera

2123 1755 2299 1821 atque
2321 1750 2530 1817 felicia,
2553 1750 2742 1806 tristia
2763 1751 3016 1806 inferens
3044 1750 3148 1822 [AL
3179 1749 3371 1821 infert]
3393 1750 3549 1804 dicit:
3569 1751 3713 1819 Neque

2121 1839 2454 1896 abscondita:
2480 1843 2607 1895 sunt
2640 1841 2961 1910 iniquitates
2984 1855 3177 1895 eorum
3195 1848 3381 1895 contra
3395 1839 3556 1894 oculos
3577 1853 3707 1893 meos.

2122 1929 2254 1994 Quae
2287 1935 2619 2000 sequuntur
2647 1928 3054 1984 difficultatem
3085 1927 3252 1984 nobis
3273 1925 3708 1999 interpretationis

2121 2016 2405 2086 objiciunt
2427 2033 2439 2070 :
2466 2016 2584 2071 sive
2604 2017 2759 2071 enim
2783 2015 3180 2088 intelligamus
3201 2032 3268 2071 ea
3286 2014 3549 2070 cohaerere
3570 2027 3705 2085 supe-

2122 2105 2392 2173 rioribus,
2409 2103 2793 2160 nihilominus
2815 2104 2886 2160 de
2904 2104 3295 2160 retribuendis
3311 2103 3589 2176 suppliciis
3610 2119 3704 2174 per-

2120 2192 2486 2248 timescimus
2513 2210 2525 2247 :
2559 2193 2679 2247 sive
2699 2192 2930 2247 videtur
2961 2210 3074 2248 non
3108 2192 3323 2247 haerere
3343 2209 3467 2246 cum
3491 2190 3705 2263 superio-

2119 2281 2304 2351 ribus,
2338 2298 2467 2352 quaa
2497 2282 2568 2336 de
2597 2281 2988 2353 piscatoribus
3010 2286 3066 2337 et
3084 2280 3452 2337 venatoribus
3479 2279 3704 2345 diximus,

2118 2374 2174 2425 et
2202 2371 2286 2425 sic
2317 2387 2428 2425 non
2465 2370 2760 2425 modicum
2792 2370 2959 2424 nobis
2991 2370 3336 2442 scrUpulum
3367 2372 3638 2441 generant.
3664 2367 3711 2421 Et

2117 2461 2425 2514 retribuam
2462 2460 2578 2512 illis
2598 2461 2845 2530 pri-mum
2873 2458 3120 2530 duplices
3151 2459 3448 2530 injustitias
3475 2473 3652 2522 eorum,
3677 2457 3716 2509 et

2111 2551 2336 2618 peccata
2369 2549 2613 2618 ipsorum
2657 2550 2716 2602 in
2760 2549 2958 2619 quibus
3006 2549 3508 2602 contaminaverunt
3551 2547 3716 2597 terram

2115 2653 2313 2700 meam,
2335 2637 2394 2690 in
2419 2637 2726 2690 morticinis
2742 2638 3221 2692 abominationum
3235 2652 3475 2700 suarum,
3491 2637 3537 2689 et
3555 2630 3718 2701 iniqui.

2115 2725 2318 2780 tatibus
2349 2726 2481 2791 suis,
2527 2726 2720 2796 quibus
2764 2725 3134 2796 impleverunt
3181 2725 3529 2781 (nereditatem
3573 2735 3713 2774 meam

2117 2815 2336 2884 (Jerem.
2397 2830 2511 2881 XVI,
2575 2814 2684 2881 18).
2745 2814 2908 2877 Quod
2966 2814 3066 2880 ait,
3139 2816 3400 2886 primum,
3459 2813 3566 2868 sive
3624 2823 3709 2863 non

2115 2901 2529 2974 intelligentcs,
2583 2902 2822 2974 quidam
2863 2903 3016 2974 quod
3049 2904 3336 2975 scriptum
3363 2899 3472 2970 'est,
3500 2896 3710 2955 abstule-

2118 2995 2300 3046 runt:
2358 2991 2477 3047 sive
2524 2991 2904 3062 Septuaginta
2955 2993 3325 3064 interpretes,
3377 2992 3519 3047 sicut
3556 2992 3604 3044 et
3628 3002 3713 3040 cae-

359 3095 471 3148 xw,
506 3078 612 3149 17).
639 3079 828 3150 Super
846 3093 1051 3133 omnes
1070 3077 1193 3133 vias
1217 3077 1546 3133 istiusmodi
1573 3078 1879 3134 hominum
1903 3079 2002 3151 qui
2036 3065 2078 3130 C
2118 3083 2258 3150 tera,
2319 3080 2643 3136 secundum
2703 3080 3206 3151 dispensationem
3265 3097 3427 3137 suam
3477 3079 3604 3134 861
3637 3091 3713 3129 au-

359 3166 417 3221 in
445 3166 744 3221 montibus
769 3171 1206 3232 conversantur,
1239 3167 1297 3221 in
1324 3166 1573 3223 collibus
1596 3167 1920 3234 ambulant,
1946 3168 2005 3223 in

360 3255 622 3310 cavernis
643 3255 910 3310 habitant
934 3258 1252 3326 petrarum,
1277 3255 1452 3310 habet
1473 3256 1671 3311 oculos
1695 3257 1866 3312 Deus.
1890 3258 2009 3312 Non

358 3359 419 3398 se
444 3343 838 3399 absconderunt
865 3361 899 3398 a
927 3344 1068 3413 facie
1091 3360 1230 3398 mea.
1261 3343 1368 3405 Qui
1400 3344 1587 3398 sancti
1620 3348 1776 3409 sunt,
1802 3362 1914 3400 non
1945 3361 2007 3400 se

359 3432 727 3487 abscondunt
756 3449 790 3486 a
825 3431 968 3486 facie
998 3431 1134 3497 Dei;
1169 3433 1268 3503 qui
1292 3437 1484 3487 autem
1509 3433 1733 3503 injusti,
1767 3434 2008 3488 abscon-

357 3521 579 3576 duntur
598 3537 633 3575 a
653 3521 799 3576 facie
821 3521 968 3590 ejus.
992 3520 1178 3574 Adam
1202 3525 1334 3591 post
1352 3522 1876 3592 transgressionem
1900 3538 2010 3577 coa-

355 3608 522 3665 lestis
554 3609 814 3664 mandati
847 3608 1062 3664 audivit
1097 3625 1276 3663 vocem
1303 3609 1523 3663 Domini
1549 3611 1645 3664 Dei
1673 3611 2009 3666 ambulantis

357 3699 419 3752 in
450 3696 604 3752 860
629 3697 890 3768 paradiso
915 3699 1032 3768 post
1059 3697 1363 3767 meridiem,
1393 3702 1448 3752 et
1475 3698 1753 3754 abscondit
1776 3715 1833 3754 se
1852 3698 2005 3771 (Gen.

358 3803 442 3854 III,
473 3787 548 3857 8).
600 3786 854 3842 Sanctus
887 3787 993 3841 hoc
1026 3803 1139 3841 non
1174 3787 1332 3855 facit,
1385 3788 1485 3842 sed
1529 3787 1883 3844 conscientia
1914 3805 2009 3844 ac-

358 3877 527 3929 tuum
560 3892 800 3930 suorum
837 3875 1014 3930 habet
1044 3876 1316 3931 ﬁduciam
1341 3877 1412 3931 ad
1448 3876 1559 3946 [AL
1585 3878 1764 3948 apud]
1790 3878 2006 3933 Deum:

359 3963 420 4018 Si
444 3965 594 4018 enim
621 3965 952 4019 conscientia
993 3981 1091 4020 nos
1120 3982 1230 4020 non
1274 3965 1701 4035 reprehenderit,
1745 3968 2007 4036 ﬁduciam

358 4051 626 4106 habemus
654 4052 725 4106 ad
752 4053 946 4119 Deum,
997 4061 1048 4108 et
1089 4054 1463 4126 quodcumque
1487 4057 1829 4127 petierimus,
1861 4057 2008 4111 acci-

353 4139 570 4210 piemus
591 4140 659 4193 ab
682 4155 742 4195 eo
773 4140 818 4211 (Ι
838 4142 1002 4196 Joan.
1029 4159 1109 4211 ιιι,
1139 4144 1250 4213 21).
1275 4143 1488 4198 Verum
1510 4144 1714 4210 Adam,
1740 4144 2008 4215 quamvis

358 4227 698 4300 peccaverit,
746 4233 940 4284 tamen
992 4245 1106 4284 non
1162 4247 1349 4302 usque
1397 4233 1503 4302 [AL
1564 4233 2008 4304 usquequaque]

359 4317 430 4372 ad
464 4317 777 4387 perfectam
811 4317 1093 4374 malitiam
1126 4335 1294 4375 mens
1324 4321 1452 4390 ejus
1484 4319 1703 4376 corruit
1731 4321 1840 4390 [AL
1875 4337 2005 4376 cor-

2118 3168 2264 3223 ferre
2295 3169 2365 3239 (e)
2397 3167 2724 3234 voluerunt,
2764 3173 2913 3224 Deus
2943 3169 3174 3224 viderit.
3217 3171 3330 3226 Nos
3360 3171 3526 3225 istum
3555 3165 3710 3220 locum

2118 3272 2250 3312 cum
2306 3256 2526 3312 caateris
2581 3257 2936 3312 editionibus
3004 3259 3371 3314 conferentes
3438 3253 3714 3311 invenimus

2119 3345 2374 3414 positum
2413 3362 2426 3399 :
2477 3346 2541 3400 Et
2585 3346 2887 3401 ietribuam
2935 3347 3049 3402 illis
3099 3351 3344 3418 primum
3389 3346 3606 3417 duplices
3642 3343 3712 3394 in-

2108 3433 2358 3504 justitias
2377 3448 2570 3487 eorum
2594 3449 2606 3486 :
2643 3438 2707 3488 ut
2731 3435 3073 3490 ostendatur
3103 3438 3249 3507 quia
3272 3437 3378 3492 etsi
3399 3453 3461 3491 ex
3483 3427 3714 3505 posterio-

2121 3521 2284 3576 ribus
2314 3521 2483 3576 factis
2514 3521 2675 3594 digni
2699 3522 2887 3577 effecti
2919 3529 3057 3578 sunt
3077 3523 3442 3580 beatitudine
3461 3521 3567 3584 Dei,
3595 3521 3720 3573 atta-

2120 3627 2252 3664 men
2277 3605 2414 3680 quia
2443 3609 2758 3681 aliquando
2791 3617 3202 3684 peccaverunt,
3235 3619 3291 3668 et
3317 3609 3561 3669 humanis
3587 3603 3723 3661 vitiis

2120 3716 2234 3754 non
2259 3699 2552 3766 carebant,
2589 3701 2844 3772 primum
2877 3705 3105 3772 oportet
3131 3718 3240 3758 eos
3265 3704 3495 3774 recipere
3518 3712 3610 3752 sua
3631 3693 3713 3747 de-

2120 3787 2273 3843 licta.
2306 3788 2374 3842 Et
2403 3789 2532 3844 vide
2563 3789 2610 3844 si
2645 3807 2760 3844 non
2784 3806 2918 3844 vera
2938 3790 3015 3845 sit
3037 3791 3211 3861 ratio,
3245 3793 3376 3864 quis
3399 3791 3603 3863 peccata
3618 3797 3718 3838 non

2121 3876 2374 3948 recipit?
2405 3893 2613 3948 nempe
2641 3877 2736 3933 ille
2769 3877 2866 3950 qui
2897 3883 3028 3950 post
3047 3881 3448 3936 credulitatem
3469 3883 3518 3932 et
3536 3869 3719 3945 baptis-

2121 3981 2282 4020 mum
2305 3965 2554 4021 audierit
2579 3967 2890 4022 Dominum
2913 3968 3207 4025 dicentem
3231 3987 3242 4024 :
3279 3970 3502 4024 Dimisso
3517 3971 3628 4020 sunt
3641 3957 3721 4013 tibi

2113 4063 2330 4124 peccata
2360 4053 2568 4124 (Matth.
2603 4073 2678 4126 ix,
2710 4058 2781 4123 2;
2814 4057 2971 4111 Joan.
3005 4073 3130 4123 vni,
3167 4059 3278 4129 11),
3320 4073 3422 4112 nec
3452 4053 3589 4110 ultra
3615 4063 3720 4121 pec-

2109 4143 2337 4206 caveris
2371 4144 2470 4209 [AL
2507 4145 2869 4215 peccaverit].
2911 4145 2966 4200 Si
2999 4151 3195 4202 autem
3228 4151 3362 4219 post
3388 4144 3654 4200 lavacrum
3678 4137 3722 4190 et

2117 4230 2345 4285 veniam
2369 4231 2712 4287 delictorum
2739 4250 2943 4289 rursus
2967 4235 3037 4289 ad
3063 4235 3345 4306 pristinas
3368 4233 3557 4290 sordes
3580 4223 3722 4282 fueri-

2118 4334 2250 4373 mus
2282 4319 2515 4387 reversi,
2550 4325 2606 4375 et
2637 4321 2827 4376 adhuc
2859 4323 3198 4395 imperfecto
3231 4341 3406 4379 sensu
3439 4322 3508 4376 ab
3529 4318 3722 4390 aposto-

358 4406 687 4495 ruerat],et
716 4406 844 4461 ideo
877 4407 1198 4463 absconsus
1245 4407 1357 4480 [AL
1395 4409 1795 4479 absconditus]
1847 4413 1936 4464 est
1974 4425 2008 4464 a
2038 4431 2084 4495 D
2114 4406 2304 4495 lorum
2335 4408 2595 4480 vestigiis
2627 4411 2981 4482 recedentes,
3027 4417 3129 4467 aut
3159 4413 3384 4484 injusta
3411 4406 3724 4495 gesserimus

357 4494 501 4550 facie
521 4494 642 4550 Dei.
663 4496 737 4567 (b)
762 4495 904 4550 Cum
929 4501 1123 4552 autem
1142 4497 1397 4568 peccavit
1415 4495 1804 4567 impiissimus
1825 4496 2010 4553 fratri-

361 4584 508 4654 cida,
545 4583 988 4640 animadvertite
1018 4585 1155 4655 quid
1188 4585 1424 4646 fecerit:
1467 4586 1722 4656 Egressus
1749 4590 1829 4641 est
1857 4602 1890 4640 a
1919 4588 2004 4657 fa-

428 4797 506 4869 (a)
529 4796 894 4873 Cohaerente_r
914 4799 985 4852 ad
1003 4798 1265 4873 Grazcum
1284 4803 1504 4856 textum
1531 4825 1544 4866 ;
1569 4803 1631 4854 ut
1646 4800 1722 4873 _ab_
1744 4800 1870 4873 ipso
1889 4800 2010 4857 lau-

358 4868 531 4944 datur
555 4869 820 4944 Origene,
846 4868 1255 4944 iracundiaet-ip
1289 4873 1470 4944 ψυχήν
1505 4891 1599 4923 σου
1634 4871 1737 4924 ἀπὸ
1767 4868 1883 4939 ἷτοῦ,
1918 4891 2004 4928 re-

360 4940 663 5010 posuimus
688 4957 759 5014 ex_
777 4941 996 5014 ltabani
1021 4940 1559 5014 lectionepanimam
1591 4952 1742 4998 tuam
1771 4947 2007 5014 repetent

359 5019 484 5086 ate:
511 5011 1011 5086 quemadmodum
1031 5014 1275 5068 recurrit
1297 5013 1388 5068 hic
1414 5012 1575 5068 locus
1590 5019 1646 5068 et
1663 5011 1839 5086 paulo
1853 5020 2002 5086 post.

363 5083 425 5136 In
457 5085 627 5136 antea
659 5081 908 5152 vulgatis
939 5089 1082 5146 erat,
1119 5087 1306 5139 anima
1348 5089 1440 5140 tua
1477 5081 1697 5156 repente
1724 5081 2010 5156 auferetur

359 5172 395 5208 a
424 5161 492 5208 te.

432 5225 522 5306 (1)).
539 5222 890 5306 Cpncinpior
908 5224 1332 5306 .ltabanilectio
1355 5227 1637 5306 videatur,
1672 5227 1807 5306 Cum
1827 5236 2008 5284 autem

363 5296 722 5370 impiissimus
740 5296 1039 5370 fratricida
1060 5299 1591 5368 animadvertitquid
1604 5300 1814 5370 fecerit,
1831 5315 2008 5367 egres-

359 5366 452 5421 sus
493 5366 830 5440 est,ietc.ln
866 5383 1007 5421 mss.
1053 5385 1185 5422 vero
1220 5371 1352 5438 Reg.
1406 5366 1559 5440 apud
1594 5366 1889 5440 Huetium’,
1936 5373 2007 5425 Tu

359 5446 565 5564 agtem,
589 5438 948 5567 iigpiissimus
963 5440 1268 5512 parricida,
1291 5438 1686 5513 animadverte,
1715 5443 1848 5513 quid
1868 5438 2008 5514 fece-

361 5523 390 5567 r
442 5551 457 5567 .
490 5523 626 5567 men
672 5524 791 5567 ose.

361 5523 457 5582 ra,
490 5523 791 5567 mendose.

2117 4493 2333 4567 aliqua,
2349 4501 2449 4552 aut
2467 4503 2617 4552 certe
2635 4498 2692 4552 in
2713 4499 3090 4571 ipsajustitia
3109 4500 3227 4556 sint
3249 4500 3450 4574 aliqua
3467 4497 3628 4553 mixta
3641 4489 3724 4562 [Μ’

2117 4587 2273 4656 nata]
2289 4591 2536 4658 peccata,
2552 4587 2690 4658 quid
2709 4589 2875 4644 nobis
2890 4590 2922 4643 fi
2933 4596 2992 4646 at
3013 4591 3474 4661 consideremus,
3491 4589 3727 4644 utrumne

2188 4805 2253 4876 (ι’)
2282 4804 2484 4873 Voces,
2510 4802 2583 4876 de
2611 4803 2911 4874 profundo,
2951 4821 3019 4860 ex
3053 4805 3275 4861 Rabani
3307 4810 3492 4861 vetere
3520 4798 3729 4857 lectione

2116 4881 2173 4931 et
2199 4874 2346 4931 mss.
2382 4874 2577 4946 Regiis
2609 4877 2762 4946 apud
2792 4876 3086 4943 Huetium,
3125 4895 3236 4933 non
3273 4879 3548 4933 renuente
3566 4876 3726 4927 Greco

2117 4953 2276 5002 textu
2307 4947 2666 5001 sutfecimus.

2188 5019 2264 5096 ((1)
2289 5018 2494 5096 Denuo
2507 5035 2574 5072 ex
2588 5017 3076 5096 Rabanihlectione
3098 5019 3439 5096 suffecimus
3455 5017 3544 5071 hic
3565 5010 3725 5096 verba,

2116 5089 2304 5162 delicti
2315 5091 2540 5162 prioris,
2555 5090 2705 5161 quod
2729 5089 3071 5161 ctOrigenes
3089 5091 3346 5162 scripsit,
3362 5093 3466 5142 τῶν
3485 5089 3725 5162 προτέρων

2119 5160 2329 5232 ἁμαρ-ιη
2345 5160 2524 5231 μάτων
2535 5201 2546 5212 ,

2188 5221 2259 5302 (έ)
2283 5221 2384 5287 Hic
2403 5248 2462 5286 se
2483 5232 2900 5305 Interpretibus
2919 5233 3056 5287 LXX
3075 5249 3282 5305 parum
3302 5221 3729 5305 azquurnlatitabitt

2118 5299 2503 5378 Hieronymus
2529 5320 2542 5369 ;
2575 5299 2850 5378 quodque
2872 5299 3123 5374 mireris,
3152 5321 3283 5360 cum
3309 5299 3408 5378 eos
3434 5301 3502 5356 ad
3527 5299 3725 5378 [ibim]

2117 5371 2420 5450 omniaiet
2469 5371 2685 5429 temere
2727 5371 3067 5450 detruncare
3097 5371 3727 5450 conqueriturtofigeflf

2117 5445 2242 5520 ipse
2275 5445 2462 5501 aliena
2491 5450 2548 5500 et
2576 5446 2776 5520 spuria
2807 5446 3053 5520 afﬁnxit,
3086 5443 3253 5504 voces
3287 5447 3419 5503 illas
3450 5443 3727 5499 nimirum:

2117 5518 2258 5578 sicut
2283 5520 2336 5577 et
2359 5521 2589 5578 cetera.
2609 5517 2906 5577 ’Hus'rws.
