3960 6172
654 281 1150 348 TRANSLATIO
1193 281 1687 347 ΗΟΜΙΙᾸᾹΒΠΜ
1735 278 1850 345 O'Ri

1954 281 2097 344 BNIS
2145 283 2224 344 IN
2265 284 2689 348 JEREMIAM.
2739 285 2931 348 HOM.
2978 287 3113 349 XII.

3473 287 3590 349 682

173 412 548 493 egredientes
569 415 643 472 de
663 416 938 489 praesenti
965 415 1204 482 saaculo,
1229 417 1275 470 si
1303 417 1686 470 habuerimus
1707 415 1844 470 vitia
1877 419 1921 482 Α
1959 418 2026 471 ad
2065 417 2459 486 paenitentiam
2503 421 2942 485 convertuntur,
2976 417 3280 490 Scriptura
3338 419 3596 475 dicente:

167 507 254 564 vel
284 507 560 573 virtutes,
595 505 944 576 recipiemus
977 521 1080 576 pro
1133 505 1452 561 virtutibus
1485 505 1744 576 praemia,
1779 512 1835 560 et

170 596 556 652 dimittantur
585 594 754 649 nobis
789 610 856 649 ea
889 609 1017 666 quae
1047 595 1297 650 scientes
1327 593 1697 666 peccavimus
1728 610 1741 655 ;
1767 609 1842 648 an

175 685 509 758 plectemur
543 699 647 755 pro
691 682 940 753 delictis,
987 698 1178 754 neque
1223 682 1575 754 recipiemus
1605 682 1844 754 praamia

167 791 271 847 pro
294 773 636 828 virtutibus.
664 772 778 828 Sed
798 777 1074 828 neutrum
1094 772 1306 827 horum
1332 787 1537 828 verum
1561 774 1668 838 est,
1704 771 1843 842 quia

174 868 230 919 et
246 874 353 935 pro
378 861 634 934 peccatis
662 859 1092 932 torquebimur,
1127 867 1186 916 et
1208 877 1311 932 pro
1341 859 1576 931 justitia
1600 860 1839 930 recipie-

173 957 308 1006 mu‘s
323 949 570 1022 pra-mia
595 965 723 1021 quas
748 963 1064 1004 meremur.
1091 949 1152 1004 Si
1174 950 1332 1004 enim
1357 949 1842 1020 postfundamen-

173 1045 303 1096 tum
324 1039 465 1094 Iesu
492 1038 727 1106 Christi,
753 1055 868 1094 non
907 1037 1098 1094 solum
1149 1039 1206 1092 in
1261 1041 1360 1094 tuo
1401 1039 1573 1093 corde
1601 1054 1834 1103 aurum,

173 1135 230 1186 et
250 1132 594 1200 argentum,
641 1131 700 1182 et
722 1126 978 1199 lapidem
995 1125 1318 1199 pretiosum
1338 1124 1412 1198 (si
1433 1131 1630 1182 tamen
1653 1125 1837 1182 habes

172 1216 398 1288 aliquid
427 1215 558 1271 auri
586 1215 674 1271 vel
705 1215 951 1288 argenti)
993 1214 1601 1287 supermdiﬁcaveris;
1633 1231 1833 1270 verum

173 1311 230 1362 et
250 1305 435 1378 ligna,
458 1305 679 1372 fenum,
711 1308 769 1360 et
789 1303 1097 1376 stipulam,
1124 1303 1265 1376 quid
1295 1303 1403 1360 tibi
1448 1304 1532 1360 vis
1553 1305 1676 1360 ﬁeri
1699 1320 1832 1359 cum

171 1394 371 1450 anima
382 1393 656 1465 seiuncta
673 1393 778 1465 [Αι.
799 1394 1062 1464 seducta]
1082 1392 1259 1448 fuerit
1279 1409 1313 1447 a
1330 1392 1610 1466 corpore?
1630 1397 1832 1449 utrum

171 1499 308 1540 nam
328 1482 564 1556 ingredi
585 1483 644 1538 in
667 1486 870 1538 sancta
893 1499 1025 1537 cum
1051 1482 1229 1552 lignis
1249 1482 1393 1547 tuis,
1434 1497 1566 1537 cum
1615 1482 1747 1536 feno
1777 1486 1836 1537 et

169 1571 413 1645 stipula,
436 1575 506 1627 ut
524 1570 632 1645 [Αι.
657 1571 734 1642 et]
771 1570 1000 1643 polluas
1052 1585 1298 1642 regnum
1324 1569 1424 1625 Dei
1451 1586 1464 1624 :
1492 1586 1565 1624 an
1597 1577 1834 1642 propter

167 1662 438 1735 lignum,
472 1661 696 1729 fenum,
730 1666 789 1716 et
818 1658 1096 1732 stipulam
1142 1659 1282 1715 foris
1314 1659 1567 1714 residere
1586 1658 1614 1713 ‘l
1642 1662 1700 1714 et
1728 1675 1830 1730 pro

168 1766 334 1816 auro,
363 1754 636 1823 argento,
656 1754 712 1805 et
730 1748 922 1848 lapide
949 1748 1206 1821 pretioso
1234 1747 1379 1802 nihil
1420 1747 1706 1803 mercedis
1735 1765 1829 1804 ac-
1862 1783 1910 1848 B

166 1840 362 1912 cipere
383 1839 414 1893 ?
433 1839 543 1894 Sed
575 1854 763 1910 neque
788 1837 898 1892 hoc
931 1853 1165 1908 equum
1215 1841 1324 1892 est.
1349 1837 1497 1901 Quid
1532 1837 1712 1908 igitur
1737 1853 1832 1892 se-

167 1929 397 2000 quitur.
422 1926 538 1982 nisi
586 1932 653 1982 ut
670 1926 925 1998 primum
941 1924 1625 1998 propterlignaignistibi
1641 1925 1830 1993 detur,

165 2017 270 2089 qui
303 2019 627 2073 consumat
654 2013 905 2087 lignum,
940 2014 1162 2085 fenum,
1195 2012 1284 2069 vel
1317 2011 1643 2085 stipulam?
1680 2017 1832 2068 Deus

164 2105 388 2178 quippe
419 2109 624 2161 noster
651 2104 805 2176 apud
847 2118 948 2159 eos
976 2102 1078 2174 qui
1108 2107 1361 2174 possunt
1390 2100 1712 2173 intelligere
1741 2101 1830 2156 di-

163 2195 328 2261 vina,
364 2193 520 2266 ignis
552 2193 767 2248 dicitur
794 2208 926 2248 esse
969 2207 1346 2248 consumens.
1393 2191 1462 2246 Et
1512 2207 1646 2246 cum
1677 2189 1831 2245 dicat

164 2283 500 2356 propheta:
533 2283 673 2338 Deus
704 2288 884 2337 noster
913 2281 1416 2373 ignissconsumens
1444 2290 1524 2336 est
1545 2279 1721 2352 (Deut.
1749 2295 1825 2348 ιν,

168 2371 476 2439 24;ιιεὺν.
521 2387 620 2440 xu,
661 2370 775 2444 29),
808 2387 926 2426 non
976 2368 1250 2442 apposuit
1305 2369 1447 2442 quid
1497 2371 1826 2438 consumat,

167 2459 282 2517 tibi
296 2459 710 2530 derelinquens
746 2459 816 2513 de
836 2457 1317 2514 manifestoribus
1338 2457 1692 2513 intellectum
1717 2457 1828 2512 Ne-

171 2565 288 2622 que
299 2548 458 2604 enim
477 2548 629 2604 862
642 2546 699 2602 id
719 2546 871 2619 quod
889 2547 959 2601 ad
977 2546 1293 2617 imaginem
1306 2545 1826 2601 etsimilitudinem

175 2655 348 2696 suam
382 2640 706 2710 permanet,
736 2635 890 2708 ignis
918 2634 1030 2691 iste
1059 2634 1374 2703 consumit,
1416 2650 1530 2688 non
1563 2633 1830 2705 proprias

174 2732 510 2784 creaturas:
537 2725 640 2780 sed
678 2723 1144 2796 supermdiﬁcata
1191 2723 1371 2795 ligna,
1395 2723 1617 2791 fenum,
1642 2721 1829 2793 stipu-

1953 507 2028 588 iv’e
2041 507 2371 576 improperes
2396 508 2510 560 viro
2530 508 2869 563 conoertenti
2899 524 2931 561 a
2959 508 3202 578 peccatis
3228 508 3450 578 (Eccles.
3476 526 3600 580 vm,

1949 595 2027 664 6).
2063 593 2433 664 Opprobriam
2463 611 2573 650 non
2595 598 2802 667 accepit
2830 596 3088 651 adversus
3116 598 3396 667 proximos
3443 613 3604 653 suos:

1953 684 2022 737 ad
2051 683 2293 738 nihilum
2320 684 2580 739 deductus
2609 691 2688 739 est
2734 687 2794 739 in
2842 694 3126 756 conspectu
3153 686 3272 739 eius
3300 687 3604 754 malignus,

1951 772 2200 827 timentes
2229 775 2411 828 autem
2443 774 2738 828 Dominum
2790 775 3107 843 magni/icat
3163 774 3276 843 (Ps.
3309 791 3424 841 xvx,
3458 774 3600 845 3-4).

1931 863 2162 916 Omnes
2181 861 2364 933 igitur
2382 861 2740 932 quicumque
2763 861 3064 916 materiam
3085 861 3244 917 illius
3261 862 3413 934 ignis
3431 863 3603 918 habe-

1947 966 2082 1006 mus
2103 950 2159 1004 in
2178 950 2366 1019 nobis,
2381 950 2639 1022 primum
2655 951 3002 1022 recipiemus
3021 955 3220 1005 nostra
3237 951 3465 1007 delicta.
3483 951 3594 1007 Sed

1947 1040 2098 1094 dicet
2122 1039 2266 1094 mihi
2288 1038 2502 1110 aliquis
2525 1041 2595 1094 de
2621 1039 3014 1106 audientibus,
3039 1055 3260 1111 expone
3281 1045 3337 1096 et
3353 1041 3411 1095 id
3434 1041 3589 1113 quod

1945 1128 2248 1200 sequitur:
2281 1129 2529 1200 Duplices
2578 1130 2884 1196 iniustitias
2926 1145 3135 1184 eorum.
3186 1131 3319 1185 Esto
3349 1129 3586 1201 quippe,
3673 1177 3676 1180 .
3757 1155 3759 1158 έ

1945 1216 2156 1290 recipio
2179 1232 2310 1272 mea
2331 1218 2437 1288 [AL
2463 1217 2717 1290 recipere
2741 1217 2854 1290 me]
2896 1223 3152 1290 peccata,
3202 1222 3266 1272 ut
3295 1217 3585 1290 complea-

1941 1310 2038 1361 tur
2066 1305 2123 1361 id
2156 1307 2310 1378 quod
2340 1307 2411 1361 ab
2441 1305 2716 1378 Apostolo
2747 1307 2966 1362 dictum
2998 1311 3123 1362 est:
3174 1307 3236 1362 Si
3262 1307 3420 1377 cujus
3447 1323 3584 1378 opus

1941 1395 2156 1464 arserit,
2179 1395 2566 1450 detrimentum
2584 1396 2826 1465 patietur
2849 1413 2860 1450 :
2887 1397 2999 1466 ipse
3018 1400 3201 1450 autem
3224 1397 3377 1451 863
3397 1397 3586 1452 salvus

1937 1485 2064 1548 erit,
2091 1484 2172 1538 sic
2199 1486 2381 1538 tamen
2410 1487 2572 1555 quasi
2593 1500 2697 1554 per
2725 1485 2910 1553 ignem
2959 1485 3004 1554 (1
3037 1483 3157 1539 Cor.
3196 1501 3282 1554 ιιι,
3315 1485 3444 1553 15);
3480 1501 3584 1540 cur

1937 1587 2072 1627 vero
2103 1572 2358 1644 duplicia
2389 1573 2604 1645 recipio
2637 1573 2913 1644 peccata?
2969 1573 3070 1628 Cui
3106 1574 3580 1646 respondendum

1939 1663 2047 1726 est,
2079 1661 2218 1732 quia
2245 1677 2438 1717 servus
2484 1665 2582 1733 qui
2629 1664 2731 1717 scit
2761 1663 3095 1718 voluntatem
3146 1664 3367 1718 Domini
3392 1663 3500 1733 sui,
3532 1666 3586 1718 et

1938 1764 2049 1804 non
2063 1751 2197 1820 facit
2217 1767 2360 1816 eam,
2379 1751 2570 1823 plagis
2589 1751 2875 1821 vapulabit
2911 1753 3100 1806 multis
3143 1752 3293 1821 (Luc.
3316 1769 3418 1821 x11,
3453 1752 3579 1822 i7):

1943 1838 2185 1910 dignum
2220 1839 2515 1911 siquidem
2549 1845 2638 1894 est
2667 1856 2765 1895 eos
2795 1839 2892 1910 qui
2926 1840 2996 1894 de
3016 1839 3301 1894 Gentibus
3322 1841 3428 1910 (Al.
3451 1856 3588 1912 gen-

1939 1928 2051 1999 tes]
2072 1931 2229 1998 sunt,
2253 1927 2545 2000 simplicia
2560 1928 2815 2000 recipere
2838 1931 3091 1999 peccata,
3111 1931 3168 1982 et
3184 1943 3288 1983 nos
3309 1927 3585 1999 duplicia,

1939 2016 2167 2072 dicente
2199 2015 2476 2088 Apostolo
2502 2033 2514 2072 :
2554 2017 2882 2072 Voluntaria
2916 2018 3266 2088 peccantibus
3291 2017 3446 2072 nobis
3471 2025 3590 2088 post

1936 2107 2298 2176 cognitionem
2321 2107 2571 2162 veritatis
2579 2108 2701 2177 jam
2718 2106 2865 2161 ultra
2879 2121 2990 2161 non
3003 2113 3246 2162 remanet
3260 2120 3358 2177 pro
3370 2109 3586 2176 peccato

1937 2193 2134 2249 hostia.
2171 2194 2472 2249 llorribilis
2519 2198 2705 2249 autem
2750 2193 3005 2266 quaedam
3035 2196 3363 2265 exspectatio
3378 2193 3586 2266 judicii

1937 2285 2108 2353 igni,s
2130 2284 2277 2338 zelus
2295 2283 2572 2339 comedere
2599 2283 2802 2338 habens
2825 2283 3163 2339 adversarios
3194 2283 3378 2354 (Hebr.
3412 2301 3468 2353 x,
3491 2284 3586 2353 26,

1933 2371 2046 2444 27).
2082 2370 2496 2443 Prdphetatum
2528 2376 2617 2427 est
2647 2372 2718 2426 de
2750 2371 2843 2427 his
2875 2371 2972 2443 qui
3024 2389 3057 2427 a
3096 2371 3500 2442 peccatoribus
3529 2376 3588 2428 et

1934 2461 2309 2516 venatoribus
2331 2460 2400 2515 de
2423 2460 2711 2532 profundo
2729 2459 2786 2514 in
2807 2460 3106 2515 montibus
3127 2464 3264 2514 sunt
3281 2459 3582 2526 abstracti,

1936 2549 2226 2616 quomodo
2249 2548 2535 2619 recipiant
2581 2549 2835 2619 primum
2885 2547 3142 2618 duplicia
3185 2552 3421 2620 peccata
3451 2563 3581 2603 sua.

1942 2634 2196 2691 Posthac
2220 2636 2292 2691 de
2311 2635 2610 2690 vocatione
2632 2636 2892 2707 gentium
2912 2635 3321 2706 prophetatum
3340 2639 3446 2701 est,
3467 2652 3581 2690 non

1936 2740 2138 2780 eorum
2162 2724 2262 2795 qui
2287 2727 2536 2779 necdum
2561 2729 2956 2796 cognoverunt
2977 2723 3294 2789 Christum,
3341 2725 3441 2779 sed
3487 2724 3582 2794 qui

175 2816 312 2872 lam.
350 2821 534 2871 Locus
553 2811 974 2876 estditicilis,et
1004 2812 1074 2867 ad
1114 2811 1623 2884 interpretandum
1651 2810 1820 2866 nimii
1929 2814 2056 2884 jam
2081 2813 2264 2868 vocati
2287 2818 2444 2881 sunt,
2472 2817 2536 2867 ut
2557 2813 2746 2867 sciant
2767 2812 2970 2868 laudes
3001 2813 3212 2868 referre
3234 2829 3336 2884 pro
3357 2812 3581 2884 gratia:

178 2903 406 2962 sudoris
445 2917 646 2975 egens,
680 2906 745 2956 ut
773 2915 906 2956 cum
942 2899 1148 2972 primis
1170 2900 1426 2955 secunda
1441 2899 1825 2955 consentiant.

180 2991 685 3064 Repromissiones
713 2989 988 3061 legimus,
1021 2992 1077 3044 et
1107 2993 1240 3060 post
1286 3004 1566 3060 prospera
1595 2993 1830 3060 repente

181 3081 368 3136 tristia
394 3079 828 3152 pradicantur:
864 3082 928 3134 Et
955 3077 1281 3147 retribuam,
1317 3076 1525 3148 inquit,
1566 3078 1682 3132 illis
1709 3079 1828 3149 pri-

1937 2906 1995 2955 et
2017 2901 2074 2955 in
2104 2901 2357 2957 Ecclesia
2375 2902 2782 2966 consistentes,
2814 2903 3222 2968 confiteantur,
3263 2905 3320 2956 et
3343 2901 3587 2955 adorent

1938 3005 2150 3044 nomen
2183 2991 2342 3060 ejus:
2378 2991 2607 3045 Domine
2660 2990 2932 3064 fortitudo
2961 3006 3107 3057 mea,
3155 2993 3206 3044 et
3248 2990 3583 3060 adjutorium

1937 3080 2046 3150 [Αἰ.
2082 3079 2270 3150 robur]
2301 3082 2350 3135 et
2379 3081 2658 3149 refugium
2685 3094 2869 3134 meum
2900 3081 2960 3134 in
2989 3079 3078 3134 die
3105 3079 3405 3148 malorum,
3437 3077 3507 3131 ad
3530 3081 3584 3132 te

184 3149 588 3241 mumdupticet
608 3169 910 3237 iniustitias
929 3183 1120 3223 eorum
1140 3185 1153 3233 ;
1171 3165 1587 3237 necessario(a)
1602 3165 1830 3238 apposi-
1860 3149 1902 3216 C
1939 3149 2124 3237 gentes
2153 3149 2372 3223 venient
2399 3168 2468 3223 ab
2496 3177 2734 3223 extremo
2765 3170 2940 3234 lena,
2973 3173 3025 3223 et
3067 3168 3245 3222 dicent
3264 3185 3282 3221 :
3315 3168 3584 3235 Quoniam

187 3265 305 3314 tum
328 3263 435 3326 est,
457 3259 736 3329 primum:
760 3256 1020 3330 primum
1060 3254 1277 3327 quippe
1325 3259 1562 3326 propter
1589 3255 1829 3325 injusti-

189 3348 295 3404 tias
323 3350 615 3403 tormenta
642 3345 1026 3417 perpetimur,
1049 3343 1260 3399 deinde
1280 3347 1517 3414 propter
1529 3343 1826 3414 justitiam

197 3451 554 3492 coronamur.
588 3435 787 3506 Neque
818 3434 974 3490 enim
1006 3432 1330 3489 econtrario
1361 3436 1495 3488 ante
1521 3433 1833 3488 tribuenda

200 3524 526 3594 suntjusta,
562 3526 620 3578 et
663 3521 750 3578 sic
779 3521 1076 3577 reddenda
1123 3524 1378 3592 peccata,
1412 3525 1478 3576 ut
1506 3521 1833 3576 cessantibs

201 3612 359 3669 bonis
375 3612 518 3667 vitia
537 3615 753 3666 aeterna
766 3615 1170 3682 permaneant,
1195 3609 1297 3665 sed
1320 3611 1453 3665 ante
1483 3610 1598 3665 reci
1607 3610 1754 3682 piem
1764 3625 1834 3665 us

1933 3259 2080 3330 falsa
2103 3257 2460 3330 possederunt
2474 3261 2659 3328 patres
2687 3259 2863 3313 nostri
2906 3258 3226 3324 simulacra,
3285 3272 3383 3336 nec
3416 3259 3493 3310 est
3519 3261 3579 3310 in

1939 3347 2056 3402 illis
2114 3347 2335 3401 utilitas
2394 3347 2622 3415 (Jerem.
2682 3345 2792 3413 49).
2853 3345 3151 3411 Quomodo
3208 3345 3279 3400 ab
3322 3349 3577 3399 extremo

1938 3439 2104 3490 terra:
2134 3439 2416 3490 venerunt
2445 3435 2656 3490 Gentes
2685 3435 2756 3488 ad
2789 3433 3118 3500 Dominum,
3162 3436 3219 3487 et
3265 3432 3574 3487 dixerunt:

1943 3525 2212 3592 Quoniam
2229 3523 2370 3593 falsa
2389 3521 2748 3593 possederunt
2755 3529 2944 3592 patres
2957 3522 3136 3575 nostri
3146 3520 3466 3588 simulacra,
3485 3534 3587 3573 nec

1941 3613 2100 3668 estin
2130 3612 2246 3666 illis
2265 3611 2479 3666 utilitas
2497 3615 2523 3665 .9
2544 3610 2791 3674 Quinam
2818 3609 2914 3664 isti
2936 3607 3035 3680 qui
3057 3607 3296 3663 veniunt
3314 3608 3387 3662 ab
3409 3611 3591 3662 extre.

202 3700 368 3767 mala,
395 3705 454 3758 et
483 3700 695 3757 deinde
723 3699 901 3766 bona,
932 3703 1017 3764 ut,
1078 3698 1327 3754 sublatis
1381 3698 1561 3763 vitiis,
1595 3699 1838 3754 virtutes
1947 3700 2274 3756 mis?8unt
2293 3698 2391 3754 alii
2413 3699 2586 3771 primi
2610 3703 2796 3765 terris,
2820 3702 2961 3753 sunt
2983 3696 3081 3752 alii
3121 3696 3446 3752 novissimi.
3481 3695 3591 3759 Qui

202 3788 641 3861 permaneantin
656 3788 1475 3844 eternum.0bservaomnem
1493 3787 1838 3844 thesaurum
1948 3794 2088 3846 sunt
2109 3787 2330 3860 primi?
2349 3786 2639 3858 Sapientis
2663 3785 2880 3850 saeculi,
2907 3784 3154 3850 nobiles,
3188 3783 3416 3838 divites:
3442 3783 3592 3856 Opti-

201 3877 647 3949 Scripturarum,
669 3881 728 3933 et
747 3875 1019 3945 invenies
1031 3891 1264 3947 semper
1283 3875 1465 3930 Deum
1491 3891 1559 3930 ea
1580 3874 1839 3946 primum
1950 3882 2155 3933 mates.
2185 3874 2292 3940 Qui
2316 3879 2455 3931 sunt
2473 3876 2716 3930 extremi
2739 3876 2768 3929 ‘l
2789 3873 2970 3930 Stulti
3002 3871 3205 3928 mundi
3227 3871 3401 3944 elegit
3420 3873 3599 3940 Deus,

199 3966 650 4023 comminantem
671 3982 800 4038 quas
821 3964 1013 4020 tristia
1032 3968 1200 4033 sunt;
1225 3967 1282 4020 et
1303 3981 1372 4020 ea
1395 3963 1670 4036 deinceps
1693 3964 1843 4019 infe-

199 4061 416 4113 rentem
437 4073 566 4128 quae
591 4053 852 4111 laetitiam
882 4054 1148 4126 przsbant
1171 4053 1572 4109 audientibus.
1599 4052 1844 4120 Occidit,

197 4150 252 4202 et
270 4145 562 4202 vivificat:
596 4142 846 4217 percutit
883 4149 942 4200 et
969 4147 1177 4210 sanat;
1233 4142 1360 4215 ipse
1391 4141 1651 4198 dolorem
1684 4143 1846 4211 facit,

197 4239 252 4291 et
278 4250 519 4291 rursum
550 4231 829 4300 restituit,
864 4231 1176 4304 percussit,
1207 4235 1264 4286 et
1295 4247 1506 4288 manus
1525 4232 1654 4302 ejus
1676 4247 1850 4287 sana-

197 4329 402 4381 verunt
439 4323 623 4392 (Deut.
654 4337 832 4388 χχχιι,
866 4320 978 4392 39).
1013 4320 1204 4392 Super
1233 4319 1326 4376 his
1355 4335 1513 4392 ergo,
1537 4320 1853 4393 quijustus

201 4417 301 4481 est,
332 4411 638 4468 intellectu
671 4411 766 4483 pio
786 4409 1166 4466 considerans
1195 4425 1324 4482 quis
1357 4409 1656 4474 dicuntur,
1689 4409 1852 4482 inge-

204 4503 432 4570 miscat,
464 4505 525 4558 et
553 4501 709 4556 dicat
728 4518 750 4555 :
779 4500 1026 4570 Domine,
1060 4500 1183 4571 quis
1209 4498 1479 4554 habitabit
1505 4500 1567 4552 in
1600 4499 1854 4554 taberna-
1886 4520 1931 4585 Ι)

205 4592 316 4647 culo
334 4594 454 4660 tuo,
476 4592 576 4645 aut
595 4590 715 4662 quis
747 4590 1046 4659 requiescet
1074 4589 1140 4643 in
1162 4596 1342 4643 monte
1371 4591 1558 4643 sancto
1581 4596 1672 4644 tuo
1693 4591 1719 4642 .9
1747 4588 1853 4656 Qui

204 4679 536 4749 ingreditur,
559 4677 774 4750 inquit,
795 4678 915 4733 sine
937 4677 1179 4747 macula,
1203 4684 1255 4732 et
1274 4679 1534 4748 operatur
1549 4678 1851 4746 justitiam,

210 4771 294 4840 qui
311 4769 561 4840 loquitur
577 4768 859 4823 veritatem
880 4767 940 4821 in
961 4765 1118 4822 corde
1135 4782 1254 4832 suo,
1288 4767 1386 4838 qui
1404 4782 1514 4822 non
1540 4769 1649 4837 egit
1667 4767 1855 4822 dolum

213 4859 268 4911 in
295 4858 496 4929 lingua
523 4873 645 4922 sua,
679 4871 779 4910 nec
805 4857 938 4926 fecit
976 4857 1234 4927 proximo
1281 4871 1378 4910 suo
1422 4857 1656 4923 malum,
1685 4859 1738 4912 et
1763 4872 1854 4928 op-

219 4947 489 5015 probrium
511 4961 623 5000 non
642 4947 850 5016 accepit
870 4945 1127 5001 adversus
1142 4947 1425 5017 proximos
1444 4961 1568 5001 suos
1601 4946 1716 5016 (Ps.
1741 4961 1854 5016 xw,

233 5035 362 5106 l-3).
382 5034 502 5092 Nos
527 5034 707 5090 etiam
731 5051 846 5090 non
869 5033 962 5090 his
982 5034 1405 5106 opprobremus
1423 5033 1583 5106 quia
1606 5034 1859 5106 peccatis

287 5245 584 5319 (a)Notam
609 5261 678 5319 ex
699 5245 811 5302 hoc
847 5245 1134 5319 praecipue
1167 5246 1294 5302 loco
1325 5247 1562 5315 Origeni
1594 5247 1858 5318 inurunt,

237 5318 364 5392 quod
397 5317 798 5392 piacularibus
820 5317 1153 5392 modo,’non
1177 5319 1407 5374 internis
1429 5319 1722 5375 addixisse
1744 5317 1862 5392 pce-

238 5388 312 5443 nis
329 5388 632 5444 hominum
656 5389 875 5444 scelera
896 5388 1195 5445 videatur:
1221 5395 1448 5446 constet
1486 5407 1620 5446 vero
1653 5408 1722 5447 ex
1745 5388 1865 5448 ﬁde

240 5465 349 5530 post
379 5461 864 5534 resurrectionem
897 5466 954 5516 et
1000 5461 1292 5534 judicium
1338 5461 1559 5517 nullam
1591 5479 1864 5534 suppresso

238 5529 858 5603 emendationisgspem.
889 5529 1094 5589 Con—fer
1126 5534 1184 5588 in
1216 5533 1366 5589 hanc
1401 5549 1524 5589 rem
1556 5529 1865 5591 Bell'armi-

240 5616 383 5678 num,
413 5602 517 5665 lib.
557 5619 601 5661 ιι
652 5601 990 5678 Purgatorio
1040 5621 1168 5684 cap.
1227 5606 1283 5681 9,
1337 5608 1511 5687 atque
1565 5605 1864 5687 Huetium,

536 5727 807 5803 Pareat.
832 5728 1022 5804 XXV.

1953 3970 2020 4020 ut
2048 3965 2369 4020 confundat
2400 3963 2590 4031 fortia,
2626 3968 2684 4018 et
2737 3979 2805 4018 ea
2859 3979 2987 4034 qua;
3047 3978 3160 4017 non
3186 3966 3369 4029 erant,
3404 3966 3470 4017 ut
3500 3961 3600 4016 de-

1955 4058 2142 4110 struat
2174 4070 2301 4124 quae
2333 4056 2493 4108 sunt.
2531 4052 2760 4109 Veniant
2790 4051 2978 4107 Gentes
3007 4051 3079 4107 ab
3107 4055 3356 4106 extremo
3399 4059 3563 4107 terra?
3583 4068 3603 4107 :

1957 4143 2124 4215 quasi
2157 4142 2368 4198 dixerit
2397 4159 2409 4198 :
2443 4143 2515 4196 de
2547 4141 2640 4197 his
2669 4139 2946 4197 omnibus
2993 4140 3090 4211 qui
3127 4144 3268 4196 sunt
3297 4140 3602 4196 novissimi

1959 4248 2136 4304 super
2163 4235 2400 4298 terram,
2435 4231 2504 4286 de
2527 4230 2725 4294 fatuis,
2748 4230 2819 4285 de
2836 4229 3216 4302 ignobilibus,
3241 4230 3314 4284 de
3337 4230 3601 4299 abjectis.

1960 4323 2026 4377 Et
2057 4321 2236 4377 dicent
2277 4321 2571 4388 :Quoniam
2626 4319 2770 4391 falsa
2817 4320 3172 4389 possederunt
3216 4329 3400 4390 patres
3428 4321 3607 4374 nostri

1960 4411 2285 4477 simulacra,
2309 4425 2409 4465 nec
2435 4414 2513 4464 est
2543 4409 2658 4464 illis
2687 4408 2902 4462 utilitas
2926 4424 2938 4462 :
2991 4425 3108 4463 non
3158 4408 3296 4480 quia
3323 4424 3456 4463 vera
3483 4408 3606 4463 sint

1963 4499 2140 4567 idola,
2172 4500 2242 4554 ad
2277 4514 2528 4570 quorum
2562 4495 2994 4553 distinctionem
3037 4513 3193 4552 nunc
3233 4496 3379 4552 falsa
3406 4497 3606 4552 dican-

1962 4595 2079 4656 tur,
2101 4589 2202 4645 sed
2226 4587 2381 4643 idola
2401 4604 2528 4659 qua
2552 4585 2698 4641 falsa
2721 4591 2860 4640 sunt
2881 4602 2984 4657 per
3007 4589 3300 4655 naturam,
3325 4585 3489 4641 nulla
3518 4590 3608 4640 est

1962 4678 2022 4734 in
2046 4677 2130 4733 eis
2152 4675 2393 4732 utilitas.
2438 4675 2496 4732 Si
2520 4674 2691 4730 faciet
2730 4672 2840 4727 sibi
2883 4673 3056 4729 homo
3095 4674 3253 4742 deos,
3296 4675 3466 4730 etisti
3493 4691 3608 4730 non

1965 4771 2106 4824 sunt
2123 4767 2225 4820 dii.
2252 4765 2376 4821 Non
2400 4764 2588 4819 solum
2618 4764 2687 4820 de
2707 4763 3002 4836 corporeis
3025 4763 3358 4819 simulacris
3393 4763 3612 4820 faciunt

1965 4857 2076 4913 sibi
2107 4855 2375 4910 homines
2397 4853 2558 4922 deos,
2581 4855 2680 4909 sed
2703 4858 2761 4908 et
2791 4853 2862 4908 de
2893 4854 3064 4908 corde
3097 4853 3478 4923 confingunt:
3512 4852 3612 4924 qui

1967 4945 2121 5002 enim
2155 4948 2403 5016 possunt
2439 4942 2720 4998 simulare
2745 4941 2923 5022 alium
2957 4945 3275 4996 creatorem
3307 4946 3469 4997 extra
3490 4941 3618 4997 uni-

1965 5033 2259 5091 versitatis
2280 5032 2488 5098 Deum,
2512 5032 2587 5103 (b)
2609 5031 2791 5088 alium
2814 5030 3107 5102 Scriptum
3125 5035 3419 5099 sanctum,
3435 5031 3616 5088 alium

1971 5250 2372 5324 Origenianor.
2401 5245 2505 5304 lib.
2541 5265 2605 5314 II,
2639 5248 2970 5324 quieststl,
3003 5263 3174 5324 num.
3218 5247 3303 5324 ΓΖ.

2045 5317 2120 5394 (b)
2143 5322 2489 5377 Addidimus
2537 5336 2621 5394 ex_
2658 5320 2878 5374 ltabani
2905 5317 3149 5394 lectione
3172 5323 3228 5374 et
3248 5318 3442 5394 Graicio
3465 5320 3626 5394 testu

1974 5390 2173 5472 vocem
2203 5395 2409 5472 alium,
2433 5410 2560 5472 qua:
2591 5391 2806 5446 deerat.
2841 5391 3020 5445 Paulo
3064 5406 3297 5472 quo-que
3312 5390 3494 5472 intra,
3529 5390 3630 5447 ho-

1974 5468 2172 5529 mines,
2205 5461 2620 5536 substituimus
2653 5480 2753 5536 pro
2777 5478 2960 5536 omnes
2985 5478 3052 5536 ex
3079 5461 3285 5536 iisdem
3310 5461 3547 5536 Rabano
3569 5471 3638 5536 et.

1975 5544 2205 5611 Graeco:
2240 5535 2519 5611 pleraque
2550 5533 2746 5595 autem
2806 5535 2900 5594 his
2959 5533 3179 5594 similia
3207 5533 3433 5609 passim
3462 5535 3648 5601 taciti

1977 5608 2358 5690 castigamus.
