3978 6188
356 294 475 359 683

1602 302 1668 361 S.
1713 298 2024 364 EUSEBII
2067 298 2508 365 HIERONYMI

3598 302 3700 367 684

359 430 680 500 Christum,
707 430 821 487 alia
842 433 1054 487 saecula
1093 440 1256 489 extra
1294 431 1415 489 hinc
1446 450 1573 505 quis
1608 434 1924 501 cerminus,
1960 434 1999 488 ii
2029 435 2087 500 Α
2116 434 2356 507 sculptis
2388 438 2546 490 sunt.
2579 437 2769 506 Atque
2798 433 2882 490 ita
2910 433 3185 490 universa
3219 432 3582 505 spectantium
3609 436 3700 507 [Αι.

358 518 625 576 homines
637 519 897 577 fecerunt
913 520 1024 576 sibi
1039 521 1421 589 864deos,et
1431 522 1819 578 adoraverunt
1830 538 2005 595 opera

359 624 642 663 manuum
660 625 924 666 suarum.
950 610 1168 667 Omnes
1189 610 1523 683 philosophi
1555 611 1653 683 qui
1680 612 1841 667 varia
1862 613 2002 683 dog-

359 699 519 750 mata
539 695 940 767 prodiderunt,
965 714 1169 753 omnes
1194 698 1448 753 haeretici
1483 698 1584 769 qui
1633 702 1900 753 auctores
1930 697 2003 753 ad

357 782 526 839 aliter
542 786 899 842 credendum
920 782 1128 843 de'Deo
1150 787 1382 844 miseris
1402 786 1750 842 mortalibus
1775 787 2003 843 exstite-

359 875 516 941 runt,
541 872 806 930 fecerunt
826 876 937 932 sibi
985 875 1160 943 idola,
1212 881 1266 931 et
1316 876 1496 932 animi
1521 876 1627 947 [ΑΙ.
1653 875 1882 947 animae)
1912 894 2005 932 vo-

357 959 643 1035 luptatem
688 969 1043 1036 putaverunt
1086 967 1294 1035 Deum,
1344 970 1401 1021 et
1440 966 1699 1022 conversi
1731 965 2003 1022 adorave-

359 1054 498 1107 runt
522 1068 670 1124 opus
690 1069 976 1111 manuum
997 1072 1262 1123 suarum,
1287 1058 1560 1127 putantes
1575 1070 1710 1111 vera
1728 1070 1856 1111 esse
1877 1070 2004 1126 quas

361 1138 669 1197 tinxerant.
704 1142 920 1200 Omnes
957 1142 1139 1216 igitur
1184 1148 1305 1199 tam
1362 1144 1434 1199 de
1488 1143 1704 1200 visibili
1738 1144 2002 1213 materia,

363 1243 542 1299 quam
562 1230 635 1287 de
656 1230 820 1288 falsis
847 1231 1220 1306 dogmatibus
1244 1232 1526 1304 fingentes
1560 1232 1673 1288 sibi
1695 1233 1855 1300 deos,
1879 1249 2003 1288 cor-

364 1317 505 1390 ripit
521 1334 677 1376 nunc
698 1336 890 1377 sermo
910 1321 1145 1376 divinus
1165 1321 1363 1377 dicens
1383 1339 1395 1377 :
1440 1322 1499 1376 Si
1526 1322 1705 1394 faciet
1722 1322 1829 1377 sibi
1848 1320 2005 1377 homo

362 1407 506 1479 deos,
532 1413 584 1464 et
603 1410 698 1465 isti
716 1426 823 1466 non
852 1418 979 1466 sunt
1006 1412 1098 1465 Dii
1121 1428 1134 1478 ;
1175 1418 1463 1482 propterea
1491 1410 1854 1481 mani/estabo
1884 1410 2007 1465 illis

363 1499 420 1553 in
453 1502 691 1569 tempore
712 1499 813 1554 isto
833 1514 967 1570 Opus
985 1515 1255 1555 manuum
1283 1515 1553 1569 mearum,
1583 1500 1865 1555 ostendam
1883 1497 2006 1554 illis

359 1585 616 1639 virtsdem
650 1599 831 1640 meam
861 1585 991 1657 (Jer.
1022 1602 1138 1653 xvr,
1168 1587 1297 1658 20):
1331 1586 1392 1641 in
1432 1604 1547 1659 quo
1574 1591 1857 1659 tempore,
1891 1585 2004 1641 nisi

359 1671 421 1727 in
442 1671 576 1740 isto,
602 1689 717 1745 quo
738 1672 1006 1730 Salvator
1023 1679 1222 1730 noster
1236 1691 1370 1732 assu
1382 1675 1561 1748 mpsit
1575 1692 1787 1747 corpus
1802 1675 2007 1731 huma-

359 1762 553 1865 numf?
575 1764 823 1820 Etscient
853 1768 988 1837 quia
1046 1781 1140 1835 ego
1167 1780 1294 1820 sum
1320 1766 1602 1820 Dominus.
1643 1764 1861 1820 Deinde
1892 1764 2007 1821 alia
2032 1806 2080 1871 B

359 1852 629 1925 sequitur
667 1853 981 1926 prophetia
1023 1854 1225 1925 (quam
1274 1853 1469 1909 nescio
1508 1869 1689 1924 quare
1718 1854 1873 1925 apud
1903 1854 2002 1909 Se-

358 1934 668 2016 ptuaginta
696 1940 1205 1998 non’invenientes
1256 1941 1316 1996 in
1349 1942 1570 1997 caeteris
1625 1941 2000 2014 editionibus,

358 2050 486 2106 quas
526 2048 659 2088 cum
685 2031 917 2087 Hebraeo
939 2030 1312 2087 consentiunt
1332 2047 1601 2087 sermone
1632 2031 2002 2103 reperimus),

361 2139 491 2195 quas
511 2121 683 2195 plena
707 2124 799 2176 est
819 2118 1165 2176 necessariis
1184 2120 1380 2187 rebus,
1403 2124 1461 2175 et
1480 2123 1603 2175 tam
1642 2119 1907 2188 utilibus,
1939 2124 2006 2176 ut

362 2212 566 2287 possit,
600 2210 649 2267 si
680 2210 914 2266 animus
947 2208 1121 2264 fuerit
1155 2211 1433 2274 attentus,
1461 2225 1496 2262 a
1551 2208 1708 2265 vitiis
1738 2225 2004 2266 revocare

362 2303 682 2359 Lectorem.
715 2298 811 2354 Sic
840 2301 1035 2354 autem
1068 2298 1374 2368 sequitur:
1406 2302 1694 2353 Peccatum
1721 2299 2007 2357 Judacon-

364 2392 635 2463 scriptum
660 2395 739 2444 est
757 2387 898 2460 stylo
936 2388 1136 2459 ferreo,
1171 2387 1232 2440 in
1252 2402 1435 2457 ungue
1458 2386 2005 2454 adamantino,scul-

357 2490 513 2555 ptum
536 2494 700 2551 super
710 2482 898 2550 pectus
908 2476 1084 2531 cordis
1098 2492 1286 2531 eorum
1301 2476 1598 2549 (Jer.xvm,
1621 2478 1694 2549 1),
1718 2478 2004 2543 Quoniam

360 2568 599 2626 difﬁcile
618 2569 707 2624 est
728 2565 983 2637 aliquem
1006 2581 1068 2620 se
1089 2563 1311 2619 malum
1334 2565 1618 2631 confiteri,
1658 2566 1785 2621 ideo
1815 2566 2004 2622 Judaei

359 2659 438 2732 (a)
461 2657 562 2730 qui
583 2653 936 2725 exemplaria
955 2651 1239 2707 nonnulla
1262 2651 1569 2723 falsarunt,
1607 2653 1783 2709 etiam
1814 2654 1874 2709 in
1896 2653 2006 2710 hoc

358 2745 486 2803 loco
516 2761 621 2818 pro
646 2746 869 2816 peccato
906 2741 1068 2813 Iuda,
1112 2749 1396 2814 peccatum
1439 2757 1630 2798 eorum
1658 2747 2002 2815 posuerunt.

359 2835 471 2891 Sed
503 2834 553 2890 si
584 2830 908 2906 ﬁgulariter
935 2830 1267 2886 consideres
1297 2830 1387 2901 (ut
1435 2846 1588 2900 saepe
1617 2831 2006 2904 ostendimus)

357 2923 573 2981 Judam
596 2919 889 2976 Christum
911 2918 1259 2991 nuncupari,
1276 2919 1515 2974 forsitan
1531 2920 2005 2991 peccatumJudae

361 3014 664 3087 peccatum
690 3012 958 3066 nostrum
975 3006 1085 3079 est,
1110 3007 1207 3080 qui
1227 3007 1598 3064 credimusin
1621 3008 1918 3065 Christum
1935 3010 2007 3066 de

360 3102 518 3159 tribu
539 3101 572 3158 J
577 3100 713 3172 uda,
741 3102 799 3155 et
827 3114 896 3155 ex
917 3098 1047 3169 ejus
1073 3096 1398 3153 secundum
1418 3114 1653 3157 carnem
1672 3097 1854 3171 stirpe
1876 3116 2008 3156 nas.

2112 524 2500 595 peccantium]
2514 522 2825 579 multitudo
2839 522 2991 596 leget
3007 522 3067 578 in
3088 525 3315 594 pectore
3335 537 3456 579 meo
3476 522 3704 595 signatas

2111 612 2397 683 imagines
2410 618 2776 684 peccatorum
2793 613 2943 669 866
2957 610 3118 668 Nihil
3126 611 3282 667 enim
3302 612 3591 667 absconsum
3613 610 3704 684 [AL

2111 701 2531 773 absconditum],
2556 702 2695 773 quod
2722 718 2830 757 non
2849 701 3198 757 revelabitur.
3220 702 3280 756 Et
3296 701 3493 756 interse
3506 699 3708 756 invicem

2111 792 2507 858 cogitationum
2527 793 2899 847 accusantium
2916 792 3030 845 sive
3048 789 3451 859 defendentium
3473 789 3631 861 (Rom.
3656 806 3708 860 ιι,

2112 878 2222 950 l5),
2257 881 2324 934 Et
2347 896 2360 933 :
2388 881 2563 935 Nolite
2580 885 2709 936 ante
2731 889 2937 952 tempus
2948 879 3222 951 judicare,
3248 877 3408 934 donec
3443 878 3711 935 veniatDo-

2108 969 2367 1035 minus,et
2381 970 2657 1025 illuminat
2676 969 2987 1025 abscondita
3007 968 3351 1024 tenebrarum
3364 976 3415 1022 et
3428 967 3716 1036 manifestat

2111 1058 2341 1113 consilia
2371 1059 2621 1115 sordium
2650 1058 2721 1130 (II
2756 1059 2874 1114 Cor.
2909 1059 2961 1126 4,
2991 1058 3067 1129 5).
3100 1056 3202 1112 Cui
3225 1055 3712 1126 manifestabit[Al.

2113 1146 2540 1218 manifestetur]
2564 1147 2592 1201 ?
2611 1147 2812 1219 utique
2836 1163 2951 1202 non
2982 1145 3115 1213 sibi,
3146 1145 3247 1217 qui
3270 1148 3574 1216 antequam
3593 1141 3718 1199 ﬁant

2113 1239 2324 1291 cuncta
2341 1235 2643 1307 cognoscit
2666 1252 2681 1291 :
2709 1236 2808 1291 sed
2831 1235 2924 1291 his
2946 1234 3046 1307 qui
3071 1249 3205 1290 cum
3228 1232 3326 1289 illo
3339 1230 3557 1288 venturi
3575 1234 3714 1298 sunt,

2112 1328 2168 1379 et
2190 1328 2426 1395 propter
2445 1325 2762 1396 puritatem
2794 1324 3009 1380 mentis
3034 1328 3092 1378 et
3116 1322 3374 1395 corporis
3397 1323 3614 1394 Agnum
3639 1335 3719 1376 se-

2112 1417 2366 1484 quentur
2394 1414 2499 1484 [AL
2532 1413 2902 1485 sequuntur],
2953 1412 3224 1468 ostendet
3251 1410 3458 1467 delicta
3483 1409 3541 1464 in
3567 1409 3718 1466 corde

2113 1501 2432 1572 peccatoris
2457 1518 2732 1573 expressa
2762 1506 2827 1557 ut
2856 1504 3166 1573 resurgant
3205 1499 3355 1571 justi
3392 1498 3451 1553 in
3477 1496 3721 1570 gloriam,

2114 1593 2447 1661 peccatores
2465 1606 2598 1647 vero
2619 1589 2677 1645 in
2702 1589 3082 1662 opprobrium
3104 1593 3161 1645 et
3174 1587 3569 1646 confusionem
3586 1589 3722 1642 teter-

2114 1695 2249 1734 nam
2276 1697 2290 1747 ;
2325 1695 2358 1733 a
2387 1678 2603 1750 quibus
2656 1678 2864 1735 liberet
2891 1693 2999 1734 nos
3043 1682 3190 1734 Deus
3221 1678 3579 1749 resurgentes
3605 1690 3721 1731 cum

2112 1765 2342 1821 Christo
2370 1766 2530 1835 Jesu,
2565 1766 2656 1822 cui
2688 1770 2778 1824 est
2805 1766 2993 1840 gloria
3023 1770 3082 1823 et
3109 1766 3423 1839 imperium
3453 1764 3512 1819 in
3539 1760 3722 1819 secula

2114 1854 2482 1923 seculorum,
2516 1864 2723 1912 Amen.

2468 1968 2772 2026 HOMILIA
2815 1970 3085 2027 DECIMA
3115 1970 3399 2027 TERTIA.

2184 2061 2261 2113 De
2290 2074 2356 2114 eo
2383 2058 2537 2131 quod
2569 2058 2853 2131 scriptum
2901 2064 3025 2114 est:
3076 2058 3353 2127 Quomodo
3406 2070 3647 2131 conversa
3677 2067 3724 2109 es

2114 2131 2172 2185 in
2198 2130 2626 2185 amaritudinem
2673 2129 2860 2185 aliena
2901 2131 3117 2199 (Jerem
3178 2131 3249 2195 ΙΙ,
3300 2131 3389 2199 2t,
3425 2129 3534 2200 22),
3562 2138 3724 2196 usque

2114 2202 2186 2256 ad
2217 2217 2351 2256 eum
2385 2200 2577 2256 locum
2609 2201 2668 2256 in
2701 2218 2816 2272 quo
2849 2201 2966 2257 ait:
3001 2200 3275 2256 Maculata
3301 2216 3358 2256 es
3385 2201 3446 2255 in
3473 2203 3726 2269 conspectu

2111 2289 2231 2328 meo
2263 2274 2323 2327 in
2352 2273 2742 2345 iniquitatibus
2773 2275 2901 2341 tuis,
2934 2272 3067 2328 dicit
3089 2274 3377 2328 Dominus.

2185 2388 2337 2444 865
2369 2389 2510 2443 Deus
2537 2397 2763 2443 mortem
2789 2388 2902 2444 non
2956 2389 3107 2461 fecit,
3166 2404 3347 2461 neque
3373 2388 3654 2444 delectatur
3678 2386 3728 2439 in

2108 2476 2415 2549 perditione
2438 2478 2756 2533 viventium.
2791 2478 3006 2532 Creavit
3031 2480 3181 2532 enim
3200 2482 3268 2533 ut
3285 2480 3460 2533 essent
3479 2476 3670 2541 omnia,
3687 2476 3731 2528 et

2112 2567 2381 2621 salutares
2401 2567 2417 2636 (
2425 2567 2478 2636 b)
2497 2566 2877 2636 generationes
2890 2566 3103 2636 mundi,
3119 2582 3223 2622 nec
3234 2568 3386 2623 estin
3398 2566 3479 2620 eis
3492 2578 3733 2620 venenum

2108 2656 2500 2725 mortis,neque
2521 2654 2735 2724 inferni
2749 2670 3165 2727 regnumsuper
3183 2662 3399 2711 terram
3416 2653 3563 2726 (Sap.
3580 2670 3616 2719 ι,
3634 2650 3729 2721 13).

2119 2742 2335 2798 Deinde
2348 2740 2590 2814 paulum
2608 2742 2761 2798 ultra
2773 2743 3094 2815 procedens
3108 2744 3340 2815 reperio
3353 2744 3504 2799 unde
3515 2741 3734 2798 sitmors

2115 2830 2331 2886 Invidia
2359 2835 2543 2887 autem
2568 2830 2780 2887 diaboli
2818 2848 2969 2888 mors
3016 2833 3257 2889 intravit
3286 2835 3347 2889 in
3374 2831 3557 2888 orbem
3580 2834 3734 2886 terra-

2114 2936 2240 2975 rum
2268 2920 2421 2992 (Sap.
2456 2937 2518 2988 u,
2574 2920 2689 2989 24).
2747 2921 2960 2976 Omnia
3016 2920 3196 2994 igitur
3245 2922 3397 2979 bona
3425 2922 3484 2977 in
3513 2919 3667 2975 nobis
3689 2919 3737 2972 et

2114 3012 2352 3081 propter
2372 3025 2478 3065 nos
2516 3008 2779 3066 condidit
2830 3014 3001 3083 Deus,
3035 3012 3136 3066 sed
3167 3010 3515 3083 nosmetipsi
3535 3009 3604 3081 (ο)
3629 3021 3736 3063 ma-

2115 3095 2300 3153 litiam
2320 3102 2497 3169 atque
2517 3103 2752 3169 peccata
2775 3100 3009 3172 propria
3027 3099 3086 3154 in
3109 3101 3290 3156 nobis
3311 3099 3644 3157 attraximus
3660 3110 3739 3151 vo-

362 3195 613 3249 cantem.
644 3171 706 3246 Si
735 3192 930 3246 autem
959 3185 1213 3243 volueris
1259 3185 1545 3242 sacratius
1582 3185 1907 3259 intelligere
1934 3188 2004 3244 de
2036 3171 2079 3238 C
2117 3184 2364 3242 luntate.
2412 3186 2574 3243 Unde
2630 3192 2688 3243 et
2714 3186 2793 3243 in-
2805 3171 3077 3260 praesenti
3105 3187 3367 3247 lectione
3394 3205 3494 3262 per
3518 3184 3737 3261 prophe-

362 3280 659 3354 proditore
679 3279 711 3335 J
719 3278 834 3334 uda
850 3277 1074 3333 dictum
1095 3292 1108 3331 :
1153 3281 1447 3332 Peccatum
1463 3274 1618 3332 Judz
1646 3278 1913 3347 scriptum
1930 3286 2008 3334 est

364 3372 426 3427 in
449 3370 591 3442 ston
617 3358 822 3443 ferreo,
854 3368 915 3421 in
940 3380 1126 3435 ungue
1154 3364 1532 3432 adamantina,
1553 3366 1823 3436 scalptum
1844 3382 2009 3438 super

358 3467 548 3533 pectus
574 3456 753 3514 cordis
771 3471 980 3523 eorum,
1012 3453 1360 3526 repugnabit
1388 3453 1496 3508 tibi
1530 3453 1683 3525 quod
1716 3455 2003 3525 sequitur,

358 3550 584 3606 Eorum.
614 3545 801 3619 Igitur
828 3548 1116 3615 (utsupra
1136 3542 1414 3613 diximus)
1429 3559 1606 3614 super
1626 3559 1733 3599 nos
1755 3542 1854 3614 qui
1879 3559 2009 3615 pec-

357 3653 563 3694 camus
583 3635 697 3691 ista
725 3631 1099 3699 conveniunt,
1134 3646 1384 3703 quorum
1417 3636 1653 3704 peccata
1680 3648 1796 3687 non
1825 3632 2005 3709 forin-

354 3742 525 3783 secus
552 3721 769 3780 alicubi
789 3717 1259 3784 conscribuntur,
1283 3720 1384 3775 sed
1407 3718 1468 3775 in
1490 3718 1682 3776 cordis
1703 3720 2004 3776 conscien-

352 3815 456 3883 tio,
484 3811 636 3886 stylo
658 3814 888 3868 exarata
913 3809 1116 3874 ferreo,
1141 3808 1371 3879 sculpta
1392 3823 1588 3880 ungue
1603 3810 2000 3865 adamantino.

352 3903 516 3972 Quod
543 3904 744 3958 autem
774 3900 1012 3972 peccata
1041 3900 1244 3954 nostra
1298 3896 1632 3953 scribantur
1660 3897 1719 3952 in
1750 3902 2001 3969 pectore,

351 4010 421 4050 ex
449 3991 543 4048 his
574 4006 704 4061 quis
730 3989 1079 4059 sequuntur,
1109 3984 1389 4057 intellige.
1439 3988 1768 4058 Antequam
1800 4002 2002 4059 pecca-

350 4085 480 4137 tum
537 4076 748 4145 faciam
810 4074 974 4132 nulla
1028 4074 1089 4129 in
1145 4074 1318 4129 corde
1368 4088 1498 4129 meo
1555 4074 1775 4146 peccati
1808 4075 2002 4148 imago

353 4169 663 4224 versatur:
722 4180 857 4221 cum
916 4170 1111 4220 autem
1170 4162 1529 4219 conscientia
1582 4163 1805 4235 peccati
1854 4163 2003 4219 ima-

361 4256 515 4314 865
571 4254 768 4328 ginem
826 4252 1163 4325 sumpserit,
1205 4252 1391 4308 habeo
1439 4253 1687 4308 formam
1739 4252 1919 4323 illius,
1947 4257 2005 4308 et

360 4361 597 4418 semper
614 4348 748 4401 ante
768 4342 970 4400 oculos
997 4342 1190 4398 cordis
1211 4341 1325 4397 mei
1347 4340 1541 4397 delicti
1560 4357 1775 4413 pompa
1794 4342 2000 4414 depin-

358 4437 533 4509 gitur.
560 4434 631 4490 Et
646 4432 937 4506 siquidem
960 4434 1115 4488 esset
1136 4434 1439 4504 peccatum
1456 4446 1654 4487 meum
1676 4435 2001 4488 atramento

2117 3279 2235 3331 tam
2260 3292 2415 3330 nunc
2435 3276 2704 3347 queritur
2721 3281 2893 3349 Deus,
2912 3280 2972 3333 et
2986 3277 3431 3349 quodammodo
3445 3276 3646 3333 dubius
3662 3274 3739 3328 in-

2115 3364 2316 3435 quirit,
2349 3358 2641 3435 quomodo
2685 3365 2746 3421 in
2777 3366 3133 3438 quibusdam
3192 3384 3410 3425 amara
3445 3367 3520 3423 sit
3546 3364 3738 3428 anima,

2115 3468 2293 3523 quam
2326 3452 2556 3509 dulcem
2578 3453 2704 3525 ipse
2738 3455 3079 3511 condiderat
3098 3458 3155 3511 et
3179 3456 3308 3514 ait:
3357 3453 3742 3526 Quonwdocon—

2111 3557 2273 3599 versa
2300 3559 2357 3601 es
2388 3545 2449 3598 in
2477 3543 2905 3599 amaritudinem
2959 3546 3092 3600 vitis
3147 3546 3387 3602 aliena?
3435 3543 3587 3609 Quod
3615 3538 3744 3598 dicit

2114 3630 2228 3687 tale
2251 3635 2359 3701 est,
2392 3632 2505 3703 Ego
2538 3631 2645 3688 feci
2678 3632 2876 3704 petes,
2925 3633 3143 3706 quibus
3175 3633 3573 3709 ingrederetur
3598 3643 3744 3685 mor-

2113 3719 2226 3775 tale
2246 3735 2432 3792 genus
2455 3738 2469 3789 ;
2489 3736 2607 3792 qua
2626 3737 2805 3777 causa
2825 3722 3044 3778 factum
3067 3726 3157 3778 est
3191 3729 3271 3779 ut
3292 3720 3595 3780 claudicent
3617 3714 3739 3790 pln-

2113 3808 2281 3864 rimi?
2298 3810 2415 3882 Ego
2429 3809 2536 3865 feci
2554 3809 2753 3866 omnia
2765 3810 3031 3866 membra
3061 3810 3213 3867 valid
3229 3830 3291 3881 a,
3314 3815 3481 3884 atque
3498 3808 3742 3879 integra;

2113 3898 2405 3968 quomodo
2450 3898 2616 3953 video
2666 3898 2727 3953 in
2780 3897 2988 3955 multis
3042 3899 3270 3957 debilia
3313 3905 3485 3973 atque
3514 3890 3747 3952 inutile?

2114 3986 2312 4057 Itaque
2342 4002 2457 4041 non
2489 3985 2680 4042 solum
2712 3986 2885 4057 primi
2903 3985 3162 4043 hominis
3185 3988 3415 4057 anima,
3440 3987 3540 4044 sed
3559 3989 3615 4042 et
3632 3981 3747 4041 uni-

2109 4090 2411 4131 versorum
2445 4075 2516 4130 ad
2548 4074 2867 4147 imaginem
2907 4080 2966 4131 et
2994 4074 3458 4134 similitudinem
3494 4074 3585 4132 Dei
3615 4073 3750 4129 facta

2110 4167 2201 4218 est
2237 4163 2255 4235 (
2290 4166 2431 4219 Gen.
2474 4180 2514 4229 1,
2544 4164 2659 4234 26),
2691 4163 2847 4219 866
2878 4167 2937 4220 et
2972 4164 3282 4237 antiquior
3308 4172 3401 4224 est
3426 4166 3547 4222 hinc
3576 4164 3750 4234 imago

2112 4267 2239 4324 qua;
2261 4251 2362 4307 Dei
2383 4256 2490 4323 est,
2514 4252 2769 4324 imagine
2795 4252 3018 4321 Zabuli,
3043 4270 3222 4325 quam
3254 4260 3461 4328 postea
3480 4251 3643 4310 nobis
3670 4250 3748 4305 in-

2112 4340 2349 4397 duimus
2379 4340 2453 4397 ob
2474 4346 2798 4413 peccatum.
2823 4342 2989 4399 Unde
3010 4343 3301 4402 debemus
3320 4357 3673 4418 magnopere
3685 4338 3753 4394 la-

2110 4430 2335 4496 borare,
2378 4434 2443 4485 ut
2470 4430 2765 4501 quomodo
2795 4430 3205 4503 delinquentes
3236 4433 3604 4506 portavimus
3618 4429 3752 4484 ima-

359 4522 781 4596 conscriptum,
815 4521 1057 4578 forsitan
1100 4519 1351 4577 delerem
1382 4519 1527 4575 illud
1553 4538 1567 4588 ;
1620 4537 1777 4576 nunc
1805 4525 2001 4576 autem
2034 4541 2081 4607 Β
2111 4519 2306 4591 ginem
2335 4519 2627 4575 terrestris
2655 4519 2774 4607 :ita
2802 4520 2876 4575 ad
2908 4519 3318 4593 pmnitentiam
3352 4520 3618 4579 conversi
3644 4532 3757 4607 por-

361 4614 645 4686 scriptum
666 4615 757 4669 est
785 4611 844 4666 in
864 4609 1014 4683 stylo
1027 4608 1371 4678 ferreo,etin
1388 4625 1583 4681 ungue
1604 4609 2000 4681 adamantina,

358 4704 643 4776 scriptum
667 4700 773 4774 [Αι.
797 4698 1118 4772 scalptum]
1137 4703 1226 4755 est
1245 4715 1423 4771 super
1438 4701 1640 4770 pectus
1656 4698 1848 4755 cordis
1866 4699 2001 4771 mei,

357 4797 424 4850 ut
454 4806 686 4849 mecum
713 4790 786 4845 ad
829 4787 1087 4844 tribunal
1130 4787 1343 4855 veniat,
1381 4791 1438 4842 et
1474 4787 1835 4859 compleatur
1858 4787 2002 4844 illud

357 4882 515 4956 quod
545 4897 581 4937 a
608 4879 840 4938 Christo
872 4877 1286 4950 prophetatum
1319 4880 1447 4932 est:
1478 4875 1629 4932 Nihil
1658 4878 2001 4945 absconsum,

355 4970 496 5042 quod
526 4986 634 5027 non
664 4966 1145 5043 manifestabitur,
1176 4969 1229 5021 et
1256 4965 1401 5021 nihil
1429 4965 1698 5021 occultum
1723 4965 1864 5038 quod
1890 4982 2000 5022 non

353 5058 545 5132 palam
571 5059 664 5130 ﬁet
684 5057 835 5130 (Mat.
871 5075 924 5125 κ,
947 5056 1061 5128 26).
1083 5054 1413 5110 Nudabitur
1444 5054 1695 5125 pectoris
1717 5055 1830 5110 mei
1861 5072 2003 5111 con-

356 5147 623 5219 scientia,
654 5151 713 5204 et
744 5150 942 5220 aperto
974 5145 1167 5214 corde,
1200 5144 1557 5200 videbuntur
1578 5142 1779 5201 littera:
1801 5161 2003 5217 pecca-

356 5242 577 5307 torum,
606 5253 733 5310 quas
762 5236 824 5293 in
854 5235 1001 5310 stylo
1053 5234 1260 5303 ferreo,
1291 5233 1350 5288 in
1399 5248 1597 5306 ungue
1626 5232 2002 5291 adamantina

428 5418 507 5491 (a)
536 5417 748 5476 Confer
791 5415 1217 5491 Hieronymum
1250 5414 1310 5470 in
1340 5413 1733 5491 Commenta.
1753 5412 1815 5491 in
1848 5412 2003 5470 hunc

359 5485 556 5547 locum
585 5494 731 5546 tom.
765 5503 841 5558 Iv,
873 5486 981 5544 col.
1013 5485 1141 5555 156,
1173 5490 1230 5542 et
1272 5502 1400 5558 qua:
1429 5485 1510 5542 ibi
1542 5502 1577 5541 a
1633 5486 1800 5543 nobis
1824 5502 2004 5543 anno-

357 5565 693 5716 mlzfl‘lggii
707 5630 865 5708 apud
887 5628 1161 5691 Huetium
1183 5644 1327 5689 mss.
1344 5627 1622 5691 salutares
1638 5629 1769 5705 fecit
1785 5644 2008 5705 genera.

2112 4612 2305 4664 temus
2323 4607 2640 4680 imaginem
2663 4606 2939 4674 caelestis,
2964 4609 3037 4665 ad
3061 4626 3240 4681 quam
3275 4614 3336 4667 et
3356 4611 3630 4667 universa
3646 4604 3752 4680 pri-

2113 4712 2275 4752 mum
2306 4695 2541 4753 condita
2570 4700 2839 4753 creatura
2868 4701 2978 4766 est,
3010 4698 3083 4755 ob
3106 4700 3281 4771 cujus
3305 4700 3367 4757 in
3395 4698 3620 4756 malum
3640 4710 3758 4753 con-

2111 4785 2437 4842 versionem
2483 4802 2640 4841 nunc
2698 4792 3006 4858 peccantes
3061 4804 3253 4845 sermo
3286 4789 3618 4862 corripiens
3643 4784 3753 4841 ait:

2111 4875 2387 4945 Quomodo
2404 4891 2663 4932 conversa
2683 4891 2738 4931 es
2759 4877 2816 4931 in
2831 4877 3263 4934 amaritudinem
3273 4880 3413 4935 vitis
3423 4879 3612 4934 aliena
3621 4875 3649 4931 ‘l
3660 4874 3759 4944 Ego

2112 4968 2294 5020 autem
2316 4964 2571 5035 plantavi
2598 4981 2722 5021 eam
2740 4967 3110 5037 fructiferam,
3128 4968 3458 5024 universam
3477 4980 3676 5023 verum.
3699 4961 3759 5017 Et

2113 5057 2246 5109 ante
2268 5052 2544 5124 diximus,
2567 5057 2625 5109 et
2644 5070 2721 5109 nu
2732 5070 2811 5113 nc.
2824 5055 3025 5111 eadem
3048 5054 3283 5128 plenius
3306 5060 3377 5113 ut
3400 5049 3758 5127 intelligetis,

2112 5141 2456 5215 repetimus,
2486 5142 2625 5215 quia
2648 5142 2802 5199 Deus
2824 5142 3035 5199 bonam
3061 5144 3345 5217 plantavit
3369 5144 3626 5201 hominis
3645 5138 3760 5198 ani-

2114 5248 2292 5301 mam,
2317 5232 2418 5288 sed
2440 5231 2570 5304 ipsa
2591 5231 2731 5288 vitio
2753 5248 2860 5289 suo
2883 5232 3165 5291 adversus
3190 5233 3528 5291 conditoris
3563 5232 3760 5305 depra-

2113 5421 2439 5559 ‘wmllnus
2461 5498 2530 5539 ex
2549 5480 2756 5559 iisdem
2778 5498 2947 5551 mss.,
2971 5484 3188 5543 malitia
3205 5486 3379 5557 atque
3395 5487 3620 5559 peccato
3634 5494 3763 5558 pro.

2109 5557 2234 5629 prio
2261 5556 2416 5613 nobis
2444 5557 2782 5614 attraximus
2811 5565 3061 5615 mortem.
