3960 6172
284 229 406 302 693

751 230 1247 307 TRANSLATIO
1291 236 1797 309 HOMILIARUM
1844 241 2212 308 ORIGENIS
2264 247 2334 307 IN
2382 244 2902 310 EZECHIELEM.
2951 240 3145 312 HOM.
3191 239 3240 310 Ῑ.

3577 240 3697 310 694

281 375 353 428 ut
376 387 684 444 nunquam
717 378 1046 446 peccatores
1075 376 1402 432 remedium
1437 380 1934 449 consequerentur
1961 383 2015 448 Α
2045 377 3344 454 adhiberetormen’tapeccantibus,nunquam
3357 379 3697 440 misericors

280 460 588 533 Disposuit
616 461 797 535 igitur
825 463 1082 521 clemens
1113 471 1172 520 et
1200 465 1512 537 benignus,
1545 470 1602 522 et
1630 467 1938 522 hominum

277 556 517 607 amator
537 551 690 608 Deus
711 552 1162 626 inter'supplicia
1183 554 1401 625 quibus
1424 559 1751 626 peccatores
1773 556 1942 626 punit

274 641 462 697 etiam
491 643 545 697 vi
558 640 849 697 sitationis
881 659 999 698 suae
1033 643 1277 699 miscere
1301 645 1706 716 pietatem,nec
1728 645 1936 700 immo-

273 731 489 785 derata
511 746 682 801 paena
711 731 958 787 miseros
969 733 1503 804 premere.Semper
1520 733 1654 789 talis
1675 739 1762 788 est
1783 734 1937 788 Deus

271 819 804 885 noster,excruciat
832 822 1234 891 nocentes,sed
1268 822 1435 893 quasi
1467 823 1600 894 pius
1631 826 1794 893 pater
1812 827 1934 878 tor-

279 909 512 964 mentis
542 908 916 964 clementiam
950 910 1151 965 sociat.
1187 911 1247 966 Si
1279 915 1474 966 autem
1505 911 1592 967 vis
1623 928 1936 984 agnoscere

267 1013 416 1054 vera
444 1014 596 1066 ese,
651 1015 778 1070 quis
835 998 1108 1064 dicimus,
1161 999 1290 1055 vide
1346 1001 1487 1071 quid
1545 1000 1819 1056 acciderit
1873 1000 1932 1055 in

263 1087 796 1159 Egyptoafame.
851 1087 912 1143 Si
971 1087 1253 1143 voluisset
1323 1087 1646 1144 interﬁcere
1701 1093 1931 1145 tantum

263 1176 610 1248 Egyptios,
639 1181 696 1231 et
725 1176 933 1247 punire
962 1176 1251 1232 cruciatos
1282 1176 1340 1232 in
1374 1178 1697 1249 septennali
1757 1179 1929 1250 fame,

270 1265 525 1321 fecisset
556 1264 761 1337 utique
816 1266 969 1336 quod
1038 1265 1318 1333 voluerat,
1380 1283 1567 1339 neque
1622 1268 1840 1340 Joseph
1872 1267 1928 1322 in

257 1354 592 1426 Egyptum
619 1353 1230 1424 descendisset,neque
1256 1353 1479 1409 Pharao
1499 1353 1742 1409 vidisset
1770 1371 1928 1410 som-

260 1443 445 1497 nium
507 1443 580 1498 de
609 1442 723 1510 his,
759 1459 885 1514 quae
925 1443 1168 1515 Egypto
1197 1443 1428 1497 fuerant
1468 1447 1762 1511 eventura,
1824 1461 1929 1500 nec

256 1531 387 1603 regi
427 1531 641 1587 fuisset
669 1536 971 1586 ostensum
1033 1548 1066 1586 a
1093 1531 1352 1604 principe
1390 1531 1768 1600 vinariorum,
1798 1550 1927 1588 esse

260 1621 626 1691 quemdam,
661 1619 760 1692 qui
793 1621 980 1692 possit
1010 1620 1131 1692 regi
1178 1621 1475 1676 somnium
1533 1622 1922 1693 interpretari.

253 1709 437 1765 Nunc
468 1725 630 1776 vero,
665 1714 731 1764 ut
759 1710 967 1780 cernis,
1003 1709 1157 1764 Deus
1217 1709 1467 1782 ﬂagellat
1521 1710 1690 1782 quasi
1741 1715 1922 1782 pater,

252 1797 459 1871 parcit
494 1803 692 1853 autem
727 1797 878 1852 878
931 1815 1046 1853 non
1105 1798 1297 1853 solum
1355 1798 1550 1865 Israel,
1609 1816 1812 1855 verum
1871 1804 1927 1855 et

251 1886 579 1960 Egyptiis,
613 1903 746 1941 cum
769 1886 944 1942 alieni
975 1886 1094 1942 sint
1124 1887 1194 1941 ab
1227 1903 1291 1942 eo
1346 1891 1583 1958 propter
1632 1888 1925 1959 propriam

256 1975 820 2032 mansuetudinem.
856 1977 925 2031 Et
959 1975 1339 2032 manifestum
1370 1980 1459 2032 est
1489 1975 1628 2048 quia
1657 1976 1792 2032 boni
1825 1977 1924 2032 Dei

252 2082 420 2138 opus
452 2081 636 2136 super
662 2080 762 2120 eos
793 2069 1150 2134 exerceatur,
1187 2065 1328 2119 dum
1377 2064 1593 2136 Joseph
1625 2065 1929 2120 descendit

259 2154 322 2210 in
361 2154 855 2226 Egyptumﬁum
879 2154 1102 2208 Pharao
1134 2154 1379 2209 somniis
1410 2154 1922 2224 admonetur,dum

258 2244 549 2315 princeps
574 2243 695 2298 vini
725 2243 1104 2314 interpretem
1138 2243 1378 2312 indicat,
1409 2243 1548 2298 dum
1582 2243 1924 2313 interpretes

261 2331 516 2389 disserit
543 2349 679 2387 vasa
709 2335 884 2402 atque
914 2331 995 2386 ita
1025 2331 1310 2387 ubertatis
1339 2336 1620 2403 tempore,
1655 2332 1924 2404 frugibus

252 2420 657 2492 congregatis,
692 2420 1031 2492 posterioris
1063 2420 1235 2475 famis
1275 2420 1519 2491 penuria
1574 2420 1843 2476 vincitur.
1881 2422 1921 2476 E

249 2510 487 2583 quibus
501 2509 776 2566 omnibus
789 2508 1165 2581 perspicuum
1183 2513 1273 2565 est
1291 2525 1403 2564 non
1423 2526 1551 2565 esse
1576 2510 1922 2565 immodera-

249 2605 377 2656 tam
419 2599 572 2654 iram
602 2615 726 2670 qua:
757 2599 829 2653 ab
860 2597 1145 2653 haereticis
1176 2598 1235 2652 in
1285 2597 1551 2653 Creatore
1608 2598 1920 2669 reprehen-

249 2690 450 2744 ditur.
483 2689 836 2744 Poteramus
868 2687 1104 2758 quidem
1130 2685 1634 2742 multashistorias
1667 2690 1921 2742 retexere

247 2779 320 2835 ad
354 2779 493 2833 haec
521 2777 827 2850 probanda
845 2793 970 2848 quae
994 2776 1240 2842 dixi,sed
1263 2791 1334 2830 ne
1350 2775 1549 2830 videar
1569 2794 1603 2830 a
1624 2775 1919 2847 proposito

247 2868 560 2934 recedere,
594 2865 1010 2937 compendium
1034 2865 1179 2920 facio
1210 2865 1519 2920 sermonis.
1547 2865 1918 2936 Propositum

247 2957 485 3030 quippe
517 2953 660 3009 mihi
693 2957 782 3008 est
806 2953 1114 3025 explanare
1145 2954 1214 3008 de
1243 2954 1492 3025 e0,quod
1529 2958 1763 3026 propter
1793 2970 1920 3024 pec-

249 3051 392 3102 cata
428 3061 545 3100 sua
573 3042 841 3114 captivus
859 3043 1147 3097 abductus
1180 3041 1254 3098 sit
1275 3041 1529 3114 populus
1552 3041 1824 3098 lsrael.Et
1846 3059 1917 3097 ne

1954 1756 2002 1819 B

2049 471 2105 522 et
2134 468 2424 540 benignus
2455 469 2608 525 Deus
2639 470 2826 542 pcenis
2847 469 3065 526 scelera
3096 471 3350 542 puniret:
3381 472 3482 528 sed
3525 472 3700 544 quasi

2049 556 2602 629 indulgentissimus
2616 566 2780 631 pater
2793 560 2864 615 ob
2887 560 2995 615 hoc
3010 560 3247 632 corripit
3267 560 3452 617 ﬁlium
3464 567 3696 628 ,uteru-

2048 643 2364 716 diatzquasi
2396 646 2950 716 providentissimus
2977 647 3258 718 magister
3287 647 3370 702 ita
3390 648 3696 705 severitate

2048 733 2254 788 frontis
2286 734 2567 790 lascivum
2596 735 2952 807 discipulum
2990 735 3256 806 castigat,
3291 752 3362 791 ne
3391 737 3575 792 amari
3629 754 3695 794 se

2047 823 2303 878 sentiens
2335 828 2549 895 pereat.
2583 824 2726 879 Vide
2757 825 3128 880 Salomonem
3186 825 3692 896 sapientissimum

2046 911 2331 981 omnium,
2366 914 2503 983 quid
2537 913 2606 968 de
2638 914 2737 969 Dei
2789 913 3258 986 correptionibus
3311 915 3642 987 suspicetur
3674 932 3686 970 :

2045 1001 2155 1055 Fili
2182 1003 2300 1056 noli
2328 1018 2441 1057 esse
2463 1003 2844 1073 pusillaminis
2889 1005 2950 1058 in
3012 1003 3314 1074 disciplina
3365 1005 3472 1058 Dei
3515 1019 3692 1076 neque

2042 1087 2257 1158 deﬁciat
2284 1097 2560 1160 correptus
2591 1090 2656 1144 ab
2681 1107 2744 1145 eo
2773 1091 2934 1160 (Eccl.
2967 1090 3090 1161 vn),
3127 1089 3295 1157 Quem
3323 1092 3472 1146 enim
3498 1089 3690 1161 diligit

2040 1175 2305 1231 Dominus
2334 1178 2831 1249 corripitzﬁagellat
2859 1183 3041 1235 autem
3071 1195 3286 1252 qmnem
3327 1181 3510 1251 ﬁlium
3529 1197 3692 1250 quem

2040 1266 2256 1335 recipit.
2289 1267 2489 1322 Nullus
2513 1271 2589 1323 est
2620 1269 2787 1334 enim,
2821 1268 3012 1340 inquit
3041 1269 3375 1340 Apostolus,
3390 1269 3689 1341 ﬁllius,qui

2038 1369 2163 1407 cum
2181 1355 2501 1424 peccaverit,
2533 1373 2644 1411 non
2673 1357 2978 1427 ﬂagelletur
3003 1373 3043 1412 α
3070 1358 3321 1428 patre.Et
3341 1358 3413 1413 ad
3438 1357 3550 1413 hoc
3569 1359 3685 1414 mi-

2040 1441 2302 1498 rabiliter
2334 1444 2558 1500 addidit
2587 1445 2787 1500 dicens
2822 1464 2834 1502 :
2867 1447 2931 1500 In
2972 1446 3268 1517 disciplina
3323 1451 3684 1518 perseverate.

2043 1533 2346 1603 Tamquam
2368 1534 2504 1603 ﬁliis
2532 1535 2682 1589 vobis
2710 1536 2864 1606 offert
2889 1550 2945 1590 se
2973 1536 3114 1589 Deus
3171 1535 3323 1606 (Heb.
3375 1536 3500 1607 xu).
3539 1535 3681 1601 Quis

2035 1619 2191 1674 enim
2223 1621 2583 1694 ﬁlius,quem
2616 1639 2730 1677 non
2763 1623 3002 1694 corripit
3031 1624 3224 1695 pater?
3252 1624 3415 1687 Quod
3449 1623 3499 1679 si
3517 1629 3684 1681 extra

2033 1708 2404 1781 disciplinam
2422 1711 2563 1766 estis
2576 1712 2742 1782 cujus
2760 1711 3072 1783 participes
3091 1710 3224 1767 facti
3245 1712 3682 1784 suntomnes(a)

2034 1797 2372 1867 adulterini,
2407 1804 2463 1855 et
2492 1816 2608 1854 non
2641 1799 2744 1853 ﬁlii
2777 1799 2938 1855 estis.
2975 1800 3086 1855 Sed
3117 1799 3193 1855 sit
3223 1801 3408 1871 [Al.si]
3440 1800 3682 1856 forsitan

2035 1887 2270 1959 aliquis,
2304 1889 2404 1959 qui
2438 1888 2565 1961 ipso
2595 1888 2834 1945 nomine
2897 1889 2990 1943 ira:
3052 1888 3310 1944 offensus
3341 1889 3685 1945 criminetur

2033 1993 2161 2032 eam
2187 1977 2243 2031 in
2272 1978 2408 2033 Deo.
2443 1977 2548 2033 Cui
2579 1977 3210 2050 respondebimus,non
3232 1982 3354 2033 tam
3377 1977 3525 2032 iram
3548 1993 3680 2034 esse

2033 2066 2181 2121 iram
2213 2067 2334 2134 Dei,
2369 2084 2545 2139 quam
2559 2067 2948 2122 necessariam
2971 2066 3492 2139 dispensationem.
3536 2067 3685 2124 Audi

2033 2156 2186 2225 quod
2223 2157 2271 2210 si
2305 2172 2453 2227 opus
2497 2157 2596 2212 irae
2657 2156 2778 2222 Dei,
2833 2160 2896 2211 ut
2954 2160 3181 2228 arguat,
3212 2159 3280 2210 ut
3308 2154 3580 2228 corrigat,
3615 2158 3682 2211 ut

2031 2245 2300 2299 emendet
2335 2261 2348 2300 :
2379 2246 2624 2301 Domine.
2658 2261 2727 2300 ne
2756 2247 2816 2299 in
2851 2247 2936 2300 ira
2958 2250 3056 2300 tua
3072 2261 3398 2314 arguasme,
3424 2260 3602 2315 neque
3619 2247 3682 2300 in

2029 2334 2218 2403 furore
2241 2348 2333 2388 tuo
2363 2337 2628 2406 corripias
2657 2351 2746 2389 me
2777 2335 2948 2406 (Psal.
2981 2335 3082 2406 vr).
3117 2334 3224 2398 Qui
3255 2333 3380 2390 haec
3417 2333 3682 2404 loquitur

2031 2422 2143 2478 scit
2170 2423 2270 2478 Dei
2297 2423 2551 2478 furorem
2597 2441 2712 2478 non
2758 2440 2885 2479 0000
2938 2422 3207 2479 inutilem
3240 2424 3311 2478 ad
3342 2422 3676 2492 sanitatem,

2032 2511 2132 2566 sed
2165 2511 2236 2566 ad
2267 2511 2374 2566 hoc
2405 2512 2669 2568 adhiberi
2692 2517 2756 2567 ut
2777 2515 2940 2568 curet
2957 2514 3398 2583 aagrotantes,ut
3411 2511 3682 2567 emendet

2031 2614 2151 2663 eos,
2185 2599 2285 2670 qui
2338 2615 2668 2655 sermonem
2727 2600 2853 2670 ejus
2909 2600 3112 2655 audire
3171 2603 3676 2672 contempserunt.

2031 2687 2249 2744 Idcirco
2261 2690 2804 2760 necdeprecaturne
2820 2688 3037 2745 talibus
3053 2687 3326 2745 remediis
3337 2688 3682 2744 emendetur

2028 2791 2102 2831 ne
2132 2793 2265 2832 cum
2297 2777 2508 2848 poenali
2535 2777 2762 2832 medela
2783 2777 3020 2849 recipiat
3038 2777 3347 2850 pristinam
3362 2776 3675 2832 sanitatem

2029 2864 2196 2934 quasi
2229 2865 2277 2919 si
2309 2880 2511 2921 servus
2535 2866 2660 2936 jam
2693 2865 2847 2920 inter
2874 2864 3104 2937 ﬂagella
3133 2864 3383 2938 positus,
3415 2863 3571 2920 880
3595 2865 3675 2921 Do

2029 2953 2252 3008 minum
2285 2957 2556 3025 precetur
2585 2954 2998 3026 repromittens
3029 2955 3081 3009 ei
3117 2970 3178 3010 se
3207 2954 3495 3025 imperata
3516 2955 3673 3009 factu

2028 3059 2158 3096 rum
2190 3047 2247 3098 et
2274 3044 2447 3098 dicat:
2483 3045 2808 3112 Domine,ne
2825 3045 2883 3098 in
2914 3046 3003 3099 ira
3033 3047 3128 3098 tua
3160 3059 3362 3115 arguas
3392 3059 3676 3115 me,neque

247 3137 405 3191 forte
443 3132 662 3204 aliquis
693 3131 1008 3187 arbitretur
1035 3135 1366 3203 peccatores
1423 3148 1456 3186 θ.
1495 3131 1609 3186 Deo
1668 3132 1914 3188 traditos
1946 3119 1988 3184 C
2026 3132 2085 3185 in
2111 3134 2300 3203 furore
2315 3141 2404 3188 tuo
2428 3135 2695 3205 corripias
2714 3133 3036 3189 me.0mnia
3066 3149 3196 3206 quae
3227 3133 3323 3188 Dei
3355 3133 3673 3203 sunt,bona

242 3224 316 3280 ab
347 3239 434 3279 eo
466 3220 716 3276 ulterius
749 3236 864 3275 non
894 3220 1294 3292 gubernari,et
1317 3221 1493 3275 semel
1525 3221 1583 3274 in
1616 3220 1916 3291 captivita-

239 3319 363 3368 tem
405 3310 703 3380 redactos,
739 3309 892 3364 ultra
917 3308 1413 3381 dispensationem
1445 3309 1657 3379 ejus,et
1687 3309 1914 3364 miseri-

241 3401 524 3458 cordiam
558 3415 674 3454 non
706 3399 938 3466 mereri,
973 3403 1315 3470 praesentem
1347 3397 1541 3453 locum
1575 3397 1914 3469 diligentius

243 3489 727 3556 consideremus;
764 3487 962 3542 Daniel
992 3504 1107 3542 non
1139 3487 1415 3559 peccavit,
1458 3488 1736 3543 Ananiae.
1770 3493 1916 3543 Aza-

209 3580 395 3647 .rias,
435 3576 636 3633 Misael
667 3594 701 3632 a
731 3581 964 3648 peccato
993 3574 1289 3631 immunes
1319 3576 1575 3645 fuerunt,
1611 3581 1668 3630 et
1718 3579 1914 3631 tamen

245 3668 477 3741 captivi
498 3655 689 3723 effecti
721 3670 880 3732 sunt,
908 3672 973 3720 ut
1000 3665 1079 3719 ibi
1101 3664 1276 3736 positi
1305 3664 1596 3736 captivum
1631 3665 1913 3736 populum

249 3755 715 3814 consolarentur
743 3759 801 3810 et
829 3771 930 3826 per
959 3753 1418 3810 exhortationem
1450 3754 1610 3808 vocis
1648 3771 1765 3808 sua:
1797 3771 1914 3825 pae-

252 3846 519 3900 nitentes
549 3845 609 3899 in
641 3843 966 3898 Jerusalem
1018 3843 1391 3898 restituerent
1447 3842 1764 3913 castigatos
1811 3859 1915 3914 pro

255 3939 547 4005 tempore.
581 3931 965 4004 Septuaginta
997 3931 1212 4002 quippe
1238 3930 1408 3985 annis
1443 3930 1740 3985 servitutis
1774 3948 1911 4002 sup-

243 4021 438 4094 plicia
470 4021 885 4092 rependerunt,
920 4035 985 4074 ac
1009 4019 1092 4074 sic
1122 4019 1333 4074 deinde
1361 4018 1420 4073 in
1449 4019 1616 4074 sedes
1649 4020 1915 4090 preprias

243 4110 475 4166 reversi
508 4113 672 4176 sunt,
706 4108 844 4180 quia
875 4112 1114 4164 sanctus
1145 4107 1562 4180 prophetarum
1593 4124 1786 4163 sermo
1817 4108 1914 4163 de-

232 4197 690 4270 jectosanimos
721 4197 1140 4252 sublevaverat.
1200 4196 1414 4251 Verum
1467 4213 1580 4252 non
1641 4197 1832 4252 solum
1871 4197 1910 4250 ii

242 4293 510 4360 quatuor
540 4285 693 4342 879
723 4286 782 4340 in
815 4285 1149 4358 captivitate
1189 4285 1482 4357 prophetis
1541 4287 1910 4353 exstiterunt,

241 4379 344 4434 sed
379 4381 443 4433 et
473 4374 736 4430 Ezechiel
769 4391 924 4430 unus
954 4391 1020 4430 ex
1052 4373 1135 4429 eis
1169 4373 1299 4443 fuit,
1325 4379 1382 4428 et
1410 4374 1718 4429 Zacharias
1752 4375 1910 4431 ﬁlius

2024 3225 2182 3287 sunt,
2218 3225 2274 3275 et
2306 3237 2597 3276 meremur
2626 3221 2856 3294 corripi.
2891 3222 3170 3278 Ausculia
3200 3221 3339 3294 quid
3373 3222 3546 3278 dicat:
3567 3225 3673 3278 Ar-

2023 3326 2190 3378 guam
2216 3326 2302 3364 eos
2341 3311 2402 3364 in
2431 3311 2624 3366 auditu
2653 3313 2929 3379 angustiae
2957 3311 3308 3366 eorum.ldeo
3340 3310 3672 3367 audivimus

2023 3413 2110 3467 ea,
2144 3414 2270 3468 quae
2302 3399 2373 3454 de
2392 3398 2771 3454 tribulatione
2801 3403 3034 3464 sunt,ut
3054 3399 3527 3454 emendemur.ln
3551 3415 3670 3453 ma-

2025 3484 2253 3541 ledictis
2275 3503 2497 3557 quoqee
2532 3486 2767 3542 Levitici
2797 3487 3084 3559 scriptum
3116 3491 3206 3542 est
3239 3503 3251 3541 ε
3279 3487 3343 3542 Si
3391 3494 3514 3558 post
3560 3488 3667 3542 ista

2022 3589 2131 3629 non
2162 3574 2463 3630 obedierint
2499 3591 2671 3646 neque
2701 3577 2954 3630 conversi
2997 3576 3208 3646 fuerint
3250 3574 3321 3629 ad
3351 3591 3456 3645 me,
3506 3590 3668 3646 appo-

2023 3679 2155 3718 nam
2183 3665 2261 3718 eis
2287 3665 2488 3735 plagas
2517 3668 2720 3735 septem
2747 3680 2910 3735 super
2935 3668 3155 3735 peccata
3184 3663 3456 3719 eorum.Si
3485 3667 3670 3719 autem

2020 3760 2138 3822 post
2170 3752 2290 3808 haec
2318 3755 2569 3807 conversi
2599 3769 2706 3808 non
2733 3754 2963 3823 fuerint,
3015 3752 3312 3808 emendabo
3358 3768 3444 3808 eos
3473 3753 3664 3824 (Levii.

2021 3840 2418 3910 xxvr).0mnia
2450 3841 2700 3912 Dei,quze
2723 3841 2994 3896 videntur
3015 3856 3217 3896 amara
3246 3839 3461 3906 esse,in
3480 3840 3668 3896 erudi-

2022 3929 2240 3985 tionem
2259 3929 2580 3984 etremedia
2594 3929 3194 4001 proﬁciunt.Medicus
3205 3933 3296 3985 est
3328 3931 3670 4002 Deus.pater

2022 4023 2111 4074 est
2128 4019 2300 4088 Deus,
2334 4018 2609 4074 dominus
2627 4022 2734 4088 est,
2768 4036 2883 4074 non
2903 4036 3092 4091 asper,
3117 4019 3218 4075 sed
3234 4018 3383 4074 lenis
3406 4023 3496 4075 est
3512 4019 3670 4075 domi

2023 4125 2156 4162 nus.
2190 4107 2247 4162 Si
2279 4107 2507 4163 veneris
2537 4109 2606 4163 ad
2640 4124 2758 4178 eos,
2795 4107 2894 4180 qui
2926 4107 3114 4180 puniti
3177 4111 3316 4164 sunt
3344 4109 3672 4165 secundum

2022 4196 2257 4268 eloquia
2284 4196 3032 4270 Scripturarum,compone
3063 4197 3395 4269 Scripturas
3417 4198 3676 4270 Scriptu-

2022 4285 2197 4358 ris,ut
2227 4289 2283 4341 et
2313 4290 2369 4340 te
2391 4287 2704 4357 Apostolus
2725 4286 3208 4357 docet,etvidebis
3230 4286 3309 4341 ibi
3333 4285 3677 4342 dulcissima

2021 4391 2169 4443 esse,
2205 4375 2303 4429 ubi
2335 4375 2708 4430 amarissima
2738 4374 3466 4446 existimantur.Scriptum
3497 4377 3587 4429 est
3610 4372 3669 4428 in

240 4465 555 4523 Barachie
587 4463 942 4536 captivitatis
974 4467 1235 4533 tempore
1266 4461 1375 4518 sub
1407 4463 1575 4517 Dario
1607 4480 1738 4535 rege
1769 4464 1910 4520 ceci-
1940 4485 1987 4549 D
2020 4463 2304 4536 propheta
2332 4480 2343 4518 :
2373 4463 2489 4518 Non
2519 4463 2761 4519 vindicat
2820 4464 2899 4518 bis
2948 4465 3007 4518 in
3067 4463 3312 4534 idipsum
3360 4464 3420 4516 in
3452 4461 3669 4534 judicio

244 4553 708 4611 nit.Invenimus
738 4553 909 4608 etiam
943 4554 1219 4624 Aggaeum
1252 4551 1586 4622 multosque
1611 4551 1755 4607 alios
1777 4570 1908 4624 pro-

243 4643 564 4716 phetarum
582 4641 791 4697 iisdem
811 4639 1190 4713 prophetasse
1213 4640 1580 4711 temporibus
1603 4657 1670 4696 ex
1691 4641 1908 4712 quibus

245 4731 576 4800 indicatur,
610 4730 796 4786 Deum
831 4747 946 4785 non
983 4729 1330 4784 tantumodo
1361 4731 1909 4801 punirepeccantes,

243 4837 453 4878 verum
485 4825 545 4876 et
575 4818 1042 4875 misericordiam
1076 4817 1324 4874 miscere
1347 4817 1840 4890 suppliciis.Quod
1865 4820 1914 4874 si

247 4907 662 4980 dubitas,audi
679 4923 849 4963 voces
866 4912 1154 4963 tormenta
1170 4907 1917 4978 patientium,quomodosa

249 4998 550 5070 cratim,et
570 4997 630 5053 in
647 4997 1003 5053 cruciatibus
1017 4996 1140 5053 suis
1153 4995 1521 5051 clementiam
1538 4999 1628 5051 Dei
1645 4996 1916 5068 eloquan-

245 5091 348 5144 tur
379 5104 394 5142 :
428 5087 648 5142 Cibabis
676 5102 775 5141 nos
798 5102 944 5159 pane
974 5087 1374 5157 lacrymarum,
1403 5088 1453 5140 et
1479 5087 1690 5156 potabis
1730 5102 1828 5141 nos
1858 5089 1917 5139 in

246 5177 591 5250 crymisetin
603 5175 1016 5231 mensura.Non
1030 5175 1108 5228 ait
1126 5173 1608 5241 indifferenter,in
1626 5173 1920 5250 lacrymis}

247 5248 449 5331 sed,in
477 5266 742 5337 lacrymis
759 5267 808 5319 et
825 5266 884 5319 in
898 5262 1574 5319 mensura.Misericordia
1586 5263 1800 5335 quippe
1825 5248 1919 5319 De1

249 5354 311 5410 in
327 5356 611 5428 pondere,
633 5353 692 5410 Si
712 5371 826 5409 non
850 5358 1005 5409 esset
1020 5352 1159 5408 utile
1177 5351 1541 5408 conversioni
1555 5353 1919 5423 peccantium

2022 4555 2202 4624 (Num.
2239 4554 2298 4615 1).
2333 4552 2662 4608 Vindicavit
2691 4551 2871 4607 semel
2907 4553 2962 4606 in
2985 4551 3213 4623 judicio
3250 4567 3353 4622 per
3383 4549 3669 4606 diluvium

2023 4643 2172 4713 (Gen,
2207 4659 2303 4710 vn,
2340 4641 2769 4712 49),vindicavit
2799 4639 2979 4696 semel
3013 4640 3070 4694 in
3098 4640 3319 4712 judicio
3351 4655 3530 4711 super
3557 4639 3668 4694 So-

2023 4731 2259 4786 domam
2294 4736 2350 4785 et
2380 4729 3106 4799 Gomorrham,vindicavit
3137 4727 3423 4806 semeljn
3445 4728 3672 4801 judicio

2023 4835 2199 4889 super
2240 4818 2572 4890 .Egyptum,
2606 4824 2662 4873 et
2705 4823 2974 4874 sexcenta
3029 4817 3217 4874 millia
3279 4817 3673 4874 Israelitarum

2025 4907 2216 4980 (Exod,
2250 4908 2386 4977 xxv).
2420 4907 2544 4962 Noli
2576 4907 2908 4963 existimare
2940 4907 3094 4978 quod
3127 4907 3248 4961 haec
3307 4905 3450 4962 ultio
3505 4923 3675 4980 pinna

2028 5002 2252 5052 tantum
2285 4995 2456 5050 fuerit
2487 4995 2910 5067 peccatoribus)
2942 4995 3108 5066 quasi
3157 4999 3291 5067 post
3319 5000 3586 5064 mortem,
3619 4999 3677 5050 et

2028 5085 2316 5158 supplicia
2347 5085 2554 5140 iterum
2585 5103 2618 5140 a
2647 5084 2932 5157 supplicio
2973 5084 3298 5158 excipiendi
3329 5084 3672 5141 sint.Puniti

2029 5173 2229 5230 sintin
2263 5173 2560 5245 praesenti,
2594 5191 2663 5228 ne
2694 5173 2748 5227 in
2785 5173 2978 5228 futuro
3020 5174 3245 5246 jugiter
3298 5174 3668 5247 punirentur.

2031 5265 2212 5319 Cerne
2245 5278 2558 5334 pauperem
2593 5263 2650 5317 in
2684 5261 2989 5335 Evangelio
3022 5263 3294 5334 squalore
3324 5267 3382 5318 et
3431 5262 3676 5335 penuria

2032 5353 2337 5424 premitur,
2371 5356 2426 5407 et
2481 5355 2676 5423 poster
2734 5351 2789 5405 in
2846 5351 3090 5409 Abrahaa
3147 5353 3280 5408 sinu
3339 5351 3671 5425 requiescit.

329 5566 413 5637 (a)
441 5566 719 5640 Corrupto
747 5564 992 5635 adulteri
1009 5564 1311 5642 legebatur
1353 5581 1456 5639 pro
1487 5565 1814 5636 adulterini,
1847 5571 1906 5625 et
1933 5582 2068 5624 mox
2095 5567 2147 5622 si
2174 5543 2277 5638 pro
2300 5565 2393 5621 sit.
