3960 6172
197 235 310 312 m

651 235 1150 304 TRANSLATIO
1191 236 1697 306 HOMILIARUM
1747 233 2112 302 ORIGENIS
2159 239 2233 300 ΙΝ
2279 233 2808 302 EZECHIELEM.
2853 235 3044 303 HOM.
3090 233 3142 302 Ῑ.

2238 117 2260 146 ο

3475 240 3599 308 698

196 370 515 446 timentibus
538 375 611 440 te.
645 371 812 446 Legis
858 375 916 429 et
945 353 1366 446 Prophetarum
1411 373 1566 430 Deus
1596 373 1843 438 abscon-
1871 371 1929 438 Α
1957 372 2053 442 qui
2107 347 2269 428 mane
2335 370 2630 438 oriebatur,
2688 373 2957 427 contritus
3011 379 3093 429 est
3161 386 3326 442 super
3383 377 3599 432 terram

200 461 278 527 dit
316 460 760 518 multitudinem
808 461 1086 522 bonitatis
1137 479 1255 520 sum
1299 479 1411 518 nou
1443 462 1841 535 diligentibus,

197 551 292 622 sed
311 551 663 608 timentibus
693 567 776 606 se.
798 551 1024 607 Parvuli
1057 551 1272 624 quippe
1289 555 1446 620 sunt,
1463 569 1566 608 nec
1599 557 1847 625 possunt

197 655 327 708 cum
347 639 748 696 emolumento
767 657 875 698 suo
892 639 1116 696 discere
1132 641 1283 712 quod
1305 646 1576 697 amentur
1596 659 1630 696 a
1654 643 1842 710 Patre,

201 744 268 787 ne
295 728 714 798 dissolvantur,
746 745 821 784 ne
849 728 1176 800 despiciant
1195 729 1516 786 bonitatem
1549 731 1670 787 Dei.
1695 733 1844 798 Qua-

199 823 436 893 propter
461 835 598 882 cum
629 817 885 875 audieris
913 819 986 874 de
1013 817 1213 890 populi
1237 819 1589 890 captivitate,
1613 821 1848 876 credere

197 906 433 978 quidem
453 923 586 974 vere
607 907 890 974 accidisse
910 923 1038 963 eam
1062 909 1231 979 juxta
1253 907 1505 964 historiae
1531 909 1730 974 ﬁdem,
1745 909 1844 966 sed

196 994 251 1056 in
294 995 535 1068 signum
589 995 669 1052 rei
703 995 946 1056 alterius
973 996 1365 1067 praecessisse,
1397 1002 1452 1052 et
1483 997 1848 1069 subsequens

197 1084 562 1157 signiﬁcasse
591 1085 958 1156 mysterium.
981 1085 1128 1141 Nam
1151 1090 1208 1141 et
1234 1090 1319 1156 tu,
1345 1085 1446 1156 qui
1467 1087 1691 1142 vocaris
1713 1087 1849 1142 ﬁde-

198 1172 291 1244 lis,
323 1170 430 1246 qui
461 1173 752 1244 conspicis
785 1189 1006 1245 pacem,
1031 1173 1298 1230 Christus
1328 1175 1544 1246 quippe
1567 1191 1678 1246 pax
1709 1192 1849 1231 nos-

198 1265 289 1320 trs
317 1266 429 1332 est,
456 1261 519 1320 in
546 1260 873 1338 Jerusalem
895 1262 1298 1318 commoraris.
1324 1262 1382 1318 Si
1413 1267 1612 1320 autem
1640 1280 1846 1336 pecca-

196 1349 347 1418 veris
369 1349 739 1422 derelinquet
751 1355 806 1406 te
827 1350 1079 1406 visitatio
1102 1351 1293 1419 Dei,et
1314 1351 1563 1408 traderis
1582 1353 1847 1425 captivus

194 1439 754 1508 Nabuchodonosor,
771 1443 830 1498 et
857 1440 1109 1497 traditus
1130 1439 1362 1497 duceris
1383 1440 1440 1496 in
1467 1440 1842 1514 Babylonem.

192 1533 334 1596 Cum
365 1528 528 1596 enim
557 1528 804 1594 confusa
826 1529 1000 1586 fuerit
1020 1528 1221 1586 anima
1249 1533 1351 1585 tua
1377 1548 1410 1594 a
1438 1529 1617 1598 vitiis,
1641 1535 1698 1586 et
1718 1547 1846 1603 per-

192 1617 656 1683 turbationibus,
686 1617 997 1674 abduceris
1046 1617 1106 1674 in
1155 1618 1534 1692 Babylonem,
1566 1620 1846 1691 quoniam

194 1705 452 1776 Babylon
502 1707 752 1805 confusio
802 1705 1241 1778 interpretatur.
1273 1707 1393 1808 ξιτειί
1439 1724 1676 1765 rursum
1724 1726 1848 1781 poe-
1878 1742 1927 1808 B

195 1794 502 1852 nitentiam
547 1793 757 1866 egeris,
789 1797 848 1849 et
891 1809 998 1865 per
1042 1794 1479 1852 conversionem
1510 1797 1628 1852 veri
1659 1797 1850 1852 cordis

197 1882 658 1940 misericordiam
694 1882 790 1938 Dei
842 1881 1266 1954 impetraveris,
1296 1885 1552 1940 mittitur
1596 1885 1703 1944 tibi
1749 1887 1850 1943 Es-

194 1971 351 2043 .dras,
385 1972 490 2044 qui
521 1976 577 2028 te
604 1972 868 2040 reducat,
899 1975 957 2027 et
985 1972 1271 2028 aediﬁcare
1301 1974 1478 2030 faciat
1503 1974 1848 2031 Jerusalem.

195 2060 410 2116 Esdras
461 2060 681 2133 quippe
727 2059 1147 2131 interpretatur
1201 2061 1441 2133 adjutor,
1487 2066 1544 2118 et
1602 2063 1856 2120 mittitur

194 2148 299 2206 tibi
329 2149 574 2206 verbum
597 2151 837 2221 juvans,
863 2153 929 2205 ut
957 2151 1270 2208 revertaris
1292 2151 1350 2206 in
1382 2151 1629 2224 patriam
1665 2158 1853 2220 tuam,

195 2237 638 2298 Sacramentum
653 2241 746 2293 est
762 2243 818 2293 et
839 2238 895 2294 id
914 2237 1144 2308 quodin
1163 2238 1471 2312 aenigmate
1495 2245 1553 2296 et
1572 2239 1854 2297 aDaniele

198 2325 445 2396 dicitur,
475 2330 530 2384 et
561 2326 634 2382 ab
675 2325 955 2399 Apostolo
985 2327 1382 2384 abscondente
1430 2329 1648 2400 pariter
1677 2334 1734 2386 et
1765 2346 1854 2386 re-

196 2413 433 2476 velante
480 2420 795 2476 narratur:
839 2417 902 2478 In
947 2415 1118 2472 Adam
1163 2432 1350 2474 omnes
1389 2419 1680 2489 morimur,
1711 2422 1766 2476 et
1795 2420 1855 2474 in

197 2501 418 2558 Christo
459 2517 646 2558 omnes
699 2503 1047 2574 viviﬁcamur
1076 2505 1121 2572 (Ι
1155 2504 1275 2560 Cor.
1309 2505 1420 2576 xv).
1455 2505 1588 2561 Fuit
1639 2507 1855 2578 quippe

195 2590 383 2660 Adam
427 2589 486 2646 in
521 2591 813 2665 paradiso,
873 2591 973 2648 sed
1005 2608 1248 2665 serpens
1305 2593 1658 2666 captivitatis
1726 2596 1854 2666 ejus

194 2695 372 2736 causa
397 2679 644 2748 exstitit,
677 2684 735 2736 et
785 2680 938 2751 fecit,
974 2685 1039 2736 ut
1084 2680 1391 2753 ejiceretur
1419 2682 1542 2738 sive
1588 2683 1658 2738 de
1686 2675 1853 2740 Jeru-

194 2767 399 2840 salem,
431 2767 555 2824 sive
584 2769 656 2825 de
702 2769 998 2840 paradiso,
1030 2773 1089 2828 et
1133 2771 1356 2828 veniret
1381 2770 1440 2826 in
1471 2771 1665 2828 locum
1697 2771 1854 2828 hunc

194 2854 610 2929 lacrymarum.
637 2858 888 2930 Serpens
917 2858 1109 2916 hostis
1137 2862 1226 2915 est
1244 2860 1573 2917 contrarius
1603 2860 1852 2916 veritati.

196 2945 542 3010 Contrarias
573 2951 770 3004 autem
803 2964 921 3003 non
951 2964 986 3008 ιι
1017 2947 1302 3022 principio
1352 2954 1581 3004 creatus
1610 2953 1719 3016 est,
1753 2965 1854 3004 ne-

194 3051 307 3108 que
336 3034 543 3103 statim
565 3051 744 3109 super
773 3040 996 3108 pectus,
1025 3040 1083 3092 et
1104 3041 1364 3092 ventrem
1395 3054 1571 3094 suum
1595 3036 1856 3094 ambula-

1953 459 2079 531 (lsa.
2110 459 2247 531 xw).
2279 459 2450 516 Jesus
2497 459 2759 532 loquitur
2792 479 2804 516 :
2842 461 3097 517 Videbam
3126 461 3406 533 Satanam,
3439 465 3601 535 quasi

1951 550 2143 620 fulgur
2170 547 2236 603 de
2281 549 2412 605 ccelc
2459 549 2738 605 cadentem
2766 551 2913 620 (Luc.
2963 553 3211 622 xvui).ln
3261 569 3376 624 quo
3407 553 3600 612 ditl'ert

1955 638 2148 693 dicere
2175 636 2371 710 fulgur
2390 643 2491 693 aut
2515 637 2821 694 luciferum
2843 640 2914 695 de
2936 639 3075 696 caelo
3103 646 3366 696 ruentem
3389 641 3416 696 ‘l
3437 643 3600 708 Quod

1956 726 2026 782 ad
2058 737 2183 782 rem
2217 726 2484 798 pertinet,
2507 727 2701 782 omnis
2731 729 3113 784 consonantia
3135 731 3204 785 de
3229 732 3470 786 cadente
3491 737 3599 788 est.

1954 815 2109 870 Deus
2143 815 2360 886 quippe
2389 819 2634 870 mortem
2682 833 2794 871 non
2830 816 2984 883 fecit,
3016 835 3120 873 nec
3150 818 3431 875 malitiam
3467 837 3602 892 ope-

1955 906 2120 958 ratus
2151 907 2258 959 est.
2296 904 2569 970 Liberum
2601 905 2909 960 arbitrium
2929 911 2987 962 et
3016 907 3261 978 homini,
3293 914 3351 964 et
3379 909 3602 982 Angelo

1956 992 2028 1048 ad
2047 992 2319 1048 universa
2341 993 2730 1064 permisit.Hic
2741 995 2866 1063 jam
2884 994 3324 1066 intelligendum
3345 1002 3604 1071 est,quo-

1958 1080 2130 1136 modo
2163 1097 2263 1151 per
2291 1081 2515 1136 arbitrii
2548 1082 2897 1150 libertatem,
2924 1083 3020 1138 alii
3053 1085 3125 1140 ad
3156 1085 3446 1142 bonorum
3477 1105 3608 1144 con-

1956 1170 2287 1226 scenderint
2315 1170 2738 1237 summitatem,
2772 1172 2871 1227 alii
2901 1174 3227 1230 corruerint
3279 1175 3337 1230 in
3370 1175 3606 1232 malitiae

1956 1259 2341 1332 profundum.
2372 1260 2458 1314 Tu
2489 1275 2642 1330 vero,
2676 1259 2871 1330 homo,
2895 1277 3075 1334 quare
3101 1280 3218 1319 non
3249 1265 3336 1320 vis
3366 1265 3609 1322 arbitrio

1957 1351 2012 1402 te
2042 1352 2140 1402 tuo
2174 1347 2517 1403 derelictum
2547 1347 2575 1402 ‘l
2606 1349 2793 1413 Quare
2821 1366 2970 1422 aegre
3000 1351 3116 1406 fers
3160 1351 3286 1420 niti,
3320 1353 3608 1422 laborare,

1957 1437 2330 1504 contendere,
2359 1441 2414 1492 et
2445 1454 2548 1509 per
2577 1437 2730 1494 bona
2758 1455 2933 1510 Opera
2975 1439 3230 1512 teipsum
3261 1459 3501 1499 causam
3530 1445 3609 1517 (b)

1957 1528 2070 1579 tuae
2103 1525 2227 1580 ﬁeri
2261 1525 2512 1582 salutis?
2537 1530 2625 1581 An
2658 1527 2846 1599 magis
2875 1532 2930 1583 te
2971 1528 3279 1586 delectabit
3315 1532 3611 1589 dormien-

1955 1616 2094 1679 tem,
2145 1618 2202 1668 et
2251 1615 2311 1669 in
2365 1615 2480 1670 otio
2531 1615 2916 1672 constitutum
2967 1623 3181 1674 aeterna
3229 1620 3612 1693 prosperitate

1957 1701 2321 1774 requiescere
2357 1704 2386 1758 ?
2432 1705 2600 1759 Pater
2644 1721 2820 1770 meus,
2866 1706 3061 1778 inquit
3110 1709 3389 1766 Dominus
3435 1711 3611 1770 Jesus

1963 1791 2252 1859 Christus,
2286 1793 2614 1863 usquemodo
2661 1803 2938 1864 operatur,
2971 1803 3024 1851 et
3067 1812 3165 1865 ego
3211 1814 3403 1869 operor
3429 1800 3611 1872 (Joan.

1960 1880 2074 1951 xv);
2106 1885 2163 1935 et
2190 1880 2296 1937 tibi
2317 1882 2630 1953 displicent
2648 1882 2875 1954 operari
2898 1884 2998 1955 qui
3023 1885 3093 1940 ad
3116 1902 3292 1957 opera
3320 1892 3493 1944 natus
3514 1892 3616 1945 es?

1964 1968 2089 2026 Non
2118 1968 2207 2024 vis
2237 1985 2384 2040 opus
2417 1975 2584 2024 tuum
2616 1970 2743 2026 fieri
2765 1971 3088 2043 justitiam,
3121 1975 3488 2047 sapientiam,
3520 1994 3616 2034 ca-

1963 2057 2268 2112 stitatem'?
2292 2058 2418 2113 Non
2471 2059 2558 2115 vis
2605 2063 2776 2116 tuum
2824 2076 2973 2132 opus
3022 2077 3149 2120 esse
3190 2063 3614 2137 fortitudinem,

1967 2144 2234 2218 aliasque
2263 2147 2508 2203 virtutes
2529 2147 2556 2202 ἱ)
2587 2148 2770 2220 Igitur
2799 2149 2856 2205 in
2881 2151 3275 2222 captivitatem
3299 2154 3618 2221 ducuntur,

1963 2235 2066 2307 qui
2097 2240 2332 2306 propter
2363 2240 2600 2308 peccata
2629 2255 2739 2292 sua
2762 2237 3062 2296 servitutis
3093 2257 3356 2299 meruere
3386 2244 3620 2316 suppli-

1965 2323 2076 2380 cia.
2109 2325 2173 2379 Et
2203 2326 2350 2382 venit
2375 2326 2531 2381 Jesus
2555 2327 2805 2382 Christus
2827 2328 3137 2399 praedicare
3163 2333 3395 2401 captivis
3425 2335 3618 2390 remis-

1962 2414 2192 2481 sionem,
2225 2421 2276 2469 et
2306 2416 2463 2470 caecis
2493 2416 2668 2470 visum
2699 2419 2850 2483 (Luc.
2885 2417 2982 2488 ιν).
3009 2417 3118 2473 Iste
3149 2417 3365 2475 clamat
3394 2419 3498 2489 eis,
3519 2429 3618 2492 qui

1965 2504 2105 2556 sunt
2134 2500 2192 2554 in
2226 2501 2479 2557 vinculis
2517 2518 2530 2557 :
2565 2501 2945 2574 Egredimini,
2970 2509 3028 2560 et
3058 2504 3153 2575 iis,
3181 2506 3282 2577 qui
3312 2512 3623 2564 versantur

1963 2587 2023 2644 in
2052 2589 2314 2645 tenebris
2338 2607 2350 2645 :
2376 2591 2675 2645 Videte.Et
2698 2607 2806 2646 nos
2827 2591 3051 2648 fuimus
3075 2593 3134 2648 in
3154 2594 3404 2652 vinculis
3416 2613 3618 2667 pecca-

1961 2681 2177 2744 torum,
2206 2682 2263 2733 ct
2293 2695 2400 2734 nos
2447 2678 2762 2750 aliquando
2793 2682 3176 2737 versabamur
3223 2683 3282 2738 in
3331 2685 3612 2753 tenebris,

1964 2768 2273 2824 adversum
2301 2773 2551 2824 rectores
2566 2769 2941 2826 tenebrarum
2959 2770 3166 2826 mundi
3189 2771 3362 2828 istius
3382 2789 3617 2830 concer-

1963 2859 2156 2912 tantes
2191 2873 2202 2910 :
2233 2857 2392 2912 venit
2418 2856 2592 2913 Jesus
2621 2858 2888 2915 omnium
2934 2859 3350 2932 prophetarum
3380 2863 3620 2920 vocibus

1965 2944 2336 3016 przedicatus,
2363 2945 2564 3001 dicens
2594 2945 2788 3019 ligatis
2819 2965 2831 3003 :
2870 2947 3028 3003 Exite
3061 2965 3075 3004 :
3108 2953 3166 3004 et
3193 2950 3527 3007 constitutis
3557 2952 3619 3008 in

1966 3033 2224 3090 tenebris
2255 3050 2268 3089 :
2302 3035 2580 3106 Aspicite.
2613 3036 2674 3091 Si
2705 3040 2900 3092 autem
2921 3035 3009 3092 vis
3039 3037 3243 3094 audire
3261 3038 3618 3095 Ezechielem

189 3125 287 3194 vit,
324 3140 512 3196 neque
558 3123 673 3181 fuit
699 3124 774 3180 ab
823 3123 990 3181 initio
1042 3125 1410 3184 maledictus.
1441 3126 1623 3182 Sicuti
1654 3127 1841 3183 Adam
1871 3110 1916 3177 Ο
1959 3119 2151 3177 ﬁlium
2183 3121 2440 3179 hominis
2472 3123 2530 3178 in
2573 3124 2905 3195 captivitate
2955 3125 3394 3197 praedicantem,
3424 3132 3484 3184 et
3511 3129 3622 3186 iste
3707 3157 3709 3159 ι

193 3217 243 3270 et
261 3214 387 3274 Eva
415 3229 533 3274 non
555 3213 760 3269 statim
790 3217 853 3269 ut
875 3213 1010 3270 facti
1031 3215 1275 3287 sunt,(a)
1306 3232 1422 3272 non
1444 3221 1845 3287 peccaverunt:

193 3302 271 3359 ita
304 3306 364 3356 et
392 3317 636 3375 serpens
667 3301 779 3358 fuit
819 3301 1136 3376 aliquando
1185 3321 1300 3362 non
1332 3321 1592 3378 serpens,
1626 3322 1758 3361 cum
1789 3304 1850 3364 in

196 3391 468 3464 paradiso
499 3390 844 3452 deliciarum
898 3396 1245 3448 moraretur.
1280 3393 1442 3450 Unde
1493 3399 1696 3466 postea
1725 3410 1850 3450 cor-

197 3494 378 3539 ruens
425 3480 500 3536 ob
554 3483 792 3553 peccata
840 3481 1054 3538 meruit
1101 3481 1348 3542 audire:
1395 3483 1468 3538 Tu
1507 3484 1855 3554 signaculum

193 3568 822 3640 siniilitudinis,corona
849 3570 1062 3634 decoris
1094 3572 1154 3624 in
1173 3570 1441 3640 paradiso
1470 3573 1568 3628 Dei
1593 3576 1758 3630 natus
1772 3588 1852 3638 es,

193 3657 364 3715 donec
389 3659 616 3714 inventa
634 3667 715 3714 est
734 3660 1002 3730 iniquitas
1026 3661 1088 3714 in
1116 3667 1188 3729 te,
1208 3660 1513 3718 ambulasti
1535 3661 1859 3718 immacula-

196 3754 278 3810 ωδ
309 3747 371 3806 in
409 3747 666 3804 omnibus
695 3746 850 3816 884
881 3749 985 3804 uiis
1030 3750 1144 3804 tuis
1172 3750 1386 3818 (Ezech.
1415 3750 1598 3822 xvm).
1631 3750 1711 3805 De
1742 3767 1856 3822 quo

196 3835 380 3902 etiam
412 3835 516 3891 Job
547 3839 860 3902 memorat,
895 3835 1034 3906 quia
1061 3835 1122 3891 in
1141 3842 1458 3908 conspectu
1489 3837 1856 3909 omnipoten-

200 3923 280 3986 tis
317 3922 410 3980 Dei
455 3923 813 3998 superbierit
844 3940 858 3982 :
895 3923 1099 3982 Cecidit
1140 3927 1341 3998 quippe
1367 3925 1433 3981 de
1477 3927 1609 3983 caelo
1638 3928 1857 3998 lucifer,

199 4015 294 4085 qui
324 4028 480 4070 mane
527 4013 834 4084 oriebatur,
864 4015 1132 4070 contritus
1180 4023 1260 4070 est
1285 4031 1454 4086 super
1499 4019 1704 4071 terram
1732 4015 1860 4087 (Job

195 4102 295 4175 xi).
347 4101 488 4174 Vide
553 4101 999 4160 consonantiam
1047 4103 1368 4174 prophetici
1417 4103 1862 4178 Evangelicique

201 4190 510 4260 monis.
549 4190 875 4262 Prophetas
918 4189 1060 4247 dicit
1092 4209 1104 4247 :
1139 4191 1342 4249 Cecidit
1369 4192 1435 4248 de
1478 4194 1610 4251 calo
1641 4195 1860 4278 luci/er,

286 4299 342 4373 β)
373 4296 619 4354 Rectius
648 4296 786 4354 hinc
814 4313 1087 4356 amoveas
1117 4297 1361 4354 alteram
1388 4301 1641 4373 negandi
1675 4301 1860 4372 parti-

261 4298 342 4425 ςο)
373 4298 619 4354 Rectius
648 4298 786 4354 hinc
814 4313 1038 4353 amoves

201 4385 415 4443 suam,
451 4373 519 4443 ut
551 4385 763 4443 sensus
793 4373 1038 4443 constet.

205 4441 320 4568 ωἐὺ)
342 4439 691 4498 Ρίοωιιιεὶεεθ
713 4439 1310 4523 Origenem.Pelagio,
1337 4449 1537 4526 notum
1565 4458 1578 4496 :
1603 4447 1857 4514 suntque

276 4516 524 4568 eocaute
542 4527 676 4567 cum
709 4511 818 4567 hoc
841 4517 968 4567 tum
999 4512 1290 4568 eiusmodi
1322 4509 1436 4568 alia
1456 4529 1584 4568 eius
1613 4513 1857 4568 tenenda

276 4488 524 4569 ehcaute
542 4527 676 4567 cum
709 4488 968 4567 hocotum
999 4488 1436 4583 ejusmgdimlia
1456 4514 1584 4585 ejus
1613 4488 1858 4587 legeiida
1887 4488 1936 4556 D

203 4583 519 4725 “atmiis
553 4653 749 4779 ipsum
773 4652 1084 4722 Origenem
1101 4653 1283 4725 hujus
1299 4654 1850 4728 appellationis,qua

203 4731 305 4779 κατ’
333 4724 537 4779 ἐξογῆν
619 4723 842 4779 hristus
866 4725 1044 4779 Filius
1075 4724 1313 4779 hominis
1345 4727 1578 4779 dicitur.
1607 4744 1848 4779 causam

201 4723 537 4801 κατ’ἰξοχήν
571 4723 842 4782 Christus
866 4725 1044 4782 Filius
1075 4723 1313 4782 honiinis
1336 4723 1578 4793 dicitur,
1607 4723 1848 4784 causam

203 4795 617 4856 edisserentem
638 4792 698 4850 in
722 4803 1104 4856 commentar.
1121 4797 1178 4852 in
1215 4801 1262 4851 Μ
1268 4796 1544 4854 attbaaum
1569 4815 1848 4856 cao.xxu.

204 4817 617 4858 coisserentem
639 4817 698 4850 ιιι
722 4817 1104 4866 commentar,
1121 4817 1178 4852 in
1215 4817 1544 4854 maunwum
1569 4817 1848 4872 cap.xxu,

204 4881 267 4921 ex
302 4866 1078 4952 Latina‘interpretat‘ionej
1110 4867 1344 4952 ριξιιεᾳτη
1390 4872 1635 4952 reperire
1660 4887 1846 4952 possu-

202 4954 336 5012 mus,
361 4937 600 5012 Mter
627 4937 796 5012 quam
827 4937 942 5012 oiov
971 4941 1069 4992 τοῦ
1099 4938 1386 5010 ἀνθρώπυυ
1415 4937 1643 5010 (Filium
1660 4937 1848 4997 'homi-

200 5011 310 5080 nis)
472 5007 589 5094 ὺὶᾂν
618 5007 717 5066 toi
763 5007 1310 5094 dvadmou-(Eilium
1337 5007 1626 5094 hominis).
1645 5029 1702 5069 se
1731 5016 1851 5094 ipse

202 5088 485 5236 mea
508 5082 1374 5236 centesimam.
1394 5083 1850 5236 iuraris?

203 5229 316 5291 μιν,
333 5228 384 5280 et
405 5223 804 5351 fustiumme
831 5225 1061 5295 fortasse
1077 5225 1320 5294 efﬁcitur
1337 5242 1355 5280 :
1386 5223 1473 5281 ita
1501 5231 1554 5280 et
1574 5226 1846 5293 Servator,

203 5310 300 5351 om
343 5296 404 5350 Fi
428 5299 514 5351 ius
561 5295 658 5351 Dei
701 5295 880 5351 primo
925 5299 978 5350 et
1024 5297 1302 5351 praecipue
1328 5304 1424 5351 est.
1457 5299 1595 5351 Deus
1641 5313 1846 5351 auoaue

203 5310 300 5380 συθ
343 5295 524 5380 Filias.
561 5295 658 5362 υθέ
696 5295 894 5378 Prima.
925 5299 980 5378 et.
1020 5297 1302 5380 ριἰεείμιιε
1328 5304 1425 5380 εδει
1457 5299 1595 5380 De.“
1636 5313 1850 5380 θιέοςιςιε

205 5369 310 5449 est,
336 5375 392 5447 et
414 5369 588 5432 Filius
616 5369 820 5449 amoris
871 5369 1062 5448 ipsius,
1095 5375 1146 5423 et
1177 5369 1355 5449 imago
1383 5369 1482 5449 Dei
1529 5369 1844 5440 invisibilis,

205 5435 301 5522 ad.
324 5440 381 5492 έη
406 5437 637 5522 poan
899 5438 1016 5522 ipse
1038 5435 1315 5522 prmcipue
1341 5444 1438 5509 est,
1469 5456 1598 5522 non
1630 5435 1846 5522 parmai;

355 5513 429 5595 με.
631 5508 815 5595 "illius
831 5593 843 5595 A
859 5508 1430 5595 administrationem,
1454 5508 1771 5595 qui_hopw,_
1789 5513 1845 5569 in

207 5578 979 5667 29990153.,4icﬁurxnvea
1021 5583 1206 5667 eeo
1232 5583 1372 5650 Dm
1408 5578 1517 5667 et:
1547 5584 1721 5667 FW
1741 5578 1848 5667 "ie.-

211 5650 378 5710 nu'nis
403 5652 667 5727 efﬁcitur,
697 5649 968 5711 imitando
1012 5649 1216 5728 Deum,
1243 5649 1369 5713 cum
1414 5649 1657 5716 homines
1676 5649 1848 5727 regit,

1958 3212 2134 3282 typus
2165 3215 2288 3267 erat
2317 3211 2536 3268 Christi
2570 3228 2583 3267 :
2618 3213 2744 3269 Ideo
2771 3215 2985 3284 factum
3008 3219 3107 3284 est,
3139 3215 3241 3284 ait,
3267 3217 3625 3288 intrigesimo

1959 3313 2105 3358 anno
2135 3302 2191 3356 in
2219 3305 2412 3373 quarto
2443 3317 2646 3368 mense,
2681 3303 2743 3357 in
2771 3304 2966 3375 quinta
2994 3305 3215 3375 mensis,
3254 3309 3306 3362 et
3336 3321 3432 3377 ego
3469 3322 3624 3362 eram

1961 3389 2019 3444 in
2049 3390 2238 3445 medio
2279 3391 2614 3462 captivitatis
2641 3406 2793 3446 secus
2841 3393 3048 3460 ﬂumen
3081 3392 3312 3460 Chobar,
3341 3397 3393 3449 et
3437 3390 3626 3466 aperti

1961 3481 2088 3533 sunt
2117 3479 2259 3534 caeli.
2293 3479 2473 3536 Secus
2506 3479 2749 3535 ﬂuvium
2778 3496 2912 3552 ergo
2943 3479 3172 3538 Chobar
3200 3481 3461 3537 Ezechiel
3484 3499 3618 3539 cum

1961 3565 2204 3638 triginta
2232 3571 2386 3622 esset
2413 3583 2701 3624 annorum
2733 3572 2964 3640 apertos
3012 3567 3157 3624 vidit
3189 3567 3383 3624 caelos.
3417 3571 3482 3626 Et
3512 3572 3619 3626 Do-

1963 3655 2147 3710 minus
2159 3655 2308 3712 885
2330 3656 2360 3712 J
2367 3672 2488 3712 esus
2508 3655 2753 3711 Christus
2767 3657 3035 3726 incipiens
3053 3661 3171 3713 erat
3197 3659 3364 3728 quasi
3381 3661 3622 3728 triginta

1965 3760 2240 3800 annorum
2267 3761 2420 3800 secus
2446 3746 2679 3813 ﬂuvium
2703 3746 3030 3810 Jordanem,
3063 3748 3114 3800 et
3143 3747 3320 3816 aperti
3346 3756 3474 3804 sunt
3498 3749 3623 3804 caeli

1966 3835 2145 3904 (Joan.
2168 3851 2208 3901 ι;
2241 3834 2368 3887 Luc.
2405 3834 2512 3905 ιιι).
2549 3837 2612 3888 Et
2656 3849 2760 3904 per
2788 3849 3024 3889 omnem
3071 3833 3438 3907 prophetiam
3483 3838 3620 3894 Eze-

1967 3920 2140 3976 chieli
2170 3921 2388 3977 dicitur
2412 3937 2424 3977 :
2450 3923 2561 3977 Fili
2591 3923 2847 3978 hominis.
2865 3921 3004 3986 Quis
3025 3927 3220 3979 autem
3242 3923 3314 3997 (ε)
3337 3924 3497 3982 ﬁlius
3516 3925 3619 3982 ho-

1969 4010 2167 4078 minis,
2201 4015 2266 4066 ut
2306 4009 2590 4077 Dominus
2638 4027 2805 4066 meus
2832 4013 3003 4068 Jesus
3035 4012 3325 4069 Christus.
3359 4014 3620 4088 Respon-

1968 4099 2144 4156 deant
2161 4099 2304 4155 mihi
2317 4099 2783 4173 haeretici,(d)qui
2805 4099 3342 4158 nativitatemillius
3358 4109 3422 4161 ut
3433 4105 3618 4176 phan-

1967 4191 2159 4245 tasma
2186 4187 2452 4256 eludunt,
2469 4206 2650 4262 quare
2670 4189 2939 4245 Christus
2959 4189 3117 4247 tilius
3142 4190 3399 4248 hominis
3421 4193 3619 4266 appel-

1965 4297 2066 4371 qui
2093 4298 2154 4351 in
2172 4295 2472 4371 parabolis
2489 4297 2801 4371 appellatur
2827 4298 3004 4362 homo,
3035 4303 3088 4353 et
3116 4299 3304 4371 aliquo
3329 4299 3483 4354 modo
3498 4301 3618 4371 efﬂ-

1965 4369 2129 4442 aitur.
2162 4369 2268 4442 Nec
2296 4384 2428 4442 sane
2453 4369 2608 4425 homo
2628 4369 2836 4442 aliquis
2866 4369 3195 4442 quaerendus
3221 4375 3318 4440 est,
3341 4369 3620 4442 ipsiusque

1965 4439 2130 4512 ﬁlius
2172 4439 2431 4496 dicendus
2479 4445 2559 4512 est
2614 4439 2887 4505 Serbalor,
2929 4440 3024 4512 scd
3077 4441 3178 4495 hac
3236 4439 3618 4498 Dei'natione

1965 4510 2182 4582 stando,
2193 4516 2248 4584 et
2266 4510 2565 4584 parabolas
2581 4527 2706 4582 quae
2726 4513 2909 4582 ipsum
2930 4511 3203 4566 hominem
3227 4528 3337 4584 esse
3355 4514 3610 4584 sciscant,

1962 4583 2250 4708 sequendo,
2268 4583 2583 4654 prudenter
2625 4588 2679 4638 et
2732 4583 2887 4637 caule
2929 4583 3313 4654 intelligendus
3360 4592 3458 4652 est,
3487 4601 3615 4639 cum

1959 4655 2026 4709 Fi
2050 4656 2167 4709 ium
2195 4654 2441 4709 hominis
2469 4671 2527 4709 se
2555 4656 2672 4709 ipse
2699 4654 2964 4709 appellat.

2050 4656 2167 4709 ium
2195 4654 2441 4710 hominis
2469 4671 2527 4710 se
2555 4656 2672 4726 ipse
2699 4654 2964 4726 appellat.

2031 4797 2111 4869 (ά)
2141 4796 2286 4851 Cum
2317 4795 2650 4869 Docitarum
2672 4793 2953 4869 bieresim
3002 4799 3120 4850 tam
3154 4794 3612 4869 saepeOrigenes

1960 4865 2984 4938 insecteturelidatquevalidissimis
3001 4865 3610 4938 argume’ntis,m'irum

1959 4938 2132 5011 plane
2153 4942 2242 5011 est
2266 4937 2375 4994 hoc
2405 4938 2601 5010 ipsum
2623 4938 2708 4992 illi
2741 4939 3058 5008 objectum,
3076 4937 3236 5008 quod
3260 4939 3610 4994 ementitum

1959 5009 2171 5082 Christi
2198 5009 2506 5082 corpus,’et
2534 5011 2726 5082 specie
2749 5015 2919 5082 tenus
2940 5025 3249 5082 apparens,
3271 5027 3386 5066 non
3407 5026 3606 5082 verum

1958 5079 2788 5153 credideritfQuarta,'inquit
2836 5079 3189 5154 Pamphilus
3219 5080 3276 5134 in
3320 5080 3606 5154 apologis,

1957 5155 2292 5220 criminatio,
2315 5157 2432 5224 posl
2460 5154 2590 5207 istas
2610 5157 2704 5219 est,
2731 5166 2854 5224 quae
2877 5153 2998 5224 istis
3019 5153 3268 5207 omnibus
3288 5153 3612 5224 adversatur

1958 5225 2116 5294 (cceca
2147 5226 2295 5280 enim
2315 5220 2402 5278 ἐει
2432 5224 2668 5288 malitia)
2688 5220 2830 5294 quod
2857 5222 3046 5278 dicunt
3074 5239 3201 5278 eum
3228 5224 3414 5280 dicere
3445 5220 3609 5294 δοκή-

1959 5315 2058 5366 σει,
2093 5297 2155 5351 id
2193 5304 2292 5366 est,
2321 5297 2564 5366 putative
2609 5299 2846 5359 tantum,
2879 5299 2931 5350 et
2958 5309 3070 5366 per
3123 5296 3448 5366 allegoriam
3500 5313 3610 5353 non

1959 5365 2128 5422 etiam
2154 5365 2456 5423 secundum
2484 5383 2568 5436 ea,
2601 5381 2728 5437 quae
2754 5369 2920 5432 iuxta
2950 5365 3245 5420 historiam
3265 5370 3606 5438 referuntur,

1962 5444 2113 5509 gesta
2141 5454 2254 5494 esse
2281 5441 2485 5504 omnia,
2517 5452 2644 5510 quae
2671 5454 2712 5510 ᾳ
2755 5437 3032 5492 Saluatore
3062 5437 3376 5510 gestasunl.
3411 5439 3610 5510 Neque

1961 5508 2117 5565 enim
2149 5510 2377 5565 decedit
2405 5528 2440 5566 a
2482 5508 2616 5565 vero
2645 5508 2805 5580 alibi.
2838 5514 3037 5580 Opera;
3085 5508 3337 5579 pretium
3367 5515 3458 5566 est
3486 5508 3606 5567 suis

1959 5579 2156 5654 ipsum
2175 5579 2823 5665 tidejussqremaudire,
2838 5578 2964 5665 tum
2981 5578 3115 5638 aliis
3131 5581 3420 5665 sexaentis
3437 5581 3604 5665 locis,

1958 5650 2094 5711 c'um
2126 5650 2414 5727 precipue
2445 5651 2646 5713 bomil.
2678 5653 2748 5711 14
2774 5650 2836 5712 in
2869 5653 3087 5712 Lucam
3118 5666 3188 5711 ex
3215 5650 3606 5726 ejusdemmet
