3960 6172
406 304 526 372 699
1658 304 1721 365 S.
1769 303 1970 369 EUSE

2248 305 2565 370 IRONYMl
3692 300 3812 372 τοο

402 440 559 501 latur
582 440 611 497 ?
639 439 755 514 Ego
785 438 1015 498 afﬁrmo
1041 439 1228 497 filium
1248 438 1505 497 hominis
1525 456 1661 498 eum
1684 440 2048 500 fuisse.Nam
2077 439 2134 507 Α
2161 457 2267 497 nos
2295 440 2613 499 Januarius
2642 442 3035 513 nuncupatur,
3059 438 3422 515 baptismum
3455 438 3697 499 Domini
3728 441 3808 501 ta-

402 531 498 602 qui
514 531 1820 604 passionesassumpsithumanas,necesseest
1839 538 2046 589 utante
2157 535 2318 588 ctum
2350 547 2479 588 esse
2514 530 3056 604 cognoscimus,qui
3089 534 3179 587 est
3207 530 3429 587 mensis
3460 534 3711 602 quartus
3740 534 3809 589 ab

397 620 728 693 passionem
743 620 1069 694 susceperit
1081 620 1459 677 nativitatem.
1475 621 1674 693 Neque
1686 622 1839 677 enim
1860 624 2047 695 potuit

396 708 687 767 humanos
735 710 999 777 affectus,
1030 711 1223 778 verba,
1275 711 1748 777 consuetudines,
1788 728 2041 779 crucem,

394 802 641 856 mortem
659 801 935 872 recipere,
955 799 1002 856 si
1034 816 1148 854 non
1174 799 1451 872 reciperet
1469 800 1855 856 humanitatis
1874 818 2042 857 exor-

394 889 578 945 dium.
598 891 670 945 Et
697 906 1061 961 consequens
1092 888 1600 956 erat,nativitatem
1623 890 1751 961 ejus
1774 890 2040 946 auferen-

395 983 502 1050 tes,
536 981 832 1035 auferrent
876 979 1051 1034 etiam
1089 979 1445 1050 passionem,
1478 982 1535 1034 et
1582 978 1925 1050 simpliciter
1954 981 2040 1035 di-

391 1084 521 1123 cere
548 1084 561 1122 :
606 1068 730 1123 Non
763 1072 852 1123 est
898 1067 1212 1123 crucifixus
1241 1068 1433 1123 Jesus.
1466 1068 1632 1122 Nunc
1653 1084 1787 1123 vero
1808 1086 2036 1124 crucem

390 1156 705 1223 confiteris,
725 1160 781 1211 et
810 1174 922 1212 non
948 1156 1265 1211 erubescis.
1287 1156 1504 1211 Judeis
1529 1156 1870 1211 scandalum
1896 1175 2037 1229 pras-

389 1246 552 1302 dicas
601 1246 964 1313 crucifixum,
997 1252 1055 1301 et
1083 1246 1356 1317 gentibus
1401 1244 1708 1300 stultitiam
1742 1246 1787 1317 (Ι
1819 1246 1938 1301 Cor.
1972 1248 2036 1318 1),

387 1338 446 1390 et
469 1333 667 1390 minus
698 1334 1041 1390 scandalum
1075 1335 1346 1405 passione
1378 1334 1465 1389 vel
1500 1340 1707 1400 morte,
1741 1335 2035 1391 erubescis

388 1423 748 1479 nativitatem
778 1423 905 1494 ejus
926 1422 1210 1479 confiteri.
1235 1423 1526 1479 Nimirum
1558 1424 1755 1479 minus
1777 1424 2034 1480 scandali

385 1516 493 1580 est,
526 1512 730 1567 Jesum
781 1517 984 1567 natum
1035 1512 1237 1579 fuisse,
1272 1528 1449 1584 quam
1503 1517 1823 1578 mortuum,
1855 1518 1955 1569 aut
1984 1515 2032 1570 si

385 1600 729 1657 scandalum
761 1600 1093 1656 Christiana
1122 1601 1267 1657 fides
1299 1605 1692 1671 non_veretur,
1727 1618 1832 1656 cur
1861 1602 2034 1657 times

383 1689 573 1745 dicere
600 1690 851 1755 minora,
886 1690 985 1762 qui
1019 1691 1124 1761 [Αι.
1159 1690 1318 1761 quia]
1351 1691 1574 1761 majora
1602 1707 1784 1746 ausus
1812 1708 1876 1746 es
1896 1708 2033 1746 con-

384 1779 534 1834 fiteri
550 1778 579 1833 ?
605 1779 929 1834 Prsesertim
953 1796 1086 1833 cum
1106 1778 1380 1834 nativitas
1408 1778 1567 1834 illius
1584 1796 1698 1834 non
1721 1796 1789 1834 ex
1810 1779 2032 1836 semine

380 1868 510 1937 viri,
543 1872 600 1922 et
629 1867 896 1923 mulieris
934 1883 1138 1923 somno
1170 1867 1533 1923 convenienti
1562 1883 1691 1922 esse
1740 1868 2028 1935 credatur,

383 1957 481 2012 sed
501 1958 674 2027 juxta
694 1955 992 2027 propheta?
1007 1954 1306 2027 eloquium
1328 1955 1577 2011 dicentis
1600 1972 1613 2009 :
1647 1957 1776 2011 Ecce
1796 1958 1950 2025 virgo
1972 1959 2032 2012 in

381 2049 536 2101 utero
581 2046 846 2117 concipiet
897 2053 948 2100 et
970 2046 1149 2115 pariet
1177 2045 1381 2116 ﬁlium,
1414 2053 1464 2101 et
1508 2045 1790 2101 vocabitur
1836 2061 2028 2101 nomen

380 2135 498 2202 eius
544 2134 867 2189 Emmanuel
916 2133 1065 2205 (Isai.
1105 2134 1225 2205 vn).
1260 2134 1376 2189 Hoc
1426 2133 1581 2205 quod
1633 2132 1865 2199 dicitur,
1896 2136 2028 2189 Em-

378 2223 747 2292 manuel,non
779 2239 963 2278 unum
996 2239 1207 2279 nomen
1240 2222 1538 2287 sonat,sed
1569 2238 1689 2277 rem
1714 2222 2025 2295 significat.

378 2312 737 2368 Adveniente
774 2312 989 2384 quippe
1034 2312 1197 2381 Jesu,
1232 2311 1503 2382 dicimus,
1535 2312 1815 2367 nobiscum
1845 2314 2028 2368 Domi-

377 2418 502 2456 nus.
535 2400 659 2456 Non
698 2401 913 2455 frustra
941 2417 1078 2471 ergo
1107 2401 1168 2455 in
1199 2399 1501 2473 trigesimo
1537 2417 1691 2456 anno
1722 2400 2029 2472 prophetat

376 2488 657 2546 Ezechiel.
690 2490 836 2544 Nam
864 2493 921 2544 et
950 2505 1159 2545 nomen
1183 2490 1313 2560 ejus
1346 2489 1533 2561 figura
1564 2488 1779 2544 Christi
1807 2493 1915 2545 est.
1935 2491 2027 2544 ln-

374 2579 729 2648 terpretatur
759 2576 976 2648 quippe
1025 2576 1305 2642 Ezechiel,
1338 2578 1637 2644 imperium
1668 2578 1769 2631 Dei
1800 2593 1811 2631 :
1847 2577 2027 2647 impe-

375 2664 531 2720 rium
558 2668 753 2719 autem
780 2664 879 2719 Dei
903 2663 1100 2719 nullus
1125 2668 1213 2719 est
1229 2663 1339 2718 nisi
1361 2663 1631 2719 Christus
1650 2663 1848 2719 Jesus.
1871 2663 2025 2719 886

378 2753 557 2808 Filius
601 2769 835 2824 quoque
881 2752 1018 2808 Buzi
1050 2752 1346 2818 scribitur,
1381 2753 1536 2823 quod
1587 2753 2023 2823 interpretatur,

372 2844 724 2912 contemptus.
760 2841 819 2896 Si
871 2840 1071 2896 venias
1120 2842 1192 2895 ad
1235 2840 1555 2909 haereticos,
1586 2845 1643 2896 et
1671 2840 1874 2896 audias
1924 2858 2025 2898 eos

374 2933 736 3002 spernentes,
770 2934 827 2985 et
872 2946 976 3001 pro
1021 2928 1209 2984 nihilo
1256 2931 1532 2985 ducentes
1581 2929 1932 2997 Creatorem,
1966 2935 2024 2986 et

372 3020 616 3087 insuper
643 3018 819 3073 etiam
854 3018 1252 3084 criminantes,
1283 3019 1509 3075 videbis
1521 3019 1693 3089 juxta
1722 3018 1853 3074 illos
1885 3034 2021 3075 con-

369 3106 749 3179 temptissimi
771 3106 1058 3163 Creatoris
1076 3106 1286 3163 Filium
1302 3107 1613 3163 Dominum
1638 3112 1905 3164 nostrum
1931 3109 2024 3165 Je—

2154 636 2306 677 anno
2324 638 2469 677 novo
2487 622 2656 693 juxta
2676 620 3149 692 supputationem
3173 621 3656 676 HebreorumEt
3677 621 3813 694 quia

2152 711 2223 766 de
2252 716 2505 782 quatuor
2533 709 2839 767 elementis
2869 709 3075 765 mundi
3105 708 3436 765 subsistens
3475 726 3697 782 corpus
3728 728 3810 767 as-

2152 804 2505 871 sumpserat,
2539 799 2827 871 recipiens
2856 798 3035 854 etiam
3085 814 3296 854 sensus
3327 798 3652 864 humanos,
3684 800 3808 857 ideo

2152 889 2394 944 forsitan
2426 893 2481 944 et
2513 888 2571 942 in
2603 891 2812 959 quarto
2856 903 3080 956 mense,
3108 892 3167 942 et
3195 887 3343 943 88⁸1
3379 887 3440 943 in
3475 887 3691 959 quinto
3721 889 3807 944 die

2151 978 2370 1032 mensis
2403 980 2491 1051 est
2522 977 2769 1031 intuitus
2797 975 3104 1032 visionem.
3130 980 3194 1032 Et
3221 992 3318 1044 ego
3346 992 3503 1032 eram
3534 979 3602 1031 in
3630 978 3806 1034 medio

2146 1067 2497 1137 captivitatis.
2556 1065 2799 1121 Videtur
2842 1064 2986 1119 mihi
3016 1064 3280 1120 ironicibs
3305 1065 3531 1120 dictum
3567 1082 3584 1120 :
3617 1067 3688 1121 Et
3711 1083 3803 1135 ego

2148 1171 2299 1209 eram
2319 1157 2380 1209 in
2393 1155 2571 1210 medio
2591 1154 3023 1225 captivitatis.Et
3051 1169 3179 1225 ego,
3211 1152 3379 1225 quasi
3396 1153 3448 1208 si
3469 1146 3639 1209 dic'at
3640 1155 3804 1225 juxta

2146 1243 2452 1300 historiam
2477 1243 2717 1315 quidem
2750 1242 3117 1314 propheta,et
3145 1257 3250 1315 ego
3284 1243 3382 1314 qui
3405 1259 3523 1298 non
3558 1244 3805 1299 tenebar

2143 1331 2202 1387 in
2236 1332 2488 1405 peccatis
2510 1330 2904 1405 populi,eram
2928 1332 2988 1386 in
3012 1330 3203 1386 medio
3232 1331 3592 1403 captivitatis
3612 1349 3625 1387 :
3636 1334 3804 1403 juxta

2144 1420 2481 1493 allegoriam
2528 1425 2723 1475 autem
2772 1419 3062 1485 Christus,
3092 1424 3151 1475 et
3177 1436 3283 1492 ego
3330 1420 3462 1476 veni
3492 1421 3558 1476 in
3610 1419 3803 1477 locum

2142 1510 2515 1583 captivitatis,
2546 1511 2673 1566 veni
2706 1511 2777 1566 ad
2810 1525 2909 1565 eos
2940 1510 3110 1574 fines,
3133 1509 3235 1565 ubi
3265 1511 3433 1581 servi,
3459 1510 3566 1566 ubi
3590 1511 3801 1583 captivi

2141 1599 2769 1655 detinebantur.llabes
2798 1596 3471 1655 istiusmodiSalvatoris
3495 1600 3697 1655 nostri
3716 1617 3805 1657 vo-

2141 1704 2237 1744 ces
2258 1688 2317 1743 in
2345 1686 3059 1760 Prophetis,indignantis,
3081 1686 3219 1759 quia
3240 1704 3355 1743 non
3377 1687 3677 1744 faciamus
3699 1688 3801 1745 ho-

2140 1777 2329 1832 mines
2358 1777 2538 1849 digna
2558 1776 2997 1849 dispensatione
3016 1777 3168 1847 ejus,
3188 1780 3247 1832 et
3275 1777 3527 1832 maxime
3550 1793 3688 1845 nos,
3703 1778 3801 1849 qui

2140 1866 2199 1922 in
2228 1883 2362 1922 eum
2395 1871 2671 1938 putamur
2722 1865 2975 1921 credere.
3006 1865 3159 1920 Dicit
3189 1864 3407 1938 quippe
3434 1866 3507 1921 ad
3562 1865 3798 1922 Patrem

2139 1972 2314 2012 suum
2347 1973 2360 2011 :
2395 1957 2523 2023 Qum
2553 1956 2774 2010 utilitas
2801 1956 2864 2009 in
2891 1956 3160 2026 sanguine
3188 1970 3328 2022 meo,
3358 1955 3489 2009 dum
3528 1954 3801 2012 descendo

2138 2046 2201 2100 in
2214 2046 2619 2115 corruptionem
2638 2045 2667 2097 ?
2695 2043 2974 2115 Numquid
2989 2042 3338 2104 conﬁtebitur
3354 2042 3463 2097 tibi
3482 2044 3801 2114 putvis,aut

2137 2133 2493 2189 annuntiabil
2551 2135 2834 2188 veritatem
2889 2136 3043 2187 tuam
3089 2132 3261 2203 (Psal.
3312 2131 3494 2201 xxxx).
3551 2132 3795 2188 Invenio

2137 2236 2369 2294 quoque
2398 2226 2454 2277 et
2481 2221 2655 2277 aliam
2679 2220 3012 2276 istiusmodi
3033 2236 3255 2286 vocem,
3278 2236 3402 2292 quae
3427 2236 3497 2276 ex
3527 2220 3797 2277 Salvato-

2137 2312 2217 2367 ris
2229 2311 2414 2368 nostri
2436 2327 2686 2383 persona
2702 2310 2916 2365 dicitur
2940 2326 3043 2382 per
3063 2309 3405 2382 prophetam
3428 2315 3795 2381 quaerentem

2136 2400 2364 2456 animas
2386 2399 2592 2467 plenas
2614 2398 2879 2471 justitiae,
2899 2398 3104 2469 plenas
3126 2414 3407 2453 sensuum
3428 2398 3794 2467 divinorum,

2135 2489 2337 2561 plenas
2367 2492 2704 2544 sanctorum
2723 2489 3117 2557 fructuum,et
3147 2489 3502 2558 quaerentem
3529 2487 3800 2543 veritatis

2132 2595 2297 2634 veros
2327 2578 2546 2645 botros,
2567 2576 2669 2632 sed
2692 2575 3083 2632 invenientem
3114 2573 3405 2646 plurimos
3427 2580 3799 2647 peccatores,

2133 2672 2190 2724 et
2239 2668 2524 2723 inferaces
2572 2667 2883 2733 bonorum,
2913 2669 2970 2721 et
3017 2665 3231 2721 idcirco
3286 2664 3578 2720 dicentem
3623 2681 3637 2719 :
3675 2670 3803 2722 Heu

2129 2756 2291 2825 mihi,
2323 2758 2454 2830 quia
2497 2758 2671 2828 factus
2712 2771 2840 2811 sum
2867 2756 3009 2811 sicut
3054 2756 3150 2827 qui
3194 2754 3403 2825 colligit
3429 2754 3709 2825 stipulam
3739 2757 3802 2810 in

2129 2862 2319 2913 messe,
2348 2850 2400 2901 et
2427 2847 2568 2901 sicut
2585 2860 2824 2901 racemos
2852 2845 2911 2900 in
2941 2843 3236 2913 vindemia,
3258 2843 3329 2899 ad
3358 2858 3523 2913 quam
3558 2859 3677 2899 non
3697 2860 3798 2900 su-

2124 2937 2298 3007 persit
2338 2937 2525 2991 botrus
2553 2934 2628 2989 ad
2653 2933 3097 2989 manducandum
3139 2933 3450 3003 primitiva.
3496 2932 3619 2988 Heu
3647 2934 3803 2989 mihi

2130 3024 2322 3094 (Mich.
2352 3023 2472 3094 vn).
2508 3023 2672 3089 Quod
2706 3022 2939 3088 dicitur,
2955 3023 3062 3077 heu
3088 3022 3249 3089 mihi,
3283 3037 3397 3077 non
3431 3026 3520 3076 est
3551 3019 3796 3093 pnimo-

2128 3112 2306 3186 geniti
2340 3111 2516 3167 totius
2547 3116 2844 3179 creaturas,
2881 3127 2995 3167 non
3043 3114 3136 3167 eat
3162 3109 3485 3166 divinitatis
3513 3126 3647 3179 vox,
3686 3112 3792 3167 sed

370 3212 503 3252 sum
534 3194 851 3252 Christum.
883 3196 1044 3259 Quod
1075 3195 1124 3251 si
1157 3195 1292 3267 quis
1321 3194 1725 3265 reluctatur,et
1754 3212 1866 3252 non
1892 3196 2017 3252 vult
2045 3185 2088 3251 C
2126 3185 2396 3257 humanae
2426 3200 2656 3268 animae,
2690 3216 2869 3272 quam
2899 3199 3173 3272 suscepit,
3206 3199 3362 3254 unde
3410 3198 3590 3254 infert
3622 3215 3636 3254 :
3675 3202 3795 3256 Heu

367 3284 508 3351 haec,
542 3300 670 3356 qum
701 3283 1101 3356 exposuimus,
1134 3283 1298 3356 quasi
1331 3284 1692 3356 prophetiam
1737 3285 2015 3357 recipere,

367 3388 623 3445 quaram
656 3360 729 3429 ab
759 3388 826 3429 eo
856 3390 960 3429 cur
985 3372 1269 3445 scriptum
1300 3376 1409 3437 est,
1443 3372 1500 3428 in
1534 3372 1834 3446 trigesimo
1866 3392 2018 3431 anno

364 3462 493 3518 vitae
524 3462 836 3519 Ezechielis
864 3467 1095 3535 apertos
1126 3462 1307 3519 fuisse
1337 3461 1531 3530 ctelos,
1565 3468 1622 3518 et
1645 3462 1859 3519 vidisse
1882 3480 2016 3520 eum

364 3568 465 3609 eae
507 3552 781 3620 visiones,
814 3569 942 3625 qua:
974 3552 1032 3607 in
1086 3550 1235 3607 libro
1267 3552 1393 3622 ejus
1440 3552 1834 3608 continentur.
1868 3552 2014 3617 Quid

363 3642 509 3697 mihi
532 3643 767 3714 prodest
785 3658 1073 3697 annorum
1098 3657 1403 3711 numerus,
1428 3640 1537 3696 nisi
1561 3640 1669 3696 hoc
1688 3646 1751 3696 ut
1767 3641 2011 3710 discam,

361 3730 662 3804 trigesimo
680 3748 833 3787 anno
859 3736 915 3787 et
936 3730 1305 3800 Salvatori,et
1327 3729 1619 3801 prophetae
1642 3730 1816 3786 cmlos
1834 3731 2015 3788 fuisse

361 3826 651 3877 reseratos
681 3825 740 3876 et
781 3819 1145 3893 spiritalibus
1189 3818 1477 3891 spiritalia
1522 3835 1891 3891 comparans,
1925 3837 2015 3876 co-

360 3925 643 3981 gnoscam
676 3909 971 3974 universa,
1004 3926 1131 3979 quae
1164 3909 1382 3980 scripta
1413 3912 1572 3977 sunt,
1590 3908 1851 3977 ejusdem
1886 3925 2015 3965 esse

361 3997 459 4051 Dei
492 4012 793 4053 sermones
814 3997 842 4051 ?
874 3999 1086 4068 Quippe
1114 3997 1279 4052 verba
1306 3998 1642 4067 sapientium
1689 4006 1750 4052 ut
1775 3999 2009 4070 stimuli,

359 4084 411 4136 et
421 4085 581 4152 quasi
606 4084 751 4137 clavi
770 4085 829 4138 in
850 4085 1028 4139 altum
1046 4084 1258 4153 conﬁxi
1278 4086 1410 4156 quia
1429 4086 1879 4155 compugentibus
1897 4085 2015 4141 dati

358 4177 486 4225 sunt
516 4187 551 4225 a
601 4173 818 4239 pastore
862 4187 973 4227 uno
1002 4172 1168 4242 (Eccl.
1198 4176 1318 4239 xu).
1354 4173 1469 4243 Ego
1498 4176 1556 4228 et
1596 4172 1705 4228 hoc
1736 4174 1890 4243 quod
1923 4173 2009 4228 di-

358 4255 530 4325 citur,
560 4260 619 4314 in
650 4267 852 4329 quarto
880 4275 1083 4327 mense,
1110 4262 1307 4331 quinta
1338 4263 1556 4326 mensis,
1564 4261 1737 4331 juxta
1759 4247 2009 4332 possibi-

357 4344 581 4403 litatem
622 4363 831 4403 sensus
880 4348 993 4404 mei
1036 4347 1416 4420 investigans,
1450 4363 1653 4419 precor
1693 4365 1728 4403 a
1780 4350 1911 4414 Deo,
1945 4355 2011 4405 ut

355 4435 617 4509 idipsum
643 4435 1233 4509 possimintelligere,
1251 4437 1403 4509 quod
1418 4436 1853 4507 Scripturarum
1880 4438 2008 4508 ejus

2124 3291 2285 3361 mihi,
2308 3291 2500 3345 animo
2528 3304 2670 3354 mea,
2687 3290 2819 3361 quia
2831 3290 3001 3360 periit
3027 3295 3299 3344 revertens
3327 3304 3363 3343 a
3391 3295 3538 3343 terra
3562 3305 3577 3343 :
3608 3292 3664 3344 et
3692 3294 3796 3360 qui

2124 3380 2367 3449 corrigat
2396 3380 2543 3434 inter
2584 3377 2828 3434 homines
2857 3393 2969 3432 non
3013 3380 3113 3432 est.
3146 3375 3362 3431 Omnes
3390 3374 3451 3430 in
3490 3378 3794 3449 sanguine

2116 3466 2481 3538 judicantur,
2510 3459 2922 3537 unusquisque
2946 3464 3274 3538 proximum
3299 3480 3474 3529 suum
3504 3464 3785 3521 tribulat.

2128 3555 2253 3610 Haec
2280 3555 2498 3610 idcirco
2520 3558 2841 3611 memorata
2872 3556 3031 3617 sunt,
3054 3552 3195 3625 quia
3224 3552 3304 3607 ait
3333 3551 3651 3623 prophetes
3676 3570 3692 3608 :
3718 3557 3793 3611 Et

2121 3658 2215 3715 ego
2242 3655 2399 3699 eram
2428 3645 2489 3699 in
2515 3644 2696 3699 medio
2721 3643 3064 3714 captivitatis
3083 3643 3253 3713 juxta
3275 3640 3473 3713 ﬂumen
3495 3640 3728 3697 Chobar
3769 3661 3785 3700 :

2124 3733 2278 3804 quod
2332 3733 2749 3805 interpretatur
2801 3731 3109 3803 gravitudo.
3168 3729 3364 3787 Gravis
3416 3732 3614 3784 autem
3681 3738 3794 3788 est

2121 3821 2302 3894 hujus
2331 3820 2527 3878 saeculi
2559 3820 2788 3887 ﬂuvius,
2822 3821 2975 3877 sicut
3003 3823 3059 3876 et
3105 3819 3244 3875 alibi
3278 3822 3493 3875 sacrate
3523 3816 3790 3876 dicitur.

2123 3911 2193 3966 Et
2213 3912 2384 3982 juxta
2400 3908 2702 3981 simplices
2723 3925 2953 3981 quoque
2983 3907 3288 3964 historiam
3310 3906 3591 3981 explicat:
3608 3909 3791 3978 juxta

2120 4014 2219 4055 eos
2236 3998 2493 4069 vero,qui
2507 3997 2847 4069 spiritaliter
2857 3997 3191 4069 Scripturas
3210 3995 3558 4064 audiunt,de
3570 3997 3784 4054 anima

2120 4087 2432 4159 signiﬁcat,
2464 4104 2590 4155 quae
2613 4088 2671 4142 in
2701 4086 2829 4141 vitae
2855 4086 3028 4142 istius
3050 4085 3321 4141 inciderit
3346 4084 3641 4141 turbines.
3664 4090 3784 4143 Su-

2113 4190 2213 4245 per
2253 4176 2490 4244 ﬂumina
2522 4175 2817 4246 Babylonis
2846 4175 2927 4229 ibi
2964 4175 3222 4245 sedimus,
3255 4176 3308 4230 et
3334 4175 3610 4245 ﬂevimus,
3641 4174 3785 4231 dum

2117 4262 2536 4318 recordaremur
2565 4263 2697 4319 Sion
2729 4279 2741 4318 :
2777 4265 2840 4319 in
2867 4264 3150 4333 salicibus,
3180 4263 3242 4319 in
3288 4263 3470 4319 medio
3495 4267 3624 4335 ejus
3649 4280 3784 4320 sus-

2115 4351 2409 4420 pendimus
2455 4367 2665 4423 organa
2708 4360 2915 4421 nostra,
2957 4353 3091 4423 quia
3116 4352 3242 4407 illic
3288 4353 3785 4423 interrogaverunt

2114 4455 2232 4510 nos,
2273 4442 2370 4510 qui
2399 4443 2637 4511 captivos
2665 4441 2943 4497 duxerunt
2989 4440 3140 4497 888
3170 4456 3290 4508 nos,
3322 4441 3485 4497 verba
3531 4444 3784 4498 cantico-

355 4522 1791 4622 congruitvoluntati.NovusannusimminetjamJ
1803 4524 2005 4593 udmis,
2037 4558 2083 4622 Β
2114 4546 2240 4584 rum
2268 4529 2381 4603 (Ps.
2414 4530 2659 4601 cxxxvn).
2685 4530 2803 4585 Ista
2823 4532 2964 4585 sunt
2985 4528 3230 4586 ﬂumina
3251 4528 3788 4603 Babylonis,juxta

353 4617 411 4669 et
440 4614 669 4685 primus
699 4613 921 4671 mensis
951 4614 1106 4686 apud
1136 4630 1235 4670 eos
1266 4630 1300 4668 a
1328 4612 1462 4668 novi
1493 4612 1631 4667 anni
1661 4617 2004 4669 numeratur
2037 4612 2078 4622 ”
2113 4635 2240 4691 quae
2271 4618 2563 4681 sedentes,
2596 4621 2653 4672 et
2683 4616 3124 4674 reminiscentes
3146 4618 3345 4690 patrita
3375 4616 3655 4685 celestis,
3676 4618 3785 4675 lu-

353 4702 609 4759 exordio.
633 4702 840 4775 Agitur
863 4706 1059 4759 autem
1088 4702 1307 4775 pascha
1328 4702 1401 4757 de
1422 4717 1666 4756 numero
1688 4702 1818 4757 novi
1841 4702 1998 4759 anni.

353 4793 701 4863 Principium
731 4794 1004 4848 mensium
1032 4793 1133 4848 iste
1159 4792 1308 4847 vobis
1334 4793 1442 4847 erit
1472 4791 1533 4845 in
1559 4792 1834 4847 mensibus
1864 4793 2003 4847 anni

353 4878 545 4951 (Exod.
578 4881 701 4953 an).
750 4882 835 4937 Ab
883 4880 995 4938 hoc
1043 4898 1197 4937 anno
1238 4897 1482 4937 numera
1530 4878 1673 4935 mihi
1726 4883 2001 4951 quartum

352 4982 640 5039 mensem,
672 4974 729 5027 et
759 4968 1021 5043 intelligo
1058 4969 1422 5042 baptizatum
1470 4970 1669 5025 Jesum
1702 4968 1760 5024 in
1792 4975 2001 5042 quarto

352 5068 555 5112 mense
584 5057 717 5113 novi
747 5059 906 5115 anni.
929 5060 1009 5115 Eo
1038 5059 1196 5116 enim
1221 5075 1446 5125 mense,
1470 5058 1573 5129 qui
1603 5058 1759 5131 apud
1784 5059 2001 5116 Roma-

349 5284 689 5361 Hieronymi
713 5287 1189 5361 interpretatione
1220 5304 1235 5343 :
1265 5290 1420 5361 Iesus
1447 5290 1565 5343 erat
1593 5286 1817 5343 indutus
1846 5293 1999 5347 vesti-

350 5358 450 5411 bus
481 5358 738 5433 sordidis.
771 5358 920 5427 Quod
950 5362 1163 5432 quidem
1213 5364 1264 5415 et
1299 5360 1558 5433 adversus
1587 5374 1683 5433 eos
1719 5362 1873 5429 facit,
1905 5365 2002 5433 qui

346 5431 572 5503 negant
586 5430 876 5503 Dominum
902 5430 1176 5497 nostrum,
1192 5434 1495 5486 humanum
1515 5430 1765 5487 habuisse
1783 5430 1996 5503 corpus,

346 5500 448 5574 sed
475 5500 840 5574 cretestibuset
865 5505 1209 5574 spiritalibus
1221 5504 1395 5574 fuisse
1414 5506 1744 5574 contextum.
1771 5503 1832 5558 Si
1849 5500 1999 5560 enim

347 5568 763 5646 decwlestibus,
792 5577 844 5628 et
872 5568 1230 5646 utilitliifatso'
1253 5572 1602 5639 asserunt,de
1629 5572 1922 5643 sideribus,
1947 5581 1999 5633 et

346 5639 463 5696 alia
509 5643 753 5711 quadam
799 5639 1114 5703 sublimiori
1161 5647 1509 5720 spiritalique
1554 5649 1756 5704 natura
1804 5639 1999 5723 corpus

2109 4711 2245 4780 gent
2275 4710 2452 4778 atque
2481 4704 2802 4777 deplorant,
2836 4705 2936 4761 ubi
2965 4706 3337 4778 suspendunt
3381 4722 3606 4779 organa
3635 4723 3777 4780 sua,

2108 4795 2169 4850 in
2200 4794 2480 4852 salicibus
2530 4793 2698 4866 Legis
2746 4797 2802 4850 et
2832 4794 3243 4868 mysteriorum
3292 4793 3413 4851 Dei.
3462 4794 3778 4869 Scriptum

2109 4888 2198 4941 est
2223 4884 2283 4939 in
2316 4882 2572 4955 quodam
2605 4880 2773 4949 libro,
2806 4899 2923 4955 qua
2952 4883 3235 4955 salignam
3280 4898 3485 4939 omnes
3517 4883 3779 4941 creden-

2112 4976 2199 5029 tes
2227 4971 2515 5044 accipiant
2547 4987 2845 5028 coronam.
2876 4972 2946 5028 Et
2973 4971 3030 5028 in
3075 4972 3225 5029 Isaia
3253 4972 3467 5029 dicitur
3499 4988 3513 5028 :
3547 4972 3785 5030 Orietur

2109 5064 2267 5135 quasi
2316 5064 2379 5119 in
2408 5060 2586 5118 medio
2629 5075 2792 5133 aqua:
2818 5063 3037 5133 fenum,
3065 5069 3117 5118 et
3162 5060 3321 5133 satis:
3364 5078 3531 5135 super
3558 5080 3777 5138 aquam

2108 5295 2225 5366 ejus
2247 5294 2437 5367 fuerit,
2462 5292 2823 5364 respondeant
2849 5307 3021 5367 quare
3031 5296 3271 5364 potuerit
3288 5294 3538 5366 spiritale
3566 5309 3782 5367 corpus

2108 5364 2220 5421 esse
2246 5364 2547 5439 sordidum,
2579 5368 2675 5418 aut
2708 5365 2973 5439 quomodo
3002 5365 3099 5421 hoc
3144 5364 3781 5439 interpretentur,un

2103 5439 2389 5508 posuimus
2419 5453 2432 5491 :
2465 5438 2617 5508 Iesus
2645 5439 2763 5508 erat
2792 5435 3018 5491 indutus
3064 5435 3301 5493 vestibus
3327 5435 3565 5508 sordidis
3589 5435 3776 5493 TPa-

2108 5505 2195 5580 ria
2246 5508 2422 5580 habet
2442 5511 2520 5580 get
2553 5505 2591 5560 l.
2624 5522 2664 5561 ιι
2694 5505 3106 5580 ἀεηΡνίησίρίὶδ
3152 5525 3278 5580 cap.
3309 5509 3365 5576 6,
3396 5510 3455 5564 et
3498 5507 3605 5563 lib.
3638 5509 3776 5566 vin

2106 5578 2275 5654 epist.
2318 5579 2408 5654 ad_
2441 5578 2633 5654 Ro_m.,
2663 5580 2721 5654 et
2761 5576 2863 5654 lib.
2915 5576 3118 5654 contra
3161 5576 3414 5649 Celsum,
3445 5594 3500 5637 c.
3538 5580 3597 5650 2,
3630 5596 3777 5654 qua

2105 5648 2307 5710 laudat
2362 5649 2627 5723 Huetlus,
2659 5648 3018 5711 testimonia.
