3960 6172
128 331 210 401 ιοι
557 329 1058 400 TRANSLATIO
1103 333 1606 400 HOMILIARUM
1658 330 2026 396 ORIGENIS
2074 333 2152 394 IN
2201 332 2723 398 EZECHIELEM.
2770 333 2966 399 HOM.
3014 334 3063 397 Ῑ.

3397 335 3516 398 702

119 470 357 544 fluentem
388 468 539 542 (Isai.
570 471 739 543 xuv).
775 472 844 526 Et
872 471 930 525 in
953 471 1322 527 solemnitate
1364 470 1481 537 Dei,
1513 469 1747 542 quando
1777 467 1833 535 Α
1861 468 2227 543 Apostolicas
2257 468 2774 541 interpolaverunt,
2833 469 3165 526 istiusmodi
3215 487 3516 530 sermones

119 559 476 617 tabernacula
505 561 637 631 ejus
689 565 1140 633 componuntur,
1176 560 1435 634 salignos
1467 577 1662 616 ramos
1693 559 1752 614 in

117 647 614 705 tabernaculorum
667 649 879 705 fixioue
917 650 1300 706 constituunt.
1336 650 1496 705 Secus
1523 651 1756 721 ﬂuvium

119 737 328 794 Chobar.
363 738 542 793 Secus
575 737 792 793 flumen
825 738 981 794 istud
1011 739 1423 809 gravissimum
1453 738 1672 795 saeculi.
1693 740 1757 793 Et

116 831 279 899 aperti
309 830 435 881 sunt
464 827 608 882 caeli.
644 825 839 882 Clausi
866 832 1035 883 erant
1065 828 1215 892 cmli,
1249 833 1306 885 et
1335 828 1405 882 ad
1439 829 1754 884 adventum

115 915 314 974 Christi
348 914 532 986 aperti
567 920 727 982 sunt,
762 921 826 970 ut
858 917 1129 972 reseratis
1162 916 1298 982 illis,
1331 917 1552 973 veniret
1582 932 1759 988 super

117 1021 237 1060 eum
270 1003 527 1075 Spiritus
577 1008 820 1059 sanctus
870 1004 926 1059 in
963 1006 1153 1076 specie
1201 1005 1506 1061 columbas.
1566 1011 1757 1076 Neque

115 1094 257 1149 enim
280 1096 510 1163 poterat
532 1092 602 1146 ad
637 1108 746 1148 nos
774 1093 1244 1162 commeare,uisi
1269 1095 1525 1164 primum
1545 1094 1615 1149 ad
1640 1111 1757 1148 suae

117 1186 322 1237 naturae
351 1185 683 1236 consortem
734 1183 1156 1238 descendisset.
1208 1183 1464 1239 Ascendit
1501 1185 1654 1240 Jesus
1704 1185 1757 1238 in

115 1272 296 1334 altum,
327 1270 599 1340 captivam
628 1270 790 1325 ducit
816 1273 1207 1343 captivitatem.
1268 1274 1476 1344 accepit
1521 1273 1663 1328 dona
1700 1274 1762 1326 in

115 1359 433 1414 hominibus.
469 1359 576 1426 Qui
605 1358 903 1426 descendit,
937 1362 1050 1431 ipse
1078 1365 1177 1424 est,
1214 1364 1311 1432 qui
1329 1362 1574 1418 ascendit
1599 1376 1764 1432 super

116 1464 283 1503 omnes
308 1447 490 1510 caelos,
523 1451 585 1501 ut
613 1448 868 1518 impleret
923 1451 1131 1504 omnia.
1194 1451 1260 1505 Et
1289 1452 1407 1522 ipse
1432 1450 1580 1506 dedit
1618 1451 1762 1506 alios

117 1537 393 1607 apostolos,
446 1537 586 1592 alios
630 1539 942 1609 praphetas,
992 1539 1130 1594 alios
1177 1540 1560 1609 evangelistas,
1625 1540 1763 1595 alios

116 1630 340 1697 pastores
362 1633 412 1680 et
439 1627 732 1697 magistros
749 1627 808 1681 in
837 1627 1226 1700 perfectionem
1261 1636 1573 1684 sanctorum
1592 1629 1759 1700 (Eph.

117 1717 196 1783 iv).
229 1716 426 1785 Aperti
453 1722 583 1770 sunt
609 1716 760 1771 caeli.
793 1716 918 1772 Non
943 1717 1162 1772 sufficit
1184 1735 1366 1773 unum
1392 1717 1601 1773 cmlum
1625 1731 1764 1788 ape-

119 1803 223 1872 riri,
248 1802 602 1874 aperiuntur
617 1804 880 1876 plurimi,
905 1809 972 1861 ut
994 1807 1356 1863 descendant
1377 1823 1492 1862 non
1520 1807 1590 1861 ab
1623 1821 1762 1874 uno,
1794 1835 1843 1900 B

119 1893 201 1947 sed
225 1892 298 1947 ab
320 1892 402 1964 (α)
414 1893 698 1948 omnibus
719 1892 883 1950 cmlis
901 1894 1110 1966 Angeli
1135 1895 1206 1950 ad
1231 1912 1349 1962 eos,
1373 1896 1474 1968 qui
1501 1894 1763 1951 salvandi

118 1984 258 2036 sunt.
287 1980 501 2052 Angeli
524 1981 626 2052 qui
652 1983 1119 2039 ascendebantet
1141 1983 1572 2040 descendebant
1593 1999 1770 2055 super

120 2069 290 2124 ﬁlium
307 2069 592 2138 hominis,
616 2073 674 2125 et
694 2075 1065 2127 accesserunt
1086 2074 1158 2128 ad
1190 2090 1348 2140 eum,
1381 2078 1439 2128 et
1468 2072 1769 2128 ministra-

119 2159 244 2216 bant
261 2159 337 2216 ei.
371 2160 817 2216 Descenderunt
837 2166 1033 2218 autem
1058 2162 1286 2235 Angeli,
1318 2163 1456 2235 quia
1485 2163 1643 2235 prior
1672 2161 1769 2216 de-

117 2249 416 2305 scenderat
453 2248 741 2318 Christus,
775 2255 1104 2307 metuentes
1163 2252 1513 2308 descendere
1576 2251 1770 2324 prius-

117 2353 296 2408 quam
306 2337 588 2393 Dominus
599 2337 882 2395 virtutum
896 2341 1159 2396 omnium
1176 2357 1491 2412 rerumque
1503 2341 1774 2413 praecipe"

116 2425 464 2497 net;quando
484 2431 677 2482 autem
707 2427 983 2484 viderunt
995 2429 1315 2501 principem
1334 2429 1554 2485 militiae
1577 2430 1771 2486 coeles~

121 2513 261 2569 tisin
277 2515 652 2571 terrestribus
672 2515 817 2572 locis
840 2519 1357 2585 commorari,tunc
1377 2536 1479 2590 per
1511 2525 1767 2590 apertam

120 2604 262 2659 viam
299 2604 548 2676 ingressi
581 2610 722 2660 sunt
751 2611 1061 2675 sequentes
1115 2608 1424 2664 Dominum
1469 2626 1664 2678 suum,
1716 2613 1772 2664 et

124 2697 386 2764 parentes
415 2692 701 2749 voluntati
733 2696 995 2766 ejus.Qui
1037 2697 1340 2752 distribuit
1370 2713 1467 2752 eos
1500 2699 1768 2756 custodes

125 2782 479 2838 credentium
513 2783 737 2839 nomini
766 2801 894 2840 suo.
919 2786 1004 2840 Tu
1031 2785 1153 2840 heri
1175 2787 1286 2841 sub
1309 2787 1595 2842 daemonio
1618 2803 1767 2855 eras,

126 2869 289 2928 hodie
316 2871 430 2926 sub
461 2873 703 2942 Angelo.
735 2874 937 2943 Nolite,
970 2874 1166 2946 inquit
1193 2874 1498 2940 Dominus,
1531 2880 1768 2931 contem-

127 2976 238 3016 nere
269 2977 447 3015 unum
479 2961 543 3017 de
571 2963 824 3018 minimis
880 2965 1020 3033 istis,
1080 2965 1177 3034 qui
1230 2969 1358 3019 sunt
1415 2967 1473 3019 in
1504 2967 1766 3022 Ecclesia.

127 3051 285 3106 Amen
313 3052 463 3105 enim
493 3051 614 3106 dico
643 3051 809 3118 vobis,
859 3055 992 3124 quia
1020 3053 1213 3124 Angeli
1240 3068 1424 3108 eorum
1453 3070 1557 3120 per
1585 3058 1771 3110 omnia

128 3139 302 3194 vident
330 3141 530 3210 faciem
578 3142 791 3211 Patris,
839 3144 938 3213 qui
965 3149 1043 3197 est
1073 3143 1132 3196 in
1159 3142 1308 3197 caelis
1338 3143 1550 3214 (Matth.
1583 3144 1764 3216 xvm).

127 3206 535 3299 Obsequuntur
564 3227 742 3284 saluti
777 3206 902 3283 itu-te
946 3227 1176 3302 Angeli,
1237 3206 1495 3286 concessi
1529 3235 1669 3286 sunt
1698 3206 1768 3286 ald
1800 3206 1843 3272 (ἶ

129 3315 269 3373 888
304 3316 701 3372 ministerium
736 3317 839 3372 filii
888 3318 1012 3384 Dei,
1070 3323 1127 3373 et
1158 3319 1364 3375 dicunt
1403 3319 1558 3375 inter
1586 3337 1680 3376 se:
1712 3321 1772 3376 Si

127 3403 206 3461 ille
223 3405 619 3470 descendit,et
649 3407 951 3462 descendit
976 3407 1034 3462 in
1069 3423 1302 3480 corpus,
1335 3409 1386 3464 si
1419 3409 1650 3464 mortali
1683 3409 1774 3463 in-

132 3494 304 3550 dutus
331 3499 420 3551 est
442 3501 700 3561 carne,et
728 3496 1011 3552 sustinuit
1031 3513 1285 3564 crucem,
1309 3501 1365 3552 et
1385 3514 1489 3569 pro
1522 3498 1771 3553 homini-

131 3582 222 3638 bus
241 3588 517 3638 mortuus
538 3583 795 3655 est,quid
826 3601 932 3640 nos
962 3585 1370 3656 quiescimus?
1415 3587 1556 3657 quid
1589 3587 1773 3658 parci-

134 3687 255 3728 mus
279 3673 447 3729 nobis
467 3673 496 3726 ‘I
538 3673 642 3728 Eia
664 3689 869 3728 omnes
887 3674 1091 3746 Angeli
1114 3674 1540 3731 descendemus
1559 3692 1588 3730 e
1611 3675 1772 3731 C(clo.

137 3760 257 3817 Ideo
286 3767 342 3816 et
360 3761 678 3818 multitudo
698 3761 921 3818 militiae
939 3762 1205 3819 caelestis
1230 3767 1354 3818 erat
1382 3763 1772 3833 laudantium,

135 3853 184 3903 et
207 3849 662 3922 gloriﬁcantium
692 3856 895 3916 Deum,
922 3852 1158 3924 quando
1179 3857 1352 3907 natus
1377 3855 1466 3907 est
1485 3852 1773 3908 Christus.

138 3935 347 3993 Omnia
366 3939 598 4013 Angelis
624 3939 797 4011 plena
829 3945 970 3996 sunt
1016 3959 1029 3996 :
1082 3941 1236 4006 veni,
1268 3939 1510 4013 Angele,
1543 3941 1775 4013 suscipe

137 4041 395 4082 sermone
423 4045 768 4085 conversum
795 4029 868 4084 ab
889 4045 1082 4084 errore
1122 4029 1392 4100 pristino,
1444 4046 1479 4084 a
1510 4028 1776 4086 doctrina

135 4113 569 4188 daemoniorum,
603 4119 676 4174 ab
734 4117 1048 4189 iniquitate
1078 4117 1137 4172 in
1171 4117 1354 4173 altum
1394 4116 1688 4189 loquente,
1721 4124 1777 4174 et

136 4204 446 4276 suscipiens
469 4223 608 4263 eum
631 4206 799 4280 quasi
820 4207 1080 4262 medicus
1101 4207 1314 4273 bonus,
1343 4207 1580 4263 confove
1602 4212 1776 4279 atque

135 4289 359 4350 institue
384 4313 398 4351 :
432 4294 714 4368 parvulus
735 4300 845 4361 est,
868 4294 1041 4350 hodie
1072 4296 1335 4351 nascitur
1363 4311 1537 4351 senex
1569 4311 1776 4368 repue-

134 4395 384 4440 rascens:
417 4389 475 4439 et
495 4385 728 4455 suscipe
758 4383 1026 4439 tribuens
1047 4383 1097 4439 ei
1118 4383 1480 4455 baptismum
1507 4385 1775 4440 secundm

135 4472 600 4543 regenerationis,
632 4476 690 4528 et
709 4473 927 4528 advoca
945 4473 1052 4528 tibi
1084 4471 1228 4528 alios
1250 4471 1439 4528 socios
1463 4472 1774 4529 ministerii

1865 561 2058 616 inesse
2078 560 2244 615 libris
2277 575 2500 626 eorum,
2536 560 2752 631 quibus
2780 561 2966 630 possit
2985 561 3223 617 Creator
3250 561 3514 618 Christus

1865 651 2196 722 approbari,
2231 652 2527 720 exspectat
2583 653 2776 704 tamen
2828 651 3020 704 omnis
3069 655 3335 706 creatura
3364 651 3514 707 ﬁlios

1866 739 2620 812 Dei,quandolibereutura
2650 739 2879 808 delicto,
2913 743 3146 811 quando
3177 741 3517 797 auferantur

1867 830 1972 900 [Αι.
2007 829 2363 898 aufereutur]
2411 829 2480 882 de
2531 827 2726 882 Zabuli
2777 845 2976 895 manu,
3013 831 3244 900 quando
3277 846 3514 902 regene-

1866 918 2410 974 renturaChristo.
2471 917 2685 971 Verum
2733 919 2858 987 jam
2907 922 3140 990 tempus
3188 923 3295 981 est,
3351 923 3415 974 ut
3445 920 3516 974 de

1867 1007 2138 1080 praesenti
2158 1007 2280 1063 loco
2308 1007 2505 1078 aliqua
2536 1011 2870 1076 tangamus.
2902 1007 3060 1061 Vidit
3089 1008 3375 1078 Propheta
3400 1027 3515 1065 non

1866 1096 2175 1162 visionem,
2202 1098 2302 1151 sed
2346 1095 2600 1151 visiones
2623 1095 2742 1150 Dei.
2779 1098 2965 1160 Quare
2999 1113 3110 1151 non
3143 1096 3284 1152 vidit
3314 1115 3513 1165 uuam,

1869 1186 1968 1241 sed
2003 1185 2288 1257 plurimas
2305 1185 2559 1240 visiones
2580 1186 2607 1240 ?
2627 1187 2775 1240 Audi
2812 1185 3125 1241 Dominum
3146 1186 3515 1257 pollicentem

1869 1278 2044 1346 atque
2066 1275 2356 1329 dicentem
2381 1293 2392 1329 :
2418 1276 2526 1342 Ego
2558 1277 2794 1330 visiones
2820 1276 3187 1347 multiplicavi
3214 1276 3368 1346 (Osee
3395 1277 3515 1346 xu).

1875 1365 2095 1435 Quinta
2148 1365 2352 1418 mensis
2407 1363 2509 1418 Hic
2591 1381 2782 1419 annus
2841 1364 3085 1436 quintus
3169 1364 3520 1436 captivitatis

1871 1452 2025 1524 regis
2049 1452 2352 1508 Joachim:
2411 1453 2713 1524 trigesimo
2772 1470 2923 1508 anno
2967 1453 3151 1509 aetatis
3184 1455 3520 1523 Ezechielis,

1870 1546 1928 1596 et
1957 1541 2160 1612 quinto
2193 1541 2546 1611 captivitatis
2587 1542 2879 1607 Joachim,
2929 1543 3214 1614 Propheta
3270 1545 3522 1599 mittitur

1871 1631 1944 1685 ad
1967 1630 2220 1685 Judteos.
2252 1630 2375 1684 Non
2395 1630 2659 1701 despexit
2679 1629 3171 1687 clementissimus
3204 1636 3385 1704 pater,
3419 1649 3522 1688 nec

1870 1718 2044 1791 longo
2073 1722 2334 1790 tempore
2366 1719 2852 1774 incommonitum
2878 1719 3156 1790 p0pulum
3190 1720 3520 1792 dereliquit.

1874 1807 2124 1871 Quintus
2148 1811 2238 1861 est
2267 1823 2475 1862 annus.
2513 1809 2804 1871 Quantum
2838 1807 3120 1879 temporis
3150 1808 3526 1865 intercessit?

1876 1895 2141 1964 Quinque
2161 1895 2298 1950 anni
2316 1895 2764 1951 interﬂuxeruut
2785 1912 2852 1951 ex
2872 1913 2988 1968 quo
3010 1897 3219 1969 captivi
3244 1897 3521 1957 serviunt.

1876 1986 2086 2041 Statim
2109 1984 2407 2040 descendit
2427 1985 2679 2056 Spiritus
2700 1993 2960 2052 sanctus,
2986 1986 3214 2058 aperuit
3235 1985 3430 2052 cmlos,
3461 1992 3527 2042 ut

1877 2073 1939 2128 hi
1972 2074 2071 2145 qui
2098 2073 2452 2145 captivitatis
2491 2075 2637 2145 jugo
2695 2074 3116 2145 premebantur
3167 2073 3431 2130 viderent
3459 2092 3528 2131 ea

1879 2179 2005 2234 quze
2035 2162 2386 2217 videbantur
2443 2178 2476 2216 a
2517 2161 2819 2233 propheta.
2879 2161 3115 2218 Dicente
3172 2162 3389 2235 quippe
3418 2179 3524 2231 eo;

1876 2255 1928 2306 et
1957 2253 2137 2322 aperti
2163 2255 2290 2305 sunt
2310 2252 2892 2322 coeli,quodammodo
2915 2256 2971 2307 et
3003 2251 3113 2322 ipsi
3149 2251 3528 2308 intuebantur

1879 2339 2064 2395 oculis
2121 2341 2333 2406 cordis,
2395 2356 2521 2410 qua:
2553 2339 2650 2394 ille
2699 2341 2874 2396 etiam
2906 2339 3093 2396 oculis
3133 2342 3324 2397 carnis
3357 2359 3526 2414 aspe-

1877 2432 2075 2484 xerat:
2105 2429 2258 2484 890
2292 2433 2355 2484 Et
2397 2432 2572 2499 factus
2604 2434 2679 2484 est
2707 2445 2882 2484 sermo
2925 2431 3145 2485 Domini
3174 2430 3243 2484 ad
3273 2433 3526 2487 Ezechie-

1879 2517 1985 2573 lem
2014 2519 2194 2588 ﬁlium
2226 2520 2388 2573 Βιαάί
2431 2518 2782 2573 sacerdotem.
2817 2518 3019 2573 Sermo
3051 2518 3302 2583 Domini,
3335 2520 3434 2590 qui
3467 2520 3525 2574 iu

1877 2605 2165 2677 principio
2195 2611 2317 2661 erat
2371 2607 2524 2677 apud
2559 2605 2738 2661 Deum
2781 2606 3029 2675 Patrem,
3067 2611 3217 2662 Deus
3246 2607 3522 2674 Verbum,

1879 2710 2072 2749 sermo
2101 2695 2199 2764 qui
2223 2695 2527 2751 credentes
2556 2695 2736 2750 efficit
2765 2694 2998 2750 Deos.Si
3032 2695 3187 2750 enim
3220 2695 3366 2750 dixit
3393 2695 3526 2750 illos

1879 2783 2038 2849 deos,
2072 2784 2144 2838 ad
2177 2800 2326 2854 quos
2357 2801 2547 2840 sermo
2605 2782 2696 2839 dei
2752 2785 2934 2839 factus
2965 2787 3073 2851 est,
3101 2789 3158 2840 et
3191 2801 3304 2840 non
3335 2789 3529 2856 potest

1878 2872 2020 2927 solvi
2055 2872 2373 2945 Scriptura,
2410 2873 2480 2928 ad
2530 2889 2934 2944 quoscumque
2967 2889 3158 2928 sermo
3193 2873 3314 2929 Dei'
3340 2875 3528 2930 factus

1879 2965 1986 3028 est,
2020 2959 2154 3016 facti
2186 2965 2324 3016 sunt
2354 2961 2456 3016 dii.
2493 2960 2750 3016 Ezechiel
2782 2978 3014 3033 quoque
3046 2967 3198 3018 Deus
3230 2963 3356 3034 fuit,
3391 2962 3530 3034 quia

1881 3048 2072 3104 factus
2093 3055 2182 3104 est
2212 3066 2402 3105 sermo
2435 3049 2534 3105 Dei
2559 3051 2628 3104 ad
2652 3067 2786 3105 eum
2815 3067 2827 3105 :
2853 3055 2962 3121 Ego
2987 3051 3109 3106 dimi
3133 3069 3146 3106 :
3178 3052 3271 3106 Dii
3297 3053 3445 3114 estis.
3477 3055 3532 3106 et

1879 3137 1990 3206 ﬁlii
2017 3139 2273 3194 altissimi
2300 3155 2509 3195 omnes.
2554 3140 2648 3195 Vos
2676 3155 2800 3195 vero
2831 3147 2893 3194 ut
2921 3140 3164 3196 homines
3191 3142 3531 3208 moriemini,

1881 3230 1934 3280 et
1964 3229 2124 3297 quasi
2151 3245 2292 3283 unus
2321 3245 2390 3284 ea:
2417 3229 2761 3300 principibus
2790 3228 2990 3284 cadetis
3019 3229 3128 3300 (Ps.
3157 3229 3390 3300 Lxxxn).
3424 3229 3530 3284 Ubi

1881 3314 2111 3371 habetis
2130 3316 2188 3371 in
2213 3334 2357 3372 novo
2381 3318 2753 3373 Testamento
2775 3317 3109 3373 istiusmodi
3132 3316 3533 3389 repromissio-

1883 3419 2016 3459 nem
2031 3405 2058 3459 ‘I
2071 3405 2130 3460 Si
2145 3407 2567 3477 oportetiustru
2578 3412 2773 3462 menta
2789 3406 3436 3478 distiuguere,etdicere
3449 3407 3533 3461 in-

1883 3499 1972 3549 ter
1994 3511 2054 3550 se
2078 3495 2428 3551 dissidentes
2441 3497 2601 3561 deos,
2637 3497 2788 3567 quod
2810 3495 3048 3566 quidem
3076 3495 3240 3550 nefas
3253 3495 3529 3550 estetiam

1884 3583 2192 3654 suspicari,
2227 3585 2327 3639 sed
2368 3585 2540 3654 juxta
2569 3584 2910 3639 abusionem
2953 3583 3226 3648 dicimus,
3258 3584 3534 3638 audacter

1884 3671 2141 3742 profecto
2163 3671 2567 3736 dicam,multo
2585 3673 2865 3742 majorem
2887 3671 2947 3726 in
2965 3671 3142 3726 veteri
3161 3671 3532 3727 Testamento

1885 3759 2112 3814 ostendi
2135 3760 2586 3827 humanitatem,
2620 3776 2795 3830 quam
2831 3759 2889 3814 in
2912 3777 3093 3815 novo:
3133 3765 3244 3828 Ego
3269 3761 3410 3831 dixi,
3443 3762 3535 3816 Dii

1883 3849 2010 3904 estis
2040 3857 2091 3903 et
2117 3850 2226 3918 ﬁlii
2255 3850 2516 3904 altissimi
2542 3849 2882 3904 omnes.Non
2905 3847 3250 3918 ait,quidam
3271 3849 3531 3917 diiestis,

1885 3941 1943 3992 et
1973 3936 2215 4008 quidam
2247 3953 2362 3992 non
2393 3937 2574 3992 estis:
2633 3953 2835 3992 verum
2893 3953 3096 3992 omnes
3154 3936 3233 3991 dii
3266 3938 3435 3994 estis.
3475 3937 3531 3992 Si

1885 4029 2083 4081 autem
2116 4025 2788 4098 peccaveritis,auscu1ta
2812 4025 2953 4097 quid
2972 4025 3266 4096 sequitur:
3305 4026 3534 4082 Vos-vero

1885 4121 1945 4170 ut
1971 4116 2217 4170 homines
2243 4116 2582 4171 moriemini.
2629 4115 2756 4170 Non
2805 4119 2893 4170 est
2921 4114 3043 4170 haec
3075 4114 3248 4187 culpa
3274 4115 3536 4172 vocantis

1886 4204 1957 4259 ad
1988 4203 2260 4273 salutem,
2296 4217 2411 4259 non
2443 4204 2568 4276 ipse
2599 4220 2777 4260 causa
2807 4203 3033 4270 mortis,
3095 4205 3194 4275 qui
3225 4204 3434 4260 invitat
3462 4206 3534 4260 ad

1885 4292 2272 4358 divinitatem,
2297 4297 2353 4349 et
2382 4294 2452 4348 ad
2486 4292 2736 4348 crnlestis
2767 4296 2989 4349 naturae
3007 4293 3400 4365 adoptionem,
3432 4295 3535 4350 sed

1883 4381 1944 4436 in
1993 4386 2190 4437 nostro
2249 4386 2505 4453 peccato,
2537 4389 2591 4437 el
2623 4383 2682 4436 iu
2735 4387 2936 4438 nostro
2993 4381 3209 4437 scelere
3267 4382 3538 4437 consistit

1885 4471 2039 4541 quod
2065 4471 2312 4526 dicitur:
2352 4474 2446 4528 Vos
2475 4479 2659 4527 autem
2705 4476 2764 4526 ut
2820 4473 3065 4526 homines
3118 4470 3451 4536 moriemini,
3485 4473 3538 4524 et

134 4559 206 4613 tui
225 4566 285 4617 ut
304 4564 503 4618 cuncti
525 4561 739 4634 pariter
762 4578 882 4627 eos,
910 4561 1013 4633 qui
1033 4558 1348 4633 aliquando
1369 4561 1590 4633 decepti
1615 4566 1772 4633 sunt,
1805 4572 1853 4637 D
1883 4559 3029 4631 quasiunusdeprincipibuseadetis.Multi
3054 4557 3350 4629 principes
3372 4561 3538 4613 erant

136 4649 400 4707 erudiatis
421 4651 495 4707 ad
525 4651 722 4706 ﬁdem.
751 4650 1024 4708 Gaudium
1051 4652 1200 4706 enim
1224 4653 1303 4706 est
1329 4651 1510 4722 majus
1539 4652 1601 4706 in
1628 4653 1775 4707 caelis

132 4750 278 4808 super
301 4757 475 4796 unum
502 4743 842 4812 peccatorem
891 4741 1275 4812 paenitentiam
1303 4748 1572 4811 agentem,
1612 4757 1778 4810 quam

134 4839 286 4893 mpm
313 4830 621 4900 nonaginta
651 4843 846 4885 novem
877 4828 1080 4900 justas,
1134 4829 1334 4900 quibus
1396 4843 1507 4884 non
1538 4834 1618 4884 est
1643 4844 1776 4900 opus

134 4919 438 4982 paenitentia
485 4921 641 4988 (Luc.
691 4918 805 4988 xv).
860 4917 1113 4973 Exsultat
1151 4919 1329 4974 omnis
1357 4922 1630 4989 creatura,
1660 4919 1771 4973 col-

141 5001 362 5076 thatur,
392 5016 444 5064 et
473 5007 776 5080 applaudit
806 5006 894 5061 his
926 5009 1022 5078 qui
1047 5007 1302 5062 salvandi
1326 5015 1475 5063 sunt.
1510 5007 1652 5062 Nam
1679 5023 1774 5062 ecc-

137 5098 378 5162 :pectatio
402 5101 672 5154 creaturae
728 5096 1116 5153 reuelationem
1157 5097 1401 5166 ﬁliorum
1428 5097 1530 5152 Dei
1557 5111 1775 5168 exspec-

140 5188 214 5236 tat
258 5186 425 5255 (Rom.
473 5189 622 5256 vui).
676 5186 748 5242 Et
792 5183 932 5241 licet
983 5184 1172 5241 nolint
1219 5185 1279 5255 ii,
1310 5185 1410 5258 qui
1440 5185 1775 5257 Scripturas

201 5305 277 5374 (α)
305 5306 362 5361 In
386 5307 516 5364 aliis
535 5307 703 5364 libris
723 5307 1122 5378 est,plurimis.
1140 5307 1384 5362 Videtur
1411 5323 1544 5362 vero
1577 5305 1775 5378 Orige-

139 5387 234 5452 nes
252 5379 634 5452 _tumibi,cum
655 5379 909 5452 maxime
926 5379 1306 5452 subsequenti
1329 5384 1622 5443 contextu,
1661 5396 1773 5452 non

137 5445 360 5522 quidem
383 5452 654 5506 omnibus
671 5445 1411 5522 siugulisqucho'miuibus,
1431 5452 1530 5505 sed
1555 5449 1775 5505 sanctis

135 5518 656 5594 tantummodo,qui
687 5518 901 5578 Christi
926 5518 1097 5578 fidem
1124 5523 1553 5593 profiterentur,
1573 5526 1772 5576 custo—

138 5585 273 5678 dem
286 5585 919 5678 Angelum‘assignare.
952 5585 1264 5678 Distribuit,
1299 5594 1380 5678 ait
1409 5585 1772 5676 mox'hcusto-

139 5656 224 5714 ἀει
244 5656 570 5724 credentium
592 5656 808 5725 nomini
827 5681 950 5724 suo.
975 5667 1047 5724 Tu
1077 5665 1200 5725 heri
1225 5656 1322 5724 sub
1342 5656 1608 5723 damon'io
1627 5680 1772 5721 eras.

1886 4653 1942 4704 et
1961 4665 2116 4704 unus
2137 4666 2206 4704 ex
2225 4649 2309 4705 eis
2330 4648 2569 4715 corruit,
2595 4650 2665 4703 de
2685 4665 2800 4719 quo
2824 4653 2880 4703 et
2902 4648 2957 4702 in
2983 4647 3189 4703 Genesi
3220 4645 3496 4700 scribitur
3521 4661 3534 4701 :

1883 4741 2018 4794 Ecce
2047 4738 2221 4794 Adam
2247 4741 2425 4808 factus
2453 4746 2552 4808 est,
2578 4753 2716 4803 non,
2740 4736 2908 4807 quasi
2940 4735 3173 4801 nos,sed
3207 4735 3367 4805 quasi
3395 4749 3538 4788 unus

1885 4827 2138 4900 easnobis
2179 4826 2331 4896 (Gen.
2383 4826 2488 4895 ui).
2543 4825 2688 4896 Ergo
2739 4825 2974 4894 quando
3027 4822 3280 4893 peccavit
3323 4822 3532 4890 Adam,

1883 4919 2025 4972 tunc
2042 4915 2230 4970 factus
2260 4917 2350 4970 est
2379 4912 2550 4984 quasi
2581 4929 2759 4967 unus.
2803 4914 2864 4966 Et
2891 4914 3070 4982 factus
3099 4919 3176 4965 est
3224 4925 3402 4965 sermo
3432 4911 3534 4966 Do-

1883 5005 2026 5060 mini
2053 5003 2122 5058 ad
2151 5002 2487 5057 Ezechielem
2508 5003 2692 5072 ﬁlium
2719 4999 3124 5055 Bu.z.i.Etiamsi
3147 4999 3218 5054 de
3242 4997 3536 5054 Salvatore

1884 5091 2007 5148 huic
2025 5091 2180 5147 dicta
2195 5089 2449 5146 volueris
2468 5089 2907 5162 intelligerepne
2925 5088 3156 5154 timeas,
3178 5087 3354 5142 habet
3374 5090 3431 5142 et
3451 5087 3535 5143 sic

1885 5179 2164 5253 allegoria
2184 5178 2546 5234 intellectum
2569 5194 2745 5234 suum
2769 5195 2781 5232 :
2813 5175 2970 5231 venit
2989 5191 3181 5230 sermo
3203 5174 3434 5230 Domini
3461 5177 3532 5231 ad

1885 5305 2042 5362 hodie
2069 5305 2166 5359 sub
2196 5304 2414 5374 Angelo.
2450 5304 2520 5358 Et
2548 5299 2896 5374 locugletius
2924 5297 3095 5374 paulo
3136 5302 3293 5374 post.
3328 5299 3536 5374 Confer

1884 5394 2012 5448 quae
2042 5376 2101 5430 in
2136 5369 2297 5430 hanc'
2317 5390 2437 5428 rem
2497 5369 2792 5448 congessit
2844 5369 3088 5448 liuetius
3119 5369 3532 5448 _0rigeniarum

1884 5440 1984 5504 lib.
2019 5466 2083 5512 ll,
2114 5450 2318 5518 quaast.
2352 5440 2722 5518 5,7num."_18.
2761 5443 2868 5518 Sed
2903 5447 2959 5496 et
2983 5440 3135 5518 illud
3166 5441 3530 5518 animadver-

1883 5511 2149 5586 tendum,
2177 5517 2609 5571 distinctionem
2640 5511 3055 5586 haucpluralis
3090 5511 3313 5586 numeri
3345 5529 3379 5568 a
3409 5513 3529 5568 sin-

1883 5591 2072 5664 gulari
2104 5583 2404 5645 Hebraeum
2433 5586 2695 5660 linguam
2727 5583 2967 5640 minime
2997 5583 3137 5656 pati.
