3978 6188
430 273 548 336 ’103

1681 281 1744 339 8.
1792 275 2106 341 EUSEBII
2154 277 2600 344 HIERONYMI

3718 275 3833 345 704

428 426 582 477 eum,
618 407 715 482 qui
744 407 815 465 de
841 407 1078 481 Virgine
1107 409 1477 478 nascebatur,
1522 410 1580 466 id
1610 415 1719 479 est,
1751 411 2074 482 hominem,
2103 415 2158 479 Α
2188 415 2337 469 mala
2364 429 2494 471 vero
2521 416 2672 486 foras
2725 415 3034 489 projicient.
3087 412 3327 490 Oportet
3365 430 3504 488 ergo
3532 413 3592 471 in
3622 429 3834 489 sagena

427 516 618 556 sermo
647 516 880 571 semper
904 500 962 554 in
995 503 1164 555 Patre
1197 517 1462 568 manens,
1495 505 1561 556 ut
1590 502 1795 556 ﬁerent
1825 507 2077 573 utraque

429 605 636 658 unum,
667 593 724 643 et
753 588 1186 644 consociaretur
1215 589 1413 655 homo,
1437 606 1611 660 quem
1639 591 1712 644 ob
1743 607 2074 646 sacramen-

423 681 551 733 tum
583 683 641 733 et
670 677 920 734 salutem
955 679 1237 734 universa:
1269 679 1656 734 humanitatis
1687 679 1976 745 indueret,
1997 679 2078 734 di-

304 791 311 801 ι
421 766 652 822 vinitati
681 767 808 836 ejus
830 772 888 822 et
909 772 1128 822 naturae
1153 768 1439 840 unigeniti
1462 768 1780 824 Dei.Factus
1797 771 1875 824 est
1902 785 2074 824 sermo

422 857 642 911 Domini
669 857 739 910 ad
766 858 1112 912 Ezechielem
1132 856 1310 926 ﬁlium
1323 859 1463 911 Buri
1481 857 1811 912 sacerdotem
1837 859 1897 911 in
1925 861 2075 912 terra

421 945 828 1002 Chaldworum.
890 945 1139 1001 Chaldaei
1196 947 1267 1002 de
1327 945 1660 1002 coelestibus
1719 945 2069 1018 disputant:

419 1034 670 1090 Chaldaei
732 1035 1064 1090 nativitates
1125 1034 1429 1090 hominum
1493 1034 1933 1090 ratiocinantur.
2011 1037 2072 1090 In

416 1127 567 1180 terra
607 1124 1004 1189 Chaldaeorum,
1040 1124 1208 1194 quasi
1261 1122 1310 1178 si
1341 1123 1515 1190 dicat,
1547 1140 1746 1178 eorum
1777 1125 1880 1195 qui
1915 1141 2071 1179 asse-

418 1216 559 1268 runt
588 1213 794 1278 fatum,
830 1229 1031 1268 eorum
1085 1212 1184 1284 qui
1215 1229 1425 1268 causas
1456 1212 1852 1267 universitatis
1884 1218 2070 1268 astro-

419 1317 550 1357 rum
603 1302 852 1357 circuitu
907 1301 1236 1357 vendicant.
1300 1304 1410 1356 lste
1439 1317 1576 1372 ergo
1617 1318 1772 1357 nunc
1803 1318 1984 1371 error,
2016 1306 2074 1357 et

418 1390 564 1446 89‘!
595 1390 711 1446 ista
739 1391 952 1446 mentis
983 1391 1329 1462 perversitas
1351 1390 1673 1462 ﬁguraliter
1693 1391 1752 1444 in
1775 1389 2068 1446 Chaldaeo-

417 1496 550 1536 rum
583 1483 735 1534 terra
765 1479 1154 1550 signiﬁcatur.
1185 1481 1250 1535 In
1308 1484 1462 1535 terra
1503 1479 1886 1536 Chaldaeorum
1918 1495 2070 1534 secus

414 1569 621 1638 ﬂumen
652 1569 882 1624 Chobar.
912 1570 980 1623 Et
998 1569 1151 1642 facta
1180 1573 1263 1623 est
1291 1569 1410 1623 illic
1437 1584 1598 1640 super
1624 1585 1712 1623 me
1736 1585 1934 1622 manus
1966 1569 2068 1623 Do-

413 1659 574 1713 mini.
613 1657 680 1712 Et
709 1674 900 1712 sermo
942 1657 1170 1712 Domini
1201 1658 1390 1713 factus
1410 1662 1500 1713 est
1529 1658 1600 1712 ad
1632 1657 1978 1729 prophetam
2011 1661 2070 1712 et

413 1762 647 1815 manus,
681 1750 832 1844 ut‘et
883 1746 1055 1801 factis
1106 1751 1414 1844 ornaretur
1470 1750 1528 1844 et
1575 1746 1786 1801 verbis.
1841 1750 1909 1802 Et
1953 1746 2068 1801 vidz
2100 1779 2147 1844 B

411 1837 664 1890 visiones.
704 1834 910 1905 Aliqua
938 1834 1353 1906 perstringam,
1403 1839 1461 1890 et
1499 1833 1633 1890 licet
1663 1852 1765 1906 pro
1796 1835 2072 1908 angustia

411 1923 694 1995 temporis
738 1940 828 1991 ea,
889 1940 1018 1995 quae
1051 1923 1188 1994 dixi,
1243 1923 1474 1994 possint
1525 1923 1814 1991 sufﬁcere,
1870 1928 2069 1979 tamen

410 2011 587 2068 etiam
612 2013 680 2067 de
703 2016 820 2068 toto
833 2027 1072 2084 corpore
1084 2013 1326 2068 visionis
1340 2029 1573 2068 summa
1589 2011 2064 2084 qumquelibabo.

409 2102 476 2179 Et
502 2101 636 2171 vidi,
660 2106 712 2156 et
741 2117 860 2156 ecce
888 2102 1116 2172 spiritus
1143 2117 1372 2170 surgens
1401 2103 1653 2156 veniebat
1681 2101 1748 2156 ab
1779 2101 2062 2172 Aquilone.

409 2188 729 2261 Diligenter
757 2189 1265 2245 considerarerum
1282 2206 1591 2244 numerum
1619 2207 1747 2261 quae
1767 2191 2060 2246 dicuntur:

408 2280 651 2350 Spiritus
680 2295 928 2349 surgens,
964 2278 1083 2334 sive
1111 2280 1370 2348 auferens
1398 2281 1648 2334 veniebat
1676 2279 1744 2334 ab
1774 2279 2062 2350 Aquilone,

409 2383 541 2423 ecce
572 2383 690 2422 una
715 2384 827 2423 res.
862 2369 926 2423 Et
953 2368 1125 2423 nubes
1149 2384 1353 2439 magna
1381 2376 1502 2423 erat
1530 2369 1592 2422 in
1620 2383 1716 2424 eo:
1747 2384 1880 2424 ecce
1909 2369 2058 2426 duae.

407 2457 473 2512 Et
499 2457 758 2528 splendor
783 2459 846 2511 in
873 2458 1117 2512 circuitu
1143 2459 1296 2530 ejus:
1321 2473 1452 2512 ecce
1472 2461 1610 2512 tres.
1643 2459 1700 2511 Et
1719 2458 1867 2525 ignis
1886 2458 2061 2528 reful-

405 2562 538 2614 gens
563 2564 581 2600 :
613 2562 744 2601 ecce
774 2549 1045 2617 quatuor.
1078 2550 1142 2602 Et
1166 2548 1224 2601 in
1241 2547 1418 2601 medio
1446 2547 1566 2618 ejus
1597 2547 1737 2602 sicut
1765 2549 1902 2602 visio
1922 2548 2060 2602 elec-

407 2635 481 2690 tri
509 2636 570 2690 in
599 2635 776 2689 medio
825 2637 1004 2704 ignis:
1041 2651 1172 2690 ecce
1217 2635 1498 2707 quinque.
1539 2636 1603 2690 Et
1657 2636 1844 2690 lumen
1874 2637 1935 2690 in
1962 2651 2059 2692 eo:

414 2740 547 2780 ecce
577 2741 695 2780 sex.
721 2726 851 2779 Post
880 2723 995 2778 haec
1022 2724 1329 2780 similitudo
1359 2728 1594 2795 quatuor
1622 2724 1976 2789 animalium,
2010 2732 2063 2780 et

404 2814 544 2868 visio
576 2821 844 2878 eorum,et
873 2814 1125 2868 narratio
1169 2814 1398 2868 visionis
1419 2831 1438 2867 :
1467 2829 1598 2868 ecce
1629 2817 1875 2885 septem.
1908 2813 1971 2867 Et
1998 2814 2058 2868 in

403 2902 580 2958 medio
609 2903 968 2969 animalium,
999 2903 1159 2974 quasi
1185 2903 1450 2958 carbones
1499 2903 1676 2970 ignis:
1737 2918 1869 2956 ecce
1899 2906 2046 2956 octo.

403 2990 514 3055 Qui
545 2995 741 3062 potest
771 2991 885 3046 ista
916 2991 1252 3045 minutatim
1311 3006 1596 3063 exponere
1625 2990 1653 3044 ‘I
1685 2990 1826 3054 Quis
1857 2990 1938 3045 ita
1969 2997 2059 3045 est

2183 503 2365 559 totius
2398 503 2665 560 Ecclesiae
2695 521 2823 561 esse
2867 510 2924 561 et
2961 507 3115 561 bona
3162 509 3221 561 et
3251 503 3424 561 mala.
3460 505 3519 561 Si
3543 505 3670 576 jam
3702 505 3832 561 uni-

2185 608 2351 648 versa
2373 593 2595 650 munda
2615 599 2773 664 sunt,
2798 595 2938 665 quid
2964 595 3669 666 derelinquimusjudicio
3693 595 3833 651 Dei?

2186 683 2253 735 Et
2276 681 2445 750 juxta
2475 681 2650 737 aliam
2685 683 3044 754 parabolam,
3077 689 3136 739 et
3183 684 3541 739 frumentum
3572 689 3630 740 et
3660 683 3832 757 paleis

2183 768 2244 824 in
2267 787 2401 826 area
2423 772 2957 839 continentur,cum
2973 772 3332 827 frumentum
3349 773 3650 828 tantumin
3673 773 3830 830 Chri-

2184 859 2258 913 sti
2289 858 2498 914 horrea
2517 860 2992 932 congregandum
3019 861 3116 930 sit,
3142 864 3199 916 et
3228 861 3639 916 discernantur
3659 863 3832 934 palea:

2185 947 2257 1002 ab
2283 950 2549 1019 eo,cujus
2572 948 2963 1004 ventilabrum
2990 950 3046 1003 in
3067 965 3248 1004 manu
3275 950 3423 1021 ejus,
3447 955 3506 1006 et
3528 952 3833 1008 mundabit

2183 1051 2377 1090 aream
2403 1041 2658 1102 suam,et
2677 1037 3054 1109 congregabit
3077 1038 3430 1094 frumentum
3455 1039 3512 1093 in
3533 1039 3834 1109 horreum,

2182 1123 2378 1195 paleas
2397 1141 2532 1180 vero
2555 1129 2863 1180 consumet
2884 1125 2943 1179 in
2962 1125 3094 1198 igne
3115 1125 3544 1200 inextinguibili
3565 1129 3830 1201 (Lucan),

2181 1212 2381 1284 Neque
2403 1213 2560 1268 enim
2582 1231 2780 1270 assero
2804 1230 2997 1270 aream
3022 1219 3210 1271 totum
3231 1231 3360 1272 esse
3389 1219 3703 1283 mundum,
3733 1220 3833 1274 sed

2181 1317 2374 1357 aream
2398 1302 2658 1373 intelligo
2680 1319 2810 1358 esse
2833 1308 3048 1358 cretum
3083 1303 3284 1376 populi
3309 1305 3646 1361 Christiani.
3679 1307 3834 1370 Quo-

2181 1391 2356 1445 modo
2374 1407 2739 1463 unaquaaque
2767 1408 2901 1447 area
2921 1392 3444 1460 circumscribitur,
3467 1400 3523 1450 et
3544 1399 3634 1451 est
3664 1395 3836 1468 plena

2181 1477 2494 1545 frumento,
2519 1479 2606 1535 vel
2630 1478 2833 1551 paleis,
2858 1496 2964 1535 nec
2993 1485 3181 1536 totum
3206 1481 3562 1538 frumentum
3585 1489 3697 1550 est,
3731 1501 3835 1540 nec

2177 1571 2368 1622 totum
2402 1584 2639 1624 rursum
2670 1568 2876 1640 palea:
2927 1569 3012 1625 sic
3059 1570 3119 1626 in
3155 1569 3428 1627 Ecolesiis
3455 1573 3835 1631 terrestribus

2179 1654 2332 1711 alius
2365 1660 2454 1712 est
2481 1658 2864 1724 frumentum,
2920 1657 3074 1714 alius
3123 1662 3213 1715 est
3258 1659 3442 1730 palea.
3483 1659 3704 1718 Verum
3733 1663 3835 1720 ubi

2178 1761 2290 1800 non
2307 1762 2414 1800 sua
2426 1762 2735 1814 causa,nec
2756 1763 2859 1818 per
2876 1746 3232 1803 voluntatem
3271 1748 3446 1820 paleae
3467 1753 3835 1823 sunt(neque

2180 1833 2337 1888 enim
2371 1851 2440 1889 ex
2471 1835 2706 1907 proprio
2757 1835 2996 1890 arbitrio
3040 1836 3403 1892 frumentum
3434 1839 3546 1911 est)
3572 1837 3670 1894 hic
3699 1855 3832 1897 vero

2177 1922 2236 1978 in
2263 1927 2363 1978 tua
2385 1927 2668 1994 potestate
2689 1925 2945 1995 positum
2968 1927 3058 1980 est
3080 1929 3145 1980 ut
3165 1925 3249 1981 sis
3270 1926 3542 1998 palea,vel
3576 1928 3832 1984 frumen-

2175 2015 2462 2067 tum.Haec
2489 2029 2595 2068 nos
2618 2013 2822 2068 docere
2841 2013 3075 2085 debent,
3108 2019 3175 2069 ut
3196 2013 3245 2069 si
3279 2014 3594 2086 aliquando
3614 2016 3832 2090 aliquis

2174 2100 2234 2155 in
2268 2101 2820 2174 congregationibus
2853 2103 3070 2158 nostris
3089 2103 3298 2158 viderit
3317 2110 3828 2176 peccatorem,non

2174 2189 2630 2260 scandalizetur,‘
2656 2207 2847 2262 neque
2876 2191 3068 2246 dicat:
3119 2193 3262 2247 Ecce
3296 2199 3565 2264 peccator
3585 2194 3643 2250 in
3677 2199 3828 2252 satu

2173 2283 2379 2334 sancto
2411 2279 2585 2334 est.Si
2611 2279 2720 2335 hoc
2751 2279 2904 2350 licet,
2937 2280 2988 2335 si
3021 2279 3130 2336 hoc
3169 2281 3527 2348 conceditur,
3559 2297 3738 2354 quare
3767 2291 3829 2340 et

2170 2383 2277 2439 ego
2309 2383 2424 2422 non
2447 2383 2680 2439 peccem
2702 2367 2730 2423 ‘t
2758 2372 2904 2422 Dum
2937 2367 2996 2422 in
3028 2368 3300 2439 presenti
3348 2369 3562 2426 saeculo
3594 2388 3826 2441 sumus,

2173 2456 2231 2510 id
2264 2459 2354 2511 est
2383 2455 2442 2510 in
2473 2471 2608 2510 area
2633 2459 2691 2510 et
2739 2456 2798 2510 in
2857 2471 3095 2528 sagena,
3155 2461 3213 2512 et
3242 2456 3381 2512 boni
3410 2462 3468 2513 et
3498 2458 3635 2514 mali
3668 2461 3728 2515 in
3757 2477 3828 2517 ea

2172 2545 2521 2600 continetur.
2581 2544 2822 2607 Quando
2882 2549 3080 2600 autem
3136 2546 3361 2601 venerit
3415 2546 3684 2604 Christus
3728 2550 3827 2606 ﬁet

2169 2633 2528 2700 discretio,et
2556 2632 2897 2705 implebitur
2918 2632 3063 2688 illud
3096 2635 3250 2706 quod
3277 2635 3350 2690 ab
3379 2636 3655 2707 Apostolo
3677 2637 3822 2695 diel-

2167 2723 2300 2776 tur:
2327 2721 2521 2776 Omnes
2547 2737 2646 2776 nos
2671 2724 2878 2792 oportet
2907 2723 3158 2778 assistere
3177 2727 3308 2778 ante
3327 2724 3580 2779 tribunal
3601 2726 3820 2795 Christi,

2167 2818 2227 2866 ut
2256 2815 2492 2881 reportet
2511 2812 2882 2882 unusquisque
2898 2813 3125 2882 propria
3145 2815 3390 2883 corporis
3415 2814 3525 2881 sui,
3557 2830 3678 2886 quae
3699 2832 3822 2887 ges-

2164 2900 2234 2954 sit
2263 2901 2376 2955 sive
2407 2900 2545 2955 bona
2573 2899 2685 2955 sive
2713 2900 2864 2955 mala
2910 2900 2956 2971 (Ι
2986 2900 3108 2955 Cor.
3142 2901 3240 2972 ιν).
3285 2901 3416 2957 Haec
3445 2902 3505 2958 in
3537 2906 3819 2974 prooemio

2164 2987 2236 3043 de
2267 2987 2847 3060 interpretationibus
2876 2987 3165 3045 visionum
3188 2995 3441 3046 metuens
3471 2992 3711 3050 animus
3731 3000 3821 3051 est

405 3096 586 3152 capax
617 3079 859 3150 spiritus
890 3080 1011 3150 Dei,
1047 3084 1112 3135 ut
1141 3079 1262 3134 haac
1305 3079 1684 3135 Sacramenta
1727 3079 2006 3134 dilucidet
2027 3079 2056 3132 ‘2
2095 3149 2125 3154 Α
2165 3074 2348 3143 locus,
2383 3080 2441 3132 et
2485 3077 2793 3148 ambigens
2841 3093 2970 3148 quis
3002 3077 3189 3148 sileat,
3222 3094 3349 3150 qua:
3378 3080 3655 3151 proferat,
3689 3098 3820 3154 qua:

403 3149 716 3242 Oportebat
742 3149 1116 3225 accusatores
1161 3168 1467 3235 Creatoris,
1508 3172 1564 3224 et
1614 3169 1711 3224 Dei
1743 3167 2051 3240 propheta-
2083 3149 2126 3217 Ο
2163 3165 2366 3222 leviter
2392 3169 2547 3222 tacta
2577 3165 2857 3232 dimittat,
2892 3181 3020 3237 qua:
3049 3182 3119 3222 ex
3149 3166 3221 3222 iis
3244 3149 3654 3236 manifestius,
3685 3149 3815 3243 quae

404 3275 536 3315 rum
567 3257 824 3331 primum
857 3257 1180 3331 intelligere
1211 3275 1338 3329 quae
1361 3257 1639 3312 dicuntur
1665 3275 1699 3312 a
1731 3256 2049 3328 prophetis,

401 3350 460 3404 et
483 3352 685 3418 postea
713 3346 1034 3403 criminari.
1067 3347 1175 3414 Qui
1205 3346 1361 3403 enim
1388 3363 1519 3402 vere
1548 3349 1804 3412 accusat,
1839 3363 1907 3401 ea
1953 3347 2051 3402 de-

402 3435 499 3492 bet
529 3452 823 3503 accusare,
859 3453 986 3508 quae
1016 3437 1192 3491 novit.
1225 3436 1279 3490 Si
1312 3453 1443 3491 vero
1486 3435 1739 3490 haeretici
1772 3451 1844 3491 ne
1875 3451 2053 3507 prope

403 3524 639 3597 quidem
664 3530 802 3581 sunt
825 3525 1144 3580 intellectui
1168 3524 1386 3592 divino,
1412 3525 1704 3596 quomodo
1734 3524 2050 3580 rationabi-

401 3614 532 3671 liter
557 3618 1011 3686 accusant,quos
1039 3629 1139 3669 eos
1171 3613 1395 3670 nescire
1426 3612 1830 3668 convincimus
1849 3613 1878 3667 ?
1923 3613 2052 3669 Dis—

402 3703 700 3775 cant,quis
728 3702 788 3757 in
819 3702 930 3757 hac
953 3701 1173 3757 visione
1203 3702 1282 3757 sit
1313 3718 1544 3758 sensus.
1581 3701 1840 3756 Primum
1871 3718 2051 3773 appa-

400 3797 489 3848 ret
510 3792 752 3864 spiritus
769 3792 1075 3860 auferens;
1109 3791 1367 3846 secundo
1399 3790 1586 3846 nubes
1609 3807 1822 3862 magna
1843 3790 1900 3844 in
1933 3789 2052 3862 spi-

400 3882 519 3938 ritu
563 3881 895 3947 auferente;
931 3880 1102 3936 tertio
1135 3879 1412 3952 splendor
1436 3879 1496 3934 in
1528 3878 1775 3934 circuitu
1809 3878 2053 3950 spiritus

401 3968 718 4027 auferentis
743 3986 757 4036 ;
781 3972 988 4040 quarto
1006 3968 1162 4040 ignis
1185 3967 1480 4040 refulgens
1504 3985 1518 4036 ;
1543 3968 1747 4039 quinto
1770 3967 1828 4021 in
1863 3967 2053 4023 medio

400 4059 531 4130 ejus
553 4057 705 4114 sicut
726 4057 873 4112 visio
896 4057 1116 4123 electri,
1147 4057 1305 4112 haud
1326 4057 1572 4112 dubium
1609 4055 1750 4127 quin
1775 4043 1833 4110 in
1862 4055 2053 4111 medio

401 4147 594 4219 ignis;
647 4149 809 4202 sexto
841 4145 1118 4218 splendor
1146 4146 1205 4200 in
1259 4145 1462 4200 eodem
1495 4145 1730 4200 electro.
1765 4144 2056 4200 Conﬁteor

399 4236 651 4293 libenter
679 4252 713 4291 a
742 4235 1087 4307 sapiente,et
1111 4234 1264 4290 ﬁdeli
1295 4233 1417 4289 viro
1447 4233 1662 4288 dictam
1679 4233 2052 4301 sententiam,

401 4339 578 4398 quam
613 4341 765 4396 saepe
795 4323 1070 4395 suscipio.
1108 4328 1186 4379 De
1213 4323 1329 4378 Deo
1360 4327 1417 4378 et
1444 4338 1580 4378 vera
1607 4322 1798 4377 dicere
1828 4322 2054 4393 pericu-

400 4414 523 4471 lum
545 4415 863 4485 est.Neque
882 4413 1037 4468 enim
1058 4429 1120 4468 ea
1145 4416 1374 4467 tantum
1407 4411 1733 4483 periculosa
1762 4415 1902 4466 sunt
1927 4429 2055 4484 quae

2159 3255 2471 3311 obscurius
2501 3255 2841 3326 exponenda
2869 3254 3008 3322 sint,
3042 3255 3092 3310 si
3121 3260 3319 3311 tamen
3352 3256 3676 3328 poterimus
3705 3260 3817 3316 im-

2160 3343 2317 3416 plere
2338 3343 2492 3415 quod
2523 3343 2816 3415 cupimus.
2843 3343 3108 3399 Primum
3143 3360 3280 3417 ergo
3312 3345 3545 3402 videtur
3571 3347 3817 3419 spiritus

2161 3432 2461 3489 auferens:
2485 3432 2543 3487 id
2567 3432 2720 3504 quod
2745 3431 2920 3504 paulo
2942 3438 3076 3488 ante
3091 3432 3515 3507 diximus,quia
3531 3436 3818 3494 Dominus

2161 3525 2362 3578 noster
2391 3520 2544 3594 ignis
2575 3537 2930 3577 consumens
2946 3522 3046 3594 sit,
3078 3522 3257 3579 etiam
3284 3540 3440 3580 nunc
3470 3525 3820 3598 repetimus,

2161 3613 2221 3666 et
2283 3610 2538 3669 dicimus
2603 3609 2742 3667 huic
2818 3610 3156 3668 testimonio
3240 3628 3574 3685 congruere.
3659 3614 3825 3672 8.8

2161 3699 2463 3764 Quomodo
2494 3699 2734 3772 ponitur
2761 3699 3006 3771 spiritus
3065 3701 3376 3757 auferens?
3407 3705 3550 3757 Deus
3577 3704 3831 3773 spiritus

2163 3793 2242 3846 est
2271 3789 2450 3860 (Joan.
2501 3788 2600 3860 iv),
2650 3793 2707 3844 et
2753 3788 2999 3860 spiritus
3051 3789 3325 3846 auferens
3353 3790 3632 3846 cernitur.
3666 3792 3825 3857 Quid

2165 3895 2200 3934 a
2228 3895 2322 3934 me
2353 3877 2560 3940 aufert,
2594 3881 2650 3931 et
2677 3878 2748 3932 ab
2780 3876 2978 3933 anima
3028 3895 3178 3945 mea,
3215 3884 3282 3936 ut
3313 3879 3518 3936 merito
3549 3881 3824 3937 auferens

2164 3966 2558 4039 pradicetur?
2589 3966 2797 4037 Utique
2827 3965 3012 4021 mala:
3045 3971 3104 4022 et
3119 3970 3259 4022 tunc
3280 3969 3469 4024 sentio
3500 3968 3822 4025 bonitatem

2161 4056 2366 4128 ejus,si
2401 4073 2436 4112 a
2465 4071 2558 4111 me
2589 4054 2847 4128 pessima
2868 4071 3112 4127 quaeque
3133 4056 3458 4112 sustulerit.
3472 4057 3673 4130 Neque
3687 4075 3824 4115 vero

2163 4145 2492 4217 putandum
2547 4148 2637 4199 est
2687 4144 2864 4199 ﬁnem
2907 4161 3037 4200 esse
3070 4144 3469 4216 beatitudinis,
3502 4147 3552 4202 si
3585 4162 3621 4202 a
3649 4147 3825 4203 malis

2164 4234 2502 4299 liberemur,
2536 4231 2771 4287 initium
2805 4232 3100 4289 felicitatis
3130 4238 3219 4290 est
3248 4250 3445 4291 carere
3465 4241 3706 4308 peccato
3734 4242 3829 4304 ;et

2167 4340 2226 4378 .n
2246 4322 2494 4378 Ieremia
2514 4322 2794 4377 scribitur
2810 4322 3031 4393 (omnia
3050 4323 3267 4395 quippe
3283 4339 3411 4395 qua
3427 4323 3488 4379 in
3515 4325 3827 4398 Prophetis

2164 4413 2381 4483 scripta
2405 4416 2546 4467 sunt
2569 4410 3026 4467 clementissimo
3057 4412 3176 4468 Deo
3195 4413 3461 4483 vendico)
3485 4429 3499 4468 :
3532 4415 3670 4470 Ecce
3699 4414 3833 4470 dedi

402 4503 549 4561 falsa
579 4505 651 4559 de
679 4519 746 4559 eo
777 4502 1056 4558 dicuntur
1080 4518 1093 4557 :
1126 4502 1222 4557 sed
1257 4500 1433 4556 etiam
1461 4517 1590 4574 quas
1642 4517 1778 4556 vera
1807 4504 1966 4572 sunt,
1999 4504 2057 4556 et
2085 4519 2132 4586 ι)
2164 4516 2440 4558 sermones
2466 4515 2610 4556 meos
2641 4502 2702 4555 in
2729 4516 2792 4556 os
2821 4503 3127 4572 tuum,ecce
3145 4504 3405 4559 constitui
3431 4506 3484 4559 te
3510 4519 3681 4576 super
3697 4519 3829 4576 gem

401 4610 518 4650 non
545 4596 870 4666 opportune
891 4589 1510 4664 proferuntur,dicenti
1531 4588 1855 4662 periculum
1887 4605 2054 4662 gene-

401 4686 552 4740 rant.
578 4683 893 4754 Margarita
921 4697 1056 4736 vera
1084 4684 1191 4751 est,
1221 4680 1322 4736 sed
1344 4680 1393 4736 si
1416 4695 1702 4752 perverse,
1734 4677 2048 4734 discrimen

399 4774 528 4845 ejus
559 4777 666 4840 est,
699 4771 855 4843 quod
878 4771 956 4843 (a)
988 4769 1129 4825 dicit
1157 4769 1406 4842 pedibus
1435 4783 1658 4824 eorum.
1697 4768 1766 4822 Et
1795 4772 1860 4822 ut
1882 4767 2052 4838 juxta

400 4879 510 4918 nos
541 4861 777 4933 aliquod
811 4876 1100 4932 ponamus
1129 4857 1482 4930 exemplum,
1524 4856 1897 4912 collectiones
1926 4855 2050 4911 ista;

401 4967 518 5008 non
577 4949 770 5006 solum
829 4949 886 5004 in
935 4947 1101 5017 Elia,
1160 4964 1276 5002 non
1307 4951 1535 5002 tantum
1594 4946 1808 5009 Romae,
1843 4962 1957 5000 non
1989 4946 2048 5000 in

402 5037 766 5108 Alexandria,
799 5037 896 5092 sed
935 5038 992 5091 in
1024 5036 1183 5092 omni
1218 5034 1396 5091 semel
1429 5034 1566 5091 orbe
1593 5034 1747 5090 892
1771 5033 2048 5089 similitu-

401 5129 598 5184 dinem
623 5127 878 5183 referunt
897 5142 1281 5198 sagenm,quae
1297 5141 1364 5180 ex
1387 5123 1546 5180 omni
1567 5139 1775 5196 genere
1798 5123 2047 5196 piscium

401 5217 575 5291 capit.
600 5217 722 5273 Non
750 5220 998 5289 possunt
1019 5215 1289 5271 universa
1309 5214 1459 5270 bona
1481 5230 1608 5269 esse
1634 5230 1760 5285 quas
1783 5212 2052 5268 incidunt

400 5308 458 5364 in
490 5323 642 5364 eam.
673 5305 768 5361 Ait
795 5305 1010 5378 quippe
1061 5304 1318 5360 Salvator
1350 5321 1362 5360 :
1422 5304 1555 5358 Cum
1604 5304 1967 5368 extraxerint,
1998 5305 2049 5358 et

398 5412 551 5454 secus
583 5397 736 5452 littus
766 5395 1236 5465 sederint,eligent
1265 5395 1403 5448 bona
1432 5391 1650 5466 quidem
1680 5395 1742 5446 in
1768 5408 1898 5448 vasa
1927 5407 2045 5461 sua,

472 5540 548 5608 (a)
569 5539 664 5593 Sic
682 5536 1106 5608 etGenebrardi
1123 5543 1180 5592 et
1195 5535 1546 5592 Basileensis
1568 5533 1852 5608 vetustior
1871 5533 2048 5590 editio

403 5605 639 5666 habent.
683 5608 798 5665 Nec
829 5607 1032 5663 dubito
1063 5612 1282 5679 tamen,
1301 5610 1643 5680 corruptum
1672 5605 1865 5663 locum
1894 5621 2047 5678 esse,

2161 4599 2237 4648 tes
2265 4595 2319 4647 et
2347 4606 2517 4660 regna
2545 4589 2854 4658 eradicare,
2887 4597 2940 4646 et
2981 4590 3272 4664 suffodere,
3330 4596 3386 4648 et
3411 4592 3747 4664 disperdere,
3775 4602 3829 4650 et

2158 4680 2452 4752 aediﬁcare,
2510 4682 2566 4734 et
2607 4679 2872 4750 planiore
2918 4679 3049 4752 (Jer.
3079 4681 3145 4750 ι).
3194 4680 3492 4755 Benignns
3520 4687 3612 4738 est
3640 4682 3824 4751 Dens,

2160 4771 2310 4827 dans
2339 4784 2640 4825 sermones
2671 4769 2743 4823 ad
2799 4769 3240 4825 eradicandum.
3297 4770 3513 4826 Verum
3554 4771 3700 4843 quid
3734 4776 3827 4828 est

2161 4858 2315 4930 quod
2347 4857 2630 4913 eradicari
2657 4857 2948 4924 debeat,et
2969 4858 3279 4915 subverti?
3299 4860 3358 4916 Si
3381 4876 3497 4932 qua
3528 4860 3824 4932 plantatio

2157 4947 2218 5003 in
2251 4947 2446 5002 animo
2483 4945 2638 5001 mala
2675 4945 2840 5002 est:si
2883 4963 3000 5018 qua
3020 4951 3179 5003 secta
3199 4963 3474 5020 nequam,
3502 4948 3659 5005 hanc
3687 4963 3825 5005 era-

2158 5036 2333 5101 dicat,
2367 5036 2518 5090 hanc
2547 5035 2838 5090 subvertit
2898 5051 3090 5092 sermo
3143 5037 3540 5109 propheticus.
3575 5034 3822 5094 Utinam

2158 5130 2353 5182 autem
2389 5123 2689 5197 contingat
2718 5127 2784 5180 ut
2833 5124 2976 5180 mihi
3006 5125 3142 5182 talis
3187 5141 3382 5183 sermo
3410 5127 3685 5196 donetur,
3716 5127 3822 5200 qui

2158 5215 2412 5272 eradicet
2431 5213 2834 5270 haereticorum
2850 5214 3161 5286 semina,et
3183 5216 3510 5272 doctrinam
3529 5216 3828 5274 exZabuli

2159 5305 2316 5360 fonte
2346 5306 2704 5372 manantem,
2738 5302 2840 5374 qui
2871 5303 2944 5359 de
2971 5304 3100 5374 ejus
3129 5304 3350 5371 anima,
3379 5305 3480 5377 qui
3511 5321 3677 5360 nunc
3706 5305 3832 5378 pri-

2158 5408 2322 5449 mum
2355 5391 2669 5448 Bcclesiam
2691 5390 3386 5463 ingreditur,idololatriaa
3401 5394 3633 5451 auferat
3653 5393 3836 5468 plan-

2157 5538 2261 5592 aut
2288 5533 2565 5615 mutilum
2599 5558 2612 5604 -,
2657 5533 2772 5615 sed
2803 5533 3038 5615 quando
3082 5538 3306 5592 veteres
3321 5534 3475 5615 _libri
3505 5537 3833 5615 suppetias

2157 5624 2273 5665 non
2303 5607 2522 5678 terunt,
2551 5621 2623 5663 ex
2653 5604 2892 5679 ingenio
2909 5606 3154 5682 reﬁgere
3179 5623 3296 5666 non
3321 5607 3482 5666 libet.
