3978 6188
213 282 310 344 709

625 273 1120 342 TRANSLATIO
1163 273 1665 340 HOMILIARUM
1713 266 2077 335 ORIGENIS
2127 271 2206 333 IN
2251 269 2778 334 EZECHIELEM.
2825 271 3018 334 HOM.
3063 271 3141 336 II.

3465 275 3584 337 ’710

212 415 297 471 sed
318 413 382 470 de
407 411 572 468 corde
597 427 716 468 suo.
745 413 814 467 Et
835 409 1203 484 prephetabis,
1233 413 1280 464 et
1303 409 1445 463 dices
1474 407 1542 462 ad
1563 422 1683 460 eos:
1721 406 1827 458 Λα·
1861 409 1913 472 Α
1943 407 2129 460 simus
2161 405 2335 458 etiam
2367 423 2452 470 ea,
2505 422 2630 474 quae
2663 405 2955 458 contraria
2987 383 3144 470 sunt,
3193 407 3580 464 considerare.

210 505 302 560 dite
323 503 544 560 verbum
565 503 801 557 Domini.
826 501 956 556 Haec
978 500 1050 554 ad
1078 515 1192 566 me,
1225 498 1346 553 haec
1368 498 1437 552 ad
1463 513 1596 551 cum
1627 495 1832 550 dicun-

211 598 308 659 tur,
354 591 456 663 qui
507 591 801 646 doctorem
835 605 896 643 se
927 604 1054 643 esse
1084 587 1392 658 promittit,
1435 589 1500 639 ut
1526 585 1703 638 timor
1734 582 1834 637 Dei

1942 494 2252 566 Apostolus
2282 493 2580 564 loquitur:
2625 495 2797 549 Urabo
2826 497 3046 566 spiritu,
3090 500 3254 552 orabo
3303 508 3354 554 et
3399 517 3581 555 sensu.

1944 583 2050 648 Qui
2099 599 2308 638 sensus
2340 583 2396 636 in
2429 583 2602 638 corde
2646 582 2820 637 habet
2867 583 3304 642 habitaculum:
3341 589 3589 643 Psallam

209 682 374 751 major
403 678 629 734 oriatur
659 677 717 731 in
750 676 940 746 nobis,
991 692 1064 730 ne
1103 673 1499 746 periclitemur
1527 672 1695 743 quasi
1727 670 1835 726 sub
1942 674 2168 742 spiritu,
2199 671 2434 742 psallam
2462 687 2626 725 sensu
2655 672 2698 742 (Ι
2735 671 2853 726 Cor.
2886 674 3022 743 xw).
3058 673 3240 745 Igitur
3269 679 3326 730 et
3345 676 3589 747 spiritus

210 766 612 825 commentario
644 765 859 836 scripto
890 781 1003 818 non
1025 763 1096 818 ab
1118 763 1481 828 hominibus,
1507 761 1605 817 sed
1627 761 1699 815 ab
1722 762 1835 813 An-

207 859 334 931 gelis
363 856 490 922 Dei,
525 855 608 910 sic
639 855 896 925 proferre
918 869 1266 908 sermonem.
1301 851 1441 906 Novi
1462 850 1674 920 quippe
1699 848 1839 919 quia

206 964 322 1003 cum
344 943 644 1016 injudicio
673 942 772 996 illo
802 943 941 997 ordo
964 941 1309 1011 consederit,
1341 940 1412 994 de
1443 956 1557 1010 quo
1590 937 1838 1009 prophe-

207 1036 334 1091 tavit
352 1033 555 1089 Daniel
577 1033 738 1103 (Dan.
763 1032 866 1100 v11)
892 1048 905 1085 :
940 1035 996 1086 et
1018 1029 1151 1084 libri
1175 1029 1391 1084 fuerint
1411 1027 1616 1099 aperti,
1637 1043 1841 1082 omnes

205 1123 306 1180 mei
336 1127 604 1187 conatus,
637 1135 841 1175 omnes
873 1134 1013 1173 meae
1052 1118 1445 1189 expositiones
1476 1116 1843 1188 proferentur

204 1215 256 1268 in
275 1211 559 1278 medium,
589 1209 710 1264 sive
730 1209 789 1262 in
805 1206 1312 1278 justiﬁcationem,
1344 1205 1464 1261 sive
1488 1207 1546 1260 in
1568 1203 1840 1260 condem-

204 1301 490 1356 nationem
541 1314 756 1354 meam.
809 1297 872 1352 In
913 1296 1397 1366 justiﬁcationem
1429 1294 1664 1366 quidem
1697 1291 1843 1347 mihi

202 1394 517 1460 erunt,quae
537 1386 842 1442 benedicta
858 1388 1024 1440 sunt:
1048 1384 1106 1439 in
1121 1383 1668 1456 condemnationem
1684 1398 1841 1449 vero,

201 1496 261 1534 ea
304 1495 432 1549 qua:
483 1493 655 1533 secus
708 1490 884 1546 quam
929 1473 1142 1529 veritas
1189 1472 1376 1544 poscit
1404 1471 1730 1543 explanata.
1761 1471 1845 1524 Ex

198 1566 553 1630 sermonibus,
579 1563 791 1634 inquit,
818 1563 928 1617 tuis
949 1561 1334 1632 iustiﬁcaberis
1354 1565 1404 1616 et
1424 1577 1493 1616 ex
1507 1560 1846 1615 sermonibus

200 1657 302 1710 tuis
329 1653 790 1710 condemnaberis
839 1651 1049 1720 (Matth.
1082 1651 1222 1721 xu):
1259 1650 1428 1722 quasi
1459 1648 1697 1704 babenti
1729 1664 1844 1702 non

201 1758 402 1798 omnes
456 1757 773 1807 sermones,
824 1739 894 1794 de
923 1739 1138 1810 quibus
1159 1738 1606 1809 justiﬁcaretur,
1659 1752 1847 1807 neque

203 1847 437 1886 rursum
459 1847 658 1886 omnes
673 1844 994 1895 sermones,
1015 1829 1085 1883 de
1107 1827 1322 1898 quibus
1335 1828 1841 1882 condemnaretur.

199 1921 256 1976 Si
286 1918 506 1990 aliquis
535 1936 571 1974 a
599 1917 969 1973 sermonibus
1000 1933 1184 1987 purus
1205 1921 1292 1971 est
1313 1915 1540 1984 alienis,
1563 1919 1620 1970 et
1641 1913 1724 1969 eis
1746 1913 1847 1984 qui

198 2009 423 2082 possint
455 2006 822 2079 reprehendi,
855 2022 921 2061 ex
953 2005 1326 2060 sermonibus
1355 2003 1849 2074 suisjustiflcabi-

197 2105 307 2166 tur,
323 2102 518 2152 etnon
539 2095 1045 2151 condemnabitur.
1063 2093 1121 2148 Si
1140 2097 1334 2148 autem
1355 2109 1679 2163 numquam
1699 2096 1850 2146 recte

196 2187 429 2242 locutus
454 2191 564 2251 est,
597 2185 700 2240 sed
724 2200 953 2255 semper
974 2183 1218 2255 protulit
1235 2199 1432 2253 prava,
1466 2199 1535 2236 ex
1563 2180 1850 2236 sermoni-

197 2276 307 2330 bus
321 2275 450 2330 suis
466 2272 1038 2335 condemnabitur,et
1051 2288 1165 2327 non
1181 2271 1326 2342 justi
1337 2270 1849 2326 ﬁcabitur.Verum

193 2364 340 2435 quia
372 2380 497 2432 nos,
547 2362 646 2434 qui
694 2379 809 2417 non
841 2377 1049 2416 sumus
1080 2376 1149 2415 ex
1177 2360 1338 2416 omni
1377 2365 1541 2431 parte
1590 2358 1848 2431 perfecti,

194 2468 390 2524 neque
411 2451 497 2506 sic
517 2451 772 2506 dicimus
795 2455 860 2505 ut
883 2449 1545 2521 semperjustiﬁcemur,
1562 2465 1750 2519 neque
1772 2448 1851 2502 sic

192 2541 527 2597 econtrario
550 2557 759 2595 sumus
781 2544 1133 2611 peccatores,
1167 2542 1232 2593 ut
1254 2554 1483 2609 semper
1503 2538 1852 2592 condemne-

195 2646 351 2696 mur,
378 2634 436 2684 et
457 2628 745 2683 habemus
776 2627 890 2682 alia
916 2627 1093 2682 verba
1112 2642 1180 2681 ex
1200 2627 1416 2697 quibus
1439 2625 1852 2696 justilicemur,

195 2722 252 2774 et
280 2718 401 2774 alia
431 2734 502 2773 ex
531 2718 748 2788 quibus
781 2717 1276 2772 condemnemur:
1325 2715 1481 2770 Deus
1524 2731 1700 2785 super
1737 2717 1854 2769 sta-

195 2814 385 2863 teram
418 2823 592 2862 suam
625 2812 875 2877 utraque
915 2822 1158 2876 ponens,
1210 2804 1481 2876 expendit
1525 2802 1854 2875 diligenter,

198 2897 505 2968 etjudicat
527 2897 586 2952 in
603 2895 818 2967 quibus
833 2895 1035 2966 justus
1053 2894 1188 2963 sim,
1204 2897 1259 2948 et
1275 2893 1331 2947 in
1347 2893 1562 2964 quibus
1577 2892 1860 2947 sermoni-

199 2986 310 3041 bus
331 2985 845 3040 condemnandus.
878 2983 1043 3046 Quod
1076 2987 1270 3038 autem
1298 2982 1356 3037 in
1380 2981 1750 3037 sermonibus
1774 2981 1856 3034 fa-

199 3074 299 3145 cit,
334 3073 448 3129 hoc
470 3074 625 3128 idem
654 3073 791 3128 facit
811 3078 866 3127 et
890 3072 948 3126 in
979 3071 1181 3144 gestis.
1214 3071 1458 3126 Necesse
1479 3075 1568 3126 est
1589 3071 1768 3137 enim,
1795 3073 1859 3124 ut

1945 765 2033 816 est
2057 764 2112 814 et
2133 776 2341 814 sensus
2362 759 2420 812 in
2445 759 2631 814 nobis.
2658 761 2726 813 Et
2743 762 3036 831 quomodo
3058 769 3296 819 sanctus
3319 771 3445 820 orat
3470 766 3588 838 spi-

1947 850 2085 912 ritu,
2117 853 2243 903 orat
2264 853 2320 902 et
2341 864 2514 901 sensu
2543 866 2554 902 :
2592 848 2789 919 psallit
2809 851 3039 921 spiritu,
3065 852 3263 922 psallit
3281 861 3338 908 et
3367 872 3543 910 sensu
3570 873 3583 911 :

1948 939 2033 992 sic
2062 937 2171 991 iste
2201 937 2301 1008 qui
2333 942 2421 992 est
2452 936 2634 992 falsus
2665 939 2975 1009 prophetes
3023 941 3094 994 de
3142 943 3315 998 corde
3357 945 3591 1016 proprio

1949 1026 2275 1099 prophetat,
2325 1031 2381 1079 et
2410 1025 2675 1081 ambulat
2704 1044 2818 1082 non
2851 1033 2983 1098 post
3013 1030 3286 1100 spiritum
3321 1033 3436 1101 Dei,
3489 1035 3592 1096 sed

1951 1121 2083 1186 post
2101 1115 2372 1186 spiritum
2396 1131 2590 1169 suum.
2617 1116 2718 1170 Est
2737 1116 2953 1188 quippe
2971 1119 3209 1187 quidam
3228 1121 3472 1192 spiritus
3493 1122 3594 1177 ho-

1952 1202 2150 1270 minis,
2179 1202 2277 1273 qui
2300 1207 2564 1257 versatur
2587 1203 2641 1256 in
2667 1220 2754 1270 eo,
2781 1210 2908 1273 post
2932 1222 3106 1275 quem
3135 1206 3338 1278 procul
3361 1207 3512 1263 absit
3534 1213 3599 1264 ut

1951 1308 2055 1364 ego
2079 1290 2375 1346 ambulem
2400 1308 2413 1358 ;
2439 1291 2538 1345 sed
2563 1292 2891 1364 intelligens
2916 1300 3184 1350 sanctum
3199 1297 3484 1368 Spiritum
3501 1298 3598 1354 Dei

1953 1385 2083 1451 post
2111 1379 2425 1434 Dominum
2447 1381 2644 1434 Jesum
2673 1398 2870 1436 meum
2892 1383 3209 1440 ambulem.
3249 1388 3444 1459 Itaque
3471 1405 3601 1460 pro-

1953 1469 2158 1541 phetas,
2205 1469 2304 1539 qui
2336 1469 2687 1540 prophetant
2715 1471 2786 1525 de
2816 1472 3006 1538 corde,
3048 1478 3104 1527 et
3133 1475 3440 1531 ambulant
3467 1480 3602 1548 post

1954 1557 2224 1629 spiritum
2257 1575 2372 1612 non
2404 1563 2524 1612 tam
2563 1559 2678 1628 Dei,
2711 1577 2886 1631 quam
2919 1577 3115 1628 suum,
3147 1565 3409 1631 omnino,
3441 1568 3597 1636 quod

1955 1647 2148 1702 Graace
2187 1646 2537 1702 dicitur......
2589 1666 2705 1704 non
2752 1649 2973 1716 vident,
3023 1657 3079 1707 et
3107 1658 3196 1707 est
3225 1654 3504 1726 ambigua
3533 1673 3602 1712 ex

1955 1752 2223 1790 sermone
2253 1736 2559 1790 sententia.
2593 1736 2720 1792 Sive
2740 1738 2896 1793 enim
2923 1755 3010 1808 ea,
3039 1757 3166 1810 quae
3192 1749 3330 1797 sunt
3359 1761 3600 1815 genera-

1957 1824 2170 1879 lia......
2199 1823 2254 1878 id
2277 1829 2385 1892 est,
2408 1825 2703 1896 generalia
2728 1828 3081 1896 non.vident,
3104 1829 3239 1886 licet
3259 1834 3507 1902 quadam
3533 1850 3602 1890 ex

1958 1917 2119 1984 parte
2151 1912 2530 1984 conspiciant,
2566 1915 2684 1968 sive
2709 1915 2884 1987 (quod
2915 1933 3020 1988 ego
3052 1919 3260 1974 melius
3291 1923 3438 1992 reor)
3474 1940 3604 1978 om-

1958 2003 2097 2056 nino
2129 2019 2243 2056 non
2276 2001 2492 2068 vident,
2510 2002 2640 2057 licet
2669 2004 2778 2058 sibi
2809 2022 2877 2059 ex
2899 2011 3060 2076 parte
3089 2009 3344 2078 quadam
3369 2011 3604 2066 videan-

1957 2095 2054 2145 tur
2083 2090 2295 2144 videre.
2327 2090 2439 2144 Alii
2473 2092 2689 2163 quippe
2721 2093 2777 2147 in
2811 2094 2979 2150 nobis
2999 2095 3152 2150 oculi
3177 2102 3317 2152 sunt
3337 2098 3607 2156 meliores

1959 2179 2072 2246 his,
2106 2196 2251 2251 quos
2279 2178 2567 2234 habemus
2598 2181 2656 2234 in
2684 2198 2941 2253 corpore.
2977 2185 3084 2247 Qui
3106 2185 3257 2240 oculi
3279 2191 3382 2242 aut
3403 2189 3607 2244 Jesum

1960 2268 2274 2323 Dominum
2304 2267 2518 2334 vident,
2555 2270 2652 2340 qui
2685 2288 2782 2326 eos
2813 2273 2884 2327 ad
2916 2290 2976 2328 se
3000 2274 3346 2332 intuendum
3371 2280 3606 2349 creavit,

1961 2363 2062 2412 aut
2082 2363 2235 2412 certe
2253 2357 2385 2412 caeci
2408 2363 2564 2413 sunt.
2591 2359 2649 2414 Si
2674 2366 2939 2431 peccator
2960 2380 3114 2428 sum,
3135 2365 3277 2419 nihil
3300 2366 3484 2432 video,
3505 2385 3609 2423 nec

1961 2463 2136 2517 possu
2147 2463 2203 2500 n1
2220 2446 2482 2502 veritatis
2503 2447 2699 2502 lumen
2724 2449 2999 2520 aspicere.
3015 2453 3072 2505 In
3089 2453 3366 2522 judicium
3386 2458 3607 2526 quippe,

1962 2536 2062 2602 ait,
2096 2537 2342 2589 901m
2372 2536 2638 2590 mundum
2666 2539 2832 2592 istum
2860 2542 3004 2602 veni,
3037 2547 3231 2596 utnon
3254 2543 3497 2599 videntes
3526 2546 3610 2599 vi-

1961 2624 2142 2691 deant,
2157 2628 2209 2678 et
2228 2625 2463 2679 videntes
2483 2627 2616 2681 θέρεϊ
2634 2627 2958 2697 [iant(Joan.
2981 2630 3079 2700 Ix).
3097 2631 3156 2684 Si
3177 2648 3246 2686 au
3257 2635 3373 2686 tem
3383 2633 3608 2702 justus,

1965 2713 2184 2784 accipio
2197 2714 2449 2784 gratiam
2465 2732 2497 2768 a
2513 2719 2643 2779 Deo,
2659 2721 2716 2769 et
2733 2717 2802 2770 de
2821 2733 2914 2771 me
2927 2735 3079 2789 quoq
3090 2735 3158 2774 ue
3171 2720 3385 2775 dicitur
3401 2720 3608 2777 videns.

1964 2801 2262 2872 Prophetas
2284 2802 2439 2857 enim
2463 2805 2819 2858 vocabantur
2839 2811 2970 2861 ante
2993 2807 3274 2864 videntes.
3290 2811 3385 2864 Et:
3409 2812 3514 2877 Qui
3530 2812 3610 2865 vi-

1965 2891 2074 2957 des,
2098 2890 2198 2959 ait,
2227 2891 2378 2957 vade,
2411 2891 2668 2948 descende
2699 2894 2757 2949 in
2788 2903 2992 2950 terram
3010 2896 3169 2968 Juda,
3200 2901 3248 2952 et
3271 2899 3353 2953 ibi
3380 2916 3614 2955 commo-

1965 2996 2110 3048 rare,
2153 2986 2207 3035 et
2239 2980 2318 3034 ibi
2340 2981 2711 3051 prophetabis.
2764 2985 2824 3038 In
2859 2985 3041 3040 Bethel
3092 2991 3294 3058 autem,
3336 2991 3459 3058 jam
3503 3005 3616 3044 non

1967 3069 2198 3140 adjicies
2212 3078 2274 3124 ut
2288 3069 2573 3140 prophetes
2589 3071 2767 3142 (Amos
2788 3078 2906 3141 v11).
2933 3074 3001 3129 Et
3022 3093 3259 3130 rursum
3283 3075 3452 3132 alibi:
3479 3079 3616 3132 Visio

201 3164 320 3219 sint
340 3163 461 3219 alia
485 3164 636 3217 tacta
663 3162 720 3216 in
744 3161 959 3234 quibus
975 3161 1391 3231 justiticemur,
1415 3165 1472 3216 et
1491 3159 1604 3216 alia
1631 3160 1690 3214 in
1722 3159 1850 3230 qui-
1883 3149 1924 3214 C
1965 3174 2130 3228 quam
2149 3157 2284 3213 vidit
2307 3160 2479 3214 Isaias
2498 3161 2648 3228 ﬁlius
2669 3163 2826 3217 Amos
2847 3163 2997 3234 (Isai.
3019 3166 3079 3235 ι).
3106 3165 3318 3220 Beatus
3347 3166 3442 3221 cui
3465 3182 3618 3222 reve-

201 3253 313 3308 bus
334 3251 820 3308 condemnemur.
855 3250 1052 3322 Neque
1081 3249 1237 3305 enim
1269 3250 1354 3306 sic
1375 3250 1665 3321 perfectus
1703 3265 1856 3319 sum,

202 3347 266 3396 ut
294 3341 502 3397 omnia
530 3341 684 3394 facta
715 3338 988 3405 habeam,
1016 3337 1077 3392 in
1101 3337 1316 3410 quibus
1341 3340 1543 3409 justus
1573 3339 1819 3392 existam
1843 3354 1855 3391 :

203 3446 394 3502 neque
421 3428 508 3484 sic
531 3433 816 3500 peccator,
849 3431 914 3482 ut
937 3427 1078 3482 talia
1099 3431 1308 3482 cuncta
1330 3426 1589 3496 fecerim,
1613 3443 1740 3498 quae
1767 3441 1860 3480 me

203 3518 366 3573 omni
391 3534 462 3574 ex
485 3522 652 3589 parte
675 3517 1082 3572 condemnant.
1109 3516 1249 3571 Esse
1273 3523 1468 3572 autem
1496 3520 1553 3571 et
1577 3515 1690 3570 alia
1711 3516 1862 3571 facta

203 3607 566 3674 istiusmodi,
590 3606 744 3660 000
768 3611 823 3660 et
843 3604 956 3660 alia
980 3606 1339 3675 istiusmodi,
1361 3623 1430 3662 ex
1450 3605 1557 3660 hoc
1584 3604 1862 3660 manifes-

204 3701 332 3750 tum
357 3701 449 3752 est
474 3695 632 3766 quod
659 3696 874 3750 dicitur
897 3712 909 3748 :
943 3694 1315 3765 Quorumdam
1345 3694 1629 3750 hominum
1645 3697 1864 3765 peccata

205 3787 513 3856 manifesta
531 3787 680 3853 sunt,
701 3784 1070 3856 praecedentia
1090 3784 1159 3839 ad
1169 3784 1480 3856 judicium:
1503 3783 1865 3855 quorumdam

203 3882 401 3928 autem
429 3877 478 3927 et
505 3873 906 3944 subsequuntur
934 3874 1108 3944 (Rom.
1153 3875 1236 3945 ιι).
1271 3873 1553 3928 Similiter
1582 3877 1778 3927 autem
1809 3875 1866 3926 et

205 3961 379 4016 bona
408 3961 553 4017 facta
581 3962 890 4018 manifesta
921 3966 1078 4033 sunt,
1110 3967 1167 4018 et
1197 3979 1323 4032 qua:
1356 3961 1522 4017 aliter
1552 3961 1864 4029 habentur,

195 4048 395 4106 latere
417 4067 529 4106 non
552 4056 820 4123 possunt.
856 4052 1036 4123 [Eque
1083 4050 1152 4106 de
1180 4050 1594 4106 intellectibus.
1628 4055 1869 4122 Propter

202 4140 370 4211 quod
393 4145 453 4196 et
473 4139 624 4196 inter
643 4157 706 4196 se
727 4139 974 4196 invicem
997 4140 1419 4212 cogitationum
1442 4141 1866 4210 accusantium,

200 4229 329 4286 sive
348 4229 844 4286 satisfacientium
859 4229 1152 4300 judicium
1169 4245 1262 4285 me
1283 4234 1580 4302 exspectat
1597 4229 1666 4285 de
1685 4230 1867 4285 omni-

200 4319 343 4390 bus,
380 4335 512 4390 qua:
535 4318 704 4386 facio,
742 4335 866 4390 qua
889 4317 1169 4390 intelligo,
1204 4335 1328 4389 quae
1353 4317 1581 4389 loquor,
1605 4317 1868 4374 etincer-

199 4412 302 4464 tus
333 4407 636 4480 opperior,
671 4407 952 4479 quidnam
976 4407 1119 4462 mihi
1147 4407 1207 4462 in
1229 4405 1327 4462 illo
1350 4407 1574 4478 judicio
1609 4407 1870 4463 futurum

1965 3246 2110 3301 labit
2141 3247 2426 3303 Dominus
2457 3249 2655 3304 oculos
2688 3252 2758 3304 ad
2791 3253 3040 3308 videnda
3070 3254 3364 3310 mirabilia
3392 3256 3462 3310 de
3490 3256 3614 3327 lege

1966 3335 2088 3402 Dei,
2110 3337 2279 3406 juxta
2301 3338 2761 3394 obsecrationem
2787 3341 3077 3412 prophetae
3099 3343 3347 3399 dicentis
3371 3360 3384 3398 :
3420 3346 3620 3400 Revela

1966 3426 2145 3479 oculos
2174 3442 2338 3490 meos,
2370 3434 2422 3480 et
2447 3427 2793 3483 considerabo
2823 3431 3110 3486 mirabilia
3135 3432 3200 3487 de
3229 3433 3346 3500 lege
3377 3441 3473 3487 tua
3503 3433 3615 3502 (Ps.

1967 3514 2183 3583 cxvm).
2235 3514 2553 3570 Videamus
2583 3522 2776 3571 autem
2811 3524 2868 3572 et
2897 3519 3078 3574 alium
3121 3537 3474 3591 sermonem,
3516 3537 3620 3591 per

1970 3618 2141 3673 quem
2158 3603 2762 3674 pseudoprophetae,et
2777 3605 2904 3660 falsi
2920 3607 3186 3678 magistri
3199 3610 3618 3680 corripiuntur,

1971 3708 2005 3745 a
2026 3707 2141 3761 quo
2165 3707 2360 3761 quaeso
2383 3697 2465 3756 ut,
2481 3693 2784 3748 orantibus
2805 3695 2987 3763 vobis,
3003 3712 3108 3766 ego
3131 3713 3314 3767 purus
3336 3696 3617 3753 inveniar.

1972 3782 2106 3844 Quae
2132 3785 2220 3834 est
2249 3796 2384 3852 ergo
2417 3781 2597 3851 igitur
2622 3784 2702 3852 [Ρ.
2725 3781 2860 3853 ista]
2887 3785 3176 3856 correptio
3199 3785 3226 3838 ‘?
3256 3786 3407 3840 Sicut
3436 3787 3622 3858 vulpes

1972 3870 2031 3923 in
2048 3869 2253 3924 deserto
2267 3869 2546 3940 prOphetw
2561 3871 2661 3935 tui,
2677 3873 2875 3927 Israel.
2890 3872 3124 3928 Animal
3141 3873 3344 3946 vulpes
3366 3892 3620 3946 nequam

1973 3963 2083 4027 est,
2130 3963 2452 4025 versutum,
2504 3958 2860 4017 indomabile
2889 3968 2996 4030 est,
3054 3964 3242 4018 ferum
3274 3970 3387 4021 est.
3428 3966 3621 4034 Dicite,

1975 4047 2057 4102 ait
2099 4045 2378 4118 Salvator,
2432 4049 2584 4120 vulpi
2614 4051 2709 4104 isti
2734 4067 2746 4104 :
2778 4053 2909 4106 Ecce
2935 4055 3244 4108 sanctiones
3269 4054 3500 4125 perficio
3527 4055 3624 4111 ho-

1975 4137 2084 4205 die,
2115 4144 2170 4192 et
2193 4153 2335 4204 eras,
2367 4139 2416 4193 et
2446 4140 2612 4193 tertia
2638 4139 2728 4194 die
2759 4157 3046 4196 consumor
3075 4142 3287 4212 (Ezech.
3322 4161 3459 4212 xm;
3494 4146 3622 4200 Luc.

1977 4230 2120 4292 XIII).
2142 4225 2257 4281 Has
2272 4225 2478 4299 vulpes
2497 4229 2855 4285 necessarias
2877 4229 3084 4286 habuit
3103 4233 3411 4288 adversum
3429 4233 3629 4290 alieni-

1979 4331 2158 4387 genas
2178 4317 2444 4383 Samson,
2475 4335 2726 4388 quarum
2757 4321 2959 4376 caudis
2990 4337 3120 4376 cum
3144 4322 3221 4393 (a)
3253 4323 3386 4394 igne
3416 4323 3628 4378 vinctis

1979 4405 2291 4476 (trecentas
2316 4406 2471 4461 enim
2495 4407 2746 4478 ceperat)
2777 4408 2837 4463 in
2861 4409 3245 4480 perditionem
3266 4426 3364 4465 eas
3390 4410 3624 4482 frugum

200 4498 304 4553 sit.
367 4501 719 4568 Quantoque
750 4497 938 4569 magis
967 4497 1145 4552 timor
1173 4497 1271 4552 Dei
1307 4496 1452 4551 mihi
1484 4497 1766 4553 incutitur
1795 4498 1866 4554 ad
1905 4525 1949 4588 Β
1982 4495 2144 4550 misit
2165 4494 2490 4550 hostilium.
2519 4496 2858 4551 Istiusmodi
2881 4501 3019 4552 sunt
3041 4496 3171 4553 falsi
3195 4497 3484 4570 magistri,
3505 4514 3628 4554 ver-

199 4587 555 4659 recipienda
585 4590 796 4642 cuncta
827 4603 954 4658 qua:
987 4586 1116 4655 feci,
1165 4589 1327 4642 tanto
1359 4585 1547 4658 magis
1579 4587 1872 4642 custodire

199 4692 302 4732 me
320 4677 514 4732 debeo
540 4695 553 4732 :
582 4675 808 4732 utinam
831 4675 1070 4748 quidem
1093 4675 1165 4730 ab
1189 4674 1461 4731 omnibus
1482 4676 1756 4747 peccatis,
1780 4675 1872 4732 sin

200 4771 419 4822 autem
450 4765 562 4821 hoc
592 4782 707 4820 non
740 4781 1003 4836 possum,
1036 4764 1242 4822 saltem
1275 4781 1486 4836 queam
1515 4783 1548 4820 a
1578 4764 1870 4820 maximis.

201 4855 344 4910 Haec
365 4855 441 4910 de
461 4872 551 4922 eo,
571 4855 726 4924 quod
751 4854 1166 4926 proposuimus
1189 4855 1261 4909 de
1282 4853 1600 4925 prophetis,
1620 4854 1719 4924 qui
1742 4871 1872 4926 pro-

202 4943 467 5014 phetarit
496 4943 567 4999 de
602 4944 774 4998 corde
805 4960 933 5013 suo,
965 4944 1037 4998 ad
1070 4959 1218 5014 quos
1250 4943 1503 4998 dicitur:
1545 4943 1739 4998 Audite
1767 4959 1874 4998 ser-

204 5049 438 5088 monem
486 5033 728 5100 Domini,
781 5033 894 5088 haec
937 5032 1068 5086 dicit
1104 5031 1322 5087 ddonai
1358 5034 1637 5097 Dominus,
1668 5050 1747 5087 va:
1778 5034 1874 5087 iis-
1928 5022 1930 5024 ’

209 5125 313 5190 qui
337 5121 671 5194 prophetam
699 5122 763 5176 de
790 5121 949 5177 corde
976 5137 1094 5189 suo,
1128 5124 1224 5193 qui
1252 5122 1538 5177 ambulant
1566 5130 1683 5193 post
1707 5124 1873 5193 spiri-

213 5214 338 5266 tum
385 5229 568 5266 suum.
619 5211 744 5266 Duo
776 5215 1011 5283 peccata
1053 5215 1210 5280 sunt,
1257 5228 1439 5266 unum
1472 5211 1684 5282 cordis,
1718 5210 1875 5266 aliud

213 5300 492 5372 spiritus.
516 5300 780 5356 Primum
800 5301 871 5356 de
893 5299 1118 5357 meliori
1141 5305 1306 5373 parte
1324 5299 1649 5368 videamus,
1666 5303 1732 5355 ut
1751 5316 1879 5370 pos-

217 5536 379 5683 se((1a)
410 5532 577 5610 Legit
606 5533 879 5594 Rabanus
909 5537 1044 5610 fune
1072 5553 1173 5610 pro
1205 5537 1348 5610 igne.
1382 5532 1510 5593 Vid.
1544 5535 1679 5592 Jud.
1706 5551 1799 5605 xv,
1824 5541 1876 5593 4.

1982 4585 2120 4655 suti,
2156 4584 2420 4655 maligni,
2455 4588 2511 4640 et
2542 4585 2745 4640 bestiis
2777 4585 3014 4641 similes.
3052 4587 3112 4640 Si
3144 4586 3278 4642 talis
3310 4603 3465 4654 sum,
3497 4585 3628 4642 vul-

1982 4690 2084 4745 pes
2115 4690 2269 4742 sum,
2301 4675 2400 4728 sed
2435 4691 2548 4728 non
2582 4673 2927 4745 simpliciter
2946 4673 3168 4746 vulpes,
3199 4692 3400 4730 verum
3425 4673 3629 4746 vulpes

1983 4763 2042 4816 in
2077 4763 2345 4831 desertis,
2379 4762 2581 4833 vulpes
2609 4763 2667 4817 in
2699 4763 3022 4834 parietinis,
3055 4763 3336 4835 vulpesin
3359 4763 3626 4835 rupibus,

1984 4850 2103 4906 haec
2125 4852 2280 4906 enim
2303 4851 2359 4905 in
2383 4851 2714 4923 diversis(b)
2738 4853 3009 4907 sensibus
3029 4853 3420 4908 continentur.
3435 4851 3631 4908 Versi-

1985 4941 2166 5013 pelles
2197 4941 2292 4995 isti
2323 4945 2380 4994 et
2412 4957 2664 5012 nequam
2687 4941 2995 5012 semperin
3020 4941 3288 5009 desertis,
3323 4942 3630 5013 semperin

1986 5029 2402 5086 solitudinibus
2421 5035 2745 5106 morantur.
2764 5031 3127 5102 Ubicumque
3149 5029 3304 5086 enim
3319 5031 3516 5086 anima
3531 5031 3632 5087 ha-

1987 5121 2206 5175 bitatur
2230 5137 2264 5174 a
2298 5121 2428 5189 Deo,
2481 5123 2538 5174 et
2569 5119 2786 5190 Spiritu
2821 5125 3023 5175 sancto
3055 5120 3228 5192 plena
3257 5124 3364 5188 est,
3401 5121 3481 5175 ibi
3513 5137 3630 5178 non

1987 5213 2179 5280 potest
2225 5209 2631 5264 haireticorum
2678 5208 2944 5264 doctrina
2990 5214 3312 5280 penetrare,
3354 5226 3456 5265 nec
3482 5209 3636 5266 valet

1987 5315 2188 5355 eorum
2211 5315 2400 5355 sermo
2425 5314 2818 5370 perrumpere.
2835 5297 2941 5353 Ubi
2965 5302 3162 5354 autem
3179 5298 3634 5356 solitudoChris-

2059 5536 2135 5664 Sb)
2169 5535 2346 5604 Idem,
2380 5535 2436 5589 in
2468 5534 2696 5590 diversis
2723 5533 3076 5590 seditionibus
3104 5535 3450 5593 continentur
3470 5535 3635 5592 versi~

2081 5608 2174 5664 les.
2211 5607 2530 5664 Versivelles
2558 5606 2674 5664 isti.
2704 5609 2812 5664 etc.

1988 5607 2174 5681 pelles.
2211 5607 2530 5683 Versipelles
2558 5607 2674 5680 isti,
2704 5609 2812 5666 etc.
