3960 6172
393 354 508 419 m
1652 342 1718 413 s.
1765 345 2074 414 unseen
2119 339 2562 414 HlERONYMl
3607 345 3706 422 πί

394 489 521 554 tibi,
554 486 652 542 ubi
675 486 970 543 desertum
985 481 1251 556 justitlaa,
1274 481 1354 538 ibi
1377 481 1751 554 nequissima:
1773 482 2026 554 disciplio
2069 487 2119 549 Α
2149 491 2332 554 pterea
2362 485 2453 538 dic
2477 500 2489 536 :
2540 484 2666 541 ch
2691 482 2825 538 dicit
2851 481 3116 540 Dominus
3136 491 3231 556 pro
3257 498 3316 542 eo
3340 485 3468 558 quod
3488 501 3710 546 temones

394 595 480 635 nae
512 592 734 634 venena
761 579 1088 632 versantur.
1137 573 1388 628 Idcirco:
1427 571 1578 627 Sicut
1607 573 1811 644 vulpes,
1845 572 1945 634 ait.
1981 574 2042 626 in
2149 575 2314 627 vestri
2341 573 2627 628 mendaces
2655 577 2801 628 sunt.
2837 573 3008 629 Orate
3040 589 3140 646 pro
3169 574 3346 646 nobis,
3382 579 3441 631 ut
3464 589 3709 636 sermones

393 667 622 724 desertis
648 665 920 737 propheta
947 665 1050 730 tui,
1082 663 1268 718 Israel.
1318 663 1436 718 Non
1469 665 1730 717 steterunt
1757 662 1819 716 in
1847 660 2042 730 ﬁrma-
2150 661 2336 716 nostri
2369 678 2484 718 non
2516 663 2635 717 sint
2663 661 2815 717 falsi.
2873 662 3026 718 Licet
3062 663 3294 734 quidam
3323 663 3562 722 homines
3582 667 3710 739 igno-

393 761 591 814 mento.
615 755 675 811 Si
697 754 1062 810 considerare
1082 751 1332 807 volueris
1358 751 1436 822 (a)
1458 751 1793 822 magistros,
1816 748 2041 804 videbis
2151 750 2340 805 rentia
2361 751 2569 821 judicii
2601 765 2698 806 eos
2731 754 2994 807 asserant
3025 752 3217 819 falsos,
3241 751 3501 810 Dominus
3526 770 3621 809 non
3645 755 3712 810 di-

394 864 494 903 eos
542 846 829 909 infirmos,
886 841 1208 903 instabiles,
1261 843 1318 895 et
1364 856 1474 894 non
1505 840 1761 894 valentes
1809 837 1999 893 dicere
2025 852 2039 891 :
2148 843 2262 907 cat,
2292 843 2350 893 et
2376 844 2528 895 recte
2559 841 2865 895 nobiscum
2895 845 3116 912 agetur.
3157 840 3213 896 Si
3243 857 3366 897 vero
3395 842 3537 898 mille
3561 843 3713 898 homi-

2148 943 2292 982 num
2323 944 2422 983 eos
2468 927 2719 983 dixerint
2746 944 2931 997 veros,
2977 929 3201 1000 judicio
3243 947 3402 1000 porro
3431 932 3518 986 Dei
3549 931 3718 987 fuerint

2147 1015 2448 1087 falsi,quid
2478 1017 2618 1072 mihi
2651 1017 2952 1090 proderit?
2977 1017 3185 1073 Dicunt
3211 1021 3266 1073 et
3291 1019 3605 1075 Marcionita
3629 1035 3720 1076 ma-

2146 1105 2314 1177 gistri
2345 1105 2437 1161 sui
2467 1122 2634 1162 veros
2663 1121 2791 1162 esse
2821 1119 3143 1174 sermones,
3183 1106 3379 1163 dicunt
3405 1113 3459 1164 et
3488 1107 3718 1164 Valentini

2147 1193 2624 1251 robustissimam
2655 1199 2899 1261 sectam,
2949 1195 3050 1267 qui
3099 1195 3416 1252 fabularum
3459 1197 3574 1268 ejus
3599 1213 3719 1252 com-

2147 1285 2344 1336 menta
2373 1281 2727 1353 suscipiunt.
2755 1281 2888 1346 Quae
2910 1281 3132 1338 utilitas
3154 1283 3184 1338 ‘I
3210 1282 3311 1346 Qui
3335 1282 3550 1355 plurimi
3574 1283 3722 1339 Eccle-

394 937 597 992 Statuit
626 949 796 1005 supra
821 939 1036 1003 petram
1063 929 1226 1000 pedes
1261 945 1431 996 meos,
1479 933 1530 984 et
1580 929 1786 982 direxit
1826 941 2044 994 gressus

391 1041 538 1080 meos
569 1024 678 1095 (Ps.
704 1022 894 1090 Lxxm)
923 1036 934 1074 :
969 1024 1026 1075 et
1047 1019 1187 1089 quia
1206 1034 1321 1073 non
1345 1023 1484 1074 sunt
1503 1016 1647 1072 tales
1671 1021 1734 1072 ut
1754 1015 2038 1081 steterint,

395 1113 636 1169 robusta
656 1109 847 1164 radice
873 1107 1094 1162 fundati
1120 1124 1135 1162 :
1168 1107 1296 1162 ideo
1317 1123 1430 1162 non
1455 1110 1738 1161 steterunt
1763 1105 1821 1160 in
1840 1104 2038 1159 ﬁrma-

393 1206 610 1267 mento,
644 1199 742 1254 sed
777 1197 1104 1253 dilexerunt
1133 1211 1362 1252 movere
1394 1197 1570 1267 pedes
1601 1211 1760 1251 suos.
1804 1193 1902 1248 Est
1931 1211 2036 1248 au-

392 1293 509 1344 tem
543 1292 600 1342 et
628 1287 737 1342 hoc
757 1287 977 1359 grande
999 1289 1300 1357 peccatum
1324 1283 1529 1339 saltem
1553 1282 1862 1355 paululum
1881 1283 2036 1339 902

391 1377 568 1449 pedes
597 1391 846 1445 movere,
883 1380 946 1430 ut
974 1374 1153 1430 David
1188 1372 1496 1446 psalmista
1524 1371 1715 1427 canit:
1753 1372 1926 1440 Quam
1951 1371 2038 1427 bo-

388 1482 496 1520 nus
525 1465 690 1520 Israel
720 1465 860 1519 Deus
889 1464 1053 1518 rectis
1081 1462 1240 1518 corde
1258 1479 1277 1516 :
1307 1463 1417 1517 mei
1445 1477 1574 1517 vero
1597 1477 1736 1532 pene
1754 1462 1891 1516 moti
1910 1468 2040 1516 sunt

383 1553 564 1625 pedes.
593 1554 804 1608 Beatus
825 1551 921 1606 ille
942 1551 1310 1623 multumque
1333 1549 1486 1618 felix,
1513 1549 1605 1604 cui
1628 1549 2036 1605 robustissima
2145 1563 2385 1603 monum
2422 1563 2684 1604 meorum
2718 1549 2884 1606 testis
2914 1549 3176 1616 assistat,
3208 1555 3270 1605 ut
3299 1549 3416 1621 ipse
3445 1549 3726 1620 comprobet

387 1641 730 1698 consistenti
762 1642 964 1696 firmos
993 1641 1202 1696 animae
1234 1641 1411 1712 pedes
1444 1639 1657 1695 habere
1689 1655 2033 1694 concessum
2144 1652 2270 1708 quas
2302 1636 2580 1692 dicuntur
2608 1641 2948 1693 sanctarum
2970 1638 3301 1694 testimonio
3329 1637 3724 1709 Scripturarum.

387 1736 495 1802 est,
521 1731 619 1804 qui
644 1730 846 1786 audire
869 1747 903 1786 a
923 1730 1038 1786 Deo
1061 1729 1275 1802 dignus
1297 1735 1385 1784 est
1407 1746 1420 1785 :
1460 1730 1534 1784 Tu
1552 1745 1678 1784 vero
1697 1732 1780 1783 sta
1798 1744 2030 1784 mecum.
2145 1729 2386 1797 Propter
2407 1727 2524 1781 haec
2542 1742 2676 1798 ergo
2700 1727 2772 1781 ad
2800 1743 2906 1783 nos
2926 1727 3069 1783 dicit
3093 1728 3310 1784 Adonai
3336 1725 3596 1782 Dominus
3615 1741 3627 1780 ε
3649 1727 3727 1780 Ez-

387 1825 605 1876 Verum
637 1836 752 1875 non
781 1817 928 1874 tales
959 1819 1498 1890 pseudoprophetae,
1547 1834 1664 1873 non
1713 1816 1857 1873 tales
1903 1815 2030 1872 falsi
2064 1867 2109 1890 η
2141 1816 2364 1870 tendam
2384 1832 2612 1871 manum
2627 1831 2807 1872 meam
2827 1818 2902 1872 ad
2916 1818 3222 1888 prophetas,
3244 1818 3339 1890 qui
3358 1815 3528 1872 vident
3545 1813 3726 1870 maide-

409 1867 419 1876 '
440 1867 491 1876 V'
509 1867 605 1876 “’““”
638 1867 752 1875 ’-ν-
787 1867 926 1874 ’“”“’”
959 1867 1498 1890 r"""'r"r—'"‘r
1550 1867 1664 1873 ""‘
1717 1867 1854 1873 """
1903 1867 2030 1872 '"“'
2142 1867 2180 1870 "
2216 1867 2358 1870 """”
2387 1867 2606 1871 """"""
2632 1867 2744 1872 """
2771 1867 2801 1870 "
2828 1867 2964 1888 ""r'
2988 1867 3222 1888 '1'""""
3247 1867 3332 1890 1"'
3360 1867 3520 1872 """"
3548 1867 3670 1870 """"
3694 1867 3699 1868 '

389 1909 653 1982 magistri
679 1925 693 1976 ;
724 1923 912 1978 neque
937 1907 1095 1962 enim
1127 1905 1210 1961 sic
1241 1910 1530 1962 steterunt
1559 1906 1619 1960 in
1641 1907 2031 1961 firmamento.
2063 1867 2110 1932 B
2141 1901 2359 1958 cia.Hze
2382 1904 2871 1960 comminationes
2892 1909 3029 1960 sunt
3051 1906 3356 1961 adversum
3375 1904 3541 1960 falsos
3560 1902 3728 1974 magis-

386 1998 451 2052 Et
476 1996 876 2066 congregabant
902 2011 1085 2065 greges
1115 1996 1357 2065 ﬁliorum
1389 1996 1576 2061 Israel,
1621 2010 1770 2065 quos
1800 1995 2032 2063 docent,
2141 2001 2282 2059 tros,
2333 1997 2391 2047 et
2437 2009 2554 2058 eos,
2607 1993 2707 2065 qui
2756 1993 3081 2065 loquuntur
3120 1993 3436 2050 mendacia.
3466 1992 3726 2047 Videamus

387 2101 535 2156 quos
567 2085 882 2139 instituant
903 2084 1022 2138 sive
1052 2083 1288 2138 heeritici
1311 2083 1526 2154 dogma
1553 2082 1801 2154 impium
1827 2083 2032 2154 praedi-
2142 2085 2336 2136 autem
2368 2081 2508 2153 quid
2531 2082 2604 2136 de
2629 2081 2723 2136 his
2753 2083 3146 2138 comminatur
3170 2101 3184 2139 :
3217 2085 3280 2139 In
3304 2083 3584 2153 disciplina
3606 2079 3726 2134 θοι

386 2178 606 2241 cantes,
640 2173 768 2228 sive‘
790 2171 916 2228 falsi
952 2171 1216 2243 magistri
1247 2171 1603 2243 decipientes
1629 2190 1747 2239 eos,
1782 2187 2032 2242 quorum
2137 2171 2331 2242 populi
2356 2173 2467 2226 mei
2493 2187 2606 2226 non
2628 2179 2810 2226 erant.
2844 2171 2969 2227 Non
2995 2189 3108 2228 uno
3135 2173 3305 2228 modo
3335 2170 3610 2228 aDomino
3629 2183 3726 2240 pec-

385 2278 557 2318 aures
579 2262 870 2334 pruriunt,
893 2260 1174 2333 colligunt
1194 2276 1398 2332 greges
1421 2260 1808 2316 schismatum
1831 2261 2032 2315 adver-
2141 2265 2366 2316 calores
2390 2260 2808 2332 corripiuntur.
2834 2260 3014 2316 Aliter
3034 2262 3304 2333 arguitur
3320 2259 3554 2333 populus
3575 2255 3724 2313 Domi-

384 2367 518 2406 sum
551 2350 865 2406 Ecclesium
901 2349 1022 2415 Dei,
1058 2350 1368 2404 adversum
1401 2349 1644 2404 domum
1677 2347 1872 2404 Israel.
1918 2350 2034 2404 Non
2141 2349 2222 2414 ni,
2247 2348 2416 2405 aliter
2436 2348 2663 2404 alienus
2685 2349 2758 2405 ab
2784 2365 2851 2405 eo
2879 2366 2892 2404 :
2947 2351 3073 2421 Fili,
3106 2365 3180 2405 ne
3207 2350 3505 2419 neglexeris
3529 2344 3724 2416 discipli-

379 2443 740 2495 surrexerunt
765 2438 1138 2510 quidirerent.
1171 2442 1240 2493 In
1264 2437 1352 2493 die
1374 2439 1594 2493 Domini
1619 2454 1632 2492 :
1668 2437 1816 2493 falsa
1837 2437 2033 2493 viden-
2138 2454 2270 2492 nam
2315 2439 2559 2508 Domini,
2612 2454 2787 2510 neque
2836 2439 3108 2509 fatigeris,
3159 2439 3292 2494 dum
3332 2438 3566 2509 argueris
3588 2434 3725 2488 abeo.

381 2533 470 2584 tes
509 2528 568 2583 hi
601 2545 716 2584 non
749 2531 1146 2582 surrexerunt.
1182 2527 1280 2582 Isti
1313 2543 1445 2582 vero
1467 2532 1776 2598 surgentes
1798 2527 2028 2581 dicunt:
2141 2531 2318 2598 Quem
2346 2529 2495 2582 enim
2522 2527 2709 2596 diligit
2740 2529 3002 2583 Dominus
3031 2528 3302 2599 castigat:
3331 2525 3557 2598 ﬂagellat
3584 2530 3728 2578 autem

383 2617 697 2689 Consepulti
717 2633 908 2672 sumus
939 2616 1151 2671 Christo
1168 2632 1271 2688 per
1291 2617 1580 2688 baptisma,
1609 2619 1661 2671 et
1683 2617 2030 2672 consurrexi-
2139 2631 2352 2671 omnem
2382 2617 2582 2687 ﬁlium,
2631 2633 2790 2689 quem
2819 2618 3017 2689 recipit
3065 2617 3251 2688 (Prov.
3284 2617 3388 2687 ιιι).
3435 2617 3605 2686 Argue
3630 2624 3729 2673 nos,

380 2723 502 2761 mus
530 2707 582 2761 ei
611 2706 784 2775 (Rom.
819 2709 920 2774 v1).
955 2705 1250 2760 Habemus
1282 2704 1498 2776 quippe
1529 2708 1592 2758 ut
1612 2704 1828 2776 pignus
1850 2703 2031 2775 Spiri-
2140 2705 2405 2772 Domine,
2443 2721 2646 2761 verum
2680 2706 2737 2760 in
2775 2705 3020 2776 judicio,
3070 2710 3126 2761 et
3158 2719 3277 2762 non
3307 2705 3363 2760 in
3395 2704 3604 2759 furore:
3647 2691 3732 2754 ista

380 2800 480 2850 tus
510 2794 716 2864 sancti,
750 2809 924 2865 quem
957 2793 1313 2865 accipiemus
1347 2795 1415 2847 ad
1449 2792 1686 2864 plenum
1721 2797 2030 2864 postquam
2139 2794 2424 2866 correptio
2458 2793 2658 2866 p0puli
2691 2799 2798 2850 est.
2851 2795 3146 2866 Correptio
3183 2792 3490 2866 peccatoris
3519 2796 3570 2847 et
3594 2789 3734 2846 alieni

379 2883 603 2937 venerit
650 2883 802 2952 quod
853 2883 1172 2952 perfectum
1205 2886 1332 2936 est:
1376 2881 1460 2936 sic
1493 2882 1705 2952 pignus
1737 2897 2032 2935 resurrec-
2141 2883 2261 2950 illa,
2297 2889 2404 2949 est,
2437 2899 2616 2954 quam
2636 2884 2838 2954 justus
2869 2883 3061 2939 renuit
3090 2883 3334 2940 dicens:
3364 2882 3590 2947 Nomine,
3616 2878 3732 2933 nein

381 2969 581 3035 tionis,
635 2969 773 3039 quia
812 2969 869 3023 in
903 2969 1324 3024 resurrectione
1353 2970 1607 3040 perfecta
1637 2985 1807 3024 nemo
1839 2969 2032 3024 adhuc
2140 2974 2226 3027 ira
2253 2976 2348 3026 tua
2377 2989 2581 3042 arguas
2609 2989 2697 3027 me
2725 2988 2897 3044 neque
2926 2974 2984 3027 in
3009 2975 3205 3044 furore
3253 2976 3342 3028 tuo
3388 2972 3631 3041 corripias
3669 2979 3733 3020 me

382 3058 694 3112 resurrexit
744 3058 815 3113 de
864 3057 1053 3113 nobis.
1111 3057 1528 3113 Verumtamen
1577 3059 2028 3128 resurreximus,
2139 3058 2318 3131 (Psal.
2351 3063 2450 3130 v1).
2488 3064 2562 3115 De
2593 3059 2755 3115 falsis
2785 3059 2982 3131 itaque
3015 3059 3342 3132 magistris,
3375 3065 3430 3112 et
3451 3057 3516 3112 de
3536 3053 3732 3132 pseudo-

383 3146 559 3201 Paulo
589 3145 815 3201 dicente
838 3164 850 3202 :
886 3146 1203 3216 Consepulti
1229 3163 1415 3201 sumus
1449 3147 1668 3201 Christo
1693 3163 1796 3217 per
1827 3147 2029 3218 baptis-
2141 3148 2439 3222 prophetis
2461 3148 2707 3204 dicitur:
2732 3150 2795 3204 In
2815 3148 3111 3220 disciplina
3126 3149 3334 3219 populi
3350 3147 3455 3202 mei
3471 3161 3569 3199 non
3586 3144 3733 3207 erunt,

383 3253 496 3306 ma,
510 3239 561 3290 et
579 3237 1023 3290 consurreximus
1038 3236 1397 3290 ei.Nondum
1412 3252 1548 3307 ergo
1568 3241 2025 3304 resurrexerunt,
2060 3231 2102 3298 C
2139 3253 2316 3311 neque
2346 3241 2404 3293 in
2435 3240 2712 3310 scriptura
2737 3239 2935 3293 Domus
2965 3237 3134 3293 Israel
3161 3239 3486 3294 scribentur.
3535 3233 3668 3287 Sicut
3691 3232 3736 3284 et

384 3324 493 3380 hoc
523 3328 631 3392 est,
667 3325 916 3379 necdum
946 3323 1386 3380 resurrectionis
1417 3325 1707 3395 baptisma
1733 3325 2030 3380 consecuti
2141 3327 2278 3383 alibi
2305 3345 2316 3382 :
2357 3328 2656 3382 Deleantur
2676 3326 2744 3382 de
2765 3325 2904 3382 libro
2929 3328 3262 3395 viventium,
3293 3329 3344 3383 et
3362 3342 3477 3382 cum
3491 3323 3734 3397 justisnon

383 3415 524 3468 sunt
555 3411 684 3470 falsi
717 3412 1031 3485 prophetae,
1064 3417 1121 3468 et
1146 3412 1274 3468 falsi
1299 3413 1590 3484 magistri,
1625 3413 1723 3484 qui
1751 3413 2028 3468 dicerent.
2139 3418 2468 3472 scribantur.
2502 3417 2568 3472 Et
2598 3431 2753 3471 nunc
2785 3415 3084 3488 Scriptura
3113 3415 3193 3471 ait
3219 3434 3239 3472 :
3287 3418 3348 3473 In
3369 3417 3572 3472 domum
3599 3406 3732 3466 [δι’κί

385 3501 460 3573 (b)
490 3503 547 3556 In
579 3501 672 3556 die
696 3501 936 3571 Domini,
978 3499 1238 3557 videntes
1270 3517 1398 3572 quas
1444 3501 1592 3555 falsa
1639 3506 1796 3566 sunt,
1846 3518 2033 3573 neque
2140 3523 2250 3560 non
2277 3508 2608 3570 scribentur,
2637 3512 2688 3560 et
2715 3507 2776 3560 in
2802 3513 3004 3561 terram
3025 3505 3192 3561 Israel
3211 3521 3331 3562 non
3351 3503 3625 3561 intrabunt.
3649 3495 3736 3552 Ex-

2145 1369 2242 1424 sire
2264 1369 2519 1425 heretica
2539 1370 2820 1443 pravitate
2840 1371 3062 1444 decepti
3086 1371 3144 1426 in
3165 1387 3359 1429 eorum
3382 1371 3722 1445 conspiratere

2144 1458 2517 1530 sententiam,
2550 1459 2658 1515 hoc
2680 1464 2767 1516 est
2788 1461 2939 1532 quod
2963 1461 3256 1530 quaeritur,
3282 1466 3342 1516 ut
3360 1460 3615 1517 Dominus
3632 1474 3724 1516 ser-

384 3589 702 3662 aliquando
754 3593 1004 3662 possunt
1050 3596 1384 3662 conspicere
1442 3591 1765 3646 veritatem.
1824 3591 2034 3662 Accipe

385 3679 738 3751 exemplum.
783 3679 890 3745 Qui
923 3680 1280 3751 Scripturam
1333 3679 1489 3752 legit,
1540 3684 1598 3734 et
1638 3679 1806 3734 aliter
1854 3696 2032 3751 quam

385 3768 618 3840 scripta.
654 3774 745 3825 est
793 3769 1023 3841 accipit,
1075 3770 1437 3841 Scripturam
1471 3770 1829 3825 mendaciter
1857 3769 2030 3825 videt.

385 3858 494 3924 Qui
523 3875 654 3914 vero
685 3859 850 3914 audit
878 3859 1263 3929 Scripturam,
1299 3865 1362 3913 ut
1392 3860 1460 3930 (ιτ)
1492 3875 1550 3914 se
1575 3859 1834 3914 veritatis
1865 3859 2035 3914 intel-

383 3946 572 4002 lectus
600 3947 797 4016 habet,
827 3953 887 4002 et
915 3947 999 4003 sic
1019 3964 1147 4003 eam
1171 3948 1608 4020 interpretatur,
1639 3949 1795 4004 videt
1821 3949 2036 4004 verita-

385 4039 526 4090 tem.
554 4039 621 4089 Et
640 4035 824 4090 sancti
846 4036 1086 4105 quidem
1109 4053 1224 4092 non
1246 4036 1529 4091 divinant.
1563 4037 1686 4092 Non
1710 4037 1865 4092 enim
1888 4037 2036 4092 divi-

2141 3600 2232 3650 tra
2247 3594 2718 3667 repromissionis
2736 3599 2950 3650 terram
2969 3593 3228 3650 haeretici
3252 3595 3621 3654 morabuntur,
3637 3591 3750 3656 qua

2143 3689 2232 3740 est
2259 3688 2413 3740 terra
2443 3683 2606 3739 valde
2637 3687 2810 3751 bona,
2843 3687 2899 3738 et
2921 3683 2978 3737 in
3009 3700 3209 3754 quam,
3253 3680 3740 3740 utintroducamur.

2144 3789 2404 3839 oramus,
2447 3772 2506 3826 in
2539 3771 2688 3826 libro
2720 3771 3038 3826 viventium
3079 3777 3215 3827 ante
3254 3766 3536 3839 conscripti
3563 3781 3592 3819 a
3614 3761 3736 3816 Iesu

2145 3862 2394 3929 Christo,
2428 3861 2519 3916 cui
2553 3865 2642 3916 est
2669 3859 2856 3932 gloria
2883 3865 2941 3916 et
2962 3860 3284 3933 imperium
3306 3861 3362 3915 in
3385 3851 3569 3915 sucula
3583 3861 3741 3906 sacu-

2143 3949 2357 4019 lorum,
2388 3955 2605 4005 Amen.

2648 4100 2956 4157 HOMILIA
3009 4100 3304 4156 TERTIA.

388 4123 547 4178 natio
577 4123 636 4178 in
666 4124 867 4188 Jacob,
919 4125 1254 4180 Peccatores
1295 4142 1428 4181 vero
1459 4126 1722 4182 divinant
1751 4126 1914 4195 falsa,
1949 4127 2037 4181 di-

390 4215 622 4265 centes:
673 4212 801 4266 Ilaec
844 4210 977 4265 dicit
1023 4213 1328 4266 Dominus:
1373 4215 1424 4268 et
1455 4213 1716 4269 Dominus
1744 4229 1854 4269 non
1883 4214 2038 4268 misit

390 4314 494 4356 eos.
519 4298 670 4354 Audi
697 4299 1020 4368 haereticos,
1041 4301 1333 4371 quomodo
1355 4302 1728 4358 traditionem
1755 4302 2042 4374 apostolo-

390 4404 524 4445 rum
557 4388 768 4444 habere
789 4404 851 4443 se
875 4389 1090 4444 dicant.
1124 4391 1275 4444 Audi
1309 4391 1486 4446 falsos
1518 4393 1852 4463 magistros,
1887 4407 2038 4463 quo-

391 4479 564 4534 modo
585 4477 883 4534 afﬁrmant
899 4477 1223 4533 doctrinam
1248 4495 1416 4534 suam
1432 4480 1660 4535 Domini
1679 4495 1808 4536 esse
1825 4481 2038 4535 doctri-

391 4585 550 4636 nam,
583 4584 823 4624 sensum
853 4568 930 4636 (d)
963 4583 1136 4624 suum
1167 4583 1487 4642 congruere
1511 4569 1951 4641 prophetarum,
1983 4572 2041 4625 et
2069 4593 2116 4657 D
2217 4573 2373 4629 θοι
2422 4573 2682 4628 Primum
2715 4573 2788 4628 de
2824 4588 2911 4641 eo,
2964 4572 3119 4644 quod
3152 4571 3407 4628 dicitur:
3439 4565 3662 4657 Obflrmo
3685 4561 3756 4657 ζα·

391 4657 632 4713 dicunt:
661 4658 786 4714 Haec
804 4658 943 4712 dicit
966 4658 1246 4726 Dominus,
1273 4667 1324 4714 et
1345 4659 1606 4714 Dominus
1625 4673 1734 4714 non
1755 4659 1906 4713 misit
1927 4673 2035 4714 eos.
2069 4648 2110 4657 ”
2146 4665 2288 4720 ciem
2317 4667 2488 4729 tuam,
2519 4661 2960 4734 requirendum.
2996 4661 3210 4717 Deinde
3240 4661 3290 4715 si
3324 4659 3602 4716 Dominus
3619 4648 3757 4707 dede-

393 4749 455 4804 Et
481 4749 752 4820 ceperunt
777 4749 1040 4804 suscitare
1057 4764 1380 4804 semonem.
1413 4746 1528 4804 Non
1548 4749 1813 4804 visionem
1838 4749 2041 4819 falsam
2149 4751 2242 4819 rit,
2276 4751 2622 4822 investigare
2652 4749 2937 4805 debemus
2968 4747 3117 4804 filias
3148 4748 3351 4821 populi
3387 4739 3762 4822 pmphetantet

393 4837 605 4893 vidistis
635 4836 819 4906 (Num.
853 4837 1036 4909 XXIII).
1072 4838 1138 4892 Et
1168 4837 1227 4892 hi
1259 4837 1415 4892 enim
1449 4836 1652 4892 volunt
1677 4837 1734 4892 in
1757 4837 2043 4894 defensio—
2148 4843 2219 4897 de
2249 4841 2420 4897 corde
2450 4820 2577 4907 suo,
2627 4842 2684 4894 et
2732 4838 3008 4895 facientes
3055 4820 3162 4904 ea,
3191 4836 3250 4891 in
3302 4835 3520 4908 quibus
3564 4843 3656 4887 eas
3679 4820 3759 4880 Dei

395 4917 528 4983 nem
560 4926 651 4982 sui
682 4928 995 4998 quemdam
1022 4943 1125 4998 pro
1147 4943 1209 4981 se
1231 4927 1516 4982 suscitare
1537 4943 1864 4982 sermonem
1890 4944 1904 4994 ;
1937 4927 2038 4982 sed
2151 4946 2342 4988 sermo
2373 4928 2666 5000 corripiat.
2692 4928 2761 4982 Et
2779 4929 2933 4999 quod
2961 4927 3039 4983 sit
3063 4925 3178 4982 alia
3208 4925 3388 4982 facies
3419 4925 3624 4996 praeter
3645 4916 3764 4970 hanc

393 5016 713 5087 arguit-eos
745 5016 1046 5081 Dominus,
1095 5019 1149 5070 et
1181 5017 1334 5070 903
1383 5015 1522 5070 dicit
1551 5032 1562 5069 :
1613 5017 1731 5071 Non
1779 5018 2043 5072 visionem
2152 5019 2410 5092 corporis
2442 5017 2624 5074 nostri
2660 5017 2890 5081 faciem,
2928 5015 3062 5072 licet
3091 5031 3158 5072 ex
3189 5015 3394 5071 multis
3425 5007 3765 5067 manifestum

392 5105 593 5175 falsam
626 5105 857 5170 vidistis,
905 5115 958 5159 et
987 5103 1357 5159 divinationes
1405 5120 1574 5159 vanas
1622 5105 1788 5161 locuti
1812 5107 1961 5177 estis,
1992 5113 2045 5160 et
2153 5109 2247 5180 sit,
2298 5111 2555 5164 attamen
2603 5110 2659 5162 et
2706 5121 2775 5161 ex
2819 5105 2931 5174 his,
2983 5122 3108 5178 qua:
3147 5102 3463 5177 Apostolus
3496 5092 3765 5180 memori“:

394 5193 636 5262 dixistis;
667 5193 799 5248 dicit
827 5194 1108 5264 Dominus,
1139 5195 1192 5249 et
1219 5208 1319 5262 ego
1338 5211 1453 5248 non
1479 5209 1600 5249 sum
1625 5195 1836 5251 locutus
1856 5197 1882 5248 .9
1907 5197 2042 5251 Pro-
2150 5178 2483 5254 indicatur:
2517 5200 2626 5254 Nos
2651 5211 2776 5252 vero
2799 5211 2984 5251 omnes
3005 5195 3244 5252 revelata
3268 5194 3415 5266 facie
3439 5189 3668 5263 gloriam
3692 5178 3770 5234 Do-

2149 4213 2225 4264 De
2254 4224 2321 4264 eo
2350 4209 2506 4278 quod
2537 4208 2820 4280 scriptum
2853 4211 2980 4263 est:
3011 4207 3129 4264 Fili
3154 4207 3417 4276 homznis,
3455 4194 3752 4280 obﬁrma'faj

2216 4265 2538 4352 ciem'tuam
2564 4265 2728 4352 sup‘er
2750 4280 2898 4351 ﬁlias
2935 4280 3126 4352 populi
3170 4281 3279 4352 tui,
3334 4265 3453 4349 quas
3475 4265 3752 4352 prophetat“

2217 4350 2281 4422 de
2308 4349 2469 4405 corde
2498 4349 2833 4422 suo,'usque
2860 4369 2873 4405 :
2925 4349 3169 4422 Obﬁrma
3194 4351 3402 4420 faciem
3430 4361 3600 4422 megm
3622 4351 3754 4422 ³⁸⁸ρεῖ

2219 4419 2492 4477 hominem
2512 4411 2695 4494 illum,
2709 4411 2761 4478 et
2777 4437 2978 4494 ponam
2997 4411 3165 4476 illum
3181 4411 3461 4477 desertum
3479 4415 3624 4488 (Cap.
3638 4411 3752 4474 XIII)-

2225 5392 2295 5465 (c)
2313 5392 2477 5464 Apud
2496 5391 2790 5456 eumdem,
2804 5394 2858 5447 et
2873 5393 3012 5446 sicut
3029 5391 3276 5446 veritatis
3294 5387 3604 5442 intellectus
3615 5375 3766 5441 habet}

2151 5466 2230 5520 sic
2251 5481 2371 5519 eam
2401 5465 2813 5533 interpretatur.

2225 5518 2301 5606 (d)
2321 5518 2666 5607 ,Supple'nda
2689 5551 2796 5589 vox
2813 5529 3523 5605 sensui,quemadmodum
3545 5528 3598 5579 et
3611 5518 3766 5607 itaba-

2155 5591 2268 5663 nu‘s
2285 5591 2297 5605 ’
2317 5591 2514 5680 habet,
2541 5621 2761 5664 sensum
2786 5621 2948 5662 suum
2975 5591 3160 5663 sensui
3185 5614 3483 5675 congruere
3505 5591 3767 5675 pTOPm'

2154 5695 2301 5739 rum.

466 5388 544 5458 (a)
578 5388 846 5443 lnterseri
881 5389 1079 5444 malim
1111 5390 1280 5461 falsos
1309 5405 1442 5444 cum
1476 5389 2044 5458 Rabano,siconside-

396 5476 528 5515 rare
559 5461 793 5516 volueris
819 5462 986 5536 falsos
1013 5464 1345 5533 magistros:
1379 5463 1448 5517 dc
1479 5461 1596 5518 illis
1625 5463 1780 5520 enim
1815 5464 2046 5536 proprie

397 5547 590 5587 sermo
623 5532 966 5586 contexitur.

469 5602 546 5679 _(b)
568 5602 752 5679 Penes
776 5603 1103 5672 Rabanum,
1126 5621 1246 5679 qua
1265 5604 1459 5663 dicunt
1480 5622 1514 5663 a
1535 5607 1762 5664 Domino
1782 5607 2042 5674 videntes,

397 5671 542 5763 falsa
566 5676 718 5752 sunt,
741 5689 933 5752 neque,
965 5678 1074 5735 etc.
