3978 6188
712 360 1215 425 TRANSLATIO
1257 339 1583 424 sonum
1601 359 1777 423 sua:
1808 356 2176 421 calo-suis
2225 361 2294 420 IN
2343 357 2870 423 EZECHIELEM.
2903 360 3094 424 HOM.
3127 360 3234 426 ιν.

3559 359 3681 422 718

276 494 598 561 intactam;
631 509 833 550 verum
866 494 1138 552 universa
1195 513 1557 568 percurrens,
1590 510 1792 550 omnes
1833 510 1919 548 sa-
1942 494 1997 558 Α
2031 493 2345 564 Scripturis
2378 493 2670 565 quomodo
2701 495 2942 566 quidam
2974 494 3243 550 homines
3276 511 3392 550 non
3425 496 3545 550 sint
3573 494 3679 551 ho-

277 599 422 639 nare
444 583 764 649 desiderat,
795 583 970 640 veluti
989 600 1146 641 nunc
1166 586 1434 656 quaedam
1457 585 1530 639 ad
1554 583 1922 655 presbyteros

271 670 556 744 loquitur.
587 672 668 728 Ea
696 672 854 728 enim
885 690 1010 744 quin
1035 678 1460 745 praecesserunt
1487 673 1651 728 dicta
1681 674 1822 727 sunt
1851 670 1922 725 de

271 759 593 833 magistsis.
626 761 848 817 Idcirco
887 761 1327 818 consideremus
1356 767 1413 818 et
1459 763 1532 817 de
1572 759 1922 834 presbyteris

271 849 410 921 quid
453 850 704 916 dicatur,
764 851 1120 907 excutientes
1178 851 1592 922 nosmetipsos,
1654 867 1724 905 ne
1787 849 1921 920 quis

273 943 544 993 nostrum
576 939 878 1011 presbyter
907 938 1045 994 talis
1076 939 1372 1011 sit,qualis
1404 940 1558 994 infra
1587 937 1918 1010 exponitur,

269 1027 332 1081 Et
369 1036 640 1082 venerunt
666 1026 740 1081 ad
767 1042 852 1082 me
878 1027 992 1082 viri
1018 1030 1296 1082 seniorum
1343 1028 1532 1093 Israel,
1564 1030 1616 1081 et
1662 1026 1921 1080 sederunt

263 1121 393 1172 ante
417 1118 631 1187 faciem
658 1132 855 1171 meam.
883 1118 943 1171 Et
957 1117 1137 1187 factus
1169 1125 1247 1172 est
1274 1133 1458 1171 sermo
1485 1116 1708 1171 Domini
1733 1115 1808 1170 ad
1834 1131 1920 1170 me

262 1206 447 1262 diem
480 1221 494 1259 :
520 1206 632 1260 Fili
655 1206 919 1260 hominis.
951 1204 1268 1261 Videamus
1297 1204 1915 1272 9|0accusationem,

263 1300 325 1350 ut
353 1295 512 1350 scire
529 1293 1283 1366 possimus,utrumneeam
1316 1295 1375 1349 in
1408 1295 1577 1350 nobis
1595 1294 1916 1365 deprehen-

259 1385 596 1440 damus.An
629 1399 744 1438 non
775 1382 880 1438 viri
910 1382 1005 1438 isti
1039 1382 1758 1456 posueruntcogitationes
1777 1399 1916 1438 suas

258 1473 316 1530 in
347 1473 635 1530 cordibus
666 1470 883 1542 suis,ct
915 1471 1539 1544 pmnaminiquitatum
1554 1488 1798 1527 suarum
1822 1488 1916 1543 po-

258 1564 512 1619 suerunt
541 1564 676 1615 ante
707 1560 910 1618 faciem
970 1559 1184 1616 suam?
1224 1561 1523 1631 Numquid
1555 1561 1915 1632 respondens

259 1650 635 1724 respondebo,
656 1649 741 1705 eis
765 1667 778 1705 :
811 1651 968 1706 Beati
996 1652 1093 1722 qui
1119 1649 1322 1706 mundo
1349 1653 1476 1706 sunt
1514 1650 1673 1706 corde
1701 1649 1910 1718 (Matth.

237 1744 342 1811 .v).
375 1740 484 1805 Qui
539 1739 696 1795 enim
756 1739 1046 1795 mundum
1103 1738 1322 1794 habent
1376 1756 1494 1806 cor,
1527 1739 1912 1812 cogitationes

2032 582 2240 637 mines.
2273 585 2440 637 Homo
2470 584 2535 638 in
2557 584 2760 638 honore
2808 584 3014 654 positus
3037 600 3148 639 non
3176 584 3474 651 intellexit,
3529 599 3680 639 com-

2029 679 2257 740 paratus
2287 677 2366 726 est
2413 673 2687 741 jumentis
2733 673 3149 743 insipientibus,
3207 673 3552 729 assimilatas
3599 673 3682 728 eis

2031 760 2208 829 (Psal.
2250 761 2423 831 xux).
2457 760 2572 814 Iste
2629 777 2745 816 non
2798 765 2888 816 est
2918 761 3092 816 homo
3123 760 3320 829 homo,
3360 762 3457 816 sed
3505 760 3681 816 homo

2022 848 2658 917 jumentumGeneratio
2699 866 3036 920 viperarum,
3070 852 3196 920 quis
3252 849 3487 906 ostendit
3529 849 3680 906 vobis

2027 939 2221 1007 fugere
2248 939 2316 993 ab
2347 941 2435 993 ira
2458 948 2685 994 ventura
2739 940 2947 1010 (Matth.
3005 939 3142 1005 In)?
3200 938 3358 994 Talis
3416 956 3531 994 non
3589 944 3680 994 est

2029 1027 2204 1082 homo
2236 1028 2432 1092 homo,
2465 1030 2564 1084 sed
2597 1044 2842 1100 serpens
2871 1028 3067 1084 homo.
3129 1030 3271 1101 Equi
3324 1031 3388 1084 in
3435 1028 3677 1100 feminas

2028 1115 2361 1172 insanientes
2387 1119 2516 1188 [acti
2547 1117 3073 1187 sunt,unusquisque
3095 1133 3260 1188 super
3289 1133 3518 1172 uxorem
3542 1133 3676 1187 pro-

2024 1205 2167 1260 mimi
2193 1206 2285 1260 sui
2340 1205 2645 1260 hinniebat.
2707 1206 2775 1259 Et
2832 1206 2964 1262 iste,
2995 1222 3110 1260 non
3143 1211 3232 1261 est
3271 1205 3445 1260 homo
3475 1205 3672 1271 homo,

2027 1294 2127 1349 sed
2160 1293 2338 1349 homo
2366 1311 2574 1366 equus.
2607 1293 2777 1348 Absit
2804 1293 2984 1366 igitur
3011 1311 3045 1350 a
3069 1295 3260 1361 nobis,
3294 1299 3358 1349 ut
3407 1293 3554 1351 tales
3593 1294 3674 1349 si-

2026 1399 2180 1449 mus,
2213 1384 2312 1455 qui
2349 1400 2679 1438 mereamur
2708 1383 2930 1454 audire,
2963 1400 3078 1438 non
3109 1399 3234 1439 esse
3264 1399 3372 1438 nos
3402 1383 3672 1439 homines

2024 1471 2328 1528 homines:
2365 1473 2466 1528 sed
2497 1471 2656 1528 aliud
2690 1473 2829 1544 quid
2863 1477 3070 1543 praeter
3098 1471 3388 1527 homines.
3421 1471 3478 1526 Si
3512 1470 3668 1526 enim

2023 1560 2161 1615 boni
2185 1566 2241 1616 et
2271 1561 2563 1617 mansueti
2595 1577 2825 1625 sumus,
2856 1560 3230 1632 duplicamus
3280 1560 3536 1616 hominis
3567 1577 3668 1615 no-

2023 1665 2191 1705 men:
2226 1655 2293 1704 ut
2323 1650 2401 1705 sit
2428 1649 2486 1704 in
2536 1649 2705 1705 nobis
2764 1665 2878 1704 non
2937 1648 3283 1720 simpliciter
3337 1648 3532 1716 homo,
3567 1649 3668 1704 sed

2023 1736 2196 1794 homo
2228 1739 2422 1794 homo.
2455 1738 2770 1793 Considera
2826 1754 2898 1792 an
2954 1737 3148 1793 venire
3175 1737 3494 1805 valeamus,
3527 1738 3668 1809 quid

263 1847 408 1886 suas
440 1845 552 1884 non
582 1831 811 1901 ponunt
842 1829 903 1883 in
957 1827 1231 1884 cordibus
1279 1828 1428 1893 suis,
1456 1829 1557 1884 sed
1591 1829 1781 1900 magis
1809 1828 1911 1884 ha-
1941 1859 1988 1925 Β
2020 1826 2100 1882 sit
2128 1825 2272 1881 illud
2306 1828 2459 1898 quod
2519 1842 2731 1882 nomen
2792 1826 3051 1881 hominis
3109 1825 3387 1898 duplicet.
3423 1827 3668 1890 Quando

257 1919 399 1974 bent
425 1917 483 1972 in
515 1933 787 1973 sermone
815 1916 935 1972 Dei.
971 1917 1078 1982 Qui
1110 1922 1304 1973 autem
1337 1917 1606 1973 laborant
1634 1918 1694 1972 in
1726 1934 1908 1973 saecu-

254 2007 484 2062 laribus
514 2006 694 2071 curis,
727 2010 784 2061 ct
815 2005 962 2060 nihil
991 2005 1147 2061 aliud
1182 2005 1488 2078 requirunt
1517 2006 1630 2062 nisi
1661 2023 1906 2078 quomo-

255 2097 326 2153 do
366 2099 724 2168 praesentem
781 2094 1113 2166 transigant
1163 2094 1364 2164 vitam,
1399 2093 1457 2148 hi
1524 2095 1908 2167 cogitationes

255 2201 396 2241 suas
426 2189 656 2257 ponunt
685 2184 745 2238 in
776 2183 1051 2240 cordibus
1083 2182 1299 2249 suis,ut
1329 2188 1471 2255 puta
1494 2185 1543 2239 si
1572 2184 1790 2240 videris
1811 2184 1910 2241 ho»

257 2274 480 2330 minem
512 2272 660 2328 nihil
693 2272 849 2328 aliud
883 2271 1238 2344 cogitantem
1271 2272 1384 2328 nisi
1416 2273 1619 2327 mundi
1653 2274 1906 2345 negotia,

256 2364 427 2419 lucra
455 2361 796 2434 corporalia,
831 2365 888 2417 et
915 2361 1179 2416 ciborum
1209 2361 1636 2417 abundantiam
1659 2380 1678 2416 :
1720 2377 1789 2417 ex
1813 2362 1910 2418 his

259 2469 388 2525 quae
419 2449 758 2522 indiguerit,
794 2451 854 2506 iu
883 2449 1099 2522 quibus
1131 2448 1420 2506 sollicitus
1450 2455 1557 2518 est,
1588 2449 1649 2505 in
1693 2450 1908 2522 quibus

256 2541 541 2613 suspirat,
574 2540 829 2595 futuram
861 2543 1089 2595 tantum
1149 2538 1486 2595 alimoniam
1545 2555 1678 2594 cum
1710 2539 1908 2596 dolore

257 2629 870 2700 conquirens,pcenam
903 2627 1322 2700 cogitationum
1354 2643 1596 2683 suarum
1629 2628 1824 2699 posuit
1844 2629 1904 2684 in

255 2719 429 2778 corde
460 2734 589 2773 suo.
613 2723 880 2788 Arguens
909 2715 1089 2788 igitur
1120 2717 1404 2788 quosdam
1434 2717 1907 2789 presbyterosis-

260 2806 556 2864 tiusmodi
579 2806 661 2860 ait
681 2806 754 2861 ad
776 2804 1117 2877 prophetam
1143 2822 1333 2861 sermo
1350 2805 1610 2860 divinus:
1643 2807 1754 2862 Viri
1787 2808 1902 2876 isti,

256 2897 311 2951 id
341 2901 450 2960 est,
483 2893 806 2966 supradicti
833 2894 1178 2965 presbyteri,
1209 2903 1511 2966 posuerunt
1553 2896 1908 2966 cogitationes

255 3003 379 3042 suas
410 2989 475 3040 in
505 2983 759 3039 cordibus
788 2983 924 3050 suis,
954 2987 1008 3039 et
1030 3000 1257 3056 poenam
1280 2983 1644 3054 iuiquitatum
1670 3001 1910 3040 suarum

254 3074 905 3147 posueruutante/acicm
932 3071 1299 3128 suam.Nemo
1329 3078 1589 3128 vestrum
1613 3073 1910 3130 existimet

262 3165 556 3220 cruciatus
587 3161 757 3218 nobis
779 3161 850 3216 ab
883 3160 1200 3233 a1io,quam
1220 3177 1254 3216 a
1284 3161 1451 3216 nobis
1469 3162 1734 3235 irrogari.
1755 3162 1909 3218 Deus

263 3269 373 3309 non
406 3251 548 3308 facit
579 3267 802 3323 pmnas,
864 3251 964 3306 sed
1013 3267 1081 3306 ea
1139 3267 1266 3322 quae
1297 3251 1553 3322 patimur
1595 3251 1706 3323 ipsi
1739 3252 1908 3307 nobis

264 3357 684 3415 praeparemus.
718 3339 919 3411 Itaque
945 3339 1425 3411 testimonio,quo
1457 3340 1789 3412 frequenter
1820 3343 1912 3398 usi

265 3429 678 3499 sumus,etiam
713 3445 868 3484 nunc
896 3433 1221 3500 opportune
1251 3429 1824 3486 utamur.Ambulate
1853 3433 1912 3487 in

263 3519 490 3576 lumine
520 3519 675 3590 ignis
704 3517 904 3582 vestri,
930 3521 988 3572 et
1014 3516 1073 3572 in
1106 3517 1344 3573 ﬂamma
1365 3534 1538 3588 quam
1570 3519 1916 3576 accendistis

266 3608 387 3666 Non
411 3611 505 3662 est
535 3605 690 3678 ignis
720 3604 962 3660 alterius
985 3605 1094 3660 nisi
1128 3605 1442 3676 vester,qui
1475 3605 1654 3678 ligna,
1679 3608 1778 3679 qui
1813 3609 1917 3662 sti-

262 3695 490 3768 pulam,
525 3693 628 3766 qui
659 3692 965 3748 materiam
997 3692 1193 3748 futuro
1214 3691 1481 3748 incendio
1511 3696 1915 3752 coacervastis.

263 3783 413 3838 Dicit
441 3798 582 3855 ergo
613 3782 686 3836 de
715 3781 1090 3853 presbyteris,
1125 3781 1324 3852 procul
1356 3787 1554 3838 autem
1585 3783 1740 3840 absit
1769 3801 1802 3839 a
1823 3801 1922 3840 no-

264 3873 380 3926 bis.
421 3873 529 3926 Visi
559 3871 654 3925 isti
675 3873 977 3941 posuerunt
1005 3871 1358 3939 cogitationes
1388 3887 1515 3926 suas
1571 3873 1632 3926 in
1670 3873 1921 3929 cordibus

268 3960 408 4028 suis,
440 3963 494 4013 et
528 3976 747 4031 plenam
795 3960 1156 4030 iniquitatum
1212 3975 1438 4014 suarum
1465 3970 1767 4031 posuerunt
1797 3970 1925 4018 ante

261 4051 474 4122 faciem
500 4065 676 4104 suam.
708 4048 820 4105 Sed
848 4047 1179 4120 respondens
1233 4049 1558 4120 respondebo
1603 4051 1682 4106 eis
1704 4069 1722 4104 :
1754 4052 1922 4107 Num-

259 4137 534 4210 quidnam
563 4137 798 4207 dignum
826 4144 907 4192 est
945 4138 1067 4192 istis
1115 4153 1203 4192 me
1247 4137 1595 4209 respondere,
1627 4139 1724 4210 qui
1765 4155 1923 4195 vene-

262 4230 398 4282 runt
426 4225 502 4281 ad
532 4235 586 4282 te
607 4231 932 4298 prophetam
959 4225 1195 4282 volentes
1223 4225 1432 4284 discere
1457 4243 1734 4284 sermones
1756 4231 1928 4286 meos?

263 4317 511 4388 Propter
567 4314 666 4371 hoc
725 4314 954 4387 loquare
1009 4314 1081 4370 ad
1136 4331 1246 4385 eos,
1277 4324 1328 4371 et
1375 4316 1464 4371 dic
1502 4318 1578 4372 eis
1601 4335 1620 4373 :
1653 4318 1777 4375 Haec
1796 4317 1927 4373 dicit

268 4405 490 4462 Adonai
517 4402 1176 4470 Dominus.Homo,homo
1205 4419 1274 4458 ex
1303 4403 1461 4460 domo
1491 4406 1680 4461 Israel.
1713 4411 1930 4463 Omnes

269 4494 343 4564 (a)
375 4493 656 4548 homines
686 4493 808 4548 nati
857 4508 1068 4548 sumus
1116 4493 1404 4562 homines,
1437 4494 1538 4550 sed
1573 4511 1690 4550 non
1721 4511 1926 4551 omnes

2017 1920 2128 1976 iste
2147 1921 2449 1992 homo,qui
2482 1927 2572 1978 est
2625 1924 2891 1994 exterior,
2914 1923 3090 1979 homo
3122 1923 3315 1990 fuerit,
3347 1939 3414 1980 eo
3444 1923 3543 1995 qui
3582 1928 3672 1980 est

2017 2009 2260 2066 interior
2288 2010 2487 2078 homo,
2519 2017 2788 2084 serpente
2819 2012 3123 2075 existente,
3144 2029 3258 2067 non
3290 2016 3379 2067 est
3408 2011 3467 2067 in
3499 2012 3668 2068 nobis

2018 2099 2192 2154 homo
2224 2099 2425 2166 homo,
2458 2101 2559 2155 sed
2591 2105 2820 2156 tantum
2844 2101 3040 2156 homo.
3075 2101 3317 2166 Quando
3355 2117 3488 2156 vero
3520 2101 3666 2156 inte-

2017 2189 2136 2243 rior
2165 2188 2339 2244 homo
2366 2190 2532 2260 juxta
2561 2189 2878 2262 imaginem
2911 2189 3363 2261 perseveraverit
3407 2189 3668 2246 condito-

2018 2278 2268 2343 ris,tunc
2297 2278 2560 2334 nascitur
2580 2278 2836 2348 bomo,et
2870 2279 2936 2334 ﬁt
2965 2278 3303 2334 istiusmodi
3339 2281 3667 2335 secundum

2016 2367 2382 2434 exteriorem,
2431 2371 2488 2422 et
2545 2366 2876 2423 interiorem
2957 2367 3278 2436 hominem,
3330 2368 3422 2423 bis
3491 2368 3666 2423 homo

2015 2455 2212 2512 homo.
2243 2460 2420 2510 Porro
2451 2456 2498 2510 si
2532 2456 2663 2526 quis
2693 2456 2749 2509 in
2784 2455 2891 2511 hoc
2921 2459 3178 2522 vocatus,
3212 2460 3275 2510 ut
3333 2456 3435 2511 ﬁat
3491 2456 3667 2512 homo

2016 2545 2210 2613 homo,
2244 2545 2504 2616 posuerit
2529 2544 2908 2616 cogitationes
2968 2561 3106 2600 suas
3157 2544 3215 2598 in
3248 2545 3421 2600 corde
3449 2561 3576 2612 suo,
3609 2548 3668 2601 et

2016 2649 2248 2706 poenam
2279 2649 2447 2688 suam
2477 2637 2611 2688 ante
2641 2632 2846 2687 faciem
2877 2649 3068 2698 suam,
3096 2636 3153 2687 et
3179 2633 3400 2687 venerit
3428 2633 3499 2689 ad
3530 2649 3671 2706 pro-

2017 2723 2289 2794 phetam:
2323 2723 2455 2792 Ego,
2490 2721 2670 2792 inquit
2698 2722 2984 2786 Dominus,
3014 2721 3342 2792 respondebo
3374 2724 3431 2778 ei
3481 2724 3543 2777 in
3585 2722 3672 2778 his

2015 2813 2213 2883 quibus
2241 2812 2516 2866 detinetur
2544 2827 2693 2866 mens
2723 2811 2860 2882 ejus.
2922 2810 3098 2865 Docet
3147 2827 3255 2865 nos
3297 2827 3489 2866 sermo
3523 2828 3668 2883 prte-

2016 2919 2172 2968 sens,
2204 2901 2499 2972 quomodo
2555 2905 2780 2972 poterat
2837 2897 3086 2970 singulis
3144 2900 3520 2970 respondere,
3565 2915 3671 2955 nec

2015 2990 2352 3062 importuna
2381 2989 2687 3045 admovere
2719 2987 3238 3055 medicamina,sed
3259 3005 3361 3060 pro
3384 2987 3672 3059 qualitate

2017 3079 2354 3135 morborum
2387 3094 2645 3149 congrua
2675 3094 2920 3149 quisque
2951 3077 3224 3149 proferre.
3262 3076 3672 3132 Animadverte

2019 3168 2174 3240 quod
2205 3167 2478 3222 dicimus.
2512 3167 2597 3221 Ad
2630 3166 2923 3221 medicum
2957 3166 3156 3220 decem
3214 3165 3439 3220 vadunt
3467 3165 3668 3220 decem

2019 3257 2300 3313 habentes
2330 3255 2552 3327 species
2581 3254 3011 3310 inﬁrmitatum.
3044 3254 3169 3309 Non
3219 3270 3424 3309 omnes
3462 3255 3666 3309 eodem

2021 3346 2194 3402 modo
2225 3350 2411 3411 curat,
2446 3345 2546 3399 sed
2579 3343 2759 3398 alium
2790 3343 2922 3410 isto,
2955 3348 3013 3399 et
3043 3341 3230 3398 alium»
3254 3343 3372 3408 illo,
3408 3347 3473 3397 ut
3503 3347 3665 3415 puta,

2031 3438 2202 3491 sanat
2228 3432 2570 3505 emplastro,
2604 3432 2700 3487 alii
2732 3432 2888 3487 aliud
2917 3432 3124 3487 tribuit
3173 3433 3665 3486 medicamentum

2024 3521 2324 3578 nonnullis
2356 3521 2510 3592 quod
2570 3521 2898 3576 cauterium
2958 3524 3338 3591 nuncupatur
3395 3519 3669 3591 imponit,

2026 3611 2208 3667 alium
2239 3626 2458 3678 amara,
2493 3609 2673 3664 alium
2707 3607 2864 3664 dulci
2892 3613 3180 3678 temperat
3208 3608 3672 3679 potione,cujus-

2027 3701 2162 3756 dam
2191 3715 2322 3754 vero
2353 3697 2594 3752 vulnera
2623 3697 2906 3752 crassiore
2946 3695 3203 3766 unguine
3237 3695 3457 3750 delinit.
3493 3696 3586 3751 Sic
3617 3701 3675 3750 et

2028 3805 2219 3845 sermo
2253 3787 2349 3842 Dei
2380 3803 2482 3858 pro
2515 3785 2898 3857 qualitatibus
2929 3784 3236 3839 hominum
3269 3783 3548 3858 loquitur,
3572 3799 3677 3839 nec

2030 3876 2248 3950 passim
2264 3875 2563 3947 sapientiae
2587 3891 2706 3929 suae
2725 3872 2935 3945 ingerit
2958 3877 3344 3928 sacramenta.
3366 3873 3462 3927 Ait
3481 3875 3680 3944 itaque

2030 3967 2138 4037 Ego
2166 3964 2498 4036 respondebo
2517 3964 2570 4019 ei
2599 3963 2658 4017 in
2682 3961 2769 4017 his
2800 3963 2996 4032 quibus
3050 3960 3330 4016 detinetur
3365 3978 3516 4016 mens
3544 3962 3681 4033 ejus.

2033 4055 2106 4111 Ut
2137 4054 2250 4109 ista
2278 4052 2549 4108 videlicet
2577 4055 2760 4118 curet,
2788 4049 2847 4105 in
2880 4051 3096 4122 quibus
3126 4051 3282 4106 912
3339 4067 3508 4106 mens
3555 4051 3686 4123 ejus

2033 4144 2347 4209 detinetur,
2384 4147 2448 4197 ut
2479 4158 2594 4196 non
2653 4141 2825 4196 faciat
2877 4139 3170 4194 declinare
3210 4140 3453 4194 domum
3486 4138 3684 4195 Israel.

2035 4231 2400 4302 Quicumque
2426 4245 2489 4285 se
2521 4230 2716 4302 ipsum
2748 4227 3082 4301 exemplum
3114 4245 3230 4284 non
3263 4228 3481 4301 praebet
3521 4228 3688 4283 bonas

2036 4321 2184 4388 vita,
2220 4321 2320 4376 sed
2354 4336 2660 4392 perversus
2691 4318 2926 4386 incedit,
2962 4318 3071 4372 iste
3125 4334 3229 4390 per
3285 4333 3454 4372 suam
3497 4316 3688 4388 pravi-

2037 4414 2238 4476 tatem,
2261 4409 2403 4464 dum
2435 4408 2507 4464 ad
2531 4407 2650 4463 haec
2681 4425 2808 4479 quae
2841 4423 2956 4462 non
2989 4407 3182 4473 debet,
3215 4404 3552 4473 inclinatur,
3604 4404 3690 4459 fa-

2039 4496 2118 4552 cit
2145 4495 2580 4567 quodammodo
2609 4495 2783 4550 etiam
2811 4493 2915 4549 Dei
2948 4492 3232 4565 populum
3276 4491 3569 4547 declinare
3600 4507 3692 4546 se-

269 4580 552 4638 homines
605 4581 875 4638 homines
933 4597 1162 4648 sumus,
1223 4582 1372 4636 9“
1437 4581 1590 4638 sicut
1621 4583 1932 4655 sapissime
1962 4589 2008 4653 D
2039 4585 2298 4639 cundum
2332 4585 2508 4639 corda
2530 4598 2892 4654 eorum,quze
2915 4580 3246 4637 abalienata
3275 4583 3416 4636 sunt
3444 4597 3480 4635 a
3507 4580 3697 4634 me.Et

273 4670 496 4741 notavi,
521 4671 580 4726 id
641 4670 795 4742 quod
854 4669 912 4725 in
973 4669 1222 4725 Levitico
1254 4670 1539 4743 scriptum
1587 4676 1710 4728 est:
1744 4674 1930 4744 Homo,

271 4760 451 4828 homo,
480 4761 729 4830 ﬁliorum
784 4758 956 4815 Israel
1011 4767 1107 4814 aut
1160 4759 1518 4830 advenarum,
1560 4762 1655 4832 qui
1701 4763 1936 4834 appositi

270 4853 397 4904 sunt
427 4851 491 4904 in
518 4849 699 4905 nobis.
731 4849 928 4904 Estote
953 4848 1520 4915 homines,homines
1542 4849 1935 4923 scilicet,quia

157 4998 178 5016 _
274 4955 389 4994 non
417 4955 630 4995 omnes
662 4937 932 4994 homines
957 4937 1224 4994 homines
1254 4943 1415 4993 sunt.
1440 4940 1832 4997 Ostendamus
1863 4942 1934 4998 de

341 5099 424 5168 (a)
447 5096 794 5170 Apponenda
820 5097 910 5152 hic
931 5100 1058 5152 sunt
1086 5113 1204 5170 qua:
1224 5096 1446 5152 totidem
1459 5099 1575 5167 fere
1598 5099 1780 5155 verbis
1795 5117 1934 5157 com-

270 5169 557 5242 mentatur
584 5170 818 5242 Hieron.
848 5171 913 5242 in
945 5169 1240 5223 Ezechielis
1269 5185 1388 5239 cap.
1448 5187 1564 5242 xiv.
1603 5187 1838 5242 qumque
1866 5189 1936 5229 ex

273 5188 557 5224 inculatur
584 5188 818 5224 Hieron.
852 5188 913 5222 τη
945 5188 1240 5223 nzecnzeus
1269 5188 1388 5239 cap.
1448 5188 1564 5224 xw.
1639 5188 1838 5242 umque
1866 5189 1933 5229 ex

273 5241 374 5321 hoc
403 5241 656 5321 Origenis
687 5240 1098 5321 loco-descripta
1125 5248 1407 5321 apparent:
1444 5263 1470 5290 «
1507 5188 1696 5321 Multi,
1733 5246 1933 5315 inquit,

274 5311 564 5368 habentes
596 5311 852 5368 hominis
880 5311 1086 5368 faciem
1145 5311 1522 5381 corporalem,
1567 5311 1932 5372 diversarum

278 5383 606 5458 bestiarum
632 5387 952 5458 assumunt
978 5382 1462 5458 imaginos,guas
1492 5383 1764 5456 dissipari
1799 5405 1933 5458 pro-

277 5455 458 5525 pheta
513 5454 779 5525 cupiens,
838 5455 1214 5526 deprecatur:
1274 5454 1540 5526 Domine,
1594 5454 1661 5510 m‘
1720 5454 1937 5513 civitate

276 5542 392 5599 sua,
432 5528 734 5596 imaginem
781 5525 972 5599 eorum
1041 5525 1366 5599 dissipabis.
1424 5525 1532 5592 Illi,
1593 5529 1664 5582 de
1718 5529 1936 5599 quibus

276 5597 574 5670 scriptum
606 5601 695 5653 est
718 5615 736 5651 :
764 5598 928 5654 Homo
955 5613 1082 5670 eum
1115 5599 1170 5652 in
1204 5597 1407 5670 honore
1434 5606 1574 5670 esset
1602 5614 1715 5654 non
1738 5597 1753 5599 ’
1772 5602 1937 5657 intel-

280 5668 420 5732 lexit
437 5686 462 5741 ,ο
491 5673 843 5744 comparatus
869 5678 949 5732 est
968 5668 1241 5744 jumentis
1258 5668 1643 5766 insipientibus
1657 5673 1935 5746 absimilis

2043 4673 2142 4746 qui
2174 4672 2282 4728 hoc
2313 4672 2471 4740 facit,
2504 4671 2830 4726 secundum
2881 4670 3201 4726 alienatum
3265 4685 3364 4723 cor
3402 4686 3434 4723 a
3467 4672 3602 4735 Deo,
3633 4666 3694 4721 in

2042 4761 2495 4834 cogitationibus
2527 4761 2652 4814 suis
2681 4758 2836 4814 facit.
2864 4763 3106 4830 Propter
3131 4757 3284 4827 quod
3309 4756 3700 4828 respondetur

2041 4851 2148 4918 eis,
2183 4850 2238 4904 in
2274 4849 2367 4915 iis,
2402 4849 2458 4902 in
2493 4848 2709 4919 quibus
2738 4848 3031 4903 detinetur
3062 4863 3160 4901 cor
3188 4862 3414 4916 eorum,
3448 4849 3505 4899 et
3551 4843 3696 4899 dici-

2042 4944 2174 4995 tur:
2209 4939 2304 4992 Dic
2333 4937 2401 4992 ad
2431 4937 2662 4992 domum
2692 4937 2860 4992 Israel
2895 4953 2907 4991 :
2971 4937 3094 4992 Haec
3146 4935 3279 4990 dicit
3337 4934 3546 4989 Adonai
3587 4935 3696 4989 Do-

2040 5100 2218 5169 factus
2245 5105 2323 5152 est
2353 5097 2488 5162 illis,
2523 5114 2637 5152 non
2670 5101 2806 5152 sunt
2834 5096 3122 5169 homines,
3155 5094 3548 5169 sedhomines
3590 5094 3696 5164 ju-

2044 5166 2259 5224 menta.
2296 5169 2549 5223 Rursum
2575 5169 2673 5238 qui
2699 5169 2756 5221 in
2789 5168 3102 5240 Evangelia
3134 5166 3696 5240 audiunt.8erpentes

2041 5242 2324 5312 gemmina
2378 5243 2714 5310 viperarum,
2771 5242 2894 5312 quis
2952 5238 3210 5312 r'ostendzt
3250 5238 3397 5312 vobis
3443 5239 3634 5312 fugere
3663 5252 3698 5290 a

2043 5307 2276 5368 ventura
2306 5313 2395 5367 ira
2425 5307 2452 5364 Ῥ
2483 5328 2597 5365 non
2632 5307 3071 5366 suut'homines
3121 5308 3413 5372 homines,
3446 5309 3546 5362 sed
3591 5307 3696 5362 ho-

2045 5385 2254 5448 mines,
2290 5388 2607 5453 serpentes.
2639 5383 2705 5436 Et
2737 5382 2807 5436 de
2839 5383 3054 5452 quibus
3085 5381 3370 5453 scriptum
3402 5385 3525 5453 est:
3575 5378 3696 5453 ιζιέι-

2042 5472 2132 5526 ρος
2161 5457 2346 5524 foveas
2377 5449 2591 5515 habent,
2627 5462 2677 5526 et
2709 5449 2950 5507 volucres
2980 5453 3103 5506 creti
3130 5449 3286 5526 nidos
3314 5466 3431 5526 ;_ac
3479 5450 3551 5526 de
3597 5449 3702 5526 He-

2047 5521 2216 5581 rode:
2257 5527 2434 5580 Dicite
2464 5525 2623 5596 vulpi
2653 5524 2814 5596 huic;
2847 5541 2961 5579 non
3011 5529 3152 5581 sunt
3202 5521 3470 5580 homines
3500 5521 3700 5579 homi-

2046 5614 2170 5668 nes,
2203 5597 2303 5656 sed
2338 5594 2606 5656 homines
2638 5594 2861 5671 vulpes,
