3978 6188
365 354 484 415 ’719

1606 352 1672 412 s.
1718 350 2027 415 unseen
2070 330 2514 414 HIERONYHI

3586 344 3702 414 ’720

369 489 571 554 minus,
605 483 1021 555 Convertimini,
1048 486 1099 538 et
1118 484 1344 539 avertite
1374 499 1465 539 vos
1494 501 1528 539 a
1552 484 1750 539 studiis
1798 486 2008 544 vestris.
2040 492 2097 555 Α
2120 488 2352 556 quatuor
2385 484 2618 540 ultiones
2641 498 2790 540 meas
2816 481 3017 539 misero
3038 481 3098 538 in
3123 485 3325 538 terram
3370 484 3701 558 peccatricem,

366 574 513 639 Quia
541 572 836 645 pollicitus
865 577 956 629 est
1004 572 1336 630 locuturum
1395 590 1458 631 se
1508 574 1594 631 eis
1646 589 1732 644 ea,
1794 574 2011 647 quibus

365 662 656 718 detinetur
684 679 784 719 cor
810 677 1013 718 eorum
1040 679 1052 718 :
1077 663 1206 720 ideo
1239 680 1396 720 nunc
1418 665 1588 737 quasi
1609 664 2010 737 peccatoribus

360 749 623 823 loquitur
649 750 884 807 dicens:
919 751 1330 821 Convertimini,
1344 757 1395 809 et
1431 755 1667 809 avertite
1714 769 1802 809 vos
1834 770 1867 808 a
1894 757 2011 808 stu-

360 839 470 895 diis
490 842 702 912 vestris,
734 848 785 897 et
813 844 1041 898 avertite
1065 842 1239 916 facies
1276 846 1503 899 vestras.
1561 841 1763 897 Nonne
1796 842 1897 897 tibi
1927 843 2011 896 vi-

364 929 537 985 detur
563 929 673 986 hoc
699 930 933 986 facere?
981 931 1182 987 Facies
1237 936 1443 987 vestre
1492 931 1817 987 obﬁrmate
1874 934 2015 987 sunt

359 1034 538 1091 super
566 1035 656 1086 ea,
692 1035 820 1092 que
850 1036 966 1077 non
1020 1021 1233 1077 debent
1258 1038 1272 1088 ;
1335 1020 1651 1077 convertite
1680 1036 1800 1088 eas,
1832 1024 1889 1076 et
1917 1020 2015 1077 ob-

362 1108 595 1165 firmate
643 1108 703 1164 in
761 1108 905 1179 hec,
966 1126 1094 1182 qum
1141 1113 1333 1166 vestro
1393 1113 1533 1166 sunt
1596 1109 2010 1166 emolumento.

363 1198 607 1270 Propter
635 1198 790 1269 quod
822 1198 999 1255 homo
1057 1199 1231 1267 homo
1282 1199 1352 1255 de
1408 1200 1581 1255 domo
1610 1198 1809 1267 Israel,
1840 1204 1899 1254 et
1943 1199 2016 1255 de

359 1285 671 1359 proselytis
696 1287 796 1359 qui
827 1287 1143 1344 adveniunt
1168 1288 1229 1343 in
1259 1287 1458 1358 Israel,
1489 1288 1847 1361 quicumque
1878 1288 2016 1345 aba-

363 1374 619 1430 lienatus
648 1374 840 1430 fuerit.
876 1378 1074 1431 Potest
1103 1374 1227 1430 fieri
1258 1379 1314 1430 et
1351 1375 1652 1431 hominem
1690 1374 2013 1442 hominem,

361 1462 481 1518 sive
506 1464 768 1518 creatum
788 1461 1085 1519 hominem
1109 1462 1429 1519 hominem:
1453 1479 1556 1520 seu
1578 1465 1900 1535 perfectum
1922 1462 2015 1519 sui

362 1547 663 1604 hominem
697 1548 995 1605 hominem
1026 1550 1297 1606 effectum
1325 1550 1649 1607 abalienari
1674 1551 2010 1624 contingit:

363 1635 659 1708 siquidem
692 1641 749 1692 et
767 1638 973 1708 justus
1002 1640 1328 1695 secundum
1359 1641 1632 1696 eumdem
1653 1640 2011 1696 Ezechielem

363 1725 725 1782 convertitur
753 1726 1068 1798 aliquando
1098 1744 1132 1783 a
1152 1728 1403 1800 justitiis
1434 1729 1579 1796 suis,
1613 1733 1669 1784 et
1700 1734 1920 1801 peccat.
1956 1729 2011 1784 Si

2119 575 2328 646 fuerint
2356 578 2541 629 autem
2569 574 2670 629 isti
2693 579 2806 630 (res
2835 574 2945 628 viri
2972 573 3098 640 Noe,
3124 572 3335 640 Daniel,
3364 579 3413 627 et
3443 571 3533 628 Job
3552 574 3607 628 in
3622 578 3707 629 ter-

2120 679 2186 717 ra
2220 664 2536 734 peccatrice,
2568 664 2678 735 ipsi
2704 662 2810 718 soli
2835 662 2978 717 salvi
3004 662 3182 717 erant.
3218 662 3279 716 In
3309 660 3710 717 comminatione

2122 751 2332 824 prima,
2366 752 2425 806 in
2459 768 2577 823 qua
2604 768 2834 823 poenam
2880 750 3054 806 famis
3101 767 3135 806 a
3163 749 3345 822 poenis
3381 750 3585 805 ceteris
3608 766 3713 821 ape-

2122 841 2260 903 ruit,
2296 839 2550 895 tiliorum
2582 844 2637 895 et
2666 840 2920 895 ﬁliarum
2953 839 3191 895 nomina
3222 838 3416 894 tacuit.
3432 839 3491 895 ln
3519 854 3580 893 eo
3603 855 3711 894 vero

2123 946 2410 995 sermone,
2442 929 2501 983 in
2524 946 2637 1001 quo
2676 928 2894 985 bestias
2933 928 3121 984 malas
3171 927 3424 983 minatus
3450 930 3534 983 est
3557 931 3714 994 terre,

2122 1026 2204 1082 ait
2227 1043 2238 1082 :
2261 1028 2327 1083 Si
2344 1026 2458 1099 ﬁlii
2476 1030 2527 1081 et
2557 1028 2694 1097 ﬁlia?
2723 1043 2911 1083 eorum
2939 1027 3086 1082 salvi
3113 1025 3356 1096 ﬁent,sed
3384 1026 3486 1097 ipsi
3513 1026 3611 1081 soli
3630 1026 3716 1081 sal-

2121 1116 2416 1184 vabantur,
2449 1124 2599 1171 terra
2621 1124 2827 1181 autem,
2857 1120 2913 1170 et
2938 1132 3072 1171 cum
3103 1113 3401 1188 paululum
3431 1113 3720 1172 reticuisset

2124 1206 2338 1275 adjecit
2356 1222 2367 1261 :
2385 1206 2451 1260 Et
2479 1208 2586 1261 erit
2616 1208 2673 1259 in
2705 1204 3292 1261 introitu.Rursumin
3310 1204 3719 1260 comminatione

2124 1294 2302 1366 gladii
2328 1311 2341 1349 :
2377 1292 2497 1349 Non
2527 1294 2857 1361 liberabant,
2918 1294 3020 1358 ait,
3077 1294 3241 1363 ﬁlios,
3268 1296 3370 1349 aut
3398 1292 3560 1348 filias.
3589 1293 3649 1348 Et
3672 1293 3719 1349 in

2128 1387 2311 1438 morte
2354 1382 2624 1439 similiter
2681 1386 2772 1439 est
2822 1382 3093 1439 locutus:
3151 1383 3270 1438 Non
3316 1381 3722 1452 derelinquentur

2124 1472 2231 1542 ﬁlii
2256 1476 2354 1526 aat
2384 1473 2520 1542 ﬁliae
2540 1488 2748 1542 eorum,
2778 1472 2869 1527 sed
2923 1472 3033 1543 ipsi
3088 1470 3200 1526 soli
3226 1471 3352 1538 Noe,
3381 1479 3432 1527 et
3472 1470 3723 1535 Daniel,et

2122 1563 2219 1617 Job
2250 1561 2567 1616 liberabant
2595 1564 2811 1616 animas
2838 1560 3210 1633 suas.1ngens
3240 1559 3418 1632 igitur
3435 1558 3593 1629 nobis
3610 1575 3725 1614 cura

2123 1650 2501 1723 expositionis
2531 1650 2838 1721 incumbit,
2864 1654 2922 1705 et
2950 1650 3022 1705 ob
3051 1649 3109 1704 id
3142 1649 3448 1722 diligenter
3483 1648 3727 1704 debemus

2123 1740 2442 1807 attendere,
2472 1744 2528 1795 et
2548 1740 2926 1795 obsecramus
2957 1738 3275 1805 auditores,
3297 1742 3362 1793 ut
3378 1737 3539 1809 quasi
3558 1736 3624 1793 ad
3642 1734 3725 1791 ali-

359 1830 497 1929 erg?
527 1814 701 1871 istius
731 1816 889 1871 mOdi
911 1816 1085 1873 homo
1108 1817 1369 1890 posuerit
1387 1817 1769 1890 cogitationes
1791 1834 1929 1874 θυαε
1949 1817 2009 1872 in
2040 1864 2088 1929 Β
2123 1830 2279 1900 quod
2296 1830 2517 1901 grande
2530 1827 2927 1900 spectaculum
2944 1828 3305 1883 conﬂuentes
3326 1825 3525 1883 faciem
3545 1824 3727 1881 mentis

364 1920 454 1929 _-_
504 1918 531 1929 Α
566 1920 669 1929 ---Α
731 1909 785 1929 ιιι
817 1922 1039 1929 ..μμρμ
1102 1906 1433 1929 :_:_--!L_12_
1484 1924 1598 1929 ---μ
1639 1910 1764 1929 -..1-
1801 1907 2001 1929 l‘.-2-_-
2122 1917 2133 1928 ο
2188 1921 2197 1929 .
2302 1918 2317 1929 ιι
2410 1922 2419 1929 .
2621 1919 2630 1929 ι
2796 1916 2831 1929 ο.
2999 1915 3013 1929 1
3135 1916 3173 1929 .-
3380 1914 3412 1929 In
3577 1913 3588 1929 I
3626 1915 3639 1929 I

361 1904 533 1961 corde
564 1920 694 1973 suo,
729 1909 788 1961 et
816 1922 1044 1977 penam
1102 1906 1435 1978 iniquitatis
1483 1924 1602 1962 sue
1636 1910 1769 1963 ante
1801 1907 2008 1963 faciem

363 2010 554 2063 suam,
587 1998 647 2049 et
674 1995 895 2050 venerit
923 1995 994 2050 ad
1024 1994 1393 2067 prophetam,
1426 2000 1495 2052 ut
1521 1995 1838 2069 interroget
1875 2012 2009 2052 eum

361 2083 424 2139 in
454 2099 584 2139 me:
618 2084 749 2151 Ego,
781 2083 975 2156 inquit
1003 2084 1308 2153 Dominus,
1336 2086 1677 2158 respondebo
1704 2086 1758 2141 ei
1802 2086 1868 2142 in
1895 2087 2012 2157 ipso

364 2174 427 2229 in
454 2188 558 2244 quo
582 2172 889 2228 detinetur:
923 2177 976 2228 et
1004 2172 1298 2244 obﬁrmabo
1324 2176 1530 2246 faciem
1557 2192 1739 2231 meam
1754 2178 1814 2230 in
1843 2174 2013 2230 homi-

367 2277 494 2317 nem
522 2261 702 2317 illum.
736 2261 1053 2318 Considera
1083 2264 1375 2335 quomodo
1433 2265 1493 2319 in
1548 2264 1835 2336 principio
1886 2280 2015 2335 spo-

368 2349 638 2424 ponderit
693 2350 1009 2407 clementer
1082 2368 1145 2408 se
1186 2369 1632 2425 responsurum,
1684 2370 1751 2409 ac
1806 2353 2014 2409 deinde

366 2454 404 2511 q
422 2439 753 2512 uomodo,si
785 2457 988 2496 rursus
1015 2440 1255 2510 venerit,
1291 2442 1543 2498 necdum
1574 2445 1833 2509 curatus,
1860 2441 2014 2514 prio-

366 2529 531 2585 ribus
560 2529 774 2600 verbis,
808 2530 1153 2599 obfirmabo,
1189 2530 1335 2586 dixit
1362 2531 1569 2588 faciem
1601 2547 1792 2587 meam
1837 2526 2017 2603 super

363 2617 664 2675 hominem
694 2618 885 2685 illum,
916 2623 974 2676 et
1002 2636 1217 2692 ponam
1274 2619 1442 2677 illum
1497 2621 1556 2676 in
1603 2621 1922 2678 desertum.
1954 2618 2014 2674 Si

362 2707 525 2765 enim
556 2725 673 2764 non
702 2707 986 2764 obedierit
1015 2709 1389 2766 sermonibus
1408 2709 2014 2781 commonitionis,sed

363 2797 426 2853 in
455 2797 665 2853 delicto
696 2799 1164 2870 perseveraverit,
1198 2815 1410 2871 ponam
1444 2815 1579 2856 eum
1624 2797 1685 2855 in
1716 2800 2013 2856 desertum

368 2889 428 2941 et
454 2885 515 2941 in
546 2886 979 2956 exterminium,
1011 2890 1068 2943 et
1098 2886 1301 2943 tollam
1332 2904 1467 2944 eum
1498 2889 1569 2944 de
1594 2889 1785 2945 medio
1816 2887 2018 2962 populi

370 2973 597 3033 mei.Ne
624 2975 853 3032 auferas
884 2992 1012 3047 nos,
1035 2980 1185 3033 Deus
1213 2977 1686 3049 omnipotens,de
1705 2978 1898 3035 medio
1922 2995 2020 3050 po-

371 3062 497 3138 puli
524 3064 631 3133 tui,
662 3080 866 3120 verum
895 3080 1173 3121 conserva
1228 3082 1336 3123 nos
1364 3067 1424 3122 in
1455 3066 1667 3139 populo
1705 3071 1826 3124 tuo.
1851 3068 2020 3126 Juste

374 3157 574 3210 autem
602 3152 925 3226 projicitur,
958 3154 1056 3226 qui
1087 3154 1266 3227 digna
1293 3155 1433 3212 facit
1457 3157 1802 3228 abjectione,
1836 3162 1900 3214 ut
1916 3174 2018 3214 au-

376 3243 599 3300 feratur
627 3260 663 3298 a
690 3242 905 3316 populo
936 3242 1058 3312 Dei,
1090 3250 1149 3301 et
1178 3245 1505 3301 eradicatur
1531 3246 1603 3302 ab
1651 3263 1739 3318 eo,
1789 3251 1847 3303 et
1899 3253 2017 3302 tra-
2048 3235 2091 3302 C

380 3333 557 3390 datur
583 3333 827 3389 Satane.
860 3333 928 3388 Et
954 3332 1016 3389 in
1068 3335 1338 3406 presenti
1398 3335 1639 3406 quidem
1671 3340 1861 3408 potest
1888 3337 2024 3409 quis

380 3421 687 3495 egrediens
716 3422 788 3477 de
814 3420 1031 3495 populo
1091 3423 1205 3483 Dei,
1232 3440 1468 3479 rursum
1528 3441 1630 3497 per
1657 3426 1812 3482 918
1844 3426 2025 3498 peni-

381 3512 626 3569 tentiam
658 3512 868 3569 reverti
894 3513 972 3581 ;si
1004 3529 1138 3569 vero
1168 3513 1497 3570 eradicatus
1521 3514 1694 3571 fuerit
1722 3515 1819 3571 illo
1836 3532 1905 3571 ex
1924 3533 2026 3588 po-

379 3607 543 3682 pulo,
569 3607 641 3663 de
668 3622 785 3679 quo
812 3605 872 3661 in
903 3605 1155 3676 quadam
1187 3604 1464 3678 parabola
1481 3605 1699 3661 dicitur
1725 3606 1952 3663 venisse
1971 3611 2032 3664 et

384 3697 745 3765 recubuisse,
777 3699 834 3752 et
862 3694 1138 3750 introisse
1158 3694 1600 3767 quemdam,qui
1633 3712 1747 3751 non
1779 3695 2030 3752 habebat

380 3786 798 3857 vestimentum
825 3784 1337 3857 nuptiale,dicente
1358 3784 1430 3839 ad
1452 3800 1587 3839 eum
1609 3785 2027 3857 patrefamilias

380 3877 586 3944 Amice,
616 3854 877 3947 quomodo
899 3854 1006 3929 bac
1031 3854 1277 3941 intrasti,
1296 3890 1408 3930 non
1436 3854 1639 3929 habens
1664 3878 1865 3930 vestem
1888 3893 2026 3948 nap-

378 3966 570 4023 tialem
596 3964 802 4036 (Matth.
832 3963 1021 4035 xxn)?
1053 3967 1229 4035 atque
1276 3963 1358 4019 ita
1406 3962 1771 4036 precipiente
1819 3964 2023 4022 minis-

377 4052 505 4120 tris,
538 4057 604 4108 ut
630 4052 951 4108 vincientes
975 4067 1111 4107 eum
1161 4052 1435 4109 manibus
1463 4056 1520 4109 et
1563 4054 1833 4125 pedibus,
1865 4056 2022 4111 914

372 4141 673 4198 mitterent
699 4140 760 4195 in
791 4140 1062 4197 tenebras
1085 4140 1415 4209 exteriores,
1467 4141 1810 4198 difficillime
1839 4143 1898 4197 in
1934 4142 2018 4200 lo-

369 4246 505 4287 cum
536 4228 853 4302 pristinum
880 4232 1216 4286 revertetur.
1247 4230 1357 4286 Sed
1393 4247 1499 4287 nos
1547 4247 1661 4287 non
1694 4232 2017 4288 eradicabi-

368 4335 541 4388 mur;
573 4334 773 4374 verum
806 4321 863 4374 et
891 4318 952 4375 in
983 4319 1278 4391 presenti,
1310 4324 1367 4376 et
1396 4320 1456 4375 in
1487 4320 1683 4375 futuro
1715 4320 1924 4378 seculo
1957 4322 2015 4376 in

368 4408 616 4465 Domino
641 4411 841 4465 nostro
869 4409 1005 4464 Jesu
1039 4406 1269 4464 Christo
1299 4408 1721 4481 plantabimur,
1754 4415 1811 4465 et
1856 4410 1915 4466 in
1948 4428 2014 4467 eo

364 4500 591 4555 fructus
621 4498 951 4555 uberrimos
981 4498 1315 4566 all'eremus,
1346 4498 1438 4554 cui
1470 4502 1559 4555 est
1586 4498 1773 4571 gloria
1800 4503 1854 4555 et
1895 4500 2011 4556 im-

362 4589 591 4662 perium
624 4589 684 4645 in
717 4586 932 4645 secula
960 4586 1325 4644 seculorum.
1357 4590 1563 4645 Amen.

855 4740 1159 4797 HOMILIA
1191 4740 1505 4807 QUARTA.

358 4831 440 4888 De
468 4847 559 4900 eo,
590 4831 743 4902 quod
803 4830 1087 4903 scriptum
1141 4834 1261 4887 est:
1310 4831 1472 4886 Terra
1526 4846 1673 4903 cum
1700 4832 2007 4903 peccaverit

424 4904 566 4959 mihi
570 4901 651 4972 ,ιιι
672 4901 1070 4974 praevaricetur
1078 4901 1767 4974 praevaricans,e;ctendens
1777 4920 2007 4959 manum

427 4991 609 5031 meam
634 4973 971 5046 super‘eam,
1002 4973 1189 5046 usque
1215 4974 1287 5030 ad
1319 4973 1569 5046 id,quodﬁ
1594 4973 1811 5029 dicitur
1835 4992 1847 5029 :
1872 4976 2005 5035 Etsi

427 5048 640 5117 fuerint
667 5044 776 5101 tres
804 5048 916 5101 viri
938 5045 998 5101 in
1029 5044 1207 5117 medio
1234 5046 1351 5116 ejus
1383 5044 1512 5111 Noe,
1546 5045 1760 5115 Daniel,
1803 5048 1855 5101 et
1883 5046 2002 5111 Job,

426 5117 541 5188 ipsi
549 5117 772 5189 justitia
789 5134 891 5173 sua
912 5116 1221 5173 liberabant
1246 5118 1467 5172 ani-mas
1506 5132 1633 5172 suas
1674 5116 1833 5190 (Cap.
1863 5118 1999 5189 xw).

424 5234 791 5292 9188erm0
812 5234 1173 5307 Domini,qui
1207 5233 1395 5291 factus
1433 5237 1524 5290 est
1552 5234 1623 5290 ad
1657 5234 1999 5306 prophetam

351 5322 424 5380 de
451 5323 772 5397 peccatrice
802 5327 957 5379 terra
984 5322 1264 5396 loquitur,
1299 5324 1593 5396 quomodo
1651 5327 1887 5396 propter
1909 5325 2003 5380 de-

348 5411 485 5468 licta
514 5430 625 5469 sua
652 5411 824 5468 variis
855 5412 933 5467 sit
962 5413 1289 5469 excruciata
1330 5411 1656 5485 suppliciis,
1700 5413 1874 5482 fame,
1912 5413 2004 5469 be-

346 5500 478 5557 stiis
508 5501 703 5570 malis,
735 5501 949 5575 gladio,
985 5506 1189 5567 morte,
1224 5505 1410 5557 morte
1452 5506 1647 5557 autem
1679 5503 2000 5574 repentina,

346 5605 479 5664 que
506 5595 609 5646 aut
627 5606 697 5645 ex
720 5590 977 5663 corrupti
1001 5590 1151 5647 aeris
1181 5590 1320 5647 vitio
1341 5591 1419 5646 sit
1436 5596 1755 5660 creata,aut
1775 5608 1844 5648 ex
1864 5609 2004 5664 quo-

344 5694 600 5754 eumque
626 5678 903 5738 acciderit
930 5685 1160 5750 eventu,
1192 5683 1250 5739 et
1277 5679 1493 5737 dicitur
1516 5698 1530 5738 :
1557 5680 1713 5755 Quod
1749 5684 1800 5740 si
1828 5686 1994 5746 etiam

2119 1917 2448 1985 intendant,
2480 1931 2551 1971 ne
2580 1915 3210 1985 obscuritas,relaxatis
3240 1914 3522 1985 sensibus,
3545 1913 3712 1970 elabe-

2118 2010 2233 2062 tur.
2263 2006 2387 2062 Non
2422 2005 2566 2061 dixit
2594 2005 2653 2060 in
2693 2005 2985 2078 presenti,
3019 2006 3067 2060 si
3125 2003 3483 2077 peccaverint
3514 2000 3726 2059 civitatis

2121 2098 2223 2151 aut
2251 2094 2360 2151 loci
2394 2095 2645 2165 alicujus
2674 2094 2901 2163 accole,
2935 2094 3035 2150 sed
3067 2094 3117 2149 si
3160 2098 3315 2150 terra
3343 2091 3653 2166 peccaverit.
3673 2090 3728 2144 Et

2122 2194 2266 2258 scio,
2299 2192 2434 2265 quia
2466 2192 2788 2264 simplicior
2818 2194 3068 2264 quisque
3098 2209 3236 2247 cum
3270 2188 3576 2258 audierit,si
3604 2193 3728 2244 terra

2123 2282 2466 2355 peccaverit,
2499 2282 2700 2338 statim
2732 2283 2803 2337 ad
2837 2280 3149 2354 proclivem
3189 2282 3404 2337 feratur
3440 2278 3723 2350 intelligen-

2121 2372 2285 2441 tiam,
2319 2375 2386 2426 ut
2415 2375 2630 2426 terram
2662 2370 2819 2425 dicat
2849 2370 3217 2427 nominatam
3250 2386 3351 2442 pro
3382 2369 3491 2435 bis,
3515 2366 3603 2440 qui
3626 2381 3725 2421 mo-

2128 2467 2336 2517 rantur
2359 2461 2417 2516 in
2447 2466 2639 2516 terra:
2673 2475 2875 2515 verum
2908 2459 3217 2532 sequentia
3247 2459 3546 2531 Scripture
3582 2455 3728 2511 istam

2124 2550 2323 2605 statim
2355 2549 2612 2605 eximent
2640 2548 3083 2621 expositionem.
3104 2548 3266 2604 914
3287 2552 3427 2603 Cum
3456 2545 3599 2601 enim
3620 2558 3729 2616 pec-

2125 2639 2341 2695 caverit
2370 2642 2547 2703 terra,
2584 2642 2642 2694 et
2668 2637 2729 2693 in
2762 2654 2870 2693 sua
2900 2641 3136 2710 peccata
3167 2636 3470 2704 corruerit,
3507 2631 3729 2691 extendi-

2126 2732 2224 2783 tur
2256 2744 2466 2783 manus
2496 2742 2613 2783 non
2646 2743 2823 2799 super
2854 2726 3188 2782 habitantes
3217 2723 3558 2793 terram,sed
3587 2734 3733 2793 super

2127 2816 2319 2889 ipsam
2340 2820 2554 2872 terram
2579 2832 2593 2872 :
2625 2815 2818 2889 prima
2842 2815 3208 2888 correptione
3238 2813 3563 2879 conteritur,
3589 2815 3645 2867 ut
3663 2809 3732 2865 vi-

2130 2904 2339 2961 delicet
2367 2906 2439 2961 ab
2460 2922 2528 2961 ea
2566 2905 3004 2960 firmamentum
3054 2905 3231 2977 panis
3262 2904 3561 2971 auferatur,
3593 2896 3733 2972 quasi

2128 3010 2300 3067 poena
2330 2994 2407 3050 sit
2436 2998 2602 3050 terre
2632 2994 2680 3050 si
2715 2993 2967 3049 famesin
2998 3010 3068 3048 ea
3097 2993 3448 3060 obtineat,ut
3475 2992 3651 3062 fruges
3669 3002 3737 3044 se-

2130 3082 2276 3139 mini
2307 3081 3153 3156 denegentur.Namlquomodo
3166 3082 3347 3139 homo
3359 3084 3607 3154 peccator
3634 3076 3738 3133 sine

2130 3172 2309 3244 prole,
2335 3176 2393 3227 et
2421 3172 2639 3229 sterilis
2667 3172 2820 3227 inter
2850 3170 3195 3227 maledictos
3229 3171 3482 3245 punitur,
3505 3169 3658 3240 juxta
3685 3163 3733 3218 id

2132 3262 2285 3333 quod
2317 3262 2377 3316 in
2404 3262 2660 3333 quodam
2689 3260 2817 3317 loco
2874 3260 3157 3333 scriptum
3223 3264 3312 3317 est
3338 3263 3426 3328 (ex
3469 3251 3736 3313 contrariis

2134 3350 2290 3406 enim
2315 3349 2605 3405 contraria
2631 3348 3061 3422 intelliguntur)
3118 3352 3179 3404 et
3237 3349 3308 3405 de
3353 3350 3509 3420 justo
3536 3343 3736 3408 dicitur,

2135 3455 2251 3494 non
2281 3440 2391 3495 erit
2422 3439 2549 3494 sine
2579 3438 2759 3511 prole,
2793 3454 2981 3511 neque
3012 3436 3235 3494 sterilis
3269 3439 3326 3493 in
3354 3436 3528 3503 vobis,
3547 3437 3599 3489 et
3622 3444 3734 3503 pec-

2137 3533 2360 3584 catores
2391 3528 2517 3585 sine
2546 3527 2769 3594 liberis,
2800 3531 2857 3583 et
2887 3526 3233 3600 posteritate
3264 3527 3354 3583 sui
3384 3529 3579 3582 eterna
3602 3518 3751 3575 infer-

2136 3616 2347 3673 tilitate
2378 3618 2756 3686 damnantur,
2792 3619 2855 3671 ut
2885 3614 2943 3670 in
2975 3615 3149 3671 domo
3183 3611 3502 3671 Abimelech
3551 3610 3744 3664 factum

2137 3710 2225 3762 est
2252 3706 2407 3778 (Gen.
2440 3708 2620 3774 xx),et
2646 3721 2846 3760 earum
2880 3720 3129 3775 quarum
3149 3703 3366 3761 clausit
3386 3703 3518 3759 Deus
3533 3694 3740 3753 vulvam

2136 3803 2374 3868 propter
2402 3798 2725 3868 peccatum,
2759 3793 2913 3865 quod
2949 3793 3007 3847 in
3042 3793 3210 3847 lsaac
3242 3789 3598 3849 commissum
3634 3784 3743 3839 est:

2134 3893 2217 3950 sic
2248 3898 2307 3949 et
2325 3897 2480 3949 terra
2510 3890 2943 3964 quodammodo
2965 3889 3089 3946 sine
3112 3890 3279 3962 prole
3296 3894 3351 3945 et
3378 3884 3577 3944 sterilis
3596 3878 3746 3938 relin-

2135 3982 2353 4054 quitur,
2386 3982 2537 4037 fame
2573 3980 2755 4035 missa
2778 3978 2837 4034 in
2869 3995 3018 4034 eam.
3054 3982 3261 4047 Putas,
3282 3993 3479 4035 verum
3508 3966 3745 4042 est,quod

2132 4088 2390 4127 asserere
2411 4086 2602 4126 sermo
2624 4067 2896 4141 preludit
2917 4085 3033 4123 non
3052 4068 3123 4123 de
3152 4064 3579 4124 habitatoribus
3603 4063 3747 4115 terre

2131 4161 2232 4216 sed
2265 4160 2337 4216 de
2366 4158 2496 4230 ipsa
2526 4162 2680 4214 terra
2704 4157 2964 4213 dicitur?
2997 4160 3248 4213 Possum
3283 4155 3571 4229 paulisper
3599 4148 3663 4205 ad
3681 4143 3749 4202 al-

2127 4249 2279 4305 tiora
2308 4247 2705 4304 conscendens
2734 4246 3167 4318 Scripturarum
3191 4241 3543 4302 testimoniis
3562 4250 3745 4312 appro-

2126 4339 2265 4395 bare
2293 4337 2586 4410 quomodo
2608 4339 2876 4413 peccator
2903 4338 3058 4392 terra
3087 4334 3340 4390 dicatur.
3370 4330 3579 4388 Dicitur
3612 4324 3746 4383 enim

2124 4435 2196 4491 ad
2227 4434 2410 4489 Adam
2442 4450 2455 4490 :
2488 4434 2649 4490 Terra
2676 4450 2753 4501 es,
2784 4436 2836 4488 et
2864 4434 2925 4488 in
2952 4438 3158 4488 terram
3190 4432 3295 4488 ibis
3326 4431 3477 4503 (Gen.
3508 4423 3744 4497 m).Pos-

2122 4540 2330 4581 sumus
2343 4522 2700 4594 dicere,quia
2718 4530 2773 4578 et
2792 4519 3315 4593 nuncdelinquens
3332 4525 3486 4576 terra
3504 4516 3746 4589 peccator

2034 4601 2083 4665 D
2114 4613 2207 4671 sit.
2242 4611 2705 4668 Sed-econtrario
2736 4609 3089 4666 latissimam
3113 4610 3432 4682 Scripture
3453 4605 3647 4663 silvam
3668 4613 3743 4655 re-

2116 4704 2649 4768 censens,coarctor
2676 4700 2749 4754 ad
2781 4698 3378 4771 suspicandum,quia
3410 4691 3670 4753 animalis
3684 4687 3749 4744 sit

2114 4795 2268 4847 terra
2297 4790 2412 4846 ista
2442 4805 2619 4861 quam
2650 4787 2968 4843 cernimus.
3002 4787 3057 4841 Si
3089 4787 3245 4842 enim
3271 4786 3405 4854 hoc,
3435 4782 3587 4858 quod
3615 4774 3745 4835 scri-

2115 4886 2284 4954 ptum
2314 4882 2435 4935 est:
2472 4879 2577 4947 Qui
2605 4878 2799 4949 aspicit
2853 4892 3015 4948 super
3055 4880 3231 4946 terra,
3258 4883 3313 4931 et
3347 4875 3485 4947 facit
3514 4887 3631 4927 eam
3655 4870 3747 4922 tre-

2111 4986 2259 5027 mere
2286 4969 2398 5041 (Ps.
2431 4968 2575 5039 cm),
2600 4967 2773 5039 juxta
2802 4966 2861 5020 id
2888 4965 3041 5038 quod
3070 4965 3357 5038 scriptum
3385 4966 3473 5019 est
3493 4959 3742 5016 volumus

2113 5059 2394 5132 accipere,
2430 5054 2813 5128 intelligimus
2831 5055 2902 5111 ad
2928 5058 3229 5127 aspectum
3253 5052 3359 5108 Dei
3385 5056 3548 5109 terre
3568 5048 3744 5132 motus

2112 5128 2426 5205 concitari:
2460 5163 2575 5202 non
2607 5161 2755 5217 quos
2810 5144 2997 5200 Judei
3058 5144 3459 5217 suspicantur.
3487 5138 3626 5193 Nam
3665 5128 3741 5186 illi

2112 5242 2385 5295 asserunt
2411 5241 2725 5292 tremorem
2755 5238 2922 5289 terre
2961 5232 3416 5289 commotionem
3447 5226 3594 5285 915
3626 5222 3741 5293 ejus

2111 5345 2262 5396 esse,
2292 5325 2447 5400 quod
2478 5323 2650 5396 longe
2711 5340 2745 5378 a
2793 5322 3035 5378 veritate
3062 5323 3358 5378 diversum
3404 5321 3513 5374 est.
3555 5317 3619 5369 Et
3646 5322 3741 5365 nos

2110 5418 2325 5491 quippe
2355 5413 2588 5472 solliciti
2617 5417 2674 5469 et
2702 5416 3019 5469 trementes
3037 5416 3267 5485 propter
3294 5408 3531 5481 peccata
3560 5402 3743 5458 nostra

2111 5508 2169 5563 in
2200 5512 2354 5563 terra
2377 5520 2605 5567 sumus,
2655 5518 2761 5557 nec
2810 5506 3006 5558 tamen
3064 5505 3280 5557 tremor
3320 5500 3517 5552 noster
3544 5500 3738 5560 corpus

2110 5596 2374 5653 concutit
2404 5594 2476 5648 ad
2506 5591 2875 5647 tremendum
2901 5589 3096 5646 :sicuti
3124 5594 3182 5646 et
3209 5589 3265 5643 in
3298 5585 3414 5641 alio
3445 5582 3567 5639 loco
3602 5574 3736 5634 dici-

2108 5689 2241 5748 tur:
2267 5684 2443 5759 Super
2469 5696 2629 5756 quem
2655 5680 2966 5763 respiciam,
2995 5678 3077 5738 ait
3104 5676 3412 5745 Dominus,
3439 5671 3556 5732 nisd
3582 5678 3737 5744 super
