3960 6172
200 421 301 490 791

633 422 1131 492 TRANSLATIO
1174 421 1679 494 HOMILIARUM
1726 425 2093 490 ORIGENIS
2138 425 2214 488 IN
2264 423 2782 513 EZEGHIELEM.
2821 423 3009 492 ΗΟΜ.
3042 421 3150 492 1V.

3475 419 3596 491 722

200 558 461 618 humilem
505 569 558 620 et
607 564 875 635 quietum,
925 568 978 618 et
1024 567 1343 619 trementem
1387 577 1658 620 sermones
1694 577 1839 618 meos
1865 567 1915 632 Α
1949 567 2000 616 et
2018 561 2452 633 eondolet(Rom.
2476 561 2619 633 νηί).
2643 562 2700 617 Si
2717 559 2910 620 omnis
2932 565 3196 619 creatura
3217 553 3597 635 congemiscit

196 653 338 722 (Isai.
374 652 553 720 ult.)?
600 653 680 706 Ex
709 669 824 724 quo
870 651 1248 708 manifestum
1295 658 1384 707 est
1433 655 1736 708 mansuete
1784 654 1840 706 et

193 741 490 797 humiliter
517 741 632 797 Deo
664 741 1012 797 servientem
1045 741 1115 796 ad
1150 757 1448 797 sermones
1489 742 1615 812 ejus
1647 742 1839 795 mente

191 830 385 903 potius
415 835 684 897 tremere,
737 846 915 901 quam
949 846 1207 901 corpore.
1256 831 1324 885 Et
1355 830 1476 886 haec
1508 829 1746 901 quidem
1777 828 1838 882 in

190 919 381 974 medio
411 917 566 974 dicta
588 922 726 974 sunt
749 919 1142 974 satisfactione
1165 919 1292 989 ejus
1314 919 1657 985 testimonii,
1681 918 1836 990 quod

186 1007 528 1063 intulimus:
565 1010 681 1080 Qui
708 1009 905 1080 aspicit
927 1015 1151 1079 terram,
1192 1016 1243 1063 et
1269 1010 1406 1079 facit
1436 1024 1557 1063 eam
1586 1016 1834 1062 tremere.

183 1097 392 1169 Accipe
423 1101 617 1152 autem
666 1097 781 1153 alia
808 1097 965 1152 dicta
995 1098 1066 1152 de
1097 1101 1289 1153 terra:
1334 1095 1648 1170 Offenditur
1689 1104 1838 1152 terra

184 1187 250 1240 ab
279 1185 367 1240 his
398 1187 495 1256 qui
522 1185 760 1240 insident
790 1189 851 1240 in
880 1202 962 1241 ea.
997 1186 1296 1252 Quomodo
1320 1185 1632 1240 offenditur
1662 1189 1835 1253 terra,

183 1278 238 1330 et
253 1275 494 1346 quando
518 1279 823 1330 aversatur
839 1276 910 1331 ab
933 1274 1048 1343 his,
1070 1275 1167 1346 qui
1194 1275 1252 1330 in
1278 1291 1338 1331 se
1359 1274 1836 1330 commorantur?

181 1362 423 1427 Quando
445 1363 663 1419 fuerint
683 1367 1036 1435 peccatores.
1061 1364 1263 1436 Accipe
1285 1364 1445 1419 aliud
1468 1363 1831 1435 exemplum:

181 1453 552 1524 Complacebit
595 1453 702 1508 sibi
750 1457 896 1508 terra
947 1455 1005 1508 in
1050 1453 1291 1508 sabbatis
1319 1455 1454 1508 suis.
1501 1452 1833 1508 Econtrario

178 1541 334 1596 enim
369 1541 640 1613 quaedam
671 1547 836 1597 terrae
868 1541 1114 1597 sabbata
1143 1546 1579 1613 nuncupantur,
1613 1541 1672 1595 in
1704 1540 1832 1612 qui-

176 1630 286 1686 bus
315 1629 434 1686 sibi
465 1629 826 1703 complaceat
855 1635 913 1685 et
938 1629 1186 1686 laetetur.
1219 1630 1479 1686 Necdum
1512 1630 1640 1686 dico
1668 1647 1679 1685 :
1733 1631 1834 1685 At-

174 1720 352 1789 tende,
387 1721 609 1788 caelum,
640 1727 691 1774 et
712 1720 926 1790 loquar,
945 1725 997 1775 et
1018 1719 1215 1775 audiat
1236 1724 1386 1774 terra
1404 1719 1572 1775 verba
1589 1721 1702 1774 oris
1724 1720 1834 1774 mei

173 1809 324 1882 (Isai.
360 1809 426 1880 1).
460 1808 662 1879 Neque
693 1808 890 1864 aliud:
922 1808 1086 1876 Audi,
1117 1809 1332 1875 caelum,
1366 1813 1416 1864 et
1446 1809 1675 1864 auribus
1703 1825 1830 1879 per-

171 1900 309 1970 cipe,
342 1906 516 1954 terra.
569 1898 682 1952 Sed
731 1913 836 1952 nec
866 1898 1131 1953 Jeremize
1180 1897 1588 1970 prophetiam:
1642 1899 1825 1965 Terra,

173 1990 340 2053 terra,
391 1986 527 2041 audi
568 1982 794 2041 uerbum
841 1989 1081 2058 Domini,
1121 1987 1296 2042 scribe
1323 1988 1505 2041 virum
1534 1989 1701 2042 istum
1730 1987 1826 2041 ab-

173 2074 421 2131 dicatum
469 2076 688 2146 (Jerem.
737 2076 898 2145 xxn).
948 2075 1131 2130 Multa
1188 2092 1294 2131 nos
1355 2075 1537 2130 latent
1597 2078 1832 2147 propter

173 2169 581 2237 paupertatem
639 2164 954 2232 memoriae,
1016 2169 1252 2236 propter
1306 2164 1524 2237 ingenii
1583 2165 1821 2220 tardita-

174 2257 322 2308 tem.
354 2252 538 2308 Multa
567 2258 708 2308 sunt
737 2269 863 2325 qum
891 2252 1150 2308 condidit
1176 2253 1327 2309 Deus
1351 2252 1742 2320 rationabilia,
1778 2269 1836 2322 et,

177 2343 330 2395 sunt
357 2341 605 2410 capacia,
639 2357 757 2396 non
788 2340 980 2397 solum
1011 2340 1375 2412 principatus
1406 2346 1463 2397 et
1491 2345 1829 2413 potestates,

175 2432 234 2484 et
262 2433 516 2484 rectores
535 2429 910 2485 tenebrarum
942 2430 1210 2498 istarum,
1244 2446 1444 2486 verum
1477 2431 1652 2485 etiam
1685 2435 1742 2486 et
1772 2430 1831 2485 in

178 2516 416 2573 meliore
434 2522 598 2589 parte
618 2518 884 2589 thronos,
904 2519 1354 2587 dominationes,
1380 2523 1437 2574 et
1458 2523 1683 2590 caetera,
1704 2535 1832 2590 quae

179 2602 235 2657 in
287 2608 487 2660 nostro
535 2604 836 2662 intellectu
870 2604 1184 2678 Apostolus
1216 2605 1454 2678 reliquit
1485 2607 1685 2662 dicens
1713 2625 1725 2662 :
1759 2609 1834 2662 Et

182 2708 334 2764 super
360 2709 518 2750 omne
545 2710 765 2762 nomen,
818 2695 960 2766 quod
1007 2703 1334 2751 nominatur
1379 2712 1489 2750 non
1537 2695 1725 2752 solum
1773 2683 1833 2751 in

189 2783 378 2839 secuto
405 2784 534 2852 isto,
578 2799 766 2838 verum
793 2787 842 2839 et
876 2786 931 2839 in
963 2787 1151 2855 futuro
1183 2783 1394 2856 (Ephes.
1441 2785 1501 2856 1).
1549 2786 1660 2840 Aer
1689 2801 1834 2856 quo-

192 2884 293 2941 que
313 2871 672 2927 animalibus
692 2872 902 2944 plenus
926 2877 1036 2943 est,
1053 2873 1378 2928 secundum
1402 2873 1663 2944 ejusdem
1679 2879 1832 2946 Apo-

193 2958 314 3013 stoli
343 2960 753 3017 testimonium
787 2961 1158 3033 praedicantis
1183 2977 1196 3015 :
1228 2964 1292 3016 In
1321 2962 1516 3032 quibus
1537 2963 1836 3034 aliquando

1859 1941 1904 2004 Β

194 3048 501 3105 ambulastis
521 3050 823 3106 secundum
840 3051 1106 3107 saeculum
1122 3051 1315 3106 mundi
1337 3051 1521 3122 hujus,
1541 3053 1838 3107 secundum

193 3139 478 3209 principem
504 3143 793 3210 potestatis
817 3148 868 3196 et
896 3142 1041 3196 aeris
1065 3141 1312 3212 spiritus,
1346 3142 1443 3212 qui
1470 3157 1618 3195 nunc
1643 3158 1834 3212 opera-

197 3228 276 3280 tur
304 3230 356 3281 in
399 3229 542 3297 ﬁliis
567 3228 919 3298 difﬁdentiae.
966 3230 1068 3284 Est
1097 3245 1231 3301 ergo
1261 3233 1438 3295 terra,
1471 3233 1528 3284 et
1560 3229 1834 3285 universa

196 3314 334 3371 916
364 3316 665 3382 animalia,
699 3323 756 3373 et
784 3335 886 3390 per
916 3323 1108 3390 partes
1131 3318 1480 3373 animalium
1501 3318 1829 3374 varietates.
1864 3313 1904 3379 C

200 3405 422 3469 Quando
453 3405 613 3461 enim
638 3406 953 3462 offenditur
972 3411 1144 3475 terra,
1179 3411 1234 3462 et
1255 3423 1493 3461 rursum
1517 3406 1844 3479 complacet

200 3491 298 3548 sibi
316 3494 372 3550 in
395 3495 662 3551 sabbatis
684 3496 831 3564 suis,
857 3513 972 3552 non
995 3496 1188 3551 omnis
1220 3496 1556 3564 offenditur,
1576 3513 1692 3552 non
1715 3513 1839 3552 om-

199 3580 278 3637 nis
293 3583 563 3640 exsultat.
593 3585 1035 3650 Quodammodo
1054 3585 1210 3640 enim
1233 3585 1462 3640 erudita
1482 3589 1570 3641 est
1591 3602 1725 3643 cum
1749 3584 1846 3640 ha-

199 3669 531 3729 bitatoribus
567 3674 716 3739 suis,
769 3678 827 3729 et
857 3673 1062 3729 didicit
1095 3673 1340 3729 sabbata
1370 3672 1489 3729 sive
1521 3673 1579 3728 in
1612 3673 1845 3729 umbra:

206 3759 313 3816 sive
339 3761 396 3816 in
426 3763 672 3818 veritate
697 3764 864 3835 juxta
895 3768 1116 3818 naturae
1147 3779 1267 3818 suae
1289 3779 1458 3833 agere
1481 3762 1843 3834 qualitatem.

210 3846 372 3904 Unde
396 3852 705 3907 secretiore
738 3852 992 3923 quadam
1024 3849 1408 3923 intelligentia
1451 3849 1848 3906 sabbatismus

216 3943 498 3993 exercetur
526 3945 660 4010 post
690 3945 912 4012 septem
944 3957 1130 3995 annos
1160 3944 1326 3994 terrae
1378 3943 1614 4004 sanctae,
1665 3939 1846 3994 donec

213 4028 555 4099 complaceat
584 4034 700 4084 Deo
732 4029 790 4083 in
825 4046 890 4084 ea
921 4028 1204 4084 habitare.
1257 4029 1316 4084 Si
1356 4044 1487 4082 vero
1516 4032 1849 4098 peccatores

218 4113 273 4169 in
300 4133 362 4171 ea
390 4119 624 4189 fuerint,
651 4119 780 4189 jam
812 4135 927 4174 non
959 4117 1112 4173 ultra
1145 4135 1245 4190 per
1276 4117 1635 4188 septimanae
1667 4134 1848 4173 anno-

211 4220 346 4274 rum,
377 4209 477 4263 sed
507 4223 613 4279 per
644 4207 1017 4280 septuaginta
1039 4211 1193 4263 terra
1213 4207 1523 4262 sabbatum
1545 4207 1714 4279 gerit.
1746 4207 1850 4262 [la-

210 4290 397 4351 bamus
429 4313 765 4352 sermonem
798 4298 867 4351 de
901 4296 1275 4370 septuaginta
1325 4295 1496 4351 annis
1541 4300 1662 4351 tam
1695 4296 1850 4368 apud

213 4379 499 4441 Jeremiam
516 4386 734 4457 (Jerem.
752 4390 903 4456 xxv),
919 4402 1095 4458 quam
1111 4387 1264 4456 apud
1283 4383 1580 4440 Danielem
1597 4385 1756 4455 (Dan.
1775 4402 1851 4472 IX)

213 4474 406 4530 sanctis
428 4474 640 4530 litteris
659 4474 1091 4547 consignatum,
1117 4478 1174 4529 ct
1195 4475 1458 4528 futurum
1483 4477 1573 4529 est
1594 4477 1659 4528 ut
1680 4473 1738 4528 in
1762 4473 1854 4529 die

212 4557 396 4628 judicii
417 4580 536 4618 non
571 4561 764 4619 solum
787 4563 982 4630 homo,
1004 4564 1104 4619 sed
1129 4562 1304 4618 etiam
1330 4562 1408 4632 (α)
1431 4562 1704 4618 universa
1727 4579 1856 4618 con-

1945 655 2004 707 et
2033 651 2319 719 condolet,
2354 657 2443 706 est
2474 655 2670 707 autem
2716 657 3114 709 creaturarum
3158 669 3293 724 pars
3323 655 3496 722 terra,
3539 652 3596 706 et

1949 739 2184 810 caelum,
2233 745 2289 795 et
2319 745 2529 797 caetera
2559 759 2827 813 quaeque,
2877 759 3002 814 quae
3032 743 3142 798 sub
3174 742 3309 796 caelo
3349 745 3506 808 sunt,
3540 741 3599 796 et

1946 845 2072 900 quae
2103 845 2281 902 super
2312 829 2504 898 caelos,
2557 835 2612 885 et
2657 831 3002 886 liberabitur
3043 831 3236 886 omnis
3266 833 3531 885 creatura
3562 844 3598 884 a

1945 918 2219 973 servitute
2249 918 2637 991 corruptionis
2670 919 2729 973 in
2759 919 3088 974 libertatem
3116 918 3314 991 glorias
3339 917 3596 973 ﬁliorum

1943 1007 2044 1062 Dei
2071 1025 2084 1075 ;
2118 1007 2252 1078 quis
2284 1009 2394 1064 scit
2423 1014 2480 1064 et
2509 1011 2578 1064 de
2609 1013 2782 1077 terra,
2834 1027 2906 1065 an
2961 1011 3285 1067 secundum
3326 1012 3596 1064 naturam

1943 1113 2112 1151 suam
2145 1098 2203 1152 in
2234 1096 2429 1169 aliquo
2462 1104 2694 1170 peccato
2725 1103 2994 1155 teneatur
3023 1099 3313 1156 obnoxia?
3347 1098 3406 1154 Si
3438 1097 3595 1153 enim
3627 1085 3634 1089 ’

1943 1185 2159 1241 animal
2191 1191 2298 1253 est,
2333 1188 2382 1242 si
2414 1187 2778 1244 rationabilis
2809 1196 2916 1257 est,
2966 1190 3014 1244 si
3045 1188 3270 1261 indiget
3298 1186 3596 1243 auditione

1942 1275 2230 1331 sermonis
2263 1276 2585 1348 prophetici
2619 1277 2904 1334 dicentis:
2938 1278 3181 1345 Attende,
3202 1278 3416 1346 caelum,
3442 1279 3491 1331 et
3518 1275 3595 1330 to-

1940 1381 2095 1435 quar,
2145 1369 2196 1420 et
2241 1366 2434 1421 audiat
2474 1371 2622 1422 terra
2649 1368 2814 1422 verba
2843 1369 2954 1423 oris
2981 1368 3134 1423 mei:
3159 1368 3264 1423 Et:
3298 1365 3460 1434 Audi,
3491 1380 3596 1421 ea:-

1940 1454 2075 1524 lum,
2107 1459 2157 1509 et
2187 1456 2416 1510 auribus
2441 1458 2680 1527 percipe,
2715 1460 2866 1512 terra
2887 1475 2906 1512 :
2939 1473 3044 1512 cur
3072 1473 3186 1512 non
3220 1455 3506 1521 dicamus,
3530 1456 3597 1508 ut

1939 1542 2092 1598 inter
2122 1543 2387 1599 homines
2420 1550 2509 1600 est
2538 1545 2711 1601 homo
2746 1546 2992 1602 audiens
3032 1550 3088 1601 et
3132 1545 3351 1600 faciens
3398 1543 3595 1608 verba,

1940 1648 2068 1703 quae
2094 1633 2303 1702 jussus
2333 1638 2422 1688 est
2451 1634 2656 1704 facere,
2691 1638 2748 1690 et
2777 1633 2930 1690 alius
2951 1639 3040 1690 est
3061 1634 3162 1706 qui
3190 1633 3374 1700 audit,
3399 1636 3595 1689 etnon

1937 1719 2163 1792 implet,
2198 1722 2352 1793 quod
2386 1721 2740 1794 praecipitur,
2777 1723 2932 1778 sicut
2959 1726 3015 1778 et
3041 1721 3299 1795 Angelus
3325 1721 3596 1793 prevari-

1937 1808 2152 1865 cator‘?
2201 1809 2439 1881 Angelos
2468 1813 2616 1866 enim
2661 1828 2773 1867 non
2817 1811 3179 1867 custodientes
3220 1813 3597 1882 principatum

1937 1914 2120 1964 suum,
2133 1899 2224 1954 sed
2237 1899 2543 1955 deserentes
2557 1903 2843 1971 praprium
2867 1900 3242 1956 habitaculum
3255 1916 3417 1954 suum
3432 1901 3494 1955 in
3506 1900 3600 1971 ju-

1937 1987 2080 2043 dicio
2094 2003 2312 2059 magnae
2333 1989 2446 2043 diei
2455 1989 2694 2044 vinculis
2705 1991 3051 2061 sempiternis
3067 1990 3407 2044 subtenebris
3423 2004 3581 2044 serva

1942 2076 2020 2132 bit
2038 2076 2215 2148 (Iudae
2230 2077 2288 2148 1).
2305 2079 2548 2142 Quando
2571 2094 2707 2150 ergo
2730 2077 2934 2150 Angeli
2951 2079 3024 2150 (b)
3052 2078 3528 2150 praevaricantur,
3542 2080 3602 2133 et

1941 2165 2038 2220 alii
2065 2169 2223 2233 sunt,
2258 2165 2358 2237 qui
2391 2167 2491 2222 Dei
2521 2172 2810 2239 praecepta
2842 2167 3201 2232 custodiunt,
3227 2171 3284 2223 et
3305 2165 3600 2238 judicium

1941 2253 2349 2325 prazstolantur
2371 2271 2486 2310 non
2506 2255 2700 2310 solum
2722 2255 3050 2324 hominum,
3065 2273 3266 2312 verum
3284 2255 3460 2311 etiam
3473 2254 3598 2322 Dei,

1939 2344 2034 2398 9|
2052 2346 2090 2398 7
2119 2348 2184 2398 ut
2204 2343 2538 2414 frequenter
2559 2343 2818 2400 diximus
2839 2349 2961 2400 tam
2983 2345 3054 2400 de
3079 2344 3191 2410 his,
3214 2361 3340 2416 quae
3363 2343 3424 2399 in
3444 2349 3600 2416 Apo-

1939 2431 2159 2503 calypsi
2190 2432 2525 2504 conscripta
2544 2436 2706 2498 sunt,
2741 2449 2918 2504 quam
2941 2437 2998 2488 et
3013 2449 3082 2488 ex
3103 2431 3235 2489 aliis
3259 2433 3598 2487 innumera-

1940 2518 2191 2587 bilibus;
2217 2537 2416 2592 quare,
2443 2520 2708 2592 inquam,
2734 2537 2850 2576 non
2873 2525 3037 2577 terra:
3059 2525 3110 2576 et
3135 2520 3598 2592 aerisjudicium

1941 2608 2019 2664 sit
2047 2609 2310 2664 futurum
2335 2613 2356 2664 Ρ
2385 2609 2442 2663 Si
2474 2613 2672 2665 autem
2704 2627 2820 2666 non
2853 2615 3028 2681 putas
3053 2609 3189 2666 huic
3211 2608 3599 2682 disputationi

1941 2697 2448 2768 consentiendum,
2464 2714 2566 2769 per
2582 2715 2758 2769 quam
2779 2699 3102 2754 asserimus
3120 2714 3360 2754 omnem
3379 2701 3602 2753 creatu-

1945 2802 2070 2840 ram
2086 2786 2493 2857 judicandam,
2527 2785 2664 2840 audi
2687 2790 2745 2842 et
2767 2785 2926 2842 aliud
2957 2786 3362 2842 testimonium
3394 2787 3463 2843 de
3484 2791 3600 2842 ter-

1944 2892 2029 2931 ra.
2069 2877 2391 2946 Interrogat
2412 2875 2566 2930 Deus
2596 2875 2757 2941 Cain,
2786 2876 2884 2947 qui
2909 2876 3185 2932 occiderit
3205 2877 3342 2932 Abel
3363 2877 3602 2932 fratrem

1945 2981 2121 3020 suum
2151 2981 2162 3019 :
2197 2968 2253 3018 et
2284 2967 2417 3036 post
2445 2963 2664 3020 multos
2687 2980 2989 3020 sermones
3019 2981 3168 3036 quos
3198 2965 3256 3019 in
3289 2963 3497 3021 Genesi
3526 2964 3605 3020 le-

1944 3054 2163 3126 gimus,
2194 3054 2266 3108 ad
2289 3061 2612 3109 extremum
2637 3054 2708 3110 de
2728 3057 2884 3110 terra
2914 3053 3054 3110 dicit
3078 3071 3090 3109 :
3126 3053 3429 3112 Maledicta
3454 3057 3605 3109 terra

1946 3159 2071 3215 quae
2102 3144 2317 3214 aperuit
2344 3158 2406 3198 os
2435 3159 2598 3198 suum
2619 3142 2690 3198 ad
2718 3143 3104 3214 excipiendum
3133 3145 3461 3214 sanguinem
3485 3145 3602 3214 fra-

1945 3234 2047 3288 tris
2074 3233 2159 3287 tui
2181 3232 2244 3287 de
2267 3248 2438 3287 manu
2467 3237 2568 3286 tua
2595 3230 2748 3302 (Gen.
2784 3232 2881 3303 1v).
2916 3232 3033 3304 Ego
3061 3248 3166 3287 nec
3197 3230 3344 3286 illud
3374 3235 3604 3304 praster-

1943 3338 2008 3378 eo
2035 3337 2048 3378 :
2081 3320 2384 3376 Maledicta
2416 3324 2562 3376 terra
2592 3323 2653 3375 in
2682 3321 2936 3392 operibus
2966 3323 3075 3376 tuis
3099 3336 3118 3374 :
3166 3324 3224 3375 et
3277 3319 3602 3377 econtrario

1952 3411 2000 3467 si
2034 3411 2268 3481 quando
2300 3408 2562 3465 benedici
2579 3413 2693 3464 tur.
2729 3409 3002 3482 Legimus
3034 3412 3091 3464 et
3121 3408 3514 3475 maledictum,
3546 3412 3604 3463 et

1951 3499 2321 3554 benedictum
2354 3498 2454 3553 Dei
2503 3497 2740 3553 vocibus
2772 3501 3010 3552 terram.
3057 3496 3233 3551 Vides
3263 3513 3420 3568 ergo,
3462 3495 3602 3566 quia

1955 3587 2160 3643 merito
2191 3586 2440 3641 dicitur:
2473 3587 2828 3656 Congemiscit
2847 3586 3023 3640 omnis
3046 3589 3324 3640 creatura.
3360 3588 3426 3639 Et
3446 3587 3511 3639 ut
3526 3583 3602 3640 ad

1954 3677 2283 3748 praecedens
2314 3681 2566 3730 revertar
2596 3673 2947 3744 exemplum,
2996 3673 3313 3728 offenditur
3353 3676 3508 3728 terra
3537 3671 3601 3727 in

1955 3764 2346 3820 insidentibus
2364 3763 2496 3818 sibi.
2513 3763 2658 3817 Puto
2681 3763 2821 3833 quia
2840 3767 2996 3817 terra
3016 3778 3121 3817 nos
3139 3765 3203 3816 ut
3222 3764 3410 3816 mater
3430 3758 3607 3816 susti-

1957 3871 2121 3924 nens,
2159 3857 2216 3908 et
2244 3851 2470 3906 laetetur
2501 3866 2676 3921 super
2705 3850 2876 3905 bonis
2908 3848 3066 3920 ﬁliis,
3117 3853 3174 3906 et
3203 3848 3397 3906 doleat
3427 3864 3607 3922 super

1955 3940 2375 4014 peccatoribus.
2408 3939 2494 3994 Ita
2522 3939 2737 4011 quippe
2765 3937 2918 4010 patri
2951 3937 3105 3994 ﬁlius
3137 3938 3422 4011 insipiens
3443 3937 3610 3995 dolor

1955 4035 2063 4099 est,
2091 4034 2147 4086 et
2169 4030 2218 4086 ei
2242 4028 2439 4096 matri,
2461 4045 2587 4100 quae
2610 4027 2813 4100 genuit
2833 4043 2990 4083 eum.
3025 4027 3093 4082 Et
3116 4045 3232 4083 non
3256 4027 3449 4084 solum
3471 4026 3609 4083 huic

1956 4119 2106 4192 patri
2130 4123 2187 4174 et
2208 4117 2400 4186 matri,
2426 4117 2496 4172 de
2522 4133 2773 4188 quorum
2797 4117 3021 4173 semine
3041 4117 3289 4186 orimur,
3322 4117 3425 4174 sed
3449 4120 3506 4172 et
3524 4114 3611 4171 illi

1958 4208 2152 4278 matri,
2177 4225 2304 4279 quae
2328 4223 2458 4262 vere
2488 4210 2676 4261 mater
2704 4211 2907 4261 nostra
2936 4210 3043 4261 est.
3077 4207 3431 4278 Accepitque
3461 4210 3614 4262 Deus

1960 4298 2208 4354 humum
2231 4298 2301 4352 de
2323 4300 2498 4362 terra,
2515 4298 2571 4350 et
2594 4293 2908 4366 plasmavit
2926 4295 3246 4351 hominem.
3263 4295 3447 4368 Igitur
3461 4298 3616 4349 terra

1961 4392 2148 4443 mater
2161 4389 2364 4441 nostra
2383 4388 2472 4440 est
2492 4401 2504 4439 :
2532 4382 2760 4438 lmtatur
2781 4383 3012 4455 quando
3035 4383 3222 4438 tilium
3235 4383 3469 4454 justum
3490 4397 3617 4437 sus-

1962 4476 2128 4532 tinet.
2154 4475 2485 4529 Laetabatur
2515 4476 2669 4528 terra
2689 4472 2882 4527 ferens
2910 4472 3225 4539 Abraham,
3255 4471 3416 4526 Isaac
3443 4473 3500 4526 et
3517 4473 3614 4526 Ja-

1963 4566 2091 4621 cob.
2123 4563 2440 4618 laetabatur
2460 4566 2614 4616 terra
2635 4560 2695 4614 in
2717 4560 2967 4615 adventu
2989 4559 3224 4615 Domini
3257 4559 3442 4615 nostri
3472 4559 3504 4614 J
3511 4575 3614 4614 esu

215 4647 338 4706 ditio
359 4651 681 4723 judicetur.
718 4654 918 4708 Omnis
948 4652 1165 4724 quippe
1194 4658 1453 4706 creatura
1479 4653 1849 4722 eongemiscit,
1882 4683 1930 4746 D
1963 4651 2198 4720 Christi,
2219 4651 2458 4722 dignam
2477 4665 2538 4705 se
2559 4664 2803 4704 cernens
2825 4647 2928 4702 filii
2959 4647 3057 4703 Dei
3088 4650 3440 4703 sustentatu.
3467 4646 3616 4713 Quid

277 4773 347 4845 (a)
364 4775 586 4847 Nempe
598 4775 896 4832 sideribus
913 4774 1057 4848 ipsis
1072 4779 1248 4846 atque
1263 4773 1570 4829 elementis
1583 4774 1862 4846 Origenes

221 4842 462 4920 benevel
494 4847 651 4920 male
696 4848 905 4920 agendi
954 4849 1302 4920 potestatem
1352 4845 1678 4920 attinuerat.
1729 4845 1856 4902 Vid.

225 4914 505 4985 Huetium,
536 4914 1077 4989 Origen'ianorflib.
1114 4935 1176 4986 11,
1212 4917 1539 4989 quazst._10.

286 4989 356 5058 (b)
382 4986 674 5044 Solemnis
703 4989 797 5045 hic
826 5006 985 5045 error
1005 4993 1093 5045 est
1117 4986 1472 5058 Adamantii,
1501 4987 1754 5058 Angelos
1777 4987 1863 5042 vel

229 5057 378 5133 nobis
406 5061 810 5133 gubernandis
843 5061 1159 5133 delegatos,
1187 5057 1688 5133 velEcclesiarum
1714 5059 1862 5130 regi-

230 5130 358 5204 mini
378 5128 695 5204 adhibitos,
730 5149 833 5204 pro
856 5128 1161 5188 hominum
1186 5128 1300 5186 sibi
1322 5128 1866 5204 commendatoru—m

230 5200 359 5258 bene
385 5200 951 5276 gestis‘mercedem,
987 5207 1089 5258 aut
1118 5219 1222 5276 pro
1255 5201 1508 5276 peccatis
1538 5201 1865 5276 damnatio-

233 5271 471 5343 nem,'et
499 5273 737 5347 culpam
775 5271 1137 5347 recepturos:
1179 5271 1378 5347 Errori
1405 5288 1606 5347 ansam
1641 5271 1871 5347 dedisse

231 5341 457 5426 apparet
492 5341 666 5426 prave
697 5341 1223 5426 iptellectuslocus
1250 5343 1308 5398 in
1354 5341 1720 5426 Apocalypsi,
1771 5342 1870 5397 ubi

228 5413 571 5498 Asianartim
605 5416 994 5498 Ecclesiarum
1022 5415 1250 5498 Angeli,
1284 5413 1533 5498 quinnon
1566 5413 1662 5498 alii
1694 5431 1873 5498 quam

227 5488 473 5560 episcopi
505 5493 648 5560 sunt
666 5488 884 5560 iisdem
929 5484 1201 5560 Ecclesiis
1240 5484 1529 5560 gpraifecti,
1575 5485 1872 5560 laudibus,

226 5556 317 5615 aut
340 5556 918 5633 reprehensionibus,
938 5576 1040 5630 pro
1061 5556 1285 5612 meritis
1309 5556 1695 5633 excipiuntur.
1713 5557 1877 5633 Sicut

222 5637 274 5688 ct
303 5627 456 5688 ille'l
487 5631 620 5697 Cor,
651 5647 731 5698 vx,
760 5632 830 5687 3:
883 5627 1114 5686 Nescitis
1162 5630 1425 5701 quoniam
1468 5629 1697 5701 Angelos
1716 5627 1877 5698 judi-

218 5705 465 5760 eabimus
487 5721 508 5759 :
541 5707 600 5758 et
628 5717 697 5757 ex
727 5703 879 5759 Petri
910 5701 1092 5759 altera
1120 5700 1182 5769 11,
1234 5701 1266 5755 4
1293 5716 1306 5754 :
1340 5700 1571 5770 Angelis
1593 5700 1878 5770 peccanti-

218 5716 465 5760 cavimus
487 5721 508 5759 .‘
541 5716 600 5758 et
628 5717 697 5757 ΘΧ
727 5716 879 5759 ΡΘῐῐἾ
910 5716 1092 5759 altera
1120 5718 1182 5769 ll,
1234 5716 1266 5755 4
1293 5716 1306 5754 ζ
1353 5716 1392 5753 Λ
1472 5716 1571 5754 etis
1593 5716 1876 5770 peccanti-

218 5776 319 5835 bus
349 5791 464 5834 non
489 5773 750 5848 pepercit,
777 5777 954 5847 atque
975 5773 1067 5833 his
1083 5771 1308 5832 similes
1333 5716 1734 5843 innsgcripturis
1755 5769 1876 5829 alii.

1971 4777 2256 4831 Excusare
2287 4777 2480 4828 autem
2512 4770 2681 4826 illum
2709 4770 2918 4825 nititur
2941 4771 3000 4826 S.
3043 4771 3412 4842 Thomas,7p.
3448 4789 3488 4839 1,
3515 4787 3616 4842 qu,

1974 4848 2096 4914 113,
2129 4849 2236 4900 art.
2264 4847 2320 4909 7,
2353 4847 2419 4914 et
2441 4842 2852 4914 Genebrardus
2903 4841 2963 4914 in
3001 4841 3400 4914 Collectaneis,
3451 4841 3620 4914 quasi

1974 4919 2030 4973 id
2063 4911 2173 4972 sibi
2206 4913 2474 4979 voluerit,
2505 4911 2756 4984 Angelos
2787 4912 2920 4986 duci
2952 4913 3010 4968 in
3033 4912 3327 4986 judicium
3359 4911 3622 4986 pro—pec:

1974 4989 2120 5044 catis
2152 4986 2483 5050 hominum,
2515 4983 2623 5038 non
2658 4985 2818 5055 quasi
2844 4999 2980 5054 reos,
3011 4983 3101 5039 sed
3127 4985 3286 5055 quasi
3328 4983 3514 5052 téstes,
3554 4983 3626 5040 ad

1974 5057 2402 5115 convincendum
2451 5053 2694 5110 homines
2739 5053 2806 5108 de
2855 5071 3044 5109 eorum
3085 5053 3326 5125 ignavia.
3376 5059 3453 5111 At
3489 5072 3626 5113 vero

1975 5130 2212 5201 Angelis
2262 5126 2556 5192 omnibus,
2609 5130 2674 5180 ut
2722 5126 3185 5201 Huetiusnotat,
3217 5124 3466 5201 primam
3499 5142 3628 5201 gra-

1977 5195 2120 5257 tiam
2153 5204 2339 5255 morte
2369 5215 2476 5253 sua
2505 5196 2897 5268 promeruisse
2924 5195 3244 5268 Christum,
3270 5201 3328 5268 et
3349 5197 3421 5251 iis
3442 5195 3542 5268 qui
3567 5195 3627 5251 in

1980 5271 2317 5354 integritate
2336 5266 2795 5354 perseveraruntz
2813 5267 3160 5354 beneﬁcium
3179 5266 3322 5354 illu'd
3345 5266 3632 5354 sanguine

1983 5336 2488 5413 suo‘impctrasse,
2531 5354 2640 5413 per
2669 5336 2987 5413 Ecclesium
3018 5338 3251 5413 credere
3277 5337 3430 5413 licet.
3459 5336 3628 5413 Quod

2025 5409 2225 5470 uideni
2237 5411 2506 5483 Cyr-illus,
2531 5409 2718 5483 lib.1x
2739 5410 2810 5464 de
2823 5410 3470 5483 Adorat.,hAug_ustinus
3490 5409 3591 5464 lib.
3612 5426 3629 5463 1

2026 5503 2055 5541 e
2078 5479 2376 5540 Consensu
2402 5479 2900 5552 Evangelistarum
2923 5497 3049 5551 cap.
3073 5481 3162 5552 35,
3187 5479 3402 5552 aliique
3432 5480 3632 5552 Patres

1985 5525 2255 5612 videntur
2282 5525 2600 5609 censuisse;
2633 5551 2778 5605 Vide
2814 5525 3086 5607 eumdgm
3114 5525 3408 5619 liuetidm,
3441 5551 3635 5623 Orige-

1987 5628 2214 5684 nianor.
2258 5624 2361 5681 lib.
2412 5623 2668 5680 secundo
2699 5628 2904 5694 quiest.
2933 5624 2990 5694 5,
3040 5639 3202 5679 num.
3257 5623 3344 5692 14,
3393 5626 3452 5678 et
3477 5625 3543 5678 21
3577 5624 3637 5677 et

1989 5716 2132 5772 seqq
2146 5740 2158 5757 .
