3960 6172
405 497 527 564 723

1654 491 1722 567 Β.
1767 496 2076 566 EUSEBII
2120 493 2560 561 HIERONYMI

3625 494 3718 559 721

407 651 646 694 necesse
673 641 763 696 est
793 637 982 696 dicere
1013 638 1083 695 de
1111 635 1424 711 Apostolis,
1457 638 1512 694 et
1542 636 1863 710 prophetis,
1917 653 2051 691 eum
2080 625 2286 701 A-Non
2322 633 2674 692 habitatores
2702 637 2886 703 terra),
2919 636 2985 690 ut
3009 633 3242 708 quidam
3267 633 3474 707 putant,
3495 649 3623 690 nunc
3640 652 3717 708 pro

407 731 480 787 de
505 729 734 786 Domini
755 730 1002 785 adventu
1027 729 1309 800 scriptum
1332 727 1408 783 sit
1432 745 1444 783 :
1481 727 1667 784 Omnis
1689 729 1833 782 terra
1851 727 2053 781 clamat

405 836 530 877 cum
563 821 810 877 laetitia?
840 820 1201 875 Confitentur
1229 823 1285 872 et
1314 816 1682 872 miserabiles
1713 815 1898 871 Judaei
1931 815 2053 870 haec

403 911 476 966 de
504 910 718 965 Christi
753 907 1058 981 praesentia
1089 906 1412 978 praedicari,
1447 906 1546 961 sed
1579 903 1754 961 stulte
1785 905 2054 976 ignorant

403 1015 715 1072 personam
740 997 832 1052 cui
853 996 1087 1052 videant
1109 994 1346 1067 impleta
1371 1012 1495 1067 quae
1520 993 1673 1049 dicta
1695 993 2054 1057 sunt.Quan-

403 1089 478 1144 do
495 1087 647 1143 enim
669 1092 820 1141 terra
835 1085 1146 1140 Britanniis
1166 1088 1298 1140 ante
1321 1085 1633 1139 adventum
1648 1082 1858 1138 Christi
1879 1081 2054 1137 unius

406 1177 501 1232 Dei
525 1175 817 1231 consentit
847 1174 1185 1246 religionem
1204 1175 1231 1228 ?
1260 1173 1501 1238 Quando
1523 1176 1677 1228 terra
1696 1175 2052 1238 Maurorum,

407 1265 640 1336 quando
663 1267 818 1319 totus
841 1263 1016 1319 semel
1039 1263 1198 1318 orbis
1217 1262 1244 1317 ?
1270 1263 1435 1318 Nune
1456 1279 1590 1317 vero
1615 1259 2055 1333 propterEccle-

411 1355 549 1420 sias,
579 1370 701 1422 qua:
728 1353 931 1408 mundi
956 1351 1172 1407 limites
1195 1356 1413 1416 tenent,
1447 1351 1719 1406 universa
1750 1355 1903 1405 terra
1922 1365 2055 1404 cum

407 1441 608 1498 laetitia
638 1439 853 1497 clamat
882 1441 954 1496 ad
984 1441 1297 1497 Dominum
1333 1440 1531 1507 Israel,
1565 1444 1621 1495 et
1641 1456 1821 1512 capax
1847 1443 1935 1494 est
1956 1439 2056 1492 bo-

411 1547 621 1586 norum
643 1530 966 1586 secundum
989 1530 1134 1585 lines
1157 1547 1316 1586 suos.
1336 1529 1642 1600 Statuitque
1661 1530 1795 1599 ﬁnes
1813 1528 2058 1599 gentium

400 1621 568 1693 juxta
593 1636 888 1675 numerum
922 1619 1175 1690 ﬁliorum
1206 1619 1392 1690 Israel,
1440 1623 1493 1674 et
1520 1620 1670 1690 facta
1697 1625 1774 1672 est
1813 1633 1926 1688 pax
1955 1617 2057 1672 Do-

408 1710 554 1764 mini
577 1710 814 1780 papulas
843 1709 958 1780 ejus
995 1709 1180 1775 Iacob,
1225 1708 1507 1780 funiculus
1557 1707 1897 1762 haereditatis
1942 1705 2061 1776 ejus

407 1799 579 1853 Israel
609 1798 786 1869 (Deut.
819 1798 1020 1868 xxxn).
1053 1798 1246 1869 Capax
1277 1814 1366 1867 ex,
1412 1797 1674 1869 inquam,
1729 1799 1793 1850 ut
1840 1793 2057 1850 animal

401 1887 573 1958 juxta
605 1886 860 1957 partium
895 1885 1231 1964 qualitates,
1265 1890 1321 1941 et
1349 1885 1640 1940 bonorum
1694 1888 1956 1950 actuum,
2005 1887 2062 1938 et

2165 728 2319 780 terra
2345 724 2498 780 919
2532 725 2610 797 (a)
2643 726 2927 781 nominat.
2974 725 3033 780 Si
3063 723 3214 780 enim
3243 721 3567 778 habitatores
3593 727 3719 780 terra

2161 829 2262 885 per
2293 818 2506 869 terram
2541 815 2720 886 accipi
2746 814 2903 886 velit,
2955 815 3309 887 superﬂuum
3343 812 3516 866 fuerat
3539 811 3717 869 dicere:

2160 903 2424 974 Auferam
2453 919 2523 959 ex
2552 920 2615 960 ea
2633 906 2917 960 hominem
2937 911 2988 961 et
3011 922 3192 978 pecus.
3225 906 3436 963 Gaudet
3453 910 3590 965 enim
3609 913 3724 968 terra

2163 993 2398 1065 quando
2429 991 2601 1064 plena
2629 997 2720 1049 est
2747 993 2958 1049 accolis
2981 1012 2993 1050 :
3029 1001 3228 1051 mmret
3245 1011 3373 1050 cum
3394 996 3445 1050 id
3467 999 3601 1068 quod
3619 998 3724 1054 dici-

2162 1085 2276 1147 tur,
2311 1081 2585 1138 acciderit
2613 1099 2624 1135 :
2661 1085 2920 1154 Auferam
2947 1084 3014 1138 ab
3044 1100 3108 1139 ea
3135 1085 3394 1141 hominem
3421 1095 3469 1140 et
3492 1102 3646 1158 pecus.
3668 1089 3729 1144 De

2164 1169 2378 1242 quibus
2411 1170 2458 1225 si
2491 1170 2794 1237 Dominus,
2825 1172 2989 1228 vobis
3020 1173 3336 1239 orantibus,
3376 1175 3730 1230 ministraverit

2164 1274 2406 1315 sensum
2439 1259 2508 1330 (si
2539 1263 2734 1315 tamen
2766 1277 2976 1317 sensus
3011 1262 3233 1318 Domini
3253 1279 3478 1334 capaces
3501 1264 3731 1319 fuerimus

2167 1348 2672 1418 effecti),volumus
2685 1366 2870 1421 pauca
2883 1349 3472 1416 disserere.Quomodo
3485 1369 3733 1424 pcenama-

2165 1437 2272 1492 tris
2303 1441 2388 1492 est
2411 1437 2467 1491 in
2492 1437 2759 1494 exsilium
2783 1439 3085 1496 destinatae
3110 1441 3315 1512 privari
3340 1441 3596 1508 ﬁliis,‘aut
3620 1445 3737 1497 certe

2168 1525 2319 1581 filios
2341 1542 2479 1581 suos
2505 1527 2578 1582 ad
2601 1526 2774 1582 aliam
2797 1528 2991 1584 videre
3012 1530 3361 1602 provinciam
3380 1529 3628 1586 destinari
3645 1547 3656 1586 :
3676 1529 3737 1584 sic

2169 1615 2599 1685 quodammodo
2623 1621 2807 1673 mater
2824 1621 3021 1673 nostra
3037 1622 3194 1674 terra
3208 1619 3518 1691 ﬂagellatur
3534 1636 3622 1690 pro
3641 1634 3736 1690 pec-

2169 1703 2315 1760 catis
2347 1704 2471 1759 suis
2493 1721 2524 1759 a
2547 1709 2564 1758 Ι
2574 1711 2678 1776 )eo,
2703 1706 2938 1778 quando
2965 1706 3226 1763 aufertur
3255 1708 3325 1764 ab
3347 1725 3411 1764 ea
3430 1707 3584 1763 homo
3603 1711 3740 1778 etpe-

2169 1808 2274 1848 cus
2300 1810 2312 1848 :
2350 1792 2584 1848 laetatur
2612 1795 2845 1866 quando
2875 1795 3145 1852 homines
3175 1796 3366 1862 habet,
3397 1795 3568 1869 magis
3584 1797 3739 1850 autem

2169 1882 2404 1952 quando
2429 1882 2605 1938 habet
2623 1883 2890 1940 homines
2911 1885 3186 1956 Optimos,
3211 1889 3267 1942 et
3287 1885 3343 1940 in
3366 1883 3459 1940 Dei
3477 1883 3661 1940 studiis
3673 1882 3740 1936 .vi-

407 1975 697 2031 malorum
731 1976 789 2028 in
822 1975 1037 2045 quibus
1058 1974 1211 2030 918
1235 1979 1337 2028 aut
1359 1973 1591 2029 laudem
1617 1976 1930 2042 mereatur,
1958 1975 2060 2028 aut
2090 2007 2138 2073 Β
2169 1974 2385 2041 ventes,
2419 1971 2571 2027 sicut
2591 1989 2771 2046 supra
2790 1973 3190 2046 exposuimus.
3227 1973 3438 2029 Dicitur
3457 1988 3745 2045 ergc,quaa-

408 2080 666 2136 poenam.
699 2063 845 2116 Cum
877 2062 1058 2134 igitur
1087 2063 1298 2117 dicitur
1329 2079 1342 2117 :
1387 2066 1572 2128 Terra,
1607 2077 1733 2134 quae
1760 2063 2061 2134 peccaverit
2090 2060 2137 2073 "
2166 2060 2235 2116 do
2265 2067 2411 2115 terra
2435 2064 2757 2132 peccaverit,
2786 2063 2954 2134 quasi
2985 2063 3234 2129 dicatur,
3267 2062 3315 2119 si
3345 2062 3562 2134 quando
3588 2075 3744 2134 pecca-

405 2153 567 2218 mthi,
598 2155 662 2205 ut
683 2151 967 2222 delinquat
987 2151 1265 2218 delictum,
1299 2151 1644 2222 mysterium
1669 2151 1965 2224 quoddam
1988 2149 2063 2205 si-

408 2240 746 2313 gnificatur.
778 2239 960 2294 Aliter
987 2240 1203 2312 quippe
1225 2240 1295 2294 de
1320 2239 1771 2310 habitatoribus,
1803 2238 1972 2296 aliter
1992 2239 2063 2294 de

423 2345 492 2386 ea
518 2328 886 2399 dicitur,quaa
917 2328 1511 2384 inhabitaturztketum
1541 2333 1589 2384 et
1613 2337 1766 2385 terra
1783 2337 2062 2401 pertrans-

413 2418 572 2474 ibunt
601 2417 768 2489 (Matt.
801 2418 978 2486 XXIV).
1018 2421 1132 2472 Cur
1160 2417 1370 2472 cmlum
1421 2417 1910 2490 prmtergreditur,
1961 2434 2066 2473 cur

408 2510 566 2563 terra
593 2505 928 2578 pertransit,
960 2506 1072 2561 nisi
1098 2505 1236 2578 quia
1258 2505 1546 2562 transitus
1573 2505 1665 2562 sui
1688 2507 1953 2578 quaedam
1976 2506 2063 2559 di-

411 2611 528 2669 gna
557 2594 864 2650 fecerunt?
892 2595 958 2650 Et
987 2593 1100 2650 alio
1131 2593 1254 2650 loco
1281 2613 1296 2650 :
1330 2595 1599 2666 Corrupta
1625 2603 1722 2662 est,
1757 2595 1854 2663 ait,
1887 2595 2066 2650 omnis

412 2693 558 2740 terra
578 2682 731 2751 (Gen.
754 2684 852 2750 vr).
878 2683 1120 2746 Quando
1141 2687 1412 2754 corrupta
1433 2684 1569 2738 est?
1601 2687 1734 2738 ante
1755 2682 2064 2752 diluvium,

413 2789 528 2829 non
559 2773 714 2844 quod
744 2788 847 2843 per
866 2771 1311 2827 inundationem
1333 2771 1534 2826 diluvii
1553 2771 1630 2826 sit
1649 2776 1941 2844 corrupta.
1972 2771 2068 2825 Ait

412 2878 548 2934 ergo
574 2877 586 2916 :
644 2865 820 2916 Terra
849 2877 968 2932 qum
999 2863 1301 2929 peccaverit
1327 2861 1488 2926 mihi,
1529 2869 1591 2915 ut
1619 2861 1904 2931 delinquat
1927 2861 2065 2915 deli-

413 2959 580 3018 ctum,
614 2951 916 3007 extendam
945 2966 1175 3004 manum
1205 2967 1404 3019 meam,
1437 2958 1489 3004 et
1517 2953 1792 3004 conteram
1822 2952 1939 3022 ejus
1971 2950 2068 3019 ﬁr-

412 3045 749 3095 mamentum
774 3040 962 3111 panis.
991 3039 1314 3093 Extendens
1339 3038 1493 3093 Deus
1518 3055 1757 3093 manum
1783 3055 1951 3093 suam
1976 3055 2072 3092 su-

419 3143 522 3200 per
551 3127 937 3200 peccatricem
969 3131 1208 3193 terram,
1263 3127 1476 3182 famem
1530 3126 1798 3181 immittit
1828 3127 1886 3181 in
1917 3143 2067 3182 eam.

2167 2148 2312 2203 verit
2344 2153 2547 2221 mater,
2596 2152 2854 2206 auferam
2888 2153 2958 2207 de
2988 2153 3162 2208 domo
3209 2152 3336 2223 ejus
3365 2149 3572 2206 lilium:
3603 2149 3670 2204 sic
3705 2150 3748 2203 et

2172 2254 2327 2292 nunc
2360 2239 2621 2294 auferam
2651 2240 2723 2295 de
2746 2257 2815 2295 ea
2837 2240 3160 2296 hominem.
3198 2244 3436 2296 Laetatur
3459 2239 3647 2311 quippe
3661 2240 3745 2292 ter-

2171 2343 2236 2382 ra
2266 2343 2380 2382 non
2410 2344 2590 2399 super
2617 2328 2823 2386 bestiis
2853 2334 2911 2385 et
2941 2329 3078 2386 feris
3111 2330 3358 2399 rabidis,
3387 2329 3482 2384 sed
3511 2339 3746 2399 superpe-

2173 2415 2442 2485 cudibus,
2481 2415 2581 2489 qui
2613 2417 2931 2490 placida-et
2963 2424 3273 2475 mansueta
3303 2416 3564 2474 animalia
3585 2411 3750 2485 diligit.

2173 2504 2239 2560 Et
2268 2506 2525 2560 auferam
2559 2507 2629 2561 de
2660 2523 2728 2562 ea
2758 2506 3056 2562 hominem
3088 2511 3147 2562 et
3177 2524 3378 2580 pecus.
3425 2507 3487 2562 Et
3527 2507 3571 2561 si
3593 2507 3755 2576 fuerim

2173 2595 2269 2648 isti
2294 2597 2402 2649 tres
2427 2596 2557 2661 viri,
2586 2595 2648 2650 de
2678 2596 2852 2651 medio
2881 2597 3016 2668 ejus.
3052 2595 3358 2661 Quomodo
3380 2597 3554 2667 potest
3571 2593 3622 2648 in
3640 2595 3759 2646 terra

2175 2683 2491 2753 peccatrice
2521 2683 2702 2738 trium
2734 2683 2981 2739 istorum
3010 2685 3234 2756 pariter
3263 2701 3529 2741 numerus
3555 2694 3758 2738 commo-

2176 2770 2337 2825 rari?
2363 2771 2661 2834 Quomodo
2682 2776 2804 2828 tam
2827 2773 3073 2829 diversis
3092 2774 3477 2847 temporibus,
3498 2766 3759 2828 viventium

2177 2863 2368 2930 potest
2397 2861 2548 2915 inter
2577 2877 2638 2916 se
2665 2861 2783 2916 vita
2821 2863 3095 2934 conjungi
3124 2863 3152 2917 ?
3182 2864 3254 2918 In
3278 2860 3532 2935 praasenti
3557 2856 3763 2930 legimus

2177 2946 2237 3001 in
2269 2949 2587 3018 peccatrice
2618 2954 2773 3006 terra
2803 2968 2900 3006 eos
2949 2951 3168 3023 pariter
3224 2951 3546 3015 consistere,
3584 2947 3632 3001 id
3674 2946 3760 3008 est,

2176 3036 2315 3104 Noe,
2350 3039 2447 3108 qui
2481 3037 2538 3092 in
2571 3038 2788 3095 diluvio
2821 3039 2950 3108 fuit,
2979 3044 3037 3096 et
3067 3040 3392 3112 Danielem,
3424 3037 3515 3111 qui
3541 3037 3593 3092 in
3617 3030 3764 3104 capti-

2176 3124 2354 3181 vitate
2386 3126 2697 3200 Babylonis
2727 3132 3127 3185 commoratus
3156 3133 3273 3196 est,
3306 3135 3362 3185 et
3386 3124 3510 3196 Job,
3539 3123 3626 3197 qui
3651 3126 3762 3177 tem-

418 3220 668 3272 Possum
702 3219 758 3270 et
787 3215 955 3270 aliter
983 3214 1373 3286 interpretari,
1408 3213 1546 3286 quia
1570 3218 1724 3270 terra
1756 3214 2072 3287 aliquando
2179 3213 2422 3284 poribus
2454 3216 2913 3287 patriarcharum
2942 3222 2998 3273 et
3028 3217 3215 3290 Moysi
3241 3217 3449 3274 vixisse
3467 3212 3764 3290 perhibetur.

422 3304 750 3376 delinquat.
783 3305 961 3359 Terra
983 3303 1201 3376 quippe
1223 3308 1310 3358 est
1331 3303 1526 3358 anima
1547 3307 1765 3370 nostra,
1801 3308 1866 3358 ut
1889 3303 1945 3357 in
1971 3320 2072 3375 pa-

2181 3300 2300 3355 Hoc
2333 3302 2486 3357 enim
2520 3307 2755 3377 tempus
2785 3305 3116 3362 invenimus
3146 3307 3284 3364 vitai
3313 3306 3440 3364 Job.
3488 3300 3620 3369 Quid
3663 3310 3766 3368 ergo

425 3375 626 3449 rabola
653 3392 949 3464 Evangelii
971 3375 1338 3464 significatur
1366 3391 1536 3463 (Matt.
1559 3396 1704 3460 xm).
1742 3391 1953 3446 Anima
1974 3408 2070 3463 pe-
2101 3375 2145 3442 C
2184 3403 2496 3462 possumus
2520 3375 2752 3448 dicere?
2773 3393 3112 3451 Meminisse
3133 3396 3419 3453 debemus
3435 3386 3767 3467 (utsaapejam

430 3487 542 3553 tra,
571 3476 767 3537 anima
794 3485 950 3537 terra
983 3482 1135 3536 bona
1155 3486 1212 3536 et
1233 3481 1440 3537 fertilis
1463 3497 1564 3553 per
1589 3481 1833 3536 multum
1857 3481 2077 3553 patien-

431 3571 723 3627 tiam.Ista
740 3570 920 3643 igitur
935 3575 1086 3625 terra
1102 3586 1253 3642 saepe
1267 3577 1456 3641 peccat
1471 3583 1641 3642 ,saspe
1659 3587 1770 3625 non
1787 3570 2081 3642 peccat.Et

435 3658 726 3730 siquidem
749 3659 1091 3731 peccaverit,
1109 3660 1366 3714 extendit
1388 3675 1628 3714 manum
1651 3675 1828 3731 super
1849 3676 1998 3730 eam,
2023 3661 2082 3714 et

434 3748 684 3804 conterit
705 3764 878 3804 omne
897 3749 1328 3803 firmamentum
1350 3747 1519 3820 panis
1535 3748 1680 3818 ejus.
1695 3748 1777 3804 Ne
1793 3752 2076 3820 conteras,

432 3834 815 3908 Omnipotens
833 3835 1009 3903 Deus,
1043 3837 1479 3891 firmamentum
1508 3835 1674 3907 panis
1697 3835 1770 3890 ab
1793 3836 1905 3892 ista
1924 3841 2080 3891 terra

432 3930 653 3994 nostra,
673 3925 814 3996 quin
838 3924 1029 3994 potius
1051 3922 1264 3995 largire
1287 3924 1458 3979 nobis
1479 3940 1678 3979 semen
1701 3929 1892 3994 tuum,
1918 3929 1980 3980 ut
1999 3925 2080 3979 fa-

430 4011 546 4067 ciat
568 4012 626 4066 in
651 4012 820 4066 nobis
847 4013 1102 4067 fructum
1126 4012 1487 4083 centuplum.
1519 4017 1585 4068 Et
1610 4017 1853 4068 emittam
1877 4017 1938 4068 in
1957 4030 2078 4070 eam

427 4099 656 4171 fantem,
687 4103 739 4152 et
770 4099 964 4153 tollam
989 4097 1055 4152 de
1081 4115 1147 4154 ea
1174 4100 1450 4155 hominem
1474 4108 1525 4155 et
1549 4117 1733 4171 pecus.
1776 4102 2075 4164 Quomodo

429 4200 672 4256 possum
706 4189 826 4239 tam
861 4185 1188 4240 reconditas
1218 4203 1309 4241 res
1338 4187 1396 4241 in
1429 4187 1729 4259 publicum
1775 4190 2077 4261 proferre?

430 4273 586 4328 unde
619 4272 759 4328 mihi
787 4277 853 4327 ut
883 4289 1167 4343 exponere
1197 4273 1442 4341 valeam,
1472 4291 1576 4329 cur
1606 4277 1808 4344 fames,
1843 4295 1948 4332 cur
1969 4279 2076 4334 fer-

426 4360 630 4427 tilitas,
663 4378 767 4417 cur
789 4360 1169 4432 abundantia,
1205 4379 1308 4417 cur
1327 4367 1554 4434 egestas
1575 4367 1738 4418 terras
1761 4365 2073 4423 accidant?

430 4452 472 4509 0
494 4451 833 4524 profundum
880 4450 1206 4505 divitiarum
1247 4453 1615 4521 sapientiaeet
1643 4453 1890 4510 scientiae
1938 4456 2074 4511 Dei!

426 4540 635 4596 UtrUm
666 4544 900 4612 propter
927 4538 1194 4595 homines
1216 4544 1272 4595 et
1297 4540 1627 4595 animarum
1659 4539 1940 4598 malitiam
1964 4543 2070 4599 im-

427 4628 694 4685 mittatur
722 4629 955 4684 fames?
984 4645 1054 4684 an
1088 4632 1322 4700 propter
1352 4628 1625 4701 Angelos,
1676 4629 1893 4700 quibus
1930 4636 2070 4689 sunt

2187 3478 2467 3548 diximus)
2497 3481 2637 3552 quia
2667 3486 2732 3537 ut
2760 3482 2934 3538 homo
2956 3483 3264 3541 hominem
3287 3489 3530 3558 generat,
3557 3484 3608 3536 et
3633 3470 3771 3532 Israel

2187 3573 2426 3640 generat
2451 3569 2648 3626 Israel.
2674 3570 2849 3627 Israel
2872 3571 3086 3646 quippe
3106 3589 3248 3630 cum
3271 3578 3423 3631 esset
3439 3567 3614 3635 Jacob,
3631 3577 3772 3638 gene-

2188 3655 2334 3711 ravit
2361 3656 2537 3712 Israel
2568 3658 2870 3731 pepulum.
2921 3660 2992 3715 Et
3040 3660 3380 3718 invenimus
3411 3662 3461 3716 in
3487 3649 3776 3726 Scripturis,

2188 3744 2365 3801 Israel
2394 3761 2603 3803 nomen
2627 3751 2746 3803 tam
2778 3749 2838 3804 in
2869 3767 2986 3806 uno
3016 3749 3259 3807 homine
3290 3767 3459 3824 quam
3478 3748 3527 3802 in
3545 3741 3773 3798 universo

2188 3835 2402 3907 popqu
2433 3837 2568 3892 dici.
2617 3839 2674 3894 Si
2714 3855 2832 3894 non
2863 3838 3056 3894 solum
3087 3841 3273 3897 Israel
3305 3838 3494 3904 Israel,
3536 3845 3709 3890 verum
3731 3829 3781 3881 et

2187 3923 2390 3980 Ruben
2412 3931 2651 3997 generat
2663 3926 2886 3993 Ruben,
2901 3931 2958 3983 et
2975 3928 3212 3986 Simeon
3231 3923 3776 4002 generatSimeonem,

2186 4017 2243 4068 et
2275 4015 2400 4070 Levi
2437 4015 2591 4080 Levi,
2622 4019 2680 4070 et
2698 4016 2885 4071 Judas
2905 4015 3142 4085 Judam,
3174 4001 3466 4088 etfreliqui
3485 4026 3686 4075 omnes,
3705 4001 3781 4076 qui

2185 4102 2244 4157 in
2276 4103 2429 4159 tribu
2461 4102 2614 4158 Juda
2644 4108 2782 4160 sunt
2813 4105 2884 4159 ab
2915 4103 3072 4160 illius
3104 4103 3289 4178 stirpe
3317 4093 3782 4169 venientespludas

2189 4196 2638 4264 nuncupantur:
2673 4197 2728 4247 et
2758 4191 3044 4265 replicatis
3077 4198 3216 4248 sunt
3247 4194 3555 4266 Scriptura
3578 4187 3636 4242 in
3663 4180 3786 4239 tribu

2181 4279 2212 4334 J
2220 4281 2334 4335 uda
2345 4281 2718 4337 hominibusJ
2726 4282 2798 4336 ud
2808 4281 2945 4337 a.Ea
2961 4299 3091 4354 quae
3106 4270 3787 4340 in920benedictionibus

2179 4368 2379 4435 Jacob,
2397 4387 2499 4442 per
2509 4373 2740 4443 Moysen
2757 4371 2828 4425 de
2842 4370 3045 4426 Ruben
3059 4375 3116 4426 et
3134 4369 3373 4427 Simeon
3392 4373 3451 4426 et
3465 4364 3589 4424 Levi
3605 4366 3656 4420 et
3669 4355 3790 4416 Juda

2179 4455 2457 4513 dicuntur
2471 4459 2626 4530 (Gen.
2642 4459 2813 4530 xux),
2829 4460 3116 4514 etcaateris
3135 4475 3252 4515 non
3271 4459 3356 4516 sic
3373 4453 3790 4518 conveniuntpa-

2177 4545 2543 4617 triarchis,ut
2561 4546 2656 4602 his
2673 4546 2770 4619 qui
2792 4548 3168 4620 cognomines
3184 4563 3391 4603 eorum
3415 4547 3644 4619 propter
3657 4532 3790 4594 Iami-

2179 4631 2268 4688 liae
2289 4635 2542 4691 radicem
2563 4636 2933 4691 exstiterunt.
2957 4637 3253 4708 Benjamin
3271 4637 3438 4708 lupus
3457 4626 3794 4705 rapaxch

426 4718 744 4774 commissa
774 4721 1023 4783 terrena,
1056 4717 1105 4772 si
1137 4718 1516 4788 peccaverint,
1551 4718 1818 4773 accidant
1845 4735 1912 4776 ea
1937 4738 2065 4792 quae
2103 4745 2146 4809 D
2177 4724 2673 4791 tutinumcomedit,
2692 4724 3286 4795 etadvesperamdabit
3301 4740 3508 4779 escam.
3535 4710 3790 4789 Benjamin

425 4806 691 4864 videmus
722 4807 982 4862 accidere
1001 4806 1030 4861 ‘I
1068 4806 1127 4862 Si
1158 4811 1353 4862 autem
1385 4811 1524 4862 sunt
1551 4807 1787 4877 quidam
1820 4809 2071 4868 cmlestis

424 4894 883 4967 dispensationis
905 4895 1183 4961 ministri,
1199 4895 1298 4967 qui
1324 4895 1614 4951 fructibus
1633 4902 1911 4968 praesunt,
1926 4898 2070 4956 forte

423 4990 477 5038 et
505 4987 742 5055 propter
771 4983 900 5039 illos
930 4983 1260 5039 infertilitas
1319 4988 1477 5039 terra:
1526 4985 1771 5040 eveniet.
1819 4988 2070 5044 Plurima

423 5070 580 5125 enim
611 5087 833 5143 operum
860 5075 975 5145 ejus
1018 5076 1078 5128 in
1106 5073 1374 5129 absconsis
1416 5077 1562 5129 sunt.
1617 5075 1737 5128 Non
1780 5091 2068 5147 possumus

419 5161 860 5229 magnitudinem
887 5165 1181 5235 sapientiae
1205 5163 1383 5234 effari.
1414 5162 1655 5217 Arenam
1682 5165 1852 5219 maris
1869 5169 1921 5220 et
1938 5168 2066 5237 plu-

418 5249 522 5304 viae
551 5249 749 5316 stillas,
781 5252 831 5304 et
857 5252 975 5306 dies
1001 5250 1197 5307 saeculi
1217 5253 1338 5322 quis
1357 5250 1728 5306 dinumerabit
1745 5256 1771 5304 .9
1798 5251 2064 5309 Altitudi-

417 5353 547 5391 nem
575 5338 718 5405 creti,
747 5342 798 5392 et
827 5339 1178 5394 latitudinem
1206 5345 1388 5407 terra,
1419 5341 1469 5394 et
1485 5340 1823 5410 profundum
1845 5331 2062 5414 sapien-

417 5425 516 5480 tia
557 5427 679 5495 quis
719 5427 1060 5496 investigabit
1101 5429 1261 5498 (Eccl.
1298 5428 1388 5498 1)?
1429 5427 1598 5482 Varie
1643 5445 1780 5501 ergo
1814 5430 2066 5486 mittitur

420 5512 605 5567 fames
621 5530 796 5584 super
818 5515 1193 5584 peccatricem
1212 5521 1449 5571 terram.
1468 5517 1532 5571 Et
1553 5521 1828 5587 auferam,
1847 5517 2059 5590 inquit,

417 5614 488 5654 ex
515 5615 580 5653 ea
607 5601 882 5657 hominem
910 5609 960 5657 et
973 5619 1156 5673 pecus.
1188 5603 1354 5659 Alius
1374 5608 1464 5660 est
1482 5608 1656 5672 terra,
1679 5605 1839 5662 aliud
1862 5606 2057 5662 homo.

2178 4812 2276 4868 ille
2297 4829 2617 4884 numquam
2648 4813 2760 4866 fuit
2779 4811 2956 4883 lupus
2978 4828 3175 4883 rapax.
3201 4807 3630 4884 Benjamin-ille
3655 4815 3792 4859 num-

2178 4917 2356 4972 quam
2369 4901 2429 4956 in
2439 4917 2739 4973 vesperam
2754 4900 2915 4956 dedit
2927 4915 3120 4956 escam
3139 4919 3152 4969 ;
3168 4901 3270 4956 sed
3285 4899 3470 4972 is,qui
3486 4901 3652 4954 natus
3663 4893 3794 4948 estex

2177 4988 2334 5044 tribu
2349 4990 2485 5061 Benj
2496 4989 2958 5057 amin,Hebraaus
2971 5005 3040 5044 ex
3051 4988 3337 5059 ΗΘΒτωὶεά
3349 4993 3490 5044 uxta
3501 4978 3796 5058 IegemPha-

2178 5077 2403 5144 risaaus,
2416 5077 2798 5134 circumcisus
2811 5083 3008 5133 octavo
3023 5077 3142 5145 die,
3153 5077 3470 5148 Benjamin
3489 5067 3797 5147 pmdicsbl-

2176 5169 2273 5221 tur
2288 5165 2464 5237 lupus
2480 5183 2658 5238 rapax
2673 5166 2744 5221 ad
2769 5166 3122 5221 matutinum
3137 5155 3799 5237 comedens,quand03lu'

2175 5255 2338 5310 venis
2351 5255 2542 5321 fuit,et
2555 5255 2614 5309 in
2630 5270 2935 5326 vesperam
2949 5255 3095 5310 dans
3109 5252 3578 5325 escam,quando
3591 5247 3797 5306 credens

2175 5343 2496 5415 spiritalem
2516 5344 2760 5416 praebuit
2773 5343 2971 5399 cibum
2989 5361 3022 5399 a
3039 5361 3100 5400 se
3113 5343 3392 5400 Ecclesiis
3407 5330 3798 5404 institutislgi-

2172 5435 2268 5487 tur
2282 5434 2417 5503 Benj
2426 5433 2585 5488 amin
2599 5432 2735 5502 Benj
2744 5432 2903 5487 amin
2917 5432 3493 5504 generat.0uomodo
3505 5443 3640 5502 ergo
3651 5426 3798 5481 homo

2173 5537 2240 5576 ex
2256 5521 2512 5588 homine,
2528 5521 2831 5591 Benjamin
2851 5537 2920 5576 ex
2942 5521 3266 5592 Benjamin,
3286 5521 3382 5576 sic
3398 5520 3558 5576 Juda
3577 5510 3797 5578 exJudm

2173 5609 2372 5665 Ruben
2404 5625 2473 5665 ex
2503 5609 2704 5664 Ruben
2737 5609 3022 5681 nascitur,
3067 5610 3270 5666 Ruben
3322 5610 3552 5682 quippe
3586 5605 3734 5662 vivat
3757 5601 3800 5652 et

489 5807 567 5880 (a)
597 5807 996 5879 Expunximus
1024 5810 1119 5867 hic
1147 5811 1390 5868 alteram
1432 5814 1684 5885 negandi
1715 5816 2061 5886 particulam
2101 5822 2749 5897 perperamintrusam.
