3960 6172
203 465 331 536 ’733

659 464 1154 538 TRANSLATIO
1195 470 1698 537 HOMILIARUM
1745 467 2112 532 ORIGENIS
2157 469 2233 529 IN
2280 465 2804 532 EZECHIELEM.
2841 467 3034 534 HOM.
3067 467 3175 535 VI.

3499 466 3614 528 734

210 603 534 681 Scripturis
563 607 915 677 continetur,
949 609 1220 665 recordor
1249 606 1386 663 dicti
1410 606 1567 663 illius
1594 623 1605 662 :
1638 604 1858 662 Pontius
1889 607 1944 672 Α
1972 601 2156 659 tulero
2187 603 2450 674 proprios
2476 607 2698 659 natura
2747 619 2889 660 mea:
2945 604 3190 662 fructus.
3212 604 3513 680 Siquidem
3558 612 3616 663 et

210 697 367 753 ultra
397 704 449 752 te
475 711 547 751 ne
575 697 733 751 leves.
763 696 874 752 Sed
905 701 961 753 et
1017 697 1162 752 illud
1189 715 1202 753 :
1260 695 1392 753 Noli
1446 710 1696 768 quxrere
1742 694 1865 766 ﬁeri

204 786 409 859 judex,
442 802 512 840 ne
539 801 650 841 non
679 786 862 841 valeas
888 789 1111 857 auferre
1142 787 1484 858 iniquitates.
1519 786 1663 851 Quid
1718 783 1863 840 mihi

212 876 458 948 prodest
485 875 620 946 quia
649 874 808 947 prior
829 877 1000 932 sedeo
1023 876 1083 930 in
1110 876 1388 931 cathedra
1409 875 1746 947 resupinus,
1766 873 1864 929 ho-

213 981 425 1020 norem
453 964 604 1018 931
634 963 875 1035 majoris
893 964 1136 1038 accipio,
1161 982 1265 1021 nec
1284 981 1524 1038 possum
1550 963 1765 1018 habere
1782 961 1864 1016 di-

213 1053 444 1125 gnitate
474 1068 603 1108 mea
633 1068 811 1125 opera
842 1055 1175 1127 condigna?
1195 1056 1400 1110 Nonne
1430 1052 1638 1125 majori
1697 1068 1866 1124 pcena

213 1149 543 1217 cruciabor,
580 1150 721 1221 quia
745 1151 1087 1222 honorjusti
1114 1151 1255 1206 mihi
1287 1152 1358 1207 ab
1379 1150 1658 1206 omnibus
1678 1150 1863 1204 defer-

213 1243 337 1309 tua,
373 1255 512 1294 eum
537 1244 806 1312 peccator
825 1241 939 1294 sim
963 1241 1128 1308 (Eccl.
1157 1240 1304 1312 vn)?
1332 1238 1732 1296 Necessarium
1759 1236 1869 1292 fuit

212 1326 560 1400 diligentius
593 1332 1000 1384 retractantem
1035 1345 1122 1396 ea,
1154 1346 1281 1401 quas
1304 1330 1375 1385 de
1403 1333 1656 1401 quatuor
1699 1333 1866 1383 terra;

212 1415 547 1472 ultionibus
578 1416 942 1472 dicebantur:
977 1418 1033 1472 id
1066 1419 1300 1486 addere,
1334 1419 1489 1490 quod
1538 1415 1866 1474 Jerusalem

210 1505 438 1579 quippe
469 1509 596 1561 erat
617 1505 672 1560 in
700 1505 852 1562 tribu
865 1506 1170 1579 Benjamin
1198 1515 1289 1575 ;.et
1309 1507 1638 1562 sacerdotes
1664 1503 1866 1576 templi

211 1598 269 1650 et
301 1593 535 1663 Levitis,
569 1594 668 1668 qui
700 1595 799 1652 Dei
832 1595 1174 1652 ministeriis
1204 1596 1553 1661 serviebant,
1587 1600 1644 1651 et
1678 1593 1867 1650 caeteri

212 1682 478 1755 ordines,
505 1700 654 1756 quos
685 1685 1107 1756 scripturarum
1127 1700 1319 1741 sermo
1341 1683 1866 1757 comprehendit,in

211 1789 278 1829 ea
307 1772 724 1828 morabantur.
757 1772 887 1829 Haec
918 1774 1128 1846 accipit
1151 1773 1666 1846 quatuorultiones
1688 1771 1867 1845 pessi-

212 1878 366 1931 mas,
393 1877 528 1934 quis
549 1878 666 1917 non
687 1865 827 1917 sunt
847 1861 1068 1918 similes
1091 1863 1147 1917 in
1173 1863 1266 1918 his
1287 1862 1388 1936 qui
1411 1862 1469 1918 in
1487 1879 1555 1918 ea
1573 1862 1863 1917 habitant.

210 1947 417 2022 Neque
448 1949 614 2038 enim
637 1949 840 2038 eodem
871 1950 1065 2038 modo,
1099 1955 1156 2006 et
1175 1951 1246 2007 ad
1263 1950 1570 2024 populum,
1591 1954 1647 2006 et
1665 1951 1736 2005 ad
1763 1950 1865 2004 Le-
1899 1973 1947 2038 Β

211 2038 366 2095 Vitas
398 2036 784 2093 comminatio
812 2036 1106 2111 dirigitur.
1132 2038 1423 2096 Israelites
1442 2039 1597 2095 enim
1621 2054 1868 2110 peccans

213 2127 272 2183 in
297 2125 698 2183 lsraeliticum
712 2126 989 2182 delictum
1003 2128 1352 2194 corruit.Qni
1368 2134 1562 2184 autem
1577 2128 1765 2200 major
1785 2129 1874 2183 est

215 2217 288 2273 ab
311 2215 616 2286 Israelita,
640 2221 859 2288 quanto
892 2216 1141 2272 nobilior
1170 2218 1345 2273 fuerit
1372 2218 1431 2272 in
1462 2217 1664 2274 ordine
1717 2217 1870 2272 idern

217 2305 480 2374 Levites,
509 2310 564 2360 et
593 2305 886 2370 sacerdos,
917 2310 1079 2362 tanto
1111 2307 1335 2377 majora
1365 2306 1654 2379 supplicia
1692 2306 1872 2361 susti-

217 2393 408 2450 nebit.
433 2393 489 2449 Si
521 2397 718 2449 autem
768 2392 1042 2466 princeps
1106 2395 1475 2451 sacerdotum
1526 2393 1870 2467 peccaverit,

212 2481 362 2538 dicit
382 2483 459 2538 ad
493 2497 630 2538 eum
663 2481 786 2538 Heli
813 2484 1202 2540 consacerdos
1231 2501 1410 2540 suus:
1443 2486 1510 2541 Si
1541 2484 1874 2556 delinquens

205 2572 522 2645 peccaverit
548 2573 640 2627 vir
667 2573 727 2626 in
748 2573 950 2641 virum,
991 2574 1227 2628 orabunt
1250 2589 1358 2645 pro
1385 2589 1477 2629 eo:
1506 2574 1557 2627 si
1584 2577 1766 2628 autem
1814 2573 1875 2626 in

210 2662 519 2718 Dominum
529 2661 855 2733 peccaverit,
900 2663 1022 2734 quis
1052 2663 1235 2717 orabit
1252 2678 1351 2733 pro
1380 2678 1440 2718 eo
1488 2662 1533 2734 (Ι
1585 2663 1710 2733 Reg.
1767 2663 1878 2729 11)?

209 2757 435 2814 Haecin
469 2757 896 2828 expositionem
927 2759 1056 2830 ejus
1090 2759 1522 2832 sermonis,quo
1554 2758 1874 2815 commina-

209 2849 439 2905 bantur
469 2850 533 2902 et
550 2846 796 2918 singula:
819 2847 1149 2919 specialiter
1170 2848 1227 2902 in
1251 2849 1631 2920 peccatricem
1657 2853 1874 2904 terram

209 2935 488 3004 ultionis,
523 2939 580 2990 et
611 2935 828 3008 pariter
857 2940 1214 3009 congregata;
1243 2936 1320 2991 in~
1357 2937 1646 2993 infelicem
1704 2937 1874 2992 Jeru-

209 3023 772 3082 salem.Videamus
788 3028 982 3080 autem
996 3029 1053 3081 et
1069 3025 1374 3097 sequentia
1388 3025 1719 3098 Scriptura.
1744 3026 1876 3090 Qua

210 3131 348 3172 cum
384 3113 452 3169 in
471 3112 755 3186 parabole
776 3113 1027 3169 audierit
1050 3113 1466 3186 propheta,nos
1491 3118 1721 3170 tantum
1744 3131 1877 3170 sen-

210 3220 349 3261 sum
386 3201 683 3258 debemus
714 3218 1017 3274 exponere,
1051 3202 1578 3274 ipsumtestimonii
1611 3204 1875 3260 ordinem

207 3291 704 3363 derelinquentes
732 3295 789 3348 et
813 3291 1139 3347 auditorem
1171 3292 1467 3348 mittentes
1507 3294 1576 3348 ad
1627 3291 1896 3360 librumzl

208 3382 475 3456 Lignum
500 3378 640 3434 vitis
662 3379 793 3434 utin
819 3379 1010 3435 fructu
1033 3384 1122 3436 est
1138 3379 1730 3455 honorabiliuslignis
1751 3397 1874 3438 om-

210 3470 422 3540 nibus,
459 3468 720 3524 maxime
750 3466 842 3524 his
873 3485 1000 3540 quae
1021 3469 1078 3523 in
1113 3469 1262 3526 saltu
1292 3470 1784 3539 fructificant;sic
1805 3471 1877 3527 ad

211 3564 432 3616 cetera
448 3556 910 3629 operainutilius
931 3557 1207 3614 omnibus
1230 3558 1407 3632 lignis
1429 3563 1519 3616 est
1537 3560 1875 3632 (Ezech.xv).

210 3657 278 3714 Et
304 3655 568 3713 vascula
597 3656 864 3726 quaedam
881 3661 1133 3727 possunt
1154 3656 1300 3723 ﬁeri,
1321 3657 1445 3714 etin
1460 3657 1688 3714 diversa
1704 3675 1880 3730 opera

212 3742 547 3803 necessarii
572 3760 718 3799 usus
748 3743 820 3799 ad
857 3744 1357 3814 ministrandum;
1413 3747 1484 3802 de
1535 3746 1879 3819 palmitibus

219 3841 426 3892 autem
455 3832 598 3888 vitis
627 3849 743 3888 non
769 3833 960 3889 solum
990 3851 1091 3890 vas
1121 3833 1378 3907 aliquod,
1410 3841 1467 3892 et
1490 3835 1550 3890 in
1567 3852 1715 3908 opus
1738 3834 1880 3890 utile

222 3923 370 3994 quid
409 3921 533 3978 fieri
565 3938 683 3977 non
715 3924 1041 3994 potest,sed
1058 3939 1245 3996 neque
1266 3923 1520 3995 paxillus
1541 3923 1780 3995 quidem
1795 3928 1883 3979 est

219 4011 412 4069 utilis.
447 4011 548 4065 Ait
578 4027 718 4083 ergo
749 4027 941 4067 sermo
973 4012 1228 4079 divinus,
1255 4013 1394 4084 quia
1416 4017 1480 4068 ut
1501 4012 1724 4085 palmes
1748 4013 1881 4068 vitis

213 4098 634 4158 bonorabilior
666 4100 732 4154 fit
763 4101 986 4156 caeteris
1004 4100 1201 4173 lignis,
1219 4102 1266 4157 si
1285 4101 1486 4158 afferat
1511 4104 1733 4157 fructus
1757 4118 1770 4156 :
1797 4100 1881 4158 sic

211 4191 280 4246 ab
303 4188 604 4248 omnibus
623 4187 865 4244 inferior
872 4189 1250 4260 judicetur,si
1267 4190 1327 4245 id
1351 4207 1464 4246 non
1488 4191 1882 4257 babeat,unde

211 4277 508 4353 praecellit
534 4294 548 4338 ;
567 4281 744 4349 atque
761 4277 817 4332 in
835 4277 990 4333 hunc
1003 4279 1244 4334 modum
1257 4278 1486 4350 eos,qui
1508 4279 1720 4336 imbuti
1743 4285 1884 4337 sunt

210 4366 478 4441 eloquiis
512 4365 638 4430 Dei,
671 4365 1134 4422 honorabiliores
1163 4382 1291 4422 esse
1322 4367 1618 4436 omnibus,
1652 4373 1709 4424 et
1738 4385 1880 4441 quo-

209 4471 484 4531 cumque
503 4454 679 4511 modo
703 4453 762 4510 in
778 4454 963 4510 vineae
983 4454 1625 4528 pusitodignitate,cum
1639 4458 1884 4514 atl'erant

208 4544 478 4612 fructus,
503 4543 704 4598 botros
725 4543 955 4611 salutis,
980 4544 1050 4599 de
1071 4560 1188 4616 qua
1207 4543 1491 4616 scriptum
1509 4547 1738 4617 estzEgo
1756 4563 1881 4604 vero

203 4637 254 4689 te
279 4633 560 4707 plantavi
577 4633 798 4687 vineam
823 4633 1178 4704 fructi/eram
1209 4637 1379 4688 totam
1414 4649 1597 4690 veram
1629 4636 1762 4706 (Jer.
1793 4638 1878 4709 ιι).

206 4730 271 4787 Et
299 4731 453 4788 alibi
493 4747 507 4786 :

205 4835 456 4877 rursum
486 4836 502 4874 :
543 4817 699 4875 982
722 4819 954 4875 Vineam
983 4819 1054 4875 de
1084 4821 1317 4892 /Egypto
1368 4823 1702 4878 transtulisti
1759 4822 1873 4893 (Ps.

207 4909 431 4981 tum),
468 4910 535 4963 et
567 4905 815 4979 reliqua.
850 4907 910 4962 Si
943 4911 1140 4964 autem
1169 4924 1284 4964 non
1309 4907 1612 4965 attulerint
1630 4911 1876 4982 fructus,

205 4995 520 5053 intantum
554 4998 622 5050 ut
651 5012 689 5050 a
717 4995 831 5051 Deo
861 4996 974 5051 dici
998 4997 1220 5069 possit:
1254 4998 1523 5067 Quomodo
1545 5014 1802 5056 conversa
1821 5017 1877 5056 es

206 5086 264 5140 in
293 5084 752 5142 amaritudinem
782 5087 910 5141 vitis
929 5086 1133 5144 alienae
1151 5090 1178 5140 .9
1196 5091 1336 5142 tunc
1356 5089 1540 5144 multo
1561 5089 1877 5146 deteriores

204 5171 463 5230 inveniri
495 5173 574 5229 ab
607 5172 702 5230 his
729 5172 926 5247 lignis,
962 5191 1089 5247 quis
1120 5173 1254 5231 licet
1281 5175 1484 5232 viliora
1509 5177 1646 5245 sint,
1678 5183 1874 5235 tamen

201 5263 640 5319 suosail‘erent
664 5262 910 5319 fructus.
961 5264 1263 5328 Quomodo
1319 5265 1475 5321 enim
1536 5267 1877 5339 praecellunt

201 5348 366 5425 ligna
400 5351 697 5408 silvarum
730 5353 930 5408 vineas
954 5352 1480 5421 inferacee,eodem
1504 5355 1697 5424 modo,
1723 5357 1876 5413 intra

200 5442 543 5512 quamdam
575 5441 1076 5514 dispensationem
1107 5442 1409 5514 sapientia:
1441 5443 1670 5512 divinae,
1703 5462 1772 5501 ex
1801 5445 1875 5500 li-

199 5529 336 5601 gnis
371 5528 693 5586 vilioribus
716 5529 916 5603 aliqua
930 5530 1129 5586 domui
1147 5547 1380 5588 necesse
1392 5532 1476 5587 ria
1492 5533 1870 5590 fabricantur.

202 5618 418 5692 Neque
451 5634 590 5674 vero
624 5619 904 5689 turbaris,
937 5610 1162 5692 putans.
1187 5637 1296 5677 nos
1325 5625 1485 5678 extra
1541 5623 1874 5698 Scripturas

201 5705 519 5762 afﬁrmare
551 5709 708 5780 quod
741 5708 992 5765 dicimus
1024 5709 1288 5767 futurum
1321 5727 1470 5783 esse,
1503 5716 1567 5768 ut
1595 5714 1666 5769 de
1696 5713 1873 5785 lignis

202 5793 366 5852 silva
401 5794 632 5867 aliquid
664 5793 806 5855 utile
834 5797 955 5867 ﬁat,
979 5797 1036 5854 id
1067 5802 1176 5868 est,
1202 5799 1273 5856 de
1303 5815 1396 5858 me
1426 5801 1554 5873 ipso
1576 5803 1760 5860 sinon
1780 5805 1873 5858 at-

1975 690 2289 764 Apostolus
2303 691 2620 765 imaginem
2637 695 2951 766 quamdam
2974 713 3175 752 eorum
3188 713 3617 770 vasorum,qua3

1975 787 2114 837 sunt
2144 781 2202 836 in
2232 781 2491 837 humana
2519 783 2967 852 coeversatione,
3003 786 3253 841 assumit
3273 787 3474 843 dicens
3499 804 3513 842 :
3555 789 3619 843 In

1973 887 2179 940 magna
2205 875 2389 938 autem
2409 870 2584 939 domo,
2617 887 2727 927 non
2744 878 3102 930 sunttantum
3134 874 3238 942 [ΑΙ.
3265 880 3472 948 autem]
3492 894 3620 933 vasa

1975 976 2158 1015 aurea
2173 965 2224 1015 et
2252 968 2543 1033 argentea,
2564 960 2655 1016 sed
2693 971 2744 1018 et
2771 963 2955 1032 lignea
2984 968 3031 1019 et
3051 965 3243 1034 ﬁctilia
3265 967 3426 1037 (nota
3481 967 3621 1039 quia

1975 1065 2114 1103 vasa
2142 1047 2336 1121 lignea
2348 1053 2772 1123 nuncupaverit
2796 1061 2865 1116 ;et
2877 1054 2994 1108 alia
3009 1055 3231 1124 quidem
3245 1057 3306 1110 in
3328 1056 3615 1127 honorem,

1975 1137 2089 1191 alia
2115 1154 2239 1193 vero
2258 1141 2315 1193 in
2331 1145 2719 1198 contumeliam
2741 1142 2812 1214 (ΙΙ
2839 1144 2970 1197 Tim.
2998 1143 3082 1214 η).
3114 1142 3230 1198 Ista
3248 1160 3387 1200 vasa
3408 1145 3620 1217 lignea,

1976 1241 2103 1296 qum
2134 1245 2262 1284 esse
2283 1229 2341 1284 in
2375 1248 2589 1303 magna
2620 1234 2792 1288 domo
2825 1233 3138 1306 Apostolus
3171 1234 3464 1306 praedicat,
3502 1253 3616 1292 non

1978 1322 2118 1374 sunt
2149 1319 2298 1374 facta
2328 1321 2399 1375 de
2427 1321 2666 1385 vitibus.
2688 1323 2904 1386 non‘de
2927 1323 3270 1396 palmitibus
3291 1325 3620 1395 vinearum,

1977 1407 2076 1464 sed
2112 1407 2323 1464 exaliis
2343 1408 2684 1482 lignis,quae
2705 1412 2927 1471 vilioris
2951 1413 3174 1470 ordinis
3197 1413 3256 1468 in
3281 1416 3622 1474 nemoribus

1977 1495 2493 1554 fructificaverunt.
2527 1499 2821 1564 Quantum
2851 1519 2988 1576 ergo
3011 1504 3230 1560 malum
3252 1510 3427 1571 ast,et
3448 1507 3622 1578 quale

1977 1583 2313 1654 discrimen,
2352 1592 2414 1643 ut
2442 1587 2602 1661 ligna
2631 1591 2928 1660 quondam
2959 1592 3097 1648 vilia
3143 1593 3516 1651 inveniantur
3561 1596 3621 1652 in

1979 1692 2194 1748 magna
2211 1675 2648 1747 patrisfamilias
2668 1680 2924 1751 domo,et
2950 1681 3172 1753 palmes
3192 1683 3328 1740 vitis
3341 1700 3482 1740 mets
3497 1685 3550 1740 ii.
3561 1703 3624 1740 u-

1977 1763 2098 1819 tilis
2126 1763 2185 1819 in
2218 1765 2390 1822 domo
2421 1766 2516 1833 sit,
2540 1771 2596 1822 et
2625 1767 2682 1822 in
2716 1769 2909 1841 ignem
2932 1771 3312 1842 projiciatur?
3332 1777 3450 1830 Hoc
3465 1774 3623 1831 enim

1979 1853 2264 1925 scriptum
2294 1859 2402 1924 est,
2435 1856 2575 1926 quia
2595 1874 2852 1914 annuam
2875 1860 3240 1931 putationem
3259 1863 3389 1933 ejus
3408 1879 3624 1920 consu-

1979 1946 2102 1997 mat
2132 1942 2302 2013 ignis.
2335 1944 2463 1999 Haec
2491 1944 2550 1999 in
2583 1946 2960 2002 Ezechielem.
2993 1948 3253 2005 Salvator
3279 1966 3412 2006 vero
3445 1952 3624 2024 hujus

1982 2031 2274 2102 parabolae
2286 2049 2526 2090 sensum
2548 2033 2608 2090 in
2629 2035 2939 2107 Evangelia
2960 2036 3042 2092 ita
3058 2040 3624 2111 perstrinxit,dicen.s

1983 2121 2091 2190 Ego
2117 2137 2240 2175 sum
2267 2124 2413 2188 vitis,
2438 2139 2528 2178 vos
2536 2123 2810 2193 palmites,
2835 2129 2998 2181 Pater
3024 2143 3175 2182 meus
3191 2130 3438 2197 agricola
3462 2147 3475 2186 :
3510 2146 3626 2185 om-

1981 2225 2107 2264 nem
2125 2211 2431 2281 palmitem,
2456 2214 2628 2283 quiin
2648 2229 2736 2269 me
2752 2218 3017 2283 manet,et
3034 2218 3252 2287 fructus
3267 2220 3625 2290 aﬂert,Patcr

1981 2314 2137 2353 meus
2165 2302 2341 2368 putat,
2363 2309 2422 2355 ut
2448 2303 2661 2372 fructus
2681 2304 2916 2376 majores
2935 2305 3167 2376 afferat:
3191 2309 3498 2380 palmitem,
3526 2311 3625 2382 qui

1981 2396 2169 2443 manet
2199 2390 2258 2443 in
2280 2405 2386 2457 me,
2409 2394 2458 2445 et
2485 2391 2727 2461 fructum
2754 2407 2865 2448 non
2891 2394 3074 2465 affert,
3104 2397 3275 2451 Pater
3290 2414 3444 2454 meus
3470 2401 3625 2455 exci-

1982 2477 2067 2534 dit
2099 2487 2150 2534 et
2182 2479 2240 2533 in
2263 2479 2442 2550 ignem
2457 2483 2640 2536 mittit
2662 2481 2838 2552 (Joan.
2871 2482 2986 2554 xv).
3038 2484 3212 2540 Vides
3266 2485 3622 2544 vicinitatem

1985 2570 2374 2638 utrorumque
2404 2585 2738 2624 sermonum
2760 2570 2788 2625 ?
2815 2569 2991 2628 Vides
3013 2574 3304 2643 quomodo
3328 2579 3499 2631 Pater
3527 2594 3628 2633 ex-

1984 2655 2158 2721 cidat,
2187 2659 2244 2712 et
2261 2655 2321 2711 in
2344 2656 2537 2729 ignem
2553 2657 2735 2728 jaciat
2752 2659 2780 2713 ‘I
2801 2659 2916 2716 Nos
2931 2659 3233 2730 insensati,
3251 2665 3421 2735 quasi
3444 2666 3628 2739 negli-

1985 2745 2176 2817 genda
2204 2745 2441 2816 quidem
2474 2746 2776 2818 Scriptura
2811 2748 2908 2813 sit,
2940 2749 3204 2807 nolentes
3255 2769 3324 2808 ea
3377 2755 3624 2823 discere,

1986 2849 2113 2905 qua:
2136 2833 2303 2889 nobis
2324 2834 2611 2890 incutiant
2623 2839 2970 2904 metum,sed
2993 2855 3063 2894 ea
3081 2841 3285 2898 audire
3305 2844 3626 2916 cupientes,

1987 2939 2115 2995 qua:
2145 2921 2546 2994 prurientibus
2577 2924 2820 2981 auribus
2847 2926 3138 2983 incutiunt
3155 2929 3532 3002 voluptatem,
3555 2933 3628 2988 li-

1988 3011 2195 3067 benter
2216 3011 2548 3069 audivimus
2579 3029 2706 3085 quae
2739 3031 2846 3070 nos
2879 3017 3240 3087 subvertant,
3291 3037 3419 3092 quae
3475 3021 3631 3079 deci-

1989 3098 2173 3172 piant.
2201 3099 2310 3163 Qui
2339 3099 2480 3156 dicit
2510 3101 2772 3173 proximo
2804 3104 3189 3177 suo,ignoscit
3210 3109 3377 3165 nobis
3399 3117 3634 3182 peccata

1989 3192 2190 3244 nostra
2221 3192 2390 3256 Deus,
2425 3189 2714 3260 siquidem
2747 3196 2806 3246 et
2835 3193 2893 3247 in
2911 3193 3631 3256 talibussacramentislu-

1989 3276 2188 3334 dimus
2217 3277 2478 3334 vicissim
2512 3279 2680 3335 nobis
2710 3280 3073 3352 pollicentes,
3106 3302 3381 3358 mappam
3439 3289 3631 3346 mittet

1990 3366 2164 3424 Deus.
2201 3367 2268 3422 Et
2297 3368 2438 3440 quia
2493 3369 2684 3425 bonus
2740 3375 2850 3436 est,
2898 3373 3162 3429 omnium
3221 3381 3457 3446 peccata
3511 3379 3634 3436 dis-

1991 3454 2186 3521 solvit,
2210 3457 2364 3512 ωδ
2403 3457 2708 3528 oportebat
2739 3475 2847 3514 nos
2871 3461 3091 3529 sedere,
3116 3465 3172 3518 et
3185 3463 3432 3520 sollicito
3462 3467 3635 3523 corde

1988 3543 2179 3600 dicere
2203 3561 2216 3598 :
2240 3544 2301 3600 Si
2329 3545 2453 3602 heri
2469 3546 2856 3618 peccavimus,
2879 3545 3051 3604 hodie
3073 3551 3473 3622 pmnitentiam
3495 3571 3631 3628 aga-

1990 3649 2144 3688 mus.
2167 3633 2533 3690 Verumhuic
2572 3634 2801 3708 palmiti
2823 3637 3065 3707 (animal
3081 3639 3297 3711 quippe
3317 3643 3531 3714 est)qui
3547 3645 3634 3700 di-

1988 3721 2102 3778 cit:
2126 3721 2337 3778 Potens
2358 3727 2447 3780 est
2467 3723 2645 3790 Deus,
2668 3728 2724 3780 et
2763 3725 2953 3780 bonus
2993 3726 3376 3800 agricola,qui
3393 3746 3508 3786 non
3539 3749 3633 3790 ms

1989 3809 2234 3877 excidat,
2259 3815 2318 3866 et
2346 3810 2405 3865 in
2447 3811 2642 3883 ignem
2675 3811 2909 3868 mittat:
2944 3815 3321 3886 respondebit
3339 3817 3631 3890 agricola:

1989 3898 2099 3954 Sed
2133 3899 2181 3954 si
2203 3898 2337 3954 talis
2359 3904 2449 3955 est
2470 3898 2786 3971 palmes,ut
2804 3902 3018 3958 frustra
3035 3903 3111 3958 sit
3128 3903 3186 3960 in
3202 3905 3634 3980 vite,numquid

1991 3987 2204 4058 poterit
2228 3987 2433 4058 reliqui
2454 3988 2483 4042 ?
2500 3991 2702 4044 Nonne
2724 3989 2772 4044 si
2787 3989 3122 4047 dimittatur
3139 3992 3417 4066 impediet
3434 3996 3634 4069 vitem,

1991 4092 2062 4132 ne
2093 4093 2195 4146 pro
2227 4075 2379 4132 sicco
2412 4077 2670 4148 palmite,
2703 4079 2915 4136 virides
2945 4084 3004 4136 et
3035 4082 3291 4139 fructum
3315 4085 3533 4143 feraces
3549 4087 3635 4143 af-

1990 4163 2139 4219 ferat
2155 4164 2423 4237 palmites
2444 4165 2770 4229 ?Quomodo
2792 4167 2947 4224 enim
2970 4169 3107 4226 boni
3128 4172 3398 4244 agricolae
3421 4179 3512 4237 est
3544 4191 3638 4232 ex-

1991 4252 2203 4319 cidere,
2227 4258 2284 4309 et
2311 4259 2620 4326 amputare
2641 4257 2747 4327 (At.
2772 4263 3274 4334 computare)quaa
3297 4263 3451 4320 sicca
3472 4269 3636 4335 sunt,

1990 4346 2048 4400 et
2076 4343 2303 4398 tradere
2333 4343 2394 4397 in
2424 4361 2617 4399 escam
2652 4345 2806 4416 ignis
2836 4347 3231 4406 infructuosos
3269 4369 3497 4408 ramos:
3550 4353 3636 4408 sic

1991 4431 2128 4488 boni
2161 4431 2262 4488 Dei
2293 4436 2399 4498 est,
2434 4433 2505 4488 de
2535 4434 3044 4494 omnibus-vitibus
3065 4437 3456 4496 infructuosos
3475 4442 3634 4496 9.84

1991 4520 2262 4593 palmites
2294 4526 2618 4593 amputare,
2650 4528 2708 4579 et
2737 4523 2858 4596 igni
2891 4527 3193 4582 traderein
3221 4529 3630 4599 perditionem.

1988 4609 2207 4665 Verum
2239 4627 2347 4665 nos
2379 4609 2490 4683 ipsi
2524 4628 2632 4667 nos
2661 4611 2944 4680 ludimus,
2975 4619 3032 4670 et
3059 4615 3281 4688 decepti
3311 4617 3528 4688 pariter
3566 4634 3632 4675 ac

545 4730 718 4785 Vinea
747 4699 967 4785 "o’mini
993 4699 1184 4786 domus
1211 4731 1391 4786 Israel
1420 4739 1497 4787 est
1527 4699 1678 4802 (lsa'i.
1701 4733 1780 4804 ν.)
1810 4699 1880 4788 E't
1908 4707 1954 4771 1)
1987 4699 2342 4770 decipientes
2363 4699 3121 4772 volumunusmagiserrare
3165 4721 3300 4760 cum
3337 4705 3628 4778 plurimis,

1987 4805 2164 4860 quam
2192 4789 2264 4843 ab
2286 4805 2477 4844 errore
2498 4789 2783 4846 converti:
2809 4806 2941 4846 cum
2966 4792 3154 4863 magis
3177 4793 3234 4848 id
3258 4810 3514 4865 quaerere
3531 4795 3628 4851 de~

1986 4877 2251 4942 beamus,
2288 4878 2440 4948 quod
2465 4877 2728 4943 zedificet,
2759 4880 2911 4950 quod
2945 4879 3214 4937 timorem
3246 4881 3345 4937 Dei
3397 4887 3628 4955 augeat,

1986 4967 2141 5036 quod
2163 4965 2235 5020 ad
2261 4965 2664 5037 pmnitentiam
2681 4971 2924 5035 revocet,
2951 4969 3104 5040 quod
3120 4969 3175 5023 in
3200 4971 3625 5028 confessionem

1987 5053 2223 5110 sceleris
2245 5054 2515 5118 adducat,
2540 5055 2692 5126 quod
2714 5072 2822 5111 nos
2843 5056 3018 5112 faciat
3033 5057 3240 5114 diebus
3261 5076 3328 5115 ac
3360 5061 3630 5118 noctibus

1984 5141 2256 5215 cogitare,
2291 5143 2582 5215 quomodo
2614 5144 2856 5199 Domino
2889 5145 3628 5214 placeamus,utfiamusin

1985 5248 2119 5288 vera
2142 5231 2255 5288 vite
2284 5231 2510 5288 Christo
2539 5232 2681 5287 Jesu
2708 5233 2986 5288 fructiferi
3012 5234 3303 5308 palmites,
3343 5243 3402 5293 et
3447 5239 3629 5294 radici

1983 5322 2112 5393 ejus
2136 5320 2498 5376 adhaarentes
2527 5339 2539 5376 :
2575 5321 2668 5376 cui
2698 5325 2786 5378 est
2814 5321 2999 5394 gloria
3027 5323 3409 5397 etimperium
3431 5326 3490 5382 in
3515 5345 3628 5384 saa-

1983 5409 2117 5466 cula
2137 5408 2504 5466 saeculorum.
2534 5417 2740 5464 Arnen.

2497 5497 2804 5554 HOMlLlA
2847 5499 3109 5555 SEXTA.

1983 5570 2073 5646 De
2092 5585 2158 5624 eo
2189 5569 2342 5646 quod
2363 5568 2623 5646 dicitur:
2655 5571 2767 5624 Fili
2795 5571 3054 5642 hominis,
3077 5577 3235 5629 notas
3264 5575 3356 5646 fac
3407 5579 3628 5634 Jerusa-

2055 5643 2162 5720 lem_
2190 5641 2620 5720 abominationes
2658 5658 2824 5720 suas;
2859 5659 3044 5720 usque
3067 5641 3396 5720 :__E)fuitisti
3447 5651 3627 5720 forni-

2049 5713 2322 5769 cationem
2349 5716 2506 5768 tuam
2529 5713 2591 5768 in
2619 5715 2772 5770 omni
2801 5713 3046 5770 transitu
3079 5713 3240 5790 (Cap.
3273 5720 3410 5791 XVI).

1980 5800 2137 5859 988
2149 5801 2554 5860 Consideranti
2577 5801 2724 5860 mihi
2743 5805 3136 5864 constantiam
3176 5808 3610 5882 prOphetarum,
