3960 6172
370 438 486 502 ’138

1615 436 1680 501 S.
1725 433 2031 498 EUSEBII
2077 432 2517 499 HIEBONYMI

3607 429 3705 503 736

371 571 720 631 miraculum
752 570 930 642 subit,
966 572 1258 645 quomodo
1288 587 1420 628 vere
1445 571 1746 628 credentes
1776 570 1889 626 Deo
1913 587 2009 626 ma
2036 573 2091 637 Α
2122 577 2184 626 ut
2213 571 2416 627 civitas
2447 571 2595 627 Dei?
2629 575 2696 627 Et
2715 575 2910 628 tamen
2943 570 3061 628 haec
3093 570 3223 645 ipsa
3244 569 3351 628 sibi
3379 586 3574 645 magus
3597 590 3704 646 pro-

367 664 457 735 gis
489 679 667 734 quam
699 661 1037 717 hominibus
1068 661 1529 733 contempserint
1560 676 1826 727 morqem.
1858 659 2006 731 peri-

367 750 517 821 cula,
551 750 936 806 contumelias
968 755 1025 805 et
1052 751 1250 806 omnia
1271 768 1396 822 quae
1430 749 1588 822 passi
1622 754 1760 804 sunt
1791 751 1860 803 ab
1892 748 2004 804 eis:

366 840 465 909 qui
499 841 1066 912 arguebantur,dum
1080 838 1362 895 voluntati
1381 839 1474 894 Dei
1490 839 1546 893 in
1565 838 2008 910 prOphetatione

365 929 719 984 deserviunt.
754 930 1106 984 Admirabar
1135 929 1430 999 quondam
1461 929 1667 982 lsaiam
1692 931 2004 998 antequam

364 1034 762 1089 compararem
786 1017 1086 1083 Ezechieli,
1118 1023 1175 1073 et
1203 1017 1684 1088 obstupescebam
1716 1016 2005 1088 quomodo

364 1115 617 1170 diceret:
652 1117 840 1171 Audite
877 1133 1181 1171 sermonem
1203 1118 1439 1180 Domini,
1444 1118 1721 1187 principes
1744 1115 2005 1170 Sodomo-

363 1221 521 1258 rum:
553 1205 814 1260 attendite
844 1207 1014 1276 legem
1046 1207 1162 1271 Dei,
1185 1206 1416 1276 pepulus
1476 1204 1810 1260 Gomorrhm.
1883 1207 2005 1275 Quo

361 1295 503 1347 mihi
531 1294 946 1348 multitudinem
975 1296 1372 1364 sacriﬁciorum
1397 1297 1690 1348 vestrorum
1712 1298 1736 1345 ἱ)
1755 1293 1888 1346 dicit
1902 1293 2004 1346 Do-

360 1384 546 1436 minus
575 1384 699 1453 (lsa.
735 1383 1048 1453 1).Dicebat
1069 1383 1225 1438 enim
1249 1382 1394 1448 haec,
1417 1399 1550 1436 cum
1575 1387 1773 1453 posset
1791 1381 2002 1450 dicere,

359 1474 446 1525 vel
477 1475 686 1526 tacere.
723 1473 921 1543 Neque
951 1473 1108 1526 enim
1161 1474 1248 1543 (ut
1305 1471 1545 1543 quidam
1607 1471 2004 1541 suspicantur)

362 1563 554 1614 mente
583 1561 926 1615 excidehant
955 1560 1270 1632 prophetia,
1303 1565 1360 1616 et
1385 1576 1454 1615 ex
1486 1559 1830 1614 necessitate
1886 1558 2004 1630 spi-

359 1647 510 1704 ritus
539 1647 949 1720 loquebantur.
981 1651 1044 1704 Si
1070 1651 1195 1720 alii,
1230 1649 1419 1720 inquit
1466 1648 1802 1720 Apostolus,
1853 1664 2004 1702 reve-

364 1735 540 1793 latum
566 1740 736 1809 fuerit
765 1738 995 1805 sedenti,
1018 1741 1173 1809 prior
1199 1742 1373 1793 taceat
1393 1740 1435 1808 (1
1472 1738 1592 1792 Cor.
1625 1739 1760 1808 xiv).
1793 1738 1871 1791 Ex
1891 1753 2006 1808 quo

361 1826 693 1882 ostenditur
721 1831 1067 1898 potestatem
1099 1827 1315 1882 habere
1344 1843 1500 1894 eum,
1552 1826 1650 1898 qui
1709 1825 2004 1897 loquatur,

359 1931 494 1971 cum
523 1915 659 1970 velit
687 1916 898 1982 dicere,
933 1921 990 1970 et
1019 1933 1154 1970 cum
1176 1915 1310 1970 velit
1341 1920 1556 1971 tacere.
1590 1919 1656 1969 Et
1676 1916 1746 1969 ad
1769 1914 2004 1969 Balaam
2038 1943 2086 2006 B

359 2013 575 2068 dicitur
617 2031 630 2068 :
686 2015 1060 2068 Verumtamen
1114 2014 1357 2080 uerbum,
1419 2014 1564 2085 quod
1599 2015 1829 2068 immitto
1862 2015 1922 2066 in
1950 2029 2008 2068 os

358 2103 534 2171 tuum,
567 2100 664 2155 hoc
691 2101 917 2156 observa
964 2102 1113 2172 loqui
1133 2103 1314 2172 (Num.
1348 2108 1483 2171 xxu)
1515 2118 1532 2155 :
1590 2101 1760 2173 quasi
1818 2105 2008 2171 potes-

359 2192 539 2244 tatem
570 2189 819 2244 habentc
851 2206 938 2252 eo,
994 2195 1058 2244 ut
1113 2195 1346 2260 accepto
1392 2191 1567 2246 verbo
1624 2190 1742 2257 Dei,
1793 2190 2010 2244 diceret

361 2293 463 2332 seu
483 2281 720 2333 taceret.
750 2277 897 2340 Quid
928 2283 1017 2334 est
1036 2294 1194 2348 ergo,
1230 2279 1385 2350 quod
1419 2279 1477 2333 in
1505 2277 1800 2334 Ezechiele
1827 2277 2011 2333 admi-

361 2381 458 2420 ror
484 2366 512 2420 ‘I
542 2365 687 2431 Quia
704 2383 839 2420 cum
871 2367 918 2421 ei
949 2367 1160 2422 fuisset
1186 2367 1566 2439 imperatum,
1587 2372 1651 2422 ut
1672 2371 2004 2434 testaretur,

360 2458 418 2510 et
447 2460 615 2510 notas
649 2455 864 2511 faceret
884 2455 1209 2511 Jerusalem
1237 2457 1577 2528 iniquitates
1598 2459 1746 2528 ejus,
1769 2475 1884 2512 non
1907 2473 2008 2528 po-

361 2543 482 2598 suit
509 2547 644 2599 ante
671 2544 870 2600 oculos
901 2547 1029 2616 ejus
1065 2544 1407 2617 periculum,
1445 2547 1598 2618 quod
1630 2563 1698 2602 ex
1728 2546 2002 2617 praedica-

359 2630 518 2688 tione
547 2637 670 2688 erat
700 2638 1038 2689 secuturum
1063 2652 1077 2702 ;
1111 2635 1210 2690 sed
1247 2639 1313 2690 ut
1342 2635 1439 2690 Dei
1471 2641 1700 2690 tantum
1723 2640 2010 2706 praecepta

360 2726 640 2793 servaret,
674 2721 907 2778 locutus
937 2727 1026 2778 est
1055 2740 1441 2796 quascumque
1475 2725 1631 2778 934
1689 2723 2004 2778 mandavit.

361 2816 516 2880 Esto,
549 2811 626 2866 sit
659 2812 1025 2883 mysterium,
1058 2811 1145 2874 sit.
1185 2811 1457 2868 revelatio
1508 2819 1744 2868 sacratae
1793 2811 2005 2867 intelli-

361 2900 567 2970 gentiae
601 2900 671 2953 de
700 2899 1048 2966 Jerusalem,
1071 2904 1128 2954 et
1153 2899 1244 2953 his
1266 2917 1652 2971 quaecumque
1673 2917 1849 2970 super
1876 2915 2004 2954 eam

363 2987 606 3041 dicuntu
630 2991 938 3052 r;attamen
960 2987 1398 3057 prophetans,et
1414 2988 1812 3043 fornicationis
1842 2987 2003 3042 illam

363 3073 579 3145 arguit,
609 3073 747 3143 quia
777 3073 1178 3129 divaricaverit
1216 3077 1390 3146 pedes
1422 3092 1562 3130 suos
1609 3076 1766 3130 omni
1814 3079 2004 3130 trans-

363 3162 547 3230 eunti,
582 3165 641 3217 et
673 3161 957 3216 maledica
985 3178 1121 3216 voce
1142 3167 1410 3232 testatur,
1453 3163 1763 3234 increpans
1821 3163 2003 3219 scele-

369 3267 501 3305 rum
535 3249 849 3305 civitatem.
879 3250 987 3306 Sed
1016 3250 1154 3322 quia
1185 3252 1515 3307 confidebat
1547 3253 1645 3308 Dei
1703 3268 1764 3308 se
1819 3255 2005 3308 facere

362 3339 745 3406 voluntatem,
781 3342 1020 3408 paratus
1052 3344 1109 3394 et
1139 3340 1285 3394 mori
1318 3345 1374 3395 et
1405 3341 1613 3408 vivere,
1652 3341 2004 3412 loquebatur

359 3427 708 3499 intrepidus.
745 3428 1064 3484 Videamus
1095 3444 1230 3500 ergo
1263 3429 1449 3501 ipsam
1508 3429 1894 3502 prophetiam,
1950 3432 2007 3484 et

362 3515 551 3589 primo
581 3516 838 3588 quidem,
863 3518 1156 3588 quomodo
1189 3517 1247 3572 in
1298 3521 1580 3589 potestate
1619 3518 1694 3573 sit
1747 3517 2003 3590 positum

361 3605 676 3678 prophetae,
707 3609 906 3661 utrum
932 3605 1088 3662 dicat
1117 3623 1191 3661 an
1222 3623 1357 3676 non,
1377 3607 1833 3663 consideremus.
1861 3608 2004 3662 Fac-

359 3699 457 3751 tus
489 3699 577 3750 est
607 3711 799 3751 sermo
832 3695 1065 3751 Domini
1095 3695 1167 3750 ad
1181 3695 1546 3761 eum,dicens
1569 3711 1583 3751 :
1608 3697 1724 3752 Fili
1745 3697 2001 3764 hominis,

361 3792 658 3868 testiﬁcare
683 3795 987 3849 Jerusalem
1016 3795 1342 3865 iniquitates
1362 3795 1500 3865 ejus,
1535 3802 1586 3849 et
1644 3793 1786 3849 dices
1812 3811 1823 3848 :
1887 3779 2028 3848 Ηεεό

359 3882 497 3938 dicit
512 3884 796 3948 Dominus,
828 3901 941 3938 non
974 3882 1032 3937 in
1067 3884 1412 3940 necessitate
1457 3883 1852 3954 aspirationis,
1904 3883 2002 3938 sed

362 3969 421 4024 in
452 3971 746 4026 voluntate
778 3971 1028 4026 dicentis
1051 3972 1334 4027 Dominus
1362 3971 2004 4043 posuit,uttestilicare-

362 4064 460 4114 tur
479 4060 550 4112 ad
572 4059 900 4114 Jerusalem
924 4060 1264 4130 iniquitates
1286 4063 1434 4132 ejus,
1459 4066 1516 4116 et
1534 4062 1615 4115 ait
1640 4079 1652 4116 :
1680 4061 2003 4124 Diees.Quid

363 4145 522 4200 dices
538 4148 690 4200 illaec
703 4163 824 4216 quae
844 4150 1258 4217 sequuntur.[n
1283 4149 1698 4220 prophetaerat
1711 4150 2005 4218 audiente,

362 4233 543 4288 dices:
579 4237 777 4287 utrum
809 4234 1026 4288 diceret
1056 4249 1258 4303 necne,
1293 4238 1584 4306 quomodo
1617 4237 1730 4291 fuit
1750 4237 2004 4308 positum

364 4321 425 4376 in
455 4322 622 4376 Jona.
649 4323 711 4375 In
746 4326 1030 4392 potestate
1063 4323 1278 4395 quippe
1312 4325 1439 4395 ejus
1488 4330 1614 4381 erat
1671 4326 2001 4381 audientis:

365 4411 483 4478 Die,
515 4410 692 4465 adhuc
724 4415 834 4466 tres
864 4410 998 4480 dies,
1031 4415 1081 4465 et
1104 4412 1324 4467 Ninives
1353 4413 1696 4468 subvertetur
1724 4414 1864 4484 (Ion.
1900 4414 2003 4486 ιιι),

366 4499 416 4556 si
441 4499 583 4569 velit
611 4501 820 4572 dicere,
852 4498 940 4555 vel
971 4503 1181 4555 tacere.
1215 4501 1284 4556 Et
1312 4501 1451 4574 quia
1480 4502 1541 4556 in
1590 4501 1828 4556 arbitrio
1877 4503 2007 4572 ejus

367 4589 627 4660 positum
661 4593 806 4657 erat,
837 4593 894 4645 et
914 4588 1101 4644 noluit
1120 4589 1467 4657 dicere,vide
1480 4595 1697 4662 quanta
1714 4607 1847 4646 eum
1869 4595 2009 4646 sunt

2033 3303 2075 3369 C

2120 659 2378 726 mittens,
2413 660 2579 731 quasi
2612 660 2876 732 proxima
2912 661 3027 732 Dei,
3059 665 3116 716 et
3164 661 3364 716 civitas
3411 663 3547 733 ejus,
3598 664 3704 734 quia

2119 749 2396 818 peccavit,
2430 749 2695 821 arguitur
2726 766 2759 804 a
2789 751 3008 822 Spiritu
3041 754 3263 816 sancto,
3295 754 3359 804 ut
3387 750 3626 822 degener,
3665 759 3707 807 et

2117 841 2408 893 extranea.
2437 839 2603 894 Pater
2653 839 2810 894 enim
2865 840 2993 909 ejus
3026 839 3418 905 Amorrhzeus,
3453 841 3567 909 jam
3616 857 3705 896 non

2121 931 2287 981 Deus.
2313 927 2604 993 Quamdiu
2627 944 2742 982 non
2774 928 3051 999 peccavit,
3086 935 3252 1000 pater
3273 928 3398 998 ejus
3428 932 3543 983 erat
3559 928 3703 984 Deus:

2092 1034 2099 1043 '
2120 1026 2354 1096 quando
2384 1041 2517 1080 vero
2540 1026 2814 1096 peccavit,
2840 1031 3005 1097 pater
3025 1026 3153 1096 ejus
3175 1026 3539 1082 Amorrhaaus
3560 1027 3710 1082 factus

2115 1118 2222 1168 est.
2248 1115 2535 1179 Quamdiu
2567 1131 2682 1169 non
2717 1115 2972 1185 peccavit
2995 1114 3158 1186 pater
3170 1116 3296 1186 ejus
3319 1114 3558 1186 Spiritus
3577 1132 3708 1170 sanc-

2112 1206 2209 1257 tus
2241 1203 2386 1258 fuit:
2422 1204 2655 1275 quando
2681 1203 2956 1274 peccavit,
2983 1207 3170 1259 mater
3201 1205 3328 1274 ejus
3358 1203 3568 1259 Cethaaa
3594 1203 3713 1259 tacta

2114 1295 2223 1347 est.
2257 1291 2548 1354 Quamdiu
2582 1309 2696 1347 non
2724 1292 3001 1363 peccavit,
3038 1291 3296 1346 radicem
3329 1291 3526 1347 habuit
3568 1291 3712 1346 Abra-

2116 1379 2276 1449 bam,
2309 1384 2365 1435 et
2395 1381 2580 1445 Isaac,
2613 1385 2672 1434 et
2699 1380 2910 1436 Jacob:
2964 1381 3200 1452 quando
3259 1379 3526 1451 peccavit,
3581 1379 3710 1434 radix

2114 1468 2240 1538 ejus
2269 1469 2596 1523 Chananzea
2625 1469 2776 1524 facta
2805 1474 2914 1523 est.
2970 1470 3134 1540 Saepe
3195 1468 3439 1524 miratus
3488 1485 3606 1524 sum
3649 1469 3712 1535 id,

2114 1557 2270 1628 quod
2303 1557 2521 1612 dictum
2553 1561 2641 1613 est
2665 1557 2950 1613 aDaniele
2969 1559 3040 1612 ad
3103 1557 3500 1629 presbyterum
3542 1573 3712 1629 pecca-

2114 1645 2439 1712 torem,cui
2467 1663 2568 1717 pro
2592 1650 2828 1717 peccato
2889 1661 3102 1701 nomen
3163 1646 3485 1717 imponens,
3534 1645 3712 1712 Semen,

2113 1735 2328 1806 inquit,
2363 1735 2644 1806 Chanaan,
2677 1739 2728 1791 et
2739 1751 2850 1790 non
2871 1737 3287 1806 Juda.Magnus
3307 1735 3534 1806 quidem
3548 1735 3714 1790 Daniel

2115 1824 2592 1879 constantissime
2608 1824 3010 1896 presbyterum
3029 1827 3390 1896 peccatorem
3407 1839 3587 1878 semen
3602 1822 3714 1879 Cha-

2116 1929 2266 1966 naan
2321 1911 2624 1983 appellans
2654 1916 2711 1966 et
2741 1929 2854 1967 non
2877 1911 3030 1967 Juda
3062 1913 3223 1983 (Dan.
3259 1912 3364 1982 ιιι).
3399 1911 3568 1983 Major
3607 1928 3712 1966 vero

2119 2000 2552 2072 comparatione
2581 2002 2708 2071 ejus
2742 2000 3023 2067 Ezechiel,
3059 2017 3177 2056 non
3237 1999 3343 2056 uni
3401 2000 3710 2072 presbytero,

2119 2113 2306 2169 neque
2323 2098 2555 2153 duobus
2572 2098 2913 2153 hominibus
2940 2098 3309 2154 nativitatem
3329 2097 3711 2168 objicienscon-

2117 2186 2511 2257 tumeliosam,
2544 2187 2670 2256 sed,
2699 2187 2901 2256 Radix,
2961 2187 3262 2259 inquiens,
3319 2196 3432 2257 tua,
3476 2187 3710 2257 generatio

2118 2279 2212 2330 tua
2233 2275 2296 2330 de
2325 2281 2473 2332 terra
2505 2276 2786 2331 Chanaan.
2819 2279 2983 2331 Pater
3010 2285 3138 2332 tuus
3167 2276 3527 2344 Amorrhazus,
3558 2279 3603 2330 et
3623 2291 3711 2328 mae

2116 2369 2198 2419 ter
2223 2368 2320 2420 tua
2353 2365 2588 2421 Lethaea.
2612 2365 2757 2428 Quia
2784 2365 3112 2420 Jerusalem
3146 2364 3334 2421 multa
3353 2370 3574 2437 peccata
3591 2379 3712 2418 com-

2119 2453 2300 2521 misit,
2358 2454 2488 2508 ideo
2531 2452 2841 2526 increpans
2885 2453 3050 2509 illam
3108 2454 3411 2526 propheta,
3469 2471 3574 2509 non
3620 2468 3710 2507 uno

2117 2557 2305 2613 neque
2335 2542 2585 2609 duobus,
2631 2543 2732 2597 sed
2789 2542 2982 2598 tribus
3041 2542 3381 2598 nominibus
3430 2540 3708 2614 insignivit.

2117 2632 2348 2702 Septem
2371 2631 2429 2685 in
2463 2631 2671 2687 Genesi
2700 2635 3344 2704 gentesenumerantur
3363 2649 3396 2686 a
3424 2635 3529 2687 Deo
3549 2630 3599 2685 in
3619 2645 3709 2685 uno

2115 2719 2262 2785 loco,
2289 2736 2462 2791 quem
2491 2719 2734 2775 tradidit
2763 2719 2897 2775 {iliis
2926 2719 3124 2775 Israel.
3149 2721 3381 2792 Septem
3419 2725 3596 2775 autem
3644 2719 3709 2772 hae

2115 2812 2272 2874 sunt,
2298 2809 2361 2862 In
2391 2816 2614 2873 terram,
2648 2808 3394 2880 inquit,Chananazor-um,et
3411 2807 3708 2864 Amori-hara-

2115 2913 2262 2967 rum,
2294 2905 2345 2952 et
2371 2897 2734 2965 Cethworum,
2767 2901 2818 2952 et
2840 2897 3278 2967 Pheres£0rum,
3300 2903 3350 2953 et
3376 2903 3654 2964 Evaeorum,
3670 2903 3709 2949 et

2116 2986 2534 3057 Gergesazorum,
2565 2995 2620 3041 et
2647 2987 3044 3044 Iebusworum.
3079 2987 3141 3042 Si
3177 2987 3452 3060 possibile
3466 2986 3645 3041 fuisset
3665 2987 3709 3038 et

2114 3080 2335 3146 septem
2372 3075 2512 3130 istas
2544 3091 2916 3147 congregare,
2951 3079 3016 3130 ut
3036 3091 3144 3147 per
3175 3091 3274 3132 eas
3331 3073 3706 3148 ignobilitatem

2113 3164 2456 3236 peccatricis
2483 3163 2809 3220 Jerusalem
2840 3165 3240 3237 exprobraret,
3272 3165 3493 3221 fecisset
3543 3163 3708 3232 utique

2118 3253 2418 3325 propheta.
2453 3253 2618 3307 Nunc
2646 3269 2781 3308 vero
2811 3252 2948 3322 quid
2969 3253 3096 3309 fecit
3117 3254 3146 3308 ?
3162 3253 3551 3310 Amorrho'sum
3567 3248 3709 3321 elegit

2114 3358 2182 3398 ex
2203 3344 2448 3413 septem,
2481 3346 2536 3397 et
2557 3341 2972 3410 Chananaeum,
3005 3347 3062 3397 et
3097 3342 3184 3399 ait
3233 3343 3436 3400 habere
3482 3353 3707 3397 commu-

2114 3430 2347 3485 nionem
2380 3430 2758 3502 peccatricem
2789 3430 3140 3498 Jerusalem,
3167 3431 3380 3504 quippe
3408 3430 3472 3486 ad
3519 3428 3706 3482 Chana-

2115 3536 2326 3588 naaum,
2353 3520 2521 3590 juxta
2544 3519 2822 3587 radicem,
2849 3523 2904 3574 et
2954 3520 3341 3591 nativitatem,
3399 3516 3600 3590 proprie
3647 3513 3706 3568 ad

2112 3607 2514 3663 Amorrhaeum
2547 3608 2871 3664 secundum
2903 3609 3061 3664 936
3091 3613 3342 3680 patrem,
3398 3603 3596 3680 proprie
3642 3599 3702 3655 ad

2113 3705 2398 3762 Cethaeam
2432 3706 2756 3761 secundum
2779 3710 3047 3761 matrem.
3081 3706 3144 3762 Si
3177 3708 3237 3762 in
3257 3703 3544 3764 Jerusalem
3562 3701 3698 3762 tanta

2113 3795 2410 3864 dicuntur,
2443 3794 2514 3850 de
2545 3811 2662 3866 qna
2691 3798 2809 3849 tam
2840 3795 3104 3868 grandia,
3168 3800 3227 3852 et
3247 3801 3365 3851 tam
3415 3791 3542 3848 mira
3583 3802 3697 3842 con-

2114 3885 2332 3956 scripta
2362 3887 2520 3951 sunt,
2537 3899 2662 3954 quae
2689 3883 2739 3939 ci
2762 3888 2901 3938 sunt
2922 3885 3307 3956 repromissa,
3329 3882 3455 3955 quid
3476 3881 3700 3935 futurum

2115 3980 2203 4030 est
2233 3975 2446 4030 misero
2472 3972 2636 4042 mihi,
2661 3973 2711 4028 si
2736 3989 3043 4043 peccavero
3063 3973 3092 4027 ?
3112 3974 3257 4039 Quis
3271 3973 3408 4028 mihi
3437 3967 3704 4039 eritpater,

2114 4068 2215 4117 aut
2244 4079 2369 4133 quae
2393 4062 2535 4116 mihi
2567 4061 2677 4116 erit
2691 4065 2876 4118 mater
2890 4061 2919 4116 ?
2935 4063 3131 4117 Tantae
3151 4062 3400 4134 talisque
3421 4053 3704 4115 Jerusalem

2114 4151 2299 4217 radix,
2333 4155 2390 4204 et
2419 4149 2713 4221 generatio
2744 4151 2816 4207 de
2845 4155 3001 4206 tcrra
3051 4151 3521 4211 Chananaaornm,
3574 4143 3709 4214 pater

2114 4239 2243 4308 ejus
2273 4237 2666 4302 Amorrhaeus,
2689 4243 2746 4294 et
2775 4239 3202 4294 materCethzea
3223 4238 3594 4309 nuncupatur.
3619 4229 3711 4298 E80

2115 4325 2165 4381 si
2199 4341 2530 4396 peccavero,
2565 4327 2664 4398 qui
2689 4327 2747 4382 in
2780 4326 3009 4383 Christo
3038 4328 3182 4383 Jesu
3196 4329 3387 4393 credo,
3410 4329 3463 4381 et
3477 4325 3623 4378 tanto
3640 4330 3714 4371 me

2117 4413 2397 4485 magistro
2429 4415 2808 4487 tradidi,quis
2849 4415 2993 4470 mihi
3024 4417 3261 4471 futurus
3291 4419 3378 4471 est
3396 4407 3589 4485 pater?
3615 4405 3714 4462 Non

2118 4501 2322 4573 utique
2351 4503 2745 4574 Amorrhaeus,
2779 4505 2878 4559 sed
2900 4503 3144 4575 nequior
3157 4504 3392 4575 quidam
3415 4503 3582 4573 pater.
3605 4490 3717 4559 Quis

2117 4595 2207 4646 est
2224 4590 2335 4646 iste
2358 4591 2386 4646 ?
2408 4592 2621 4660 Quivis,
2653 4593 2750 4663 qui
2774 4595 3062 4663 peccatum
3088 4594 3245 4663 facit,
3272 4608 3340 4647 ex
3363 4587 3569 4646 diabolo
3585 4584 3718 4637 natus

365 4683 686 4734 consecuta
717 4682 956 4750 postea:
991 4677 1593 4750 periclitataestnavis
1608 4683 1842 4751 pr0pter
1856 4695 2013 4747 eum,
2047 4670 2094 4734 D
2125 4684 2200 4736 est
2226 4697 2238 4734 :
2272 4680 2342 4735 Et
2373 4679 2588 4735 iterum
2614 4697 2628 4735 :
2669 4682 2762 4736 Vos
2791 4697 2861 4736 ex
2886 4690 3042 4752 patre
3071 4681 3287 4738 diabolo
3311 4680 3441 4736 estis
3469 4677 3510 4747 (Ι
3549 4667 3720 4737 Iona.)-

367 4767 518 4822 forte
548 4772 814 4839 repertus
845 4771 934 4822 est
963 4767 1174 4832 latens,
1206 4773 1368 4824 cetus
1391 4768 1682 4825 devoravit
1699 4768 2016 4840 abjectum.

373 4865 439 4920 Hi
477 4882 613 4938 ergo
645 4867 958 4938 prophetae,
992 4865 1348 4938 quicumque
1378 4867 1735 4939 postJonam
1759 4868 2016 4936 fuerunt,

369 4955 814 5011 considerantes
845 4955 1088 5010 forsitan
1147 4972 1232 5026 ea,
1296 4973 1423 5026 qua:
1467 4961 1752 5012 venerunt
1795 4957 1867 5024 ei,
1901 4957 2020 5012 sive

374 5041 504 5096 aliis
539 5043 842 5114 prophetis
869 5062 881 5099 :
913 5045 1063 5101 935
1098 5043 1375 5099 videbant
1404 5045 1682 5116 quoniam
1735 5063 1802 5100 ex
1860 5043 2019 5101 omni

374 5133 535 5200 perte
570 5131 851 5203 angustiae
869 5132 1355 5188 eisimminebant
1380 5150 1534 5190 :secu
1547 5135 1728 5189 udum
1741 5134 2018 5190 saculum

373 5219 722 5289 persecutio,
756 5221 808 5274 si
838 5221 1097 5277 dicerent
1123 5238 1296 5276 vera:
1332 5223 1656 5277 secundum
1705 5223 2019 5278 Dominum

372 5306 618 5378 offensa,
653 5307 700 5362 si
735 5309 1007 5365 timentes
1039 5308 1334 5377 homines,
1367 5311 1694 5382 proferrent
1742 5310 1888 5366 falsa
1917 5328 2021 5383 pro

369 5395 542 5450 veris.
569 5395 793 5451 Idcirco
813 5398 1158 5453 testiﬁcatus
1173 5404 1261 5453 est
1283 5400 1564 5470 Ezechiel,
1588 5405 1644 5454 et
1669 5405 1838 5455 notas
1890 5399 2025 5455 fecit

369 5481 699 5538 Jerusalem
724 5485 1063 5556 iniquitates
1095 5487 1244 5557 ejus,
1273 5492 1328 5543 et
1357 5487 1501 5543 dixit
1526 5505 1538 5543 :
1574 5491 1697 5544 Haec
1723 5488 1855 5545 dicit
1909 5493 2021 5543 Do-

371 5570 562 5623 minus
587 5589 597 5625 :
634 5573 815 5626 Radix
839 5579 939 5626 tua
970 5583 1022 5628 et
1048 5577 1328 5644 generatio
1362 5581 1454 5630 tua
1483 5577 1547 5632 de
1565 5581 1711 5632 terra
1741 5577 2022 5644 Chanaan,

377 5659 547 5714 Pater
576 5666 700 5712 tuus
732 5662 1078 5717 Amorrhwus
1108 5671 1157 5717 et
1186 5666 1362 5718 mater
1391 5675 1485 5720 tua
1513 5666 1730 5722 Cethea.
1764 5666 1897 5729 Qum
1936 5665 2022 5719 ci-

381 5746 630 5806 vitatum
659 5746 742 5804 sic
773 5748 883 5806 fuit
911 5749 1151 5823 elevata,
1187 5754 1244 5807 et
1271 5751 1456 5812 altum
1473 5755 1669 5828 sapuit
1695 5756 1757 5813 in
1777 5754 2024 5828 mundo,

2127 4777 2187 4833 Si
2208 4777 2389 4850 igitur
2415 4776 2739 4834 Jerusalem
2763 4779 2974 4835 dicitur
2995 4780 3066 4835 de
3097 4779 3310 4846 radice,
3359 4780 3416 4833 et
3467 4768 3727 4830 nativitate

2127 4871 2294 4922 terra:
2315 4866 2676 4934 Chananeus,
2703 4867 2845 4939 quid
2876 4868 3103 4924 dicetur
3123 4869 3195 4924 ad
3210 4885 3317 4924 nos
3338 4867 3364 4921 ?
3389 4858 3726 4920 Inveniuntur

2128 4960 2184 5011 et
2216 4955 2382 5011 nobis
2412 4960 2630 5027 patres,
2664 4957 2767 5029 qui
2788 4973 2894 5013 nos
2915 4961 3196 5028 generant
3250 4955 3313 5012 in
3370 4947 3628 5027 peccatis.
3671 4941 3726 4997 Ut

2129 5044 2286 5100 enim
2317 5044 2368 5099 si
2398 5045 2588 5100 bonus
2613 5046 2795 5114 fuero,
2816 5050 2874 5101 et
2904 5045 2963 5100 in
2995 5045 3215 5117 optimo
3236 5049 3367 5101 actu
3390 5037 3722 5098 constitutus,

2130 5133 2597 5189 dicitmihiJesu
2625 5151 2637 5188 :
2670 5135 2797 5205 Fili,
2847 5133 3207 5190 dimittuntur
3258 5134 3360 5188 tibi
3398 5130 3603 5203 peccata
3651 5124 3727 5174 tua

2161 5223 2362 5279 Matth.
2386 5223 2494 5294 ix):
2528 5223 2669 5278 dicit
2698 5223 2841 5278 mihi
2865 5223 3081 5280 Paulus
3111 5220 3431 5294 discipulus
3457 5219 3610 5272 Jesus
3639 5227 3650 5264 :
3679 5207 3725 5261 In

2131 5312 2352 5370 Christo
2383 5314 2529 5368 enim
2546 5315 2671 5368 Jesu
2695 5329 2796 5384 per
2818 5313 3174 5381 Evangelium
3201 5327 3323 5382 ergo
3351 5324 3438 5364 vos
3481 5301 3632 5376 θθηυί
3665 5296 3730 5392 ἥδ

2133 5399 2183 5456 si
2217 5401 2409 5456 factus
2440 5403 2600 5458 fuero
2630 5405 3221 5473 pcccator,generans
3274 5416 3364 5454 me
3419 5395 3475 5450 in
3511 5387 3727 5464 peccatis

2135 5488 2428 5556 diabolus,
2461 5496 2518 5546 et
2540 5505 2851 5546 assumens
2872 5489 2984 5544 sibi
3015 5507 3141 5545 eam
3175 5503 3390 5557 vocem,
3446 5496 3554 5554 qua
3588 5477 3728 5548 Pater

2135 5578 2283 5632 Deus
2315 5579 2386 5634 ad
2418 5579 2776 5636 Salvatorem
2809 5578 3157 5647 locutusest,
3191 5576 3328 5632 dicit
3358 5574 3426 5630 ad
3449 5585 3535 5626 me
3557 5560 3730 5620 :Filiu‘

2132 5681 2285 5722 meus
2314 5685 2374 5724 es
2405 5676 2462 5725 tu
2489 5686 2582 5741 ego
2603 5668 2771 5726 hodie
2796 5671 2963 5740 genui
2987 5673 3038 5726 te
3065 5661 3235 5741 (Psal.
3266 5663 3359 5735 iv).
3392 5661 3456 5716 Et
3506 5653 3595 5712 alii
3640 5663 3723 5705 au-

2135 5759 2254 5815 tem
2288 5756 2485 5831 plures
2521 5763 2732 5833 patres
2774 5759 2897 5816 mei
2941 5763 3136 5830 erunt,
3169 5758 3241 5817 ad
3270 5768 3414 5826 quos
3433 5749 3608 5807 iturus
3629 5747 3750 5833 sum,
