3960 6172
152 363 278 426 ἀι
595 366 1091 431 TRANSLATIO
1133 363 1648 433 HOMILIARUM-
1680 363 2046 432 ORIGENIS
2090 367 2178 428 ΙΝ
2213 361 2735 428 EZECHIELEM.
2783 366 2976 428 HOM.
3009 365 3111 428 Vl.
3438 365 3578 432 148$

151 497 361 555 talium
385 499 708 571 civitatum,
740 502 940 558 audit:
974 505 1208 559 Intrasti
1250 505 1306 558 in
1333 505 1579 558 civitates
1612 504 1800 558 eivita-
1829 506 1884 572 Α
1911 500 2035 557 vult
2059 501 2246 556 facere
2274 500 2448 554 Deus.
2479 502 2556 554 Et
2575 499 2734 554 indui
2754 503 2809 555 te
2826 501 3194 556 versicoloria.
3220 503 3447 567 Quanta
3467 507 3558 558 est

150 591 286 641 tum.
321 587 578 645 Hammo:
624 599 730 646 tuae
783 599 976 649 erecta
1003 598 1154 648 sunt.
1213 593 1334 648 Post
1391 594 1549 647 tanta
1572 593 1810 647 crimina
1919 588 2244 662 benignitas
2271 588 2366 642 Dei
2390 587 2446 642 in
2475 605 2950 660 unamquamque
2974 590 3557 646 animaruchrusa-

149 692 377 732 rursum
386 679 649 747 ﬂoruisti,
663 683 713 735 et
726 682 872 735 venit
887 679 990 736 tibi
1003 683 1234 752 tempus,
1252 683 1303 735 et
1314 684 1525 752 tempus
1540 680 1809 735 diverten-
1915 676 2030 732 lem
2055 676 2066 730 ι
2089 692 2204 731 non
2222 674 2399 729 unius
2416 675 2623 730 coloris
2634 675 2916 741 tunicam,
2939 676 3039 731 sed
3053 675 3250 730 multae
3261 675 3556 732 varietatis

147 767 310 820 tium.
329 767 552 822 Dicitur
566 768 709 824 mihi
732 768 888 825 :Noli
909 768 1431 840 allegorizare,noli
1445 785 1546 839 per
1558 769 1806 840 ﬁguram
1915 765 2130 837 legitur
2149 764 2519 820 credentibus
2542 763 2674 817 sibi.
2697 763 2854 817 Hanc
2873 764 3276 819 versicolorem
3300 765 3554 820 tauicam

145 870 456 927 exponere.
477 856 887 928 Respondeaut
909 873 1136 929 quasso:
1161 856 1491 913 Jerusalem
1512 873 1804 912 mammas
1907 855 2032 925 jam
2051 857 2191 907 tunc
2207 853 2263 906 in
2285 853 2518 923 signum
2538 852 2672 906 fecit
2689 853 2888 920 Jacob,
2907 853 3155 908 induens
3173 852 3360 908 ﬁlium
3379 871 3554 910 suum

148 944 350 1013 habet,
378 949 433 1000 et
454 949 544 1000 est
573 947 810 1018 quando
859 963 974 1001 non
1035 945 1402 1018 colligentur,
1454 949 1543 1002 est
1573 945 1806 1016 quando

148 1032 474 1104 erigantur,
504 1037 561 1088 et
583 1034 928 1090 umbilicum
950 1034 1146 1105 habet,
1170 1038 1226 1089 et
1246 1033 1387 1106 quia
1411 1050 1526 1089 non
1548 1039 1638 1089 est
1667 1050 1808 1104 prae-

147 1120 334 1189 cisus,
370 1123 672 1195 arguitur:
703 1124 995 1195 quomodo
1027 1130 1274 1195 possunt
1300 1123 1413 1178 ista
1445 1124 1571 1178 sine
1596 1121 1812 1194 allego-

149 1210 270 1266 rica
298 1211 661 1283 expositione
691 1211 984 1284 intelligi?
1014 1213 1262 1269 Mammas
1294 1221 1406 1268 tua?
1433 1212 1586 1268 942
1627 1213 1818 1266 erecta;

148 1302 297 1365 sunt,
324 1307 378 1355 et
399 1300 636 1371 capillus
666 1309 794 1356 tuus
819 1308 1041 1356 exortus
1094 1305 1194 1357 est.
1247 1300 1391 1356 Cum
1435 1299 1595 1356 omni
1626 1299 1803 1355 hone-

148 1392 318 1456 state,
352 1405 419 1444 ea
451 1404 578 1460 quae
610 1389 801 1445 solent
836 1388 1130 1462 virginum
1179 1390 1408 1445 evenire
1441 1388 1802 1461 corporibus,

148 1486 430 1542 describit
460 1503 652 1543 sermo
673 1487 926 1544 divinus.
954 1489 1030 1542 Et
1047 1488 1279 1558 capillus
1299 1490 1427 1542 tuus
1455 1495 1676 1542 exortus
1705 1493 1802 1552 est,

149 1579 208 1630 tu
233 1590 366 1631 vero
393 1592 518 1631 eras
549 1577 701 1632 nuda
729 1579 778 1632 et
809 1576 1174 1632 dehonestata.
1202 1575 1309 1638 Qui
1342 1592 1455 1632 non
1487 1580 1576 1631 est
1604 1577 1803 1630 Iesum

148 1662 456 1718 Christum
470 1664 735 1731 indutus,
755 1663 852 1719 hic
865 1665 1059 1719 nudus
1072 1668 1162 1720 est
1181 1679 1193 1718 :
1219 1663 1318 1735 qui
1333 1680 1447 1719 non
1461 1663 1806 1719 estindutus

148 1752 374 1807 viscera
395 1751 815 1818 miserationis,
839 1752 1219 1825 benignitatis
1241 1751 1615 1820 humilitatis,
1640 1767 1805 1806 man-

150 1840 510 1906 suetudinis,
533 1840 1021 1914 longanimitatis,
1054 1846 1119 1896 ut
1143 1840 1472 1912 proximum
1494 1841 1805 1906 sustineat,

150 1929 260 1984 iste
293 1929 718 1986 dehonestatus
748 1935 854 1985 est.
893 1931 966 1984 Tu
1019 1945 1147 1986 vero
1176 1946 1297 1984 eras
1325 1929 1473 1984 nuda
1497 1933 1546 1984 et
1567 1929 1803 1984 dehone-

149 2019 313 2084 stata,
344 2021 395 2074 et
427 2019 665 2074 transivi
683 2034 784 2089 per
811 2026 880 2074 te.
913 2018 1182 2074 Secunda
1207 2017 1330 2071 vice
1363 2017 1520 2072 venit
1548 2017 1620 2072 ad
1651 2033 1804 2081 eam,

149 2107 296 2162 vidit
316 2123 448 2162 eam
472 2111 834 2178 peccantem,
859 2107 1072 2162 iterum
1096 2109 1332 2178 pr0pter
1361 2110 1594 2176 peccata
1624 2105 1806 2160 disce-

149 2195 258 2261 dit,
290 2199 356 2250 et
379 2199 577 2250 tamen
609 2211 848 2250 rursum
871 2194 1198 2262 revertitur,
1231 2194 1444 2249 iterum
1465 2193 1665 2249 visitat
1695 2193 1805 2248 cle-

148 2299 331 2338 mens
361 2287 420 2337 et
464 2282 752 2354 benignus
816 2287 989 2339 Deus.
1045 2283 1111 2338 Et
1138 2283 1265 2338 veni
1291 2282 1362 2337 ad
1387 2285 1462 2348 te,
1518 2290 1569 2337 et
1596 2283 1712 2337 vidi
1736 2291 1805 2349 te,

143 2377 200 2427 et
233 2386 364 2426 ecce
391 2379 590 2442 tempus
609 2375 786 2439 tuum,
814 2379 864 2428 et
884 2380 1096 2444 tempus
1120 2371 1526 2426 divertentium.
1551 2371 1699 2436 Quid
1722 2374 1812 2426 est

144 2459 285 2527 hoc,
310 2459 469 2530 quod
489 2458 570 2515 ait
584 2464 822 2532 tempus
840 2465 1010 2515 tuum
1031 2460 1059 2514 ?
1078 2461 1335 2532 Tempus
1357 2459 1648 2532 signiﬁcat
1671 2460 1809 2515 ado-

145 2547 526 2614 lescentium,
559 2547 619 2602 in
653 2565 768 2620 quo
790 2550 916 2620 jam
949 2565 1052 2620 per
1095 2552 1323 2605 aetatem
1355 2551 1603 2620 possunt
1632 2547 1812 2603 forni-

147 2637 295 2692 cari.
331 2635 406 2691 Et
437 2653 715 2692 rursum:
751 2640 825 2692 Et
877 2641 1108 2709 tempus,
1156 2637 1368 2709 inquit,
1398 2637 1810 2712 divertentium.

149 2735 258 2800 Qui
294 2738 441 2790 sunt
473 2734 573 2790 isti
604 2734 956 2792 divertentes
977 2735 1005 2790 ‘I
1049 2735 1200 2791 Dum
1232 2751 1441 2790 sumus
1473 2733 1696 2806 parvuli
1728 2733 1812 2802 hi,

150 2824 252 2895 qui
286 2823 578 2879 divertere
610 2823 819 2879 nolunt
847 2825 917 2879 ad
949 2841 1069 2891 eos,
1111 2824 1212 2896 qui
1243 2823 1510 2879 nituntur
1537 2827 1814 2891 evertere,

152 2917 213 2968 ut
244 2917 394 2968 sunt
421 2911 742 2968 Christiani
764 2912 1027 2984 pessimi,
1053 2912 1338 2968 damonis
1362 2912 1690 2977 immunda,
1718 2929 1818 2966 an-

154 3000 274 3074 geli
307 2999 555 3070 diaboli,
587 3017 703 3057 non
734 3000 909 3056 habet
964 3001 1180 3068 locum,
1213 3001 1505 3072 quomodo
1537 3017 1651 3056 non
1685 3017 1817 3072 pos-

152 3090 284 3144 sint
311 3089 619 3144 divertere.
653 3092 797 3144 Cum
829 3094 1025 3145 autem
1064 3089 1349 3145 fuerimus
1379 3094 1544 3145 aetate
1575 3090 1816 3161 majore,

1912 941 2147 1012 Joseph,
2179 945 2236 995 et
2264 940 2490 995 vestivit
2518 957 2651 995 eum
2702 939 3074 997 versicoloria
3121 942 3274 1011 (Gen.
3307 945 3554 1016 xxxvu).

1915 1038 1974 1093 Si
1996 1038 2326 1093 consideres
2350 1037 2680 1093 intellectus
2712 1043 2920 1108 sectas,
2951 1039 3101 1094 facta
3121 1040 3290 1109 bona,
3325 1058 3454 1097 vere
3472 1042 3558 1097 vi-

1915 1127 2078 1182 debis
2112 1127 2323 1181 variam
2357 1126 2640 1191 tunicam,
2686 1143 2862 1197 quam
2903 1128 3158 1183 visitatio
3184 1130 3276 1184 Dei
3310 1129 3562 1202 largitur

1913 1214 2006 1270 his
2028 1215 2128 1286 qui
2151 1214 2334 1270 vocati
2352 1219 2492 1269 sunt
2515 1214 2572 1268 in
2595 1215 2866 1270 salutem.
2894 1217 3410 1294 Legem‘intelligo,
3433 1237 3561 1292 pro-

1913 1303 2119 1374 phetas
2133 1303 3174 1377 comprehendo,agnoscoEvangelia,
3185 1323 3300 1362 non
3316 1325 3410 1363 me
3423 1308 3563 1364 latet

1911 1391 2255 1462 Apostolus:
2287 1395 2344 1446 et
2371 1398 2578 1447 cautus
2610 1408 2765 1463 sum,
2803 1393 3004 1463 justus
3038 1412 3194 1460 sum,
3227 1397 3560 1454 misericors

1913 1498 2068 1547 sum,
2099 1485 2156 1536 et
2185 1480 2377 1536 adhuc
2407 1480 2621 1552 quaeris
2647 1481 2821 1536 aliam
2844 1481 3102 1538 tunicam
3130 1485 3557 1557 versicolorem,

1913 1593 2090 1648 quam
2111 1576 2304 1631 induit
2326 1577 2603 1632 Dominus
2622 1577 2948 1634 Jerusalem
2972 1580 3200 1636 dicens:
3221 1584 3284 1636 Et
3303 1585 3495 1639 vestivi
3510 1592 3562 1640 te

1913 1666 2591 1731 versicoloria,etcalceavi
2603 1670 2653 1721 te
2664 1666 3562 1738 hyacinthos?Vultcalceamenta

1916 1760 2114 1810 nostra
2133 1770 2260 1810 esse
2283 1754 2548 1810 ﬂorentia
2568 1760 2624 1810 et
2643 1756 2788 1812 bene
2809 1755 3006 1812 tincta.
3028 1758 3162 1822 Quae
3184 1765 3322 1815 sunt
3345 1761 3562 1818 calcea-

1916 1844 2146 1899 menta?
2158 1843 2305 1898 Audi
2320 1843 2458 1898 Paul
2470 1861 2565 1897 um
2581 1845 2841 1914 apertius
2856 1846 3264 1917 pradicantem
3281 1849 3562 1906 :Calceati-

1908 1932 2068 2004 pedes
2089 1933 2148 1986 in
2166 1934 2564 2003 praeparatione
2586 1935 2882 2005 Evangelii
2903 1938 3054 2005 pacis
3075 1936 3314 2008 (Eph.v).
3339 1939 3404 1992 Et
3420 1954 3565 2010 prae-

1911 2021 2068 2075 cinxi
2085 2028 2135 2074 te
2157 2020 2708 2091 bysso.Manifestius
2728 2023 2799 2077 de
2826 2022 2934 2078 hoc
2953 2023 3229 2081 cinctorio
3250 2028 3564 2098 Apostolus

1913 2108 2192 2181 loquitur.
2226 2109 2441 2164 Stantes
2456 2111 2747 2180 praecincti
2778 2111 2990 2167 lumbos
3013 2123 3218 2170 vestros
3248 2117 3307 2170 in
3337 2119 3566 2174 veritate

1916 2197 2359 2268 (Ibid.).Veritas
2390 2199 2545 2254 enim
2576 2215 2680 2271 pro
2726 2200 2897 2272 bysso
2941 2202 3243 2274 accipitur.
3277 2209 3345 2261 Et
3371 2210 3566 2278 operui

1914 2288 1966 2340 te
1987 2286 2277 2357 trichapto.
2309 2290 2436 2340 Non
2467 2287 2770 2342 inveniens
2818 2305 3005 2360 neque
3054 2289 3389 2364 intelligens
3421 2297 3561 2366 quid

1917 2378 2073 2429 esset
2100 2374 2480 2445 trichaptum,
2506 2375 2697 2430 inveni
2720 2376 2778 2429 in
2802 2376 2916 2431 alia
2945 2379 3198 2434 editione
3219 2399 3321 2451 pro
3349 2373 3565 2440 tricha-

1919 2467 2040 2533 pto.
2069 2464 2297 2532 ﬂorens,
2318 2466 2374 2518 et
2394 2462 2454 2517 in
2485 2463 2599 2518 alia
2619 2464 3011 2520 indumentum.
3037 2467 3217 2538 Igitur
3245 2469 3437 2526 induit
3458 2489 3563 2530 nos

1921 2550 2075 2605 Deus
2095 2555 2227 2621 post
2240 2551 2458 2606 variam
2476 2555 2692 2606 vestem
2709 2556 2766 2607 et
2787 2553 3011 2608 ﬂorenti
3036 2555 3251 2612 tunica.
3271 2559 3335 2612 Et
3351 2562 3567 2616 emovi-

1918 2641 1971 2694 te
1998 2644 2339 2706 ornamento,
2370 2647 2421 2695 et
2450 2642 2687 2711 imposui
2735 2641 2837 2696 tibi
2884 2644 3138 2699 annilius
3192 2647 3341 2702 circa
3368 2665 3566 2705 manus

1922 2735 2061 2784 tuas.
2083 2731 2222 2784 Cum
2244 2727 2388 2783 mihi
2407 2728 2980 2787 dederitoccasiones
2996 2733 3282 2790 bonorum
3301 2740 3562 2808 actuum,

1923 2817 2184 2872 armillas
2215 2817 2540 2873 circumdat
2577 2818 2850 2874 manibus
2907 2822 3070 2876 meis.
3104 2823 3170 2878 Et
3197 2829 3390 2881 catena
3417 2830 3565 2884 circa

1922 2906 2123 2961 collum
2145 2913 2320 2961 tuum.
2355 2905 2414 2960 Si
2440 2921 2534 2960 me
2559 2911 2690 2978 post
2707 2911 2870 2979 gesta
2888 2909 3126 2978 justitiaa
3156 2911 3453 2970 intellectu
3481 2933 3568 2972 or-

1922 2994 2069 3050 verit
2095 2994 2376 3060 veritatis,
2416 2999 2556 3050 tunc
2613 2995 2759 3050 mihi
2816 3004 3226 3057 ornamentum
3280 3006 3564 3076 nuptiale,

1925 3090 2067 3139 tunc
2096 3087 2300 3138 catena
2327 3083 2473 3138 collo
2495 3085 2703 3140 decora
2723 3085 3138 3146 circumdatur.
3174 3095 3241 3147 Et
3258 3092 3382 3148 dedi
3410 3097 3568 3153 inau-

151 3184 204 3234 et
222 3180 252 3251 j
272 3194 366 3232 am
399 3193 643 3250 peccare
674 3194 1012 3250 possumus,
1057 3182 1326 3249 quaerunt
1349 3177 1574 3233 aditum
1606 3178 1677 3234 ad
1713 3193 1818 3232 nos
1857 3245 1889 3251 _
1927 3188 2044 3228 rem
2073 3173 2219 3228 circa
2247 3189 2442 3228 narem
2472 3182 2641 3229 tuam.
2665 3175 2905 3238 Quando
2934 3193 3080 3232 verae
3109 3187 3571 3251 possum,suavi—

149 3245 510 3333 divertendi,
542 3269 602 3321 et
631 3245 740 3321 hoc
771 3271 890 3321 tam
915 3245 1120 3338 Angeli
1163 3266 1258 3321 Dei
1288 3282 1466 3337 quam
1496 3265 1686 3338 angeli
1720 3266 1819 3321 Sa-
1847 3245 1890 3312 (ἶ
1928 3262 2065 3317 tatis
2086 3267 2142 3317 et
2161 3261 2296 3317 boni
2319 3263 2513 3318 odoris
2535 3268 2900 3320 sacramenta
2923 3245 3240 3339 suscipere,
3263 3245 3404 3329 tunc
3426 3275 3572 3332 mihi

152 3361 304 3412 lana:
328 3353 713 3428 Impossibile
733 3360 928 3410 autem
951 3359 1040 3411 est
1061 3358 1126 3410 ut
1153 3354 1385 3426 utrique
1405 3355 1476 3410 ad
1505 3371 1610 3411 nos
1633 3355 1818 3410 diver-

155 3449 298 3500 tunt.
337 3445 403 3500 Si
427 3459 763 3515 peccamus,
795 3443 987 3515 angeli
1008 3442 1223 3500 diaboli
1246 3443 1544 3499 divertunt
1572 3443 1642 3499 ad
1673 3458 1813 3499 nos:

155 3543 202 3598 si
231 3547 478 3598 stamus
509 3541 624 3596 fixo
652 3542 859 3614 gradu,
893 3541 1187 3596 divertunt
1224 3542 1295 3596 ad
1324 3558 1431 3597 nos
1459 3540 1662 3613 Angeli
1693 3539 1814 3596 Dei.

156 3631 329 3687 Venit
360 3645 504 3702 ergo
532 3634 768 3701 tempus
800 3634 990 3698 tuum,
1023 3635 1080 3685 et
1115 3635 1351 3702 tempus
1380 3630 1814 3685 divertentium.

155 3720 301 3785 Quia
336 3724 580 3790 tempus
601 3721 837 3774 venerat
865 3717 1299 3788 divertentium,
1321 3723 1379 3774 et
1407 3717 1690 3774 Dominus
1721 3733 1821 3772 no-

157 3813 280 3864 ster
298 3811 478 3864 Jesus
498 3807 768 3863 Christus
792 3812 940 3863 Deus
963 3811 1161 3864 noster
1175 3825 1240 3863 ru
1251 3824 1410 3864 rsum
1429 3807 1629 3863 visitat
1650 3807 1821 3862 mise-

156 3914 292 3953 ram
327 3896 680 3964 Jerusalem,
713 3897 771 3951 id
816 3901 924 3964 est,
983 3897 1363 3969 peccatricem
1421 3897 1679 3952 animam
1712 3912 1818 3951 no-

156 3991 378 4042 stram.
410 3986 668 4057 Expandi
693 3986 812 4042 alas
838 4002 986 4041 meas
1030 4002 1196 4058 super
1222 3992 1292 4041 te.
1327 3986 1638 4041 Consuevit
1666 3985 1822 4040 Scri-

153 4081 334 4148 ptura
370 4091 596 4148 pennas
628 4075 733 4144 [AL
761 4076 984 4148 poenas]
1009 4091 1348 4147 nuncupare
1374 4075 1624 4131 vestium
1658 4091 1820 4129 sum-

154 4166 437 4222 mitates:
460 4164 598 4220 utin
614 4162 792 4235 Ruth,
811 4181 938 4236 quae
956 4163 1114 4220 venit
1135 4164 1494 4231 abscondite,
1507 4168 1584 4229 et,
1603 4163 1825 4220 discoo-

153 4260 321 4326 perto
356 4251 548 4327 pallio
579 4253 652 4308 ad
683 4253 859 4326 pedes
889 4253 1059 4321 Booz,
1082 4253 1358 4309 dormivit
1379 4253 1490 4310 sub
1520 4253 1694 4310 axilla
1721 4269 1821 4309 ve-

152 4343 430 4401 stimenti
461 4344 594 4414 ejus
621 4343 804 4412 (Ruth.
838 4343 940 4415 ιιι).
974 4342 1130 4398 Deus
1179 4359 1316 4414 ergo
1347 4342 1515 4414 quasi
1546 4347 1703 4399 veste
1731 4341 1821 4398 lo-

150 4434 359 4504 quitur
385 4433 637 4488 indutus
663 4449 676 4488 :
700 4431 959 4504 Expandi
976 4432 1096 4487 alas
1115 4448 1265 4487 meas
1286 4448 1449 4503 super
1468 4440 1536 4498 te,
1558 4435 1607 4488 et
1627 4434 1825 4504 aperui

152 4533 252 4596 [Αι.
279 4531 522 4605 aperui]
542 4531 917 4600 confusionem
939 4537 1112 4587 tuam.
1138 4530 1352 4586 Beatus
1373 4530 1544 4600 cujus
1565 4529 1676 4585 alis
1696 4529 1820 4584 suis

1926 3356 2095 3406 ornat
2123 3350 2275 3406 Deus
2297 3350 2601 3407 inauribus
2623 3369 2847 3409 narem.
2882 3359 2947 3410 Et
2975 3358 3186 3411 rotulas
3204 3361 3264 3414 in
3284 3365 3572 3421 auriculas

1925 3443 2066 3495 tuas.
2102 3441 2169 3496 Ut
2183 3457 2296 3496 non
2336 3439 2525 3496 solum
2565 3441 2858 3510 auriculae,
2883 3443 2982 3498 sed
2995 3446 3170 3501 etiam
3187 3451 3427 3519 grandis
3444 3457 3572 3509 rota

1927 3545 2102 3583 aurea
2130 3528 2208 3583 sit
2232 3529 2385 3584 circa
2411 3530 2679 3585 auditum
2707 3536 2897 3602 tuum,
2928 3539 3118 3590 Aurea
3147 3552 3281 3592 vero
3313 3543 3440 3594 rota
3457 3546 3567 3609 est,

1927 3633 2058 3689 quas
2089 3616 2485 3674 intellectibus
2507 3619 2759 3674 volvitur
2777 3620 2975 3676 sacris.
3001 3623 3063 3677 Et
3082 3639 3282 3683 corona
3302 3629 3573 3698 gloriﬁca-

1928 3709 2094 3762 tionis
2121 3722 2284 3777 super
2309 3715 2470 3778 caput
2500 3715 2674 3762 tuum.
2708 3709 2863 3763 944
2894 3709 3275 3783 Omnipotens
3309 3721 3480 3784 Deus,
3512 3725 3571 3775 et

1929 3795 2095 3850 nobis
2110 3795 2302 3850 tribue
2314 3795 3113 3866 utdigniefﬁciamurcorona
3125 3801 3569 3873 glorificationis

1928 3901 2106 3957 super
2133 3888 2309 3956 caput
2333 3889 2620 3939 nostrum.
2645 3886 2710 3939 Et
2731 3895 2925 3942 ornata
2950 3904 3004 3944 es
3023 3905 3196 3945 auro:
3228 3894 3285 3949 id
3319 3901 3407 3952 est
3427 3899 3570 3955 divi-

1930 3973 2019 4030 nis
2051 3973 2359 4029 sensibus:
2391 3977 2708 4045 etargento,
2757 3976 2810 4030 id
2846 3981 2936 4032 est
2964 3983 3335 4041 sermonibus
3363 3991 3567 4047 sacris.

1926 4075 1995 4128 Et
2022 4074 2290 4144 oper-toria
2311 4080 2405 4127 tua
2429 4073 2668 4144 byssina.
2696 4074 3066 4132 Profunditas
3097 4096 3379 4141 sensuum
3409 4103 3573 4160 oper-

1929 4161 2141 4217 torium
2174 4166 2262 4217 est
2292 4162 2616 4235 byssinum.
2676 4167 2745 4219 Et
2798 4165 3073 4234 ﬂorentia,
3123 4185 3226 4240 pro
3252 4190 3368 4245 quo
3396 4178 3570 4236 verbo

1930 4249 2596 4324 Septuaginta-cplxama
2608 4269 2856 4324 posueru
2868 4257 3231 4323 nt,subtilem
3244 4262 3420 4320 nimis
3433 4268 3573 4322 ami-

1931 4346 2111 4408 ctum,
2131 4345 2188 4396 et
2205 4339 2371 4412 quasi
2390 4342 2459 4396 ad
2481 4341 2824 4413 capillorum
2844 4343 3289 4404 similitudinem
3310 4356 3573 4411 attenua-

1930 4435 2050 4486 tam
2081 4433 2302 4485 vestem
2335 4429 2751 4502 significantes.
2801 4435 2868 4487 Et
2901 4437 3267 4494 versicoloria.
3299 4441 3430 4495 Ecce
3458 4447 3574 4499 tota

1930 4522 2019 4573 est
2045 4515 2368 4572 Jerusalem
2401 4522 2659 4588 protecta
2713 4517 2840 4586 alis,
2899 4523 3108 4578 vestita
3134 4525 3335 4594 variis,
3367 4534 3575 4586 ornata

148 4619 307 4678 Deus
342 4618 612 4695 protegit
629 4619 1072 4676 confusionem:
1121 4619 1172 4674 si
1200 4624 1397 4674 tamen
1429 4633 1822 4689 perseverave-
1851 4610 1896 4673 D
1928 4606 2195 4676 gemmiso
2229 4606 2374 4670 Ουίά
2409 4611 2541 4678 Ροεί
2567 4605 2688 4662 haec
2733 4607 2869 4663 fuit
2899 4625 3149 4682 magnus
3179 4617 3236 4668 et
3264 4614 3572 4675 hominum

151 4711 226 4765 rit
253 4711 319 4766 in
356 4709 752 4775 beatitudine,
776 4708 835 4763 in
864 4723 981 4780 qua
999 4707 1326 4764 Jerusalem
1351 4707 1539 4763 noluit
1569 4722 1826 4777 perseve-
1934 4710 2160 4760 amator
2189 4704 2384 4761 Deus?
2415 4703 2532 4759 Alit
2559 4721 2686 4759 eam
2722 4705 2986 4762 delicatis
3017 4709 3183 4766 cibis.
3216 4711 3492 4783 Similem,
3523 4721 3585 4773 et

153 4815 306 4856 rare.
341 4801 413 4854 Et
422 4799 628 4871 juravi
651 4798 755 4852 tibi
771 4798 832 4853 in
853 4800 1254 4864 testamentum,
1275 4805 1326 4852 et
1353 4798 1559 4852 intravi
1577 4798 1638 4851 in
1664 4799 1828 4852 testa-
1931 4794 2065 4862 mel,
2096 4803 2147 4851 et
2174 4794 2353 4849 oleum
2381 4794 2739 4849 manducasti.
2786 4795 2910 4849 Non
2959 4796 3041 4851 ait
3065 4798 3409 4871 simpliciter
3437 4804 3576 4860 fari-

150 4894 418 4945 mentum
445 4891 652 4942 tecum.
681 4886 816 4942 Post
845 4890 1026 4955 tanta,
1057 4886 1129 4940 ob
1168 4901 1294 4956 quae
1325 4901 1562 4940 rursu'n
1595 4883 1828 4940 reverti-
1934 4900 2093 4950 nam,
2127 4899 2314 4953 neque
2345 4882 2730 4937 hordeaceum
2785 4899 3029 4954 panem:
3076 4885 3183 4942 hoc
3215 4891 3368 4960 quod
3402 4895 3575 4951 modo

154 4982 274 5049 tur,
312 4992 567 5034 rursum
596 4975 832 5043 recedit,
857 4980 991 5047 post
1011 4978 1132 5030 tam
1157 4975 1520 5046 frequentem
1550 4973 1827 5028 visitatio-
1934 4973 2006 5027 ad
2029 4987 2130 5026 vos
2151 4969 2466 5042 loquimur,
2492 4969 2686 5026 simila
2705 4979 2810 5026 est.
2833 4973 2942 5027 Sed
2967 4974 3319 5034 miserabilis
3336 4980 3574 5040 Jerusa-

155 5085 317 5132 nem,
355 5081 522 5120 nunc
546 5064 803 5136 primum
830 5063 1156 5136 ingreditur
1176 5079 1307 5118 cum
1330 5079 1398 5117 ea
1428 5063 1486 5117 in
1513 5067 1828 5118 testamen-
1935 5061 2048 5116 lem
2082 5063 2214 5132 post
2238 5059 2515 5128 similam,
2545 5064 2676 5131 post
2705 5059 2898 5127 mella,
2933 5067 3064 5132 post
3091 5064 3302 5137 oleum,
3336 5085 3572 5129 rursum

155 5161 312 5213 tum.
355 5159 428 5212 Et
447 5156 602 5225 facta
627 5169 683 5208 es
713 5153 866 5208 048
895 5152 1060 5218 mihi,
1114 5155 1168 5206 et
1197 5152 1311 5206 lavi
1335 5155 1388 5205 te
1415 5153 1476 5205 in
1506 5167 1668 5222 aqua.
1701 5153 1828 5208 Post
1936 5148 2103 5222 quasi
2136 5147 2408 5204 meretrix
2427 5148 2778 5219 increpatur.
2806 5149 3022 5206 Idcirco
3052 5169 3360 5214 caveamus
3389 5163 3575 5218 atten-

156 5247 270 5303 Ιιπ
299 5246 508 5302 omnia
535 5244 811 5313 assumpsi
837 5245 910 5307 te,
940 5246 992 5297 et
1047 5243 1162 5313 ipse
1191 5242 1304 5296 lavi
1334 5244 1384 5294 te
1413 5241 1474 5295 in
1493 5241 1742 5306 salutem,
1775 5245 1828 5296 et
1937 5241 2054 5295 tius
2077 5255 2148 5293 ne
2170 5239 2314 5292 forte
2337 5254 2441 5292 nos
2465 5241 2596 5308 post
2617 5238 2792 5292 verba
2813 5240 3033 5295 munda
3055 5241 3281 5315 similae,
3305 5254 3437 5317 post
3457 5267 3575 5308 ser-

154 5334 328 5390 abtui
355 5334 698 5402 sanguinem
727 5342 882 5386 tuum
911 5331 1006 5386 abs
1034 5333 1102 5385 te.
1137 5329 1263 5384 Hac
1291 5327 1680 5399 intelligentes
1708 5344 1830 5384 ore-
1938 5345 2139 5384 mones
2164 5327 2538 5382 dulcissimos
2561 5326 2995 5399 prophetarum,
3020 5336 3150 5402 post
3171 5331 3385 5405 oleum,
3414 5345 3570 5411 quod

157 5441 322 5489 mus,
355 5426 436 5477 ut
453 5420 648 5475 veniat
668 5419 1066 5474 misericordia
1085 5418 1180 5473 Dei
1206 5434 1383 5488 super
1404 5433 1527 5486 nos,
1550 5423 1608 5472 et
1629 5416 1828 5472 abluat
1936 5418 2187 5473 laetificat
2215 5416 2444 5481 faciem,
2479 5432 2592 5485 quo
2623 5415 2893 5471 volumus
2933 5435 3251 5490 perungere
3283 5433 3478 5498 caput,
3510 5437 3576 5490 ut

158 5509 532 5584 sanguinem
553 5508 624 5562 ab
643 5505 954 5562 animabus
977 5505 1214 5560 nostris.
1232 5505 1287 5560 Si
1305 5504 1443 5575 quid
1462 5503 1614 5559 enim
1642 5508 1828 5559 morte
1927 5507 2219 5580 jejunium
2242 5510 2507 5560 nostrum
2531 5505 2884 5576 acceptabile
2905 5508 3025 5574 liat,
3042 5509 3255 5567 iterum
3277 5513 3577 5592 delinqua.

157 5602 435 5673 dignum
469 5594 906 5666 l‘ecimus,istud
928 5593 1168 5667 sanguis
1183 5597 1504 5650 estnoster.
1528 5593 1828 5649 Abluisan-
1934 5613 2086 5654 mus.
2119 5595 2243 5652 Non
2275 5593 2462 5651 solum
2491 5597 2685 5650 autem
2743 5599 3126 5671 perungimur
3155 5600 3264 5658 hoc
3293 5603 3440 5680 oleo,
3471 5616 3575 5677 sed

156 5693 406 5766 guinem
440 5692 593 5747 tuum
618 5701 656 5746 α
682 5688 754 5759 to,
793 5691 845 5748 et
869 5686 1013 5746 umet
1066 5691 1118 5746 to
1143 5683 1278 5747 oleo.
1336 5684 1405 5744 Et
1431 5681 1692 5748 Christus
1721 5699 1831 5746 nos
1937 5691 1996 5746 et
2019 5685 2332 5748 vescimur.
2361 5686 2430 5744 Et
2447 5686 2668 5758 tactae:
2688 5686 2930 5764 pulchra
2947 5689 3106 5750 valde
3131 5692 3321 5757 nimis.
3355 5697 3580 5774 Laudat
