3994 6188
373 429 494 489 743

1639 427 1703 488 S.
1751 424 2066 490 EUSEBII
2108 426 2550 493 HIERONYMI

3657 419 3780 486 744

372 559 870 631 pulchritudinem
902 561 1051 632 ejus,
1077 560 1280 616 laudat
1307 559 1582 632 speciem,
1618 561 1890 630 praedicat
1914 561 2010 613 l'or-
2050 566 2094 624 Α
2135 579 2277 628 rem,
2313 568 2369 617 et
2402 564 2725 619 libertatem
2757 581 2791 619 a
2819 561 3066 618 Domino
3096 559 3580 634 promeruerunt:
3616 555 3700 610 ita
3723 557 3784 610 et

373 665 550 702 mam.
582 653 653 703 Et
673 649 874 704 directa
897 665 950 704 es
970 652 1032 704 in
1057 666 1305 719 regnum.
1331 649 1594 712 Quantus
1620 653 1934 719 prolectus,
1960 655 2023 702 ut

370 736 545 790 etiam
576 737 646 791 ad
681 754 925 808 regnum
947 738 1272 810 dirigatur!
1306 738 1371 791 Et
1391 739 1528 792 exiit
1555 753 1750 792 nomen
1783 744 1938 791 tuum
1961 737 2018 789 in

363 827 636 896 gentibus.
671 827 801 882 Haec
823 832 957 899 apta
986 832 1126 883 sunt
1148 828 1224 894 ei,
1259 827 1356 899 qui
1378 831 1690 898 postquam
1720 825 1867 880 liber
1894 840 2020 880 esse

367 915 542 986 ccepit
571 933 604 969 a
634 917 876 983 mundo,
903 917 960 970 in
993 916 1429 971 conversatione
1451 915 1761 987 proficiens
1791 915 1861 968 ad
1885 913 2019 968 bea-

368 1007 488 1057 tam
509 1003 711 1069 vitam,
736 1021 947 1060 nomen
973 1021 1206 1075 quoque
1226 1004 1548 1077 gloriosum
1575 1004 1630 1056 in
1655 1001 1863 1058 saeculo
1888 1019 2019 1056 con-

370 1097 607 1148 secutus
637 1097 748 1148 est.
790 1094 899 1148 Sed
934 1093 1133 1164 procul
1159 1093 1314 1148 absit
1338 1093 1394 1147 id
1421 1093 1574 1163 quod
1606 1091 1908 1162 sequitur:
1946 1091 2016 1144 ad

369 1180 479 1235 hoc
509 1181 667 1236 enim
726 1183 1011 1253 scriptum
1045 1185 1154 1246 est,
1217 1185 1281 1235 ut
1337 1180 1585 1235 incutiat
1641 1179 2017 1234 audientibus

367 1274 612 1325 metum.
646 1270 781 1326 Post
807 1269 1322 1342 pulchritudinem,
1346 1274 1478 1341 post
1500 1284 1713 1324 nomen
1735 1283 2015 1340 magnum

364 1357 690 1413 Jerusalem
714 1358 930 1413 misera
948 1357 1285 1413 fornicatur.
1309 1357 1364 1412 Id
1375 1374 1439 1412 eo
1458 1373 1524 1411 ne
1537 1357 1791 1427 glorieris
1817 1358 1876 1410 in
1899 1373 2018 1410 cra-

368 1448 614 1513 stinum,-
647 1462 758 1501 non
787 1448 933 1502 enim
961 1448 1083 1510 scis,
1109 1445 1240 1516 quid
1258 1447 1441 1516 pariat
1470 1446 1762 1500 adveniens
1791 1445 1925 1500 dies.
1949 1445 2018 1500 Et

364 1534 538 1588 alibi:
572 1536 804 1600 Fratres,
839 1536 1054 1589 etiamsi
1106 1543 1517 1606 praeoccupatus
1565 1535 1740 1605 fuerit
1769 1533 1925 1588 homo
1957 1535 2013 1588 in

362 1623 548 1692 aliquo
565 1631 807 1692 peccato,
829 1639 920 1678 vos
949 1627 1009 1677 ut
1030 1621 1316 1694 spiritales
1346 1624 1609 1678 sustinete
1632 1621 1944 1676 istiusmodi
1958 1623 2017 1676 in

361 1711 562 1782 spiritu
591 1711 1024 1766 mansuetudinis
1055 1712 1275 1783 (Galat.
1308 1713 1404 1782 v1).
1433 1712 1502 1766 Et
1532 1728 1800 1766 rursum:
1830 1710 2017 1765 Consi-

361 1799 559 1854 derans
579 1808 629 1854 te
650 1801 843 1870 ipsum,
871 1815 939 1854 ne
965 1804 1014 1854 et
1035 1808 1094 1854 tu
1122 1802 1366 1855 tenteris.
1397 1802 1459 1854 Et
1485 1802 1624 1855 exiit
1642 1816 1838 1854 nomen
1863 1807 2019 1854 tuum

359 1889 422 1944 in
449 1888 696 1958 gentibus
725 1890 782 1942 in
803 1891 977 1958 specie
999 1892 1116 1956 tua,
1147 1891 1408 1960 quoniam
1434 1892 1866 1944 consummatum
1888 1895 2006 1943 erat

361 1978 423 2032 in
452 1977 638 2032 decore
665 1979 880 2047 speciei,
915 1994 1080 2047 quam
1125 1979 1386 2033 constitui
1441 1979 1502 2032 in
1545 1987 1612 2046 te,
1644 1977 1776 2032 dicit
1802 1977 2012 2031 Adonai

364 2067 649 2120 Dominus.
681 2066 746 2119 Et
774 2064 977 2134 conﬁsa
1007 2081 1060 2119 es
1087 2067 1148 2118 in
1190 2065 1378 2120 decore
1408 2069 1519 2120 tuo.
1551 2069 1761 2136 Magna
1804 2064 2017 2136 sapuit,

370 2157 428 2208 et
448 2153 802 2208 conscientia
823 2152 1278 2224 pulchritudinis
1295 2170 1412 2209 suae
1435 2157 1627 2208 erecta
1647 2157 1735 2208 est
1757 2151 2022 2225 speciosa

369 2241 721 2297 Jerusalem.
757 2245 822 2296 Et
852 2240 989 2313 quia
1021 2241 1139 2296 alta
1194 2241 1409 2314 sapuit,
1443 2259 1545 2297 nec
1574 2259 1635 2298 se
1665 2240 2018 2307 humiliavit,

371 2346 476 2384 nec
505 2329 850 2401 gloriﬁcavit
881 2330 1086 2395 Deum,
1119 2331 1257 2386 audi
1317 2331 1456 2402 quid
1489 2331 1716 2385 dicatur
1747 2331 1818 2384 ad
1849 2346 1979 2386 eam
2006 2347 2018 2384 :

370 2419 521 2474 945
559 2420 618 2472 Et
646 2420 922 2488 fornicata
941 2436 996 2474 es
1023 2419 1085 2472 in
1108 2421 1332 2474 nomine
1360 2426 1469 2484 tuo,
1503 2423 1555 2473 et
1583 2418 1822 2488 efludisti
1841 2419 2024 2484 forni-

371 2509 637 2562 cationem
666 2512 817 2562 tuam
850 2510 911 2562 in
939 2509 1091 2562 omni
1109 2509 1375 2563 transitu.
1409 2508 1556 2572 Quid
1587 2511 1676 2562 est
1705 2507 1834 2573 hoc,
1867 2506 2022 2577 quod

375 2594 478 2662 ait,
512 2595 782 2650 Ell‘udisti
807 2596 1248 2652 fornicationem
1275 2601 1439 2654 tuam
1468 2596 1522 2650 in
1549 2595 1707 2650 omni
1731 2594 1982 2649 transitu
2001 2594 2029 2648 ?

372 2683 639 2738 Cuircuit
660 2685 885 2739 animas
908 2689 1141 2740 nostras
1163 2684 1441 2740 fortitudo
1458 2683 1770 2749 contraria,
1793 2687 1850 2738 et
1872 2683 2027 2738 varie

376 2770 764 2843 perlustrans,
797 2773 1003 2843 quaerit
1023 2772 1240 2838 locum,
1264 2789 1366 2842 per
1395 2788 1568 2842 quem
1597 2771 1784 2843 possit
1812 2771 2025 2826 irrum-

373 2875 529 2928 pere.
566 2861 656 2914 lra
686 2876 792 2914 suo
824 2860 1059 2914 nomine
1089 2859 1212 2914 vult
1241 2859 1514 2914 fornicari
1564 2875 1793 2914 mecum
1820 2875 1834 2914 ε
1858 2858 2029 2928 juxta

373 2947 691 3017 conjuncta
711 2947 974 3002 moribus
998 2947 1141 3003 meis
1167 2964 1272 3002 suo
1296 2947 1532 3002 nomine
1556 2947 1811 3017 tristitia,
1831 2951 1886 3002 et
1904 2946 2029 3001 vult

375 3051 467 3089 me
491 3037 676 3090 facere
699 3039 1040 3090 mmrentem
1065 3052 1077 3090 :
1103 3052 1206 3090 sua
1228 3040 1389 3106 parte
1419 3035 1660 3090 avaritia
1680 3035 1854 3090 infert
1873 3035 2025 3091 desi-

375 3125 604 3180 derium
625 3124 749 3180 auri
768 3129 826 3179 et
841 3124 1085 3196 argenti,
1107 3128 1163 3179 et
1181 3140 1686 3195 quorumcumque
1705 3123 2022 3179 similium:

375 3215 423 3268 si
453 3230 543 3268 me
566 3229 682 3268 non
709 3212 1058 3278 custodiero,
1078 3217 1136 3268 et
1157 3211 1419 3268 clausero
1442 3213 1660 3267 ostium
1683 3229 1901 3281 meum,
1924 3213 2024 3267 sed

2133 668 2236 705 nos
2255 652 2576 718 audientes,
2596 652 2654 706 in
2675 652 2892 722 quibus
2909 650 3101 722 culpet
3123 650 3278 705 Deus
3291 647 3408 702 sive
3427 643 3781 709 Jerusalem,

2130 738 2249 792 sive
2278 739 2612 795 universam
2658 739 2941 807 Judmam,
2998 739 3117 794 sive
3149 752 3329 793 unam
3357 731 3683 807 quamlibet
3713 746 3784 785 ex

2129 825 2401 881 tribubus
2423 827 2755 898 specialiter
2776 826 3232 898 delinquentem,
3260 840 3375 880 non
3398 836 3610 896 parum
3632 817 3790 874 utili-

2128 913 2268 968 tatis
2300 915 2640 986 accipimus,
2666 931 2736 970 ne
2758 920 2813 971 et
2833 916 2890 970 in
2915 915 3035 970 haec
3056 929 3422 976 corruamus,
3445 909 3504 964 in
3527 925 3656 980 qua:
3677 922 3784 962 cte-

2127 1002 2236 1057 teri
2267 1009 2632 1060 corruerunt.
2658 1006 2760 1059 Est
2788 1010 2983 1059 autem
3010 1002 3364 1076 principium
3390 998 3688 1054 hodiernae
3712 994 3790 1049 le-

2127 1089 2356 1159 ctionis,
2391 1093 2532 1163 quia
2561 1098 2750 1148 vestes
2797 1111 2830 1148 a
2859 1093 2973 1148 Deo
3034 1090 3320 1163 acceperit
3344 1085 3694 1151 Jerusalem,
3728 1087 3790 1138 et

2127 1187 2325 1244 fecerit
2353 1206 2420 1244 ex
2453 1189 2543 1245 his
2570 1190 2681 1246 sibi
2705 1189 2903 1246 sutilia
2923 1190 3190 1261 quaedam
3212 1185 3546 1247 simulacra,
3583 1188 3642 1238 et
3663 1181 3791 1236 for-

2125 1276 2316 1332 nicata
2346 1278 2423 1334 sit
2452 1296 2627 1351 super
2649 1280 2752 1335 eis.
2777 1279 2855 1334 De
2881 1278 3096 1350 quibus
3121 1278 3292 1348 juxta
3331 1272 3790 1348 possibilitatem

2125 1381 2318 1420 meam
2344 1367 2402 1420 in
2427 1368 2603 1439 priori
2636 1384 2904 1423 sermone
2934 1365 3205 1436 disserui,
3239 1365 3454 1419 docens
3484 1361 3652 1428 istos,
3681 1357 3787 1430 qui

2130 1453 2464 1526 Scripturas
2493 1456 2771 1527 lacerant,
2804 1460 2861 1512 et
2893 1473 2926 1511 a
2977 1454 3169 1510 verbis
3196 1452 3372 1508 verba
3402 1450 3790 1519 disrumpunt

2131 1549 2479 1600 consuentes
2491 1562 2559 1599 ea
2570 1550 2625 1600 et
2637 1544 3040 1600 commentitia
3056 1544 3329 1614 dogmata
3341 1540 3786 1611 componentes,

2134 1632 2352 1687 servire
2381 1633 2574 1699 idolis,
2608 1651 2734 1705 quae
2766 1650 2968 1688 earum
3011 1632 3266 1688 vestibus
3296 1628 3634 1685 induerunt.
3667 1625 3790 1680 Non

2128 1721 2192 1773 in
2221 1720 2635 1776 tabernaculum
2663 1737 2848 1776 meum
2872 1721 3128 1787 intrabis,
3159 1721 3296 1789 foris
3323 1734 3400 1784 es,
3430 1720 3480 1772 et
3507 1716 3649 1785 foris
3673 1730 3793 1768 ma-

2127 1806 2300 1860 nebis.
2333 1806 2454 1862 Scit
2485 1807 2805 1879 Scriptura,
2853 1811 3086 1863 sanctos
3117 1806 3297 1872 intus,
3332 1808 3666 1876 peccatores
3697 1801 3790 1855 fo-

2123 1905 2163 1937 Α
2182 1893 2232 1949 is
2261 1909 2408 1950 esse.
2441 1895 2623 1967 Igitur
2648 1895 2999 1962 Jerusalem,
3033 1893 3169 1966 quia
3195 1893 3338 1948 talia
3362 1891 3517 1946 946
3548 1893 3790 1962 peccata

2131 1979 2446 2048 commisit,
2482 1987 2546 2036 ut
2577 1999 2691 2038 non
2725 1987 3017 2038 mereatur
3046 1982 3261 2036 intrare
3292 1977 3784 2052 repromissiones

2129 2067 2250 2135 Dei,
2283 2072 2340 2123 et
2367 2069 2598 2124 dicatur
2627 2070 2696 2125 ad
2730 2087 2857 2124 eam
2885 2086 2898 2125 :
2930 2071 2998 2124 Et
3026 2085 3136 2124 non
3167 2068 3434 2124 intrabis:
3467 2081 3787 2121 caveamus

2131 2172 2202 2212 ne
2235 2156 2380 2212 forte
2410 2163 2466 2212 et
2494 2157 2662 2213 nobis
2683 2158 2930 2225 dicatur,
2956 2163 3007 2213 et
3034 2174 3143 2214 non
3166 2156 3426 2223 intrabis,
3450 2157 3637 2225 Neque
3668 2153 3789 2222 ﬁet.

2131 2253 2254 2308 Non
2277 2259 2366 2309 est
2386 2254 2743 2326 completum
2769 2255 2897 2325 hoc,
2929 2255 3083 2326 quod
3111 2254 3326 2310 dicitur
3349 2270 3362 2310 :
3384 2268 3557 2323 neque
3575 2251 3699 2322 ﬁet,
3727 2255 3791 2306 et

2131 2343 2260 2399 ideo
2282 2344 2753 2399 subaudiendum
2776 2346 3128 2415 extrinsecus,
3153 2348 3217 2399 ut
3237 2359 3446 2400 sensus
3469 2340 3658 2414 possit
3685 2356 3788 2396 ex-

2133 2431 2300 2505 pleri.
2334 2433 2411 2487 Ea
2442 2449 2568 2504 quae
2598 2433 2703 2488 tibi
2735 2435 3088 2504 repromissa
3117 2435 3258 2488 sunt
3287 2432 3459 2496 bona,
3491 2434 3549 2485 et
3577 2446 3792 2502 accep-

2131 2525 2266 2576 tura
2294 2537 2444 2589 eras,
2473 2539 2585 2576 non
2619 2522 2777 2577 ﬁent.
2813 2521 3082 2592 Sequitur
3139 2520 3298 2575 aliud
3358 2518 3680 2575 delictum:
3718 2519 3799 2573 Et

2134 2611 2390 2680 accepisti
2413 2627 2545 2665 vasa
2573 2611 2988 2681 gloriﬁcationis
3017 2613 3131 2666 tuae
3157 2609 3221 2665 de
3250 2616 3473 2679 argento
3502 2615 3616 2674 tuo,
3649 2612 3706 2662 et
3727 2607 3796 2662 de

2133 2715 2270 2753 auro
2297 2702 2408 2768 tuo,
2439 2715 2510 2753 ea:
2538 2701 2734 2769 quibus
2776 2698 2900 2754 dedi
2922 2699 3044 2768 tibi,
3106 2703 3157 2752 et
3183 2699 3364 2768 fecisti
3387 2697 3489 2751 tibi
3517 2697 3796 2766 imagines

2132 2788 2483 2842 masculinas.
2518 2787 2852 2842 Secundum
2907 2801 3280 2842 communem
3312 2801 3551 2840 sensum
3581 2784 3670 2839 sic
3697 2784 3794 2839 in-

2136 2874 2317 2946 telligi
2337 2880 2527 2947 potest
2551 2892 2564 2930 :
2585 2879 2738 2930 Vasa
2754 2874 3216 2947 glorificationis,
3234 2873 3304 2928 de
3325 2872 3543 2944 quibus
3557 2875 3792 2944 Moyses

2135 2963 2438 3035 scripsitin
2453 2963 2739 3030 Numeris,
2754 2962 3073 3033 thuribula,
3099 2961 3346 3034 phialas,
3362 2960 3789 3016 candelabrum

2135 3069 2400 3120 aureum,
2433 3069 2626 3108 arcam
2651 3054 2722 3108 ab
2752 3053 2913 3107 intus
2938 3055 2996 3107 et
3019 3069 3053 3107 a
3085 3051 3224 3107 foris
3246 3051 3584 3106 deauralam
3618 3050 3792 3120 (Num

2134 3140 2276 3211 vm),
2311 3144 2369 3194 et
2397 3145 2602 3194 caetera
2633 3139 2860 3211 cepisti,
2892 3144 2948 3194 et
2981 3139 3243 3194 conflasti
3277 3155 3360 3207 ea,
3394 3143 3452 3193 et
3481 3138 3669 3193 fecisti
3699 3139 3789 3192 ef-

2136 3228 2300 3299 figies
2318 3227 2695 3297 masculinas,
2715 3233 2770 3283 et
2785 3227 3066 3282 fornicata
3077 3243 3139 3282 es
3152 3228 3209 3281 in
3225 3225 3328 3282 eis.
3349 3227 3686 3282 Secundum
3703 3225 3790 3281 al-

377 3317 689 3372 suscepero
721 3317 950 3356 omnem
978 3300 1299 3356 orationem
1325 3300 1566 3367 inimici,
1592 3300 1806 3355 dicitur
1836 3299 1981 3355 mihi
2007 3317 2020 3355 :
2055 3287 2097 3354 C
2135 3287 2414 3387 levgoriam
2447 3333 2578 3372 vero
2609 3287 2694 3371 ita:
2744 3315 3182 3388 εχριαηεώίωιιε
3214 3315 3367 3370 vasa
3396 3331 3574 3370 aurea
3600 3319 3660 3370 et
3689 3331 3785 3370 ar-

368 3390 623 3462 Effudisti
638 3391 1058 3461 fornicationem
1076 3393 1228 3444 tuam
1254 3391 1312 3444 in
1333 3391 1485 3444 omni
1512 3391 1769 3455 transitu,
1793 3397 1842 3444 et
1870 3405 2018 3444 acce-

363 3481 500 3551 pisti
522 3482 688 3534 vestes
711 3483 855 3544 tuas,
877 3483 929 3533 et
947 3479 1128 3549 fecisti
1148 3478 1247 3532 tibi
1268 3477 1416 3533 idola
1431 3476 1656 3533 sutilia.
1684 3483 1758 3532 De
1775 3477 1869 3532 his
1891 3477 2018 3549 qui-

372 3569 483 3624 bus
512 3571 568 3624 te
600 3567 821 3633 ornavi,
846 3567 1063 3638 quibus
1084 3567 1238 3622 946
1272 3566 1516 3638 pulchra
1539 3568 1687 3622 facta
1713 3583 1800 3634 es,
1832 3566 2018 3622 fecisti

379 3656 487 3712 tibi
517 3655 673 3712 idola
702 3655 918 3711 sutilia.
963 3655 1104 3710 Volo
1163 3655 1352 3710 adhuc
1383 3671 1688 3726 exponere,
1722 3672 1847 3726 qua:
1881 3659 2022 3710 sunt

374 3744 531 3800 idola
559 3744 778 3814 sutilis,
814 3760 940 3814 quae
972 3743 1210 3814 quidem
1255 3745 1326 3798 de
1354 3744 1612 3798 vestibus
1640 3747 2016 3798 consuerunt.

371 3833 572 3888 Vestes
603 3832 811 3887 divinae
843 3833 1155 3902 Scripturze
1181 3836 1339 3898 sunt,
1373 3837 1429 3888 et
1455 3848 1686 3897 sensus,
1712 3831 1812 3903 qui
1842 3836 1932 3886 est
1960 3831 2019 3886 in

380 3922 484 3977 eis.
517 3920 939 3978 Consciderunt
991 3920 1097 3976 has
1140 3924 1330 3975 vestes
1388 3920 1660 3987 haeretici,
1692 3925 1748 3975 et
1777 3937 2020 3976 consue-

372 4015 530 4075 runt,
554 4009 775 4065 dictum
798 4009 974 4080 dicto,
996 4011 1172 4064 verba
1191 4009 1384 4064 verbis
1407 4010 1747 4080 jungentes,
1779 4010 1877 4064 sed
1905 4026 2020 4063 non

371 4115 505 4153 cum
520 4099 880 4169 opportunaj
893 4102 1140 4152 unctura
1156 4102 1427 4168 aptaque,
1447 4102 1502 4152 et
1521 4102 1891 4168 consuentes,
1915 4097 2023 4152 im-

369 4185 467 4256 pia
487 4185 595 4240 sibi
619 4183 936 4240 simulacra
967 4184 1247 4250 fecerunt,
1273 4182 1488 4254 quibus
1510 4183 1820 4240 illexerunt
1839 4202 2020 4256 quos-

374 4274 509 4328 dam
545 4273 800 4338 credere,
832 4277 890 4326 et
919 4272 1247 4328 consentire
1269 4273 1341 4326 ad
1373 4271 1597 4328 cultum
1619 4290 1842 4341 eorum,
1876 4277 1935 4329 et
1955 4274 2019 4328 fi-

373 4366 524 4416 ctam
556 4361 854 4432 suscipere
884 4360 1278 4432 diseiplinam.
1334 4360 1488 4416 Deus
1517 4378 1650 4417 vero
1681 4379 1884 4418 omnes
1914 4379 2019 4418 nos

373 4452 444 4507 ab
476 4451 568 4506 bis
599 4454 656 4506 et
685 4449 819 4505 aliis
849 4450 1182 4506 simulacris
1231 4450 1456 4521 liberet,
1484 4454 1550 4506 ut
1579 4452 2024 4524 magniﬁcemur

374 4543 434 4594 in
458 4539 688 4595 Christo
708 4539 870 4605 Jesu,
897 4539 990 4595 cui
1009 4544 1094 4596 est
1117 4538 1302 4612 gloria
1324 4544 1380 4595 et
1396 4539 1710 4613 imperium
1730 4541 1788 4596 in
1812 4540 2022 4597 saecula

376 4629 745 4686 saeculorum.
777 4630 982 4684 Amen.

877 4751 1182 4807 HOMILIA
1222 4751 1537 4807 SEPTIMA

381 4847 457 4897 De
479 4856 546 4896 eo
564 4842 732 4914 quod
767 4840 983 4914 dicitur
1009 4858 1020 4896 :
1057 4842 1288 4914 Sumens
1337 4841 1403 4895 de
1433 4843 1763 4897 vestimentis
1789 4844 1926 4897 meis
1947 4845 2037 4914 fe-

451 4913 573 4968 cisti
602 4913 704 4967 tibi
731 4913 943 4968 excelsa
971 4913 1101 4967 hinc
1123 4913 1253 4968 inde
1274 4921 1494 4968 consula
1515 4929 1704 4985 usque
1725 4931 1743 4968 :
1775 4915 1839 4968 Et
1868 4930 1937 4969 ne
1950 4913 2038 4969 sic

452 4985 657 5040 satiata
684 5001 737 5040 es
769 4985 932 5057 (Gap.
969 4987 1108 5053 xvr).

456 5108 607 5164 945
629 5106 941 5180 Catalogus
960 5111 1328 5184 peccatorum
1347 5106 1694 5174 Jerusalem,
1718 5112 2039 5180 utcumque

387 5197 564 5270 fuerit
578 5195 1184 5261 intellectus,a:diﬁcat
1198 5196 1552 5252 audientem.
1570 5197 1867 5260 Quomodo
1881 5198 2038 5252 enim

392 5286 440 5341 si
470 5287 529 5341 in
560 5285 734 5340 domo
761 5301 868 5340 sua
888 5285 1201 5357 quenpiam
1229 5286 1298 5339 de
1321 5284 1544 5339 familia
1562 5285 1846 5341 Dominus
1867 5285 2041 5341 corri-

392 5375 532 5448 piat,
565 5378 622 5430 et
652 5378 889 5446 peccata
919 5375 1045 5445 ejus
1091 5377 1362 5446 exponat,
1394 5372 1545 5428 alius
1577 5374 1676 5445 qui
1710 5391 1894 5445 nuper
1917 5391 2039 5430 em-

392 5467 528 5536 ptus
562 5467 653 5518 est
683 5478 908 5529 servus,
940 5463 1144 5518 videns
1167 5463 1349 5534 patris
1377 5461 1612 5516 familiae
1643 5462 2038 5534 disciplinam,

391 5567 521 5622 quae
542 5549 756 5622 culpet,
790 5567 988 5621 quaeve
1017 5549 1329 5618 collaudat,
1364 5549 1678 5605 instruitur
1707 5552 1777 5606 ad
1810 5568 1924 5607 non
1959 5553 2042 5606 fa-

391 5638 597 5694 cienda
619 5655 688 5694 ea
717 5655 842 5711 quae
890 5639 1112 5710 priores
1165 5640 1351 5694 fecere
1411 5639 1695 5711 conservi,
1743 5647 1801 5696 et
1831 5643 1903 5697 ad
1938 5642 2044 5697 hoc

395 5727 555 5787 omni
583 5725 780 5792 labore
801 5728 1059 5798 festinat,
1083 5731 1148 5790 ut
1163 5743 1230 5790 ea
1250 5727 1557 5804 faciat,per
1575 5745 1702 5804 quis
1723 5729 1822 5790 alii
1857 5731 2038 5790 hono-

2129 3411 2354 3476 gentea,
2387 3404 2445 3458 id
2475 3409 2582 3472 est,
2616 3403 2940 3472 thurihula,
2995 3403 3224 3476 phialas
3254 3407 3310 3458 et
3339 3407 3549 3458 caetera
3574 3403 3787 3458 istius-

2131 3493 2284 3548 modi
2304 3492 2589 3548 habemus
2605 3492 2663 3546 in
2683 3493 2865 3548 sacris
2879 3491 3089 3548 litteris
3109 3510 3122 3560 ;
3145 3490 3378 3562 quando
3397 3507 3533 3564 ergo
3555 3499 3792 3562 torque-

2131 3599 2263 3637 mus
2292 3597 2502 3636 sensus
2531 3579 2840 3652 Scripturae
2870 3580 2929 3634 in
2979 3581 3227 3635 alterum
3260 3596 3521 3645 sensum,
3556 3579 3656 3651 qui
3689 3583 3786 3634 est

2130 3671 2455 3725 contrarius
2484 3669 2730 3740 veritati,
2762 3670 2938 3724 verba
2965 3669 3162 3724 divina
3189 3669 3530 3737 conﬂamus,
3562 3675 3618 3721 et
3647 3684 3782 3723 res-

2129 3759 2230 3814 Dei
2261 3758 2322 3812 in
2353 3758 2497 3813 alias
2519 3763 2819 3813 mutamus
2839 3758 3082 3830 efﬁgies.
3117 3758 3253 3821 Quae
3275 3756 3540 3812 facientes
3562 3755 3780 3811 incidi-

2131 3865 2265 3903 mus
2278 3848 2334 3902 in
2350 3852 2674 3919 peccatum,
2688 3846 2843 3917 quod
2863 3863 3016 3901 nunc
3033 3847 3407 3902 commiserat
3420 3843 3749 3900 Jerusalem
3764 3890 3777 3902 .

2129 3937 2282 3992 Vasa
2309 3934 2746 4008 gloriﬁcationis
2795 3939 3007 3991 nostra)
3065 3939 3202 3990 sunt
3233 3934 3325 3990 lex
3354 3938 3412 3990 et
3440 3933 3776 4006 prophetae;

2130 4050 2306 4106 super
2319 4032 2411 4088 his
2426 4031 2811 4099 exsultamus,
2829 4031 2890 4087 in
2908 4031 3000 4087 his
3017 4031 3331 4087 efferimur.
3351 4031 3507 4096 Quos
3522 4047 3660 4086 cum
3679 4031 3781 4087 ali-

2129 4128 2218 4178 ter
2244 4121 2591 4192 exponimus
2621 4121 2795 4190 947,
2831 4136 3009 4191 quam
3058 4137 3120 4176 se
3166 4121 3380 4175 veritas
3410 4119 3610 4188 habet,
3643 4135 3787 4176 con-

2129 4211 2407 4266 vertimus
2439 4225 2575 4263 vasa
2621 4208 3061 4279 glorificationis
3083 4213 3293 4263 nostra:
3323 4208 3394 4263 de
3425 4213 3667 4280 argento
3692 4226 3785 4264 ra-

2129 4297 2414 4373 tionabili,
2434 4301 2491 4352 et
2505 4297 2575 4352 de
2592 4313 2734 4352 auro
2753 4297 3038 4364 sensibili,
3057 4297 3213 4368 quod
3233 4297 3402 4352 nobis
3419 4297 3582 4352 dedit
3595 4302 3747 4354 Deus
3773 4315 3791 4366 ;

2127 4393 2184 4445 et
2205 4386 2450 4443 facimus
2469 4385 2635 4442 nobis
2650 4385 2938 4457 imagines
2956 4385 3335 4452 masculinas,
3357 4389 3414 4440 et
3431 4386 3803 4442 fornicamur

2131 4495 2195 4548 In
2227 4477 2330 4531 eis.
2355 4474 2633 4546 Sequitur
2655 4492 2668 4532 :
2688 4475 2959 4543 Accepisti
2982 4477 3297 4530 vestimenta
3319 4475 3479 4530 varia
3500 4483 3550 4530 et
3569 4479 3804 4546 operui-

2127 4567 2200 4621 sti
2229 4565 2350 4620 illa.
2385 4562 2560 4619 Varia
2587 4563 2765 4619 vestis
2798 4568 2923 4619 est:
2956 4567 3014 4618 et
3060 4563 3201 4618 hinc
3247 4579 3404 4619 unus
3435 4563 3508 4618 de
3535 4561 3813 4635 Scriptu-

2051 4653 2099 4717 D
2130 4653 2210 4710 ris
2241 4652 2427 4721 locus,
2456 4668 2571 4723 quo
2597 4651 2921 4720 induimur,
2947 4657 3317 4708 assumentes
3343 4651 3567 4708 viscera
3586 4651 3810 4708 miser-

2144 4741 2374 4808 cordiae,
2406 4740 2804 4812 benignitatis,
2865 4739 3243 4808 humilitatis,
3303 4739 3812 4809 mansuetudinis,

2145 4829 2628 4900 longanimitatis,
2662 4830 2731 4884 ad
2754 4828 3154 4884 suﬂ‘erendum
3179 4828 3445 4884 invicem.
3473 4828 3587 4883 Has
3607 4827 3813 4884 varias

2145 4924 2358 4987 vestes,
2391 4923 2448 4974 et
2477 4917 2752 4990 pulchros
2775 4918 3045 4985 amictus,
3069 4934 3218 4990 quos
3240 4917 3410 4974 nobis
3438 4917 3694 4989 largitus
3715 4922 3815 4974 est

2146 5008 2319 5076 Deus,
2345 5008 2394 5064 si
2415 5007 2762 5072 laceramus,
2787 5011 2962 5079 atque
2985 5007 3450 5077 conscindimus,
3468 5010 3527 5062 et
3546 5005 3811 5062 circum-

2147 5097 2358 5152 damus
2390 5095 2547 5151 falsa
2579 5095 2853 5151 doctrinae
2906 5096 2978 5150 ad
3031 5095 3434 5168 deceptionem
3466 5093 3814 5163 hominum,

2149 5203 2260 5241 non
2277 5185 2522 5240 dubium
2536 5184 2792 5256 est,quin
2805 5183 2982 5239 variis
2993 5185 3255 5241 vestibus
3268 5185 3602 5257 operiamus
3618 5181 3812 5239 idola.

2151 5282 2443 5354 Intelliges
2467 5287 2662 5339 autem
2687 5281 2795 5336 hoc
2811 5281 2966 5352 quod
2989 5281 3226 5349 dicitur,
3249 5281 3298 5336 si
3322 5282 3512 5354 ipsam
3532 5295 3658 5336 rem
3687 5295 3820 5336 ma.

2150 5371 2420 5428 nifestius
2439 5369 2862 5427 describamus.
2884 5369 3030 5425 Vide
3048 5369 3190 5425 mihi
3211 5369 3467 5441 aliquem
3490 5368 3819 5424 Marcioni-

2151 5466 2325 5528 stam,
2349 5460 2469 5516 sive
2489 5457 2846 5531 discipulum
2867 5457 3177 5525 Valentini,
3203 5464 3304 5513 aut
3322 5462 3474 5513 certe
3491 5455 3824 5528 cujuslibet

2151 5549 2389 5605 haeresis
2419 5549 2804 5617 defensorem,
2837 5550 2894 5602 et
2945 5547 3272 5614 considera,
3319 5545 3615 5618 quomodo
3647 5542 3820 5600 idola

2152 5655 2280 5705 sua,
2316 5638 2373 5693 id
2404 5642 2515 5703 est,
2547 5636 2826 5709 ﬁgmenta
2855 5651 2982 5707 quae
3005 5636 3128 5706 ipse
3151 5634 3501 5707 composuit,
3533 5648 3821 5690 mansue-

2153 5727 2357 5787 tudine
2380 5732 2438 5786 et
2465 5725 2750 5801 castitate,
2776 5723 3002 5801 vestiat,
3036 5728 3100 5783 ut
3136 5724 3198 5786 in
3226 5739 3399 5786 aures
3428 5723 3821 5790 audientium
