3994 6188
263 330 388 391 745

678 328 1178 393 TRANSLATIO
1220 325 1726 392 HOMILIARUM
1769 324 2137 389 ORIGENIS
2180 325 2263 388 IN
2308 326 2833 393 EZEGHIELEM.
2879 328 3075 417 ΗΘΜ.
3119 329 3253 396 VII.

3546 331 3673 395 τισ

260 438 497 519 facilius
525 478 595 518 ex
622 462 750 518 vitae
771 462 1030 520 bonitate
1051 465 1294 519 ornatus
1323 477 1515 518 sermo
1536 459 1912 532 subrepat.Et
1939 463 1994 526 Α
2025 458 2340 530 quaerimus
2362 460 2529 517 nobis
2549 460 2890 533 culpabiles,
2911 463 2983 519 ad
3013 462 3431 533 aemulandum,
3446 468 3512 520 ut
3530 461 3679 522 cum?

259 567 396 606 cum
428 551 540 607 hoc
569 552 789 617 fecerit,
820 551 1078 625 intellige
1106 568 1241 607 eum
1272 549 1667 623 assumpsisse
1695 552 1915 605 vestem

257 639 484 695 variam
515 655 771 706 morum,
795 644 852 696 et
881 640 1345 697 conversationis
1378 638 1633 711 Optimae,
1653 642 1711 693 et
1740 637 1914 693 idolis

255 727 602 797 subjecisse,
635 744 764 799 quae
804 727 931 800 ipse
962 727 1309 785 construxit.
1340 730 1419 782 Ac
1443 728 1615 799 juxta
1645 726 1759 781 mei
1790 725 1916 797 qui-

253 815 388 870 dem
423 815 607 871 animi
650 832 894 872 sensum
926 816 1112 888 multo
1145 816 1445 872 nocentior
1473 820 1563 871 est
1608 815 1915 870 haereticus

253 913 421 969 bonae
444 913 594 983 vitae,
609 917 667 969 et
696 913 829 986 plus
852 914 913 968 in
944 914 1209 969 doctrina
1229 930 1338 968 sua
1357 913 1529 969 habet
1550 911 1915 968 auctoritatis

252 1018 343 1068 eo,
376 1001 482 1074 qui
511 1002 840 1058 doctrinam
868 1002 1309 1059 conversatione
1328 1001 1599 1057 maculet.
1627 1001 1735 1067 Qui
1758 1000 1913 1056 enim

249 1090 379 1145 vitae
414 1091 687 1164 pessima:
708 1096 818 1159 est,
853 1108 970 1147 non
995 1091 1163 1147 facile
1192 1091 1462 1147 homines
1483 1090 1554 1145 ad
1578 1089 1794 1153 falsum
1817 1090 1915 1146 do-

252 1195 387 1252 gma
406 1179 821 1247 sollicitat,nec
841 1185 1033 1252 potest
1052 1197 1154 1252 per
1171 1180 1443 1235 umbram
1464 1179 1791 1235 sanctitatis
1809 1195 1909 1234 au-

251 1267 545 1323 dientium
576 1268 843 1341 decipere
863 1268 1320 1340 simplicitatem.
1346 1268 1454 1332 Qui
1484 1284 1616 1323 vero
1643 1282 1913 1323 sermone

249 1373 567 1430 perversus
597 1361 776 1423 est,et
804 1357 1132 1429 disciplinis
1147 1356 1320 1412 saluti
1347 1356 1696 1424 contrarius,
1716 1372 1913 1412 mores

251 1448 452 1501 autem
473 1445 833 1518 compositos
852 1450 910 1501 et
930 1450 1165 1502 ornatos
1188 1445 1381 1513 habet,
1399 1445 1544 1500 nihil
1571 1444 1707 1500 facit
1726 1444 1910 1513 aliud,

250 1534 365 1590 nisi
399 1534 615 1606 accipit
645 1535 993 1591 indumenta
1021 1535 1181 1590 varia
1212 1535 1480 1598 instituti
1512 1534 1649 1589 boni
1681 1539 1739 1589 et
1771 1550 1912 1589 con-

248 1622 602 1679 versationis
653 1629 860 1696 quem,
894 1628 951 1679 et
981 1625 1309 1679 circumdat
1336 1640 1404 1679 ea
1447 1621 1619 1678 idolis
1668 1622 1813 1689 suis,
1848 1626 1914 1676 ut

252 1713 449 1785 magis
469 1712 721 1785 decipiat
750 1712 1076 1769 audientes.
1098 1712 1311 1769 Idcirco
1334 1710 1580 1769 sollicite
1603 1727 1911 1766 caveamus

2024 548 2292 605 dicamus
2325 567 2337 604 :
2373 548 2473 605 llle
2520 551 2705 618 docet,
2736 555 2796 607 et
2842 551 2933 607 his
2983 567 3110 624 quae
3140 552 3324 624 docet,
3357 553 3496 610 facit
3542 554 3671 626 ipse

2025 637 2331 703 contraria,
2363 639 2673 694 adversum
2720 644 3074 713 praceptum
3116 640 3349 699 Domini
3396 641 3668 710 facimus,

2024 726 2123 797 qui
2166 727 2464 783 mandavit
2510 727 2806 785 doctrinas
2837 729 3253 802 magistrorum
3302 731 3494 804 magis
3536 746 3670 786 con-

2024 814 2265 870 siderari
2317 816 2546 883 debere,
2579 833 2757 888 quam
2804 817 2971 873 vitas.
3004 818 3134 873 Haec
3182 818 3433 876 dicimus
3476 820 3548 877 de
3576 834 3677 891 eo,

2023 905 2178 974 quod
2211 904 2497 977 scriptum
2546 909 2636 961 est
2666 922 2680 960 :
2713 906 2978 977 Arcepisti
3003 914 3200 964 vestem
3225 909 3393 963 'tuam
3433 911 3668 966 versico-

2024 992 2212 1063 lorem,
2271 996 2321 1048 et
2368 995 2632 1066 aperuisti
2676 995 2799 1057 illa.
2859 996 2912 1050 id
2974 1000 3065 1052 est
3114 1012 3249 1052 vasa
3294 996 3672 1069 gloriﬁcatio-

2022 1080 2137 1147 nis,
2168 1099 2294 1154 quae
2326 1082 2383 1137 in
2435 1082 2586 1139 idola
2635 1084 3030 1140 commutasti.
3065 1084 3345 1157 Sequitur
3375 1101 3390 1141 :
3421 1085 3576 1142 949
3604 1091 3677 1144 Et

2021 1171 2200 1226 oleum
2245 1187 2448 1240 meum,
2497 1183 2549 1228 et
2596 1173 2880 1228 incensum
2925 1188 3110 1229 meum
3144 1175 3383 1245 posuisti
3430 1178 3560 1231 ante
3586 1177 3675 1247 fad-

2021 1260 2159 1315 ciem
2204 1275 2393 1315 eorum
2439 1261 2619 1332 (Apoc.
2670 1265 2814 1329 vm).
2864 1261 3165 1334 Scriptura
3207 1262 3472 1331 docente,
3520 1262 3683 1319 didi~

2022 1348 2232 1419 cimus,
2290 1348 2427 1420 quia
2474 1353 2812 1405 sanctorum
2856 1350 3041 1406 oratio
3083 1350 3160 1406 it
3204 1350 3535 1407 incensum.
3577 1351 3689 1408 Ait]
3717 1348 3732 1360 ’

2022 1436 2176 1492 enim
2223 1454 2236 1492 :
2288 1439 2573 1493 Inrensum
2620 1441 2805 1493 autem
2851 1441 3124 1495 orationes
3164 1444 3481 1496 sanctorum
3522 1448 3672 1497 sunt.

2022 1534 2082 1589 Si
2112 1550 2249 1607 ergo
2294 1535 2553 1591 instituti
2582 1536 2653 1590 ad
2685 1534 3009 1592 orationem
3041 1553 3175 1593 cum
3217 1536 3379 1593 illam
3427 1542 3544 1593 Deo
3573 1538 3674 1594 de-

2022 1623 2263 1678 beamus
2305 1623 2529 1690 oil‘erre,
2572 1623 2631 1678 id
2681 1628 2789 1694 est,
2823 1628 2936 1679 Deo
2987 1624 3134 1698 legis
3164 1629 3223 1681 et
3252 1625 3689 1698 Prophetarum‘

2025 1713 2136 1768 Deo
2168 1712 2483 1778 Abraham,
2506 1717 2628 1768 Deo
2660 1713 2838 1780 Isaac,
2871 1713 2988 1769 Deo
3014 1714 3215 1782 Jacob,
3245 1719 3306 1770 et
3339 1714 3495 1771 Patri
3524 1715 3685 1772 Jesu‘

255 1800 580 1871 haereticos,
611 1802 713 1874 qui
740 1801 1199 1858 conversationis
1221 1800 1457 1873 optimas
1486 1803 1645 1871 sunt,
1661 1815 1910 1871 quorum
1940 1831 1989 1896 B
2019 1800 2233 1857 Christi
2251 1801 2574 1872 offerimus,
2593 1819 2720 1874 qua:
2739 1800 2851 1874 ipsi
2867 1802 3583 1874 conﬁnximus,intantum
3601 1807 3670 1859 ut

253 1887 410 1945 forte
430 1889 606 1946 vitam
638 1907 754 1946 non
786 1894 908 1945 tam
933 1891 1084 1945 Deus
1111 1906 1289 1961 quam
1319 1887 1589 1944 diabolus
1611 1888 1907 1944 instruxit.

251 1976 401 2032 Nam
420 1978 715 2050 quomodo
732 1979 1023 2050 quasdam
1040 1976 1343 2033 illecebras
1360 1993 1630 2033 escarum
1654 1992 1911 2048 aucupes

250 2070 612 2138 proponunt,
628 2072 691 2122 ut
719 2065 946 2122 facilius
976 2083 1111 2122 aves
1133 2065 1366 2138 capiant
1389 2082 1492 2137 per
1512 2063 1909 2122 oblectamen-

250 2158 375 2210 tum
409 2154 587 2227 gulae,
618 2154 702 2211 sic
732 2156 821 2227 (ut
849 2154 1129 2211 audacius
1155 2154 1371 2226 dicam)
1402 2158 1492 2211 est
1520 2154 1788 2225 quasdam
1815 2170 1909 2209 ca-

249 2244 423 2299 stitas
470 2242 712 2313 diaboli,
744 2244 802 2299 id
861 2247 970 2309 est,
995 2242 1268 2315 decipula
1297 2242 1569 2298 humanae
1603 2242 1913 2308 animae,ut

249 2348 355 2403 per
372 2329 549 2388 istius
572 2331 731 2387 modi
750 2332 1102 2402 castitatem,
1124 2336 1180 2387 et
1200 2331 1739 2399 mansuetudinem,
1753 2335 1811 2385 et
1819 2331 1913 2399 ju-

253 2420 333 2476 sti
342 2421 505 2493 tiam,
528 2420 718 2492 possit
747 2419 978 2476 facilius
1008 2436 1232 2493 capere,
1256 2424 1314 2476 et
1346 2418 1508 2475 falsis
1538 2418 1911 2475 sermonibus

246 2510 500 2565 irretire.
536 2509 792 2565 Diversis
821 2508 1091 2565 diabolus
1120 2512 1343 2582 pugnat
1369 2508 1524 2563 948
1558 2506 1812 2577 insidiis,
1846 2509 1912 2561 ut

248 2606 541 2664 miserum
574 2608 779 2680 perdat
802 2607 1125 2674 hominem,
1160 2612 1217 2663 et
1245 2607 1459 2662 bonam
1502 2604 1675 2660 malis
1704 2603 1912 2659 tribuit

242 2696 433 2752 vitam
464 2697 539 2752 ad
564 2696 938 2769 decipiendos
959 2696 1241 2763 videntes,
1267 2699 1324 2750 et
1354 2693 1569 2750 malam
1591 2693 1761 2749 bonis
1784 2694 1912 2748 inu-

242 2786 328 2841 rit
357 2784 963 2841 conscientiam.Mihi
992 2784 1239 2857 ipsi,qui
1264 2783 1323 2838 in
1356 2781 1616 2838 Ecclesia
1635 2780 1906 2853 praedico,

238 2876 494 2947 laqueos
516 2890 670 2946 saepe
688 2874 967 2940 tendit,ut
988 2878 1171 2929 totam
1194 2871 1507 2928 Ecclesiam
1531 2889 1600 2927 ex
1621 2887 1750 2926 mea
1771 2887 1907 2945 con-

237 2964 579 3021 versatione
608 2963 947 3019 cont'undat.
983 2964 1052 3018 Et
1103 2962 1233 3017 ideo
1265 2961 1397 3035 plus
1429 2962 1511 3032 hi,
1547 2960 1647 3033 qui
1679 2965 1819 3016 sunt
1848 2959 1908 3014 in

241 3052 469 3120 medio,
487 3056 906 3124 oppugnantur
925 3052 997 3107 ab
1014 3051 1345 3118 inimico,ut
1365 3067 1464 3123 per
1485 3055 1717 3106 ruinam
1733 3049 1909 3105 unius

237 3141 534 3208 hominis,
555 3158 679 3213 quae
698 3141 869 3221 celari
893 3158 1008 3196 non
1027 3143 1238 3212 potest,
1262 3139 1537 3195 omnibus
1561 3137 1905 3194 scandalum

2022 1889 2327 1945 incensum
2359 1891 2460 1946 Dei
2492 1906 2890 1963 proponamus
2920 1889 3118 1960 idolis,
3151 1891 3399 1948 facimus
3429 1892 3491 1948 id
3511 1890 3670 1964 quod

2020 1978 2237 2033 dicitur
2281 1978 2342 2033 in
2399 1979 2733 2049 praesenti:
2795 1979 2986 2035 Oleum
3040 1995 3244 2050 meum,
3272 1981 3337 2048 {et
3387 1981 3687 2036 incensunr

2018 2083 2203 2123 meum
2224 2067 2458 2139 posuisti
2483 2072 2610 2124 ante
2636 2069 2838 2139 faciem
2865 2083 3073 2126 eorum.
3106 2068 3327 2125 Verum
3356 2068 3471 2125 iste
3495 2069 3567 2125 de
3586 2067 3673 2125 in.

2020 2172 2194 2213 censo
2225 2156 2303 2211 sit
2329 2155 2681 2212 intellectus.
2706 2157 2855 2222 Quid
2885 2158 3371 2229 respondebimus
3400 2159 3473 2214 de
3495 2156 3677 2214 oleo?

2021 2253 2227 2308 Oleum
2257 2256 2366 2317 est,
2398 2269 2512 2320 quo
2541 2253 2628 2308 vir
2657 2258 2898 2309 sanctus
2921 2254 3183 2328 ungitur,
3215 2255 3409 2311 oleum
3431 2254 3671 2328 Christi,

2021 2341 2212 2396 oleum
2235 2345 2447 2396 sanctae
2470 2341 2915 2397 doctrinmﬂum
2938 2358 3075 2415 ergo
3097 2343 3320 2415 accepit
3335 2343 3551 2416 aliquis
3563 2343 3696 2401 boc’

2020 2429 2366 2501 oleum,quo
2396 2430 2636 2502 ungitur
2667 2434 2930 2500 sanctus,
2952 2431 3011 2485 id
3035 2436 3125 2486 est
3152 2432 3515 2503 Scripturam
3540 2447 3674 2488 san-

2020 2522 2175 2574 ctam
2200 2519 2607 2574 instituentem
2629 2519 2924 2589 quomodo
2945 2523 3248 2590 opporteat
3268 2520 3547 2591 baptizari
3570 2538 3588 2574 :
3609 2519 3693 2575 ιηῖ

2017 2610 2240 2663 nomine
2267 2608 2469 2674 Patris,
2502 2610 2553 2662 et
2580 2608 2731 2676 Filii,
2764 2615 2816 2663 et
2845 2607 3088 2680 Spiritus
3128 2610 3305 2664 sancti
3333 2626 3353 2663 :
3401 2611 3459 2665 et
3486 2622 3689 2681 pausat

2020 2700 2389 2752 commutans
2440 2695 2668 2751 unxerit
2715 2696 3075 2768 quempiam,
3130 2699 3187 2752 et
3234 2696 3693 2769 quodammodo

2019 2785 2227 2840 dixerit
2257 2802 2271 2840 :
2304 2786 2432 2841 Jam
2468 2801 2584 2840 non
2616 2801 2679 2841 es
2717 2785 3194 2856 catechumenus,
3226 2789 3577 2841 consecutus
3605 2800 3693 2842 es"

2019 2872 2313 2928 lavacrum
2336 2874 2604 2929 secundae
2626 2872 3019 2945 generationis
3053 2890 3067 2928 :
3101 2873 3232 2929 talis
3263 2873 3439 2930 homo
3461 2874 3674 2947 accipit

2018 2961 2210 3017 oleum
2248 2962 2363 3028 Dei,
2399 2966 2455 3017 et
2483 2963 2811 3031 incensum,
2843 2966 2899 3018 et
2926 2962 3091 3034 ponit
3118 2962 3263 3018 illud
3292 2967 3428 3019 ante
3459 2962 3691 3019 faciem-

2018 3050 2330 3106 idolorum.
2362 3052 2427 3106 Et
2468 3068 2642 3122 panes
2678 3068 2844 3119 meos,
2876 3068 3007 3123 quos
3053 3052 3179 3107 dedi
3220 3053 3349 3119 tibi,
3380 3053 3591 3120 simila,
3620 3054 3674 3108 et

2017 3141 2285 3198 melle.‘et
2329 3141 2446 3196 oleo
2492 3141 2669 3196 cibavi
2715 3144 2781 3196 te.
2817 3142 2959 3197 Ecce
3008 3158 3186 3214 panes
3237 3142 3424 3198 nostri
3474 3136 3695 3197 simila"

238 3199 1905 3301 ﬁat,etimpediaturﬁdespe‘rconversationempessimam
1937 3199 1980 3265 (ἶ
2019 3228 2414 3285 mundissima
2442 3229 2500 3284 in
2523 3229 2924 3301 Scripturis,et
2953 3199 3127 3286 mella
3155 3247 3331 3303 apum
3354 3230 3672 3303 Propheta-

238 3320 598 3376 clericorum
634 3316 850 3384 omnia,
886 3322 951 3373 ut
998 3318 1278 3382 diximus,
1311 3316 1580 3372 diabolus
1609 3320 1903 3389 operatur,

2014 3335 2167 3373 rum.
2201 3320 2321 3374 Ista
2349 3319 2549 3374 omnia
2570 3318 2729 3374 dedit
2759 3319 2930 3374 nobis
2966 3324 3134 3387 Deus,
3159 3325 3217 3375 et
3236 3319 3451 3375 cibavit
3470 3335 3577 3375 nos
3598 3319 3671 3375 de

237 3422 296 3472 et
327 3434 400 3473 ea
428 3433 563 3487 qua:
612 3415 881 3472 videntur
909 3432 1039 3471 esse
1068 3416 1241 3481 bona,
1274 3431 1378 3471 nec
1429 3418 1567 3470 sunt
1597 3418 1653 3469 et
1681 3430 1749 3470 ea
1779 3431 1907 3486 quae
2015 3406 2268 3479 panibus
2312 3407 2752 3479 Prophetarum,
2798 3412 2856 3462 et
2903 3407 2973 3463 de
3023 3407 3221 3462 simila
3267 3409 3457 3481 Legis,
3498 3406 3673 3463 melle

241 3522 347 3577 per
366 3509 651 3560 naturam
682 3520 852 3560 suam
883 3503 1039 3560 mala
1070 3509 1229 3570 sunt,
1251 3504 1449 3559 omnia
1471 3504 1780 3558 adversum
1807 3503 1911 3558 hu-

241 3610 490 3649 manam
506 3597 941 3649 commentatur
958 3592 1240 3648 animam.
1266 3592 1430 3648 Unde
1452 3591 1554 3663 qui
1584 3606 1784 3647 curam
1808 3591 1909 3646 ha-

241 3683 345 3738 bet
373 3680 507 3736 vitaa
536 3698 676 3747 suae,
696 3698 885 3753 neque
916 3681 1367 3737 mansuetudine
1388 3680 1795 3736 haereticorum
1817 3696 1911 3735 ca-

243 3771 374 3843 pitu
384 3770 513 3837 r,ad
538 3770 1024 3825 consentiendum
1039 3770 1316 3826 doctrina:
1332 3786 1531 3825 eorum
1543 3784 1753 3840 ,neque
1765 3767 1914 3824 meis

246 3859 507 3930 delictis,
526 3859 628 3931 qui
658 3859 857 3914 videor
890 3858 947 3913 in
973 3859 1233 3915 Ecclesia
1264 3859 1600 3931 praedicare,
1625 3856 1913 3913 scandali-

248 3947 530 4014 zabitur;
571 3948 671 4004 sed
726 3946 924 4019 ipsum
976 3948 1189 4020 dogma
1240 3946 1641 4014 considerans,
1690 3948 1912 4018 pertra-

247 4041 428 4093 ctans
458 4035 720 4092 Ecclesiae
754 4037 991 4108 ﬁdem,a
1020 4054 1115 4092 me
1143 4036 1382 4108 quidem
1414 4034 1800 4101 aversabitur,
1820 4035 1914 4091 do-

246 4126 509 4182 ctrinam
521 4142 654 4180 vero
668 4112 1232 4198 suspiciet,secundu
1243 4143 1299 4180 m
1316 4129 1667 4197 praeceptum
1681 4124 1913 4179 Domini

247 4214 355 4285 qui
384 4213 469 4270 ait
500 4231 514 4269 :
549 4214 724 4286 Super
768 4214 1083 4271 cathedram
1112 4214 1281 4287 Moysi
1308 4214 1566 4270 sederunt
1615 4213 1822 4271 Scriba:
1865 4218 1917 4269 et

247 4304 559 4360 Pharisaei.
593 4303 789 4359 Omnia
834 4320 1183 4377 quaecumque
1211 4304 1364 4360 vobis
1411 4304 1621 4370 dicunt,
1652 4303 1837 4358 audite
1864 4305 1917 4358 et

246 4396 424 4464 facile
453 4410 473 4447 :
494 4392 667 4462 juxta
695 4409 858 4464 opera
886 4399 1075 4449 autem
1104 4393 1330 4448 illorum
1361 4393 1530 4448 nolite
1556 4395 1739 4463 facere
1776 4409 1788 4447 :
1830 4390 1916 4446 di-

248 4485 390 4537 cunt
420 4482 645 4553 quippe,
673 4484 725 4537 et
752 4498 863 4537 non
890 4484 1105 4553 faciunt
1135 4481 1347 4553 (Matth.
1372 4481 1559 4553 χχιιι).
1588 4482 1704 4537 Iste
1724 4496 1917 4536 sermo

2019 3495 2331 3569 Evangelii,
2351 3514 2383 3552 e
2412 3496 2629 3568 quibus
2661 3495 2835 3551 cibati
2869 3495 3144 3567 ponimus
3173 3497 3374 3552 eadem
3407 3497 3534 3568 ipsa
3548 3495 3671 3551 ido-

2018 3585 2111 3641 lis.
2127 3586 2272 3640 Cum
2290 3585 2447 3641 enim
2477 3602 2546 3641 ex
2566 3585 2857 3659 dogmatis
2914 3583 3078 3640 falsis
3096 3584 3352 3641 volentes
3373 3599 3674 3641 assumere

2020 3672 2439 3744 defensionem,
2471 3673 2811 3739 dixerimus,
2836 3672 3120 3742 scriptum
3151 3676 3240 3728 est
3269 3673 3330 3727 in
3362 3672 3671 3745 propheta,

2018 3775 2267 3827 testatur
2292 3772 2537 3843 Moyses,
2569 3770 2830 3841 loquitur
2858 3769 3194 3842 Apostolus,
3227 3770 3370 3842 quid
3401 3768 3560 3826 aliud
3585 3769 3696 3826 fa-'

2021 3861 2233 3929 cimus,
2266 3877 2444 3931 quam
2477 3860 2829 3931 accipientes
2877 3876 3054 3931 panes
3082 3859 3362 3930 veritatis,
3395 3857 3674 3932 proponi-

2023 3967 2155 4006 mus
2200 3966 2300 4005 eos
2343 3948 2701 4019 simulacris,
2735 3965 2862 4021 qua:
2901 3947 3017 4020 ipsi
3061 3947 3391 4004 ﬁnximus?
3418 3947 3673 4004 Marcion

2023 4039 2158 4111 fecit
2185 4038 2429 4109 idolum,
2462 4042 2520 4094 et
2560 4036 2865 4109 proposuit
2909 4035 2961 4092 ei
3001 4053 3182 4109 panes
3210 4037 3672 4109 Scripturarum.

2021 4127 2389 4195 Valentinus,
2407 4126 2691 4182 Basilides
2708 4127 3016 4197 caeterique
3034 4126 3291 4182 haeretici
3318 4126 3583 4182 fecerunt
3605 4124 3683 4181 si+

2024 4215 2258 4272 militer.
2291 4218 2356 4271 Et
2384 4217 2623 4288 posuisti
2649 4215 2748 4270 illa
2778 4222 2904 4270 ante
2931 4216 3131 4286 faciem
3155 4231 3344 4272 eorum
3373 4217 3435 4271 in
3463 4216 3684 4272 odorem

2023 4306 2334 4360 suavitatis.
2368 4304 2726 4360 Naturaliter
2754 4304 3094 4361 suavissimi
3137 4305 3334 4361 odoris
3364 4310 3504 4361 sunt
3534 4305 3678 4372 haec,

2026 4411 2156 4466 quae
2188 4393 2356 4449 nobis
2387 4392 2640 4466 largitus
2671 4398 2761 4449 est
2797 4395 3161 4459 Deus.Quem
3194 4394 3431 4449 odorem
3453 4391 3704 4448 suavis-‘

2028 4483 2247 4538 simum
2281 4487 2414 4537 ante
2447 4482 2604 4537 idola
2632 4482 2816 4554 ponit,
2852 4481 2952 4554 qui
2994 4482 3304 4537 adversum
3334 4484 3685 4555 potestatem

251 4571 329 4626 de
352 4586 448 4625 me
480 4573 593 4634 est,
623 4570 722 4641 qui
744 4570 898 4626 bona
925 4571 1125 4637 doceo,
1152 4574 1209 4626 et
1228 4569 1519 4626 contraria
1534 4585 1692 4643 gero,
1710 4572 1767 4625 et
1785 4585 1919 4624 sum
1947 4561 1996 4625 D
2028 4571 2463 4643 Scripturarum
2495 4576 2599 4627 aut
2627 4571 2797 4644 gerit,
2820 4575 2922 4626 aut
2949 4569 3244 4643 intelligit.
3265 4572 3330 4626 Et
3346 4572 3554 4641 factum
3580 4570 3707 4643 est,-

253 4658 477 4716 sedens
508 4674 686 4731 super
716 4658 1056 4715 cathedram
1074 4659 1256 4732 Moysi
1271 4659 1439 4731 quasi
1465 4657 1669 4714 Scriba
1689 4662 1746 4714 et
1766 4657 1922 4713 Pha-

253 4748 495 4805 risaeus.
530 4747 908 4819 Praeceptum,
941 4748 1048 4803 tibi
1100 4754 1208 4814 est,
1241 4764 1274 4803 o
1304 4746 1537 4820 pOpule,
1570 4747 1618 4803 si
1668 4763 1784 4816 non
1816 4746 1927 4801 ha-

254 4837 467 4893 bueris
484 4837 919 4892 accusationem
934 4837 1212 4893 doctrinae
1234 4837 1502 4910 pessimae
1526 4841 1582 4892 et
1603 4835 1927 4892 alienorum

254 4926 331 4981 ab
366 4924 631 4981 Ecclesia
647 4926 1012 4999 dogmatum,
1035 4926 1411 5000 conspexeris
1432 4943 1567 4981 vero
1590 4943 1776 4982 meam
1805 4926 1929 4981 cul-

257 5013 528 5085 pabilem
560 5014 765 5082 vitam,
790 5018 965 5086 atque
995 5021 1250 5087 peccata,
1279 5019 1342 5071 ut
1374 5032 1487 5069 non
1522 5014 1739 5069 habeas
1760 5015 1933 5085 juxta

258 5102 522 5158 dicentis
550 5103 731 5158 vitam
761 5106 924 5158 tuam
977 5104 1302 5174 instituere,
1338 5104 1438 5159 sed
1490 5120 1559 5158 ea
1591 5104 1777 5159 facere
1802 5120 1931 5175 quae

258 5200 744 5275 loquor.Nullum
760 5201 1202 5272 imitemur,etsi
1220 5201 1491 5257 volumus
1506 5200 1718 5255 imitari
1736 5217 1933 5273 quem-

264 5290 458 5362 piam,
494 5289 829 5362 propositus
860 5296 949 5347 est
979 5290 1146 5346 nobis
1178 5291 1249 5346 ad
1282 5290 1637 5345 imitandum
1668 5290 1935 5346 Chrislus

260 5380 466 5436 Jesns.
490 5378 783 5452 Descripti
814 5384 952 5435 sunt
973 5384 1139 5435 actus
1170 5378 1593 5452 apostolorum,
1619 5383 1676 5435 et
1696 5380 1940 5451 prophe-

263 5472 471 5522 tarum
505 5471 670 5539 gesta
699 5467 769 5523 de
798 5468 980 5525 sacris
1001 5468 1398 5525 voluminibus
1420 5467 1799 5540 agnoscimus
1825 5485 1837 5522 :
1866 5468 1937 5523 il-

262 5555 375 5612 lud
407 5555 708 5628 exemplar
729 5555 967 5613 ﬁrmum
982 5557 1241 5625 est,illud
1266 5555 1632 5630 propositum
1658 5555 1937 5629 solidum,

270 5645 436 5721 quod
472 5643 575 5723 qui
607 5646 775 5722 sequi
805 5649 991 5723 cupit,
1023 5664 1267 5706 securus
1319 5644 1645 5722 ingreditur
1674 5661 1688 5704 :
1726 5645 1776 5703 si
1805 5662 1941 5707 vero

613 5773 877 5844 Putat.
932 5776 1090 5845 XXV

2033 4662 2166 4718 dicit
2196 4661 2404 4716 Adonai
2430 4662 2718 4727 Dominus,
2752 4668 2802 4716 et
2830 4661 3083 4730 accepisti
3111 4659 3254 4729 ﬁlios
3291 4664 3430 4725 tuos,
3463 4664 3515 4713 et
3540 4656 3692 4728 ﬁlias

2036 4755 2179 4816 tuas,
2213 4767 2348 4821 quas
2376 4750 2636 4821 genuisti,
2658 4758 2710 4804 et
2742 4749 3050 4804 immolasti
3081 4747 3205 4803 illos
3234 4748 3293 4801 in
3324 4745 3694 4816 consumptio-

2039 4857 2179 4896 nem.
2214 4838 2359 4893 Cum
2384 4838 2653 4910 genuerit
2684 4837 2974 4909 peccatrix
3001 4835 3329 4892 Jerusalem
3362 4833 3515 4890 ﬁlios
3539 4836 3598 4889 et
3626 4833 3694 4889 ﬂ-

2040 4929 2168 4991 lias,
2202 4927 2338 4982 ﬁnis
2367 4944 2593 4993 corum,
2615 4927 2713 4998 qui
2748 4930 3090 4996 nascuntur,
3120 4924 3335 4981 occisio
3366 4928 3475 4980 est.
3498 4924 3697 4995 Neque

2041 5026 2198 5081 cnim
2257 5024 2418 5079 salus
2472 5025 2627 5080 950
2679 5023 2814 5079 ﬁnis
2864 5028 2952 5079 est
3002 5022 3413 5095 pessimorum.
3475 5021 3695 5077 Idcirco

2042 5113 2325 5185 scriptum
2349 5116 2476 5168 cst:
2510 5113 2812 5167 lmmolasti
2825 5128 2912 5167 eos
2929 5113 2991 5167 in
3017 5113 3499 5181 eonsumptionem.
3525 5110 3700 5179 Quam

2041 5202 2253 5258 modica
2279 5203 2561 5271 fornicata
2607 5205 2686 5257 est
2715 5218 2733 5256 :
2766 5201 3094 5271 interfecisti
3139 5205 3294 5256 natos
3322 5215 3490 5267 meos,
3521 5202 3576 5254 et
3603 5197 3702 5253 de-

2044 5292 2176 5348 disti
2202 5307 2306 5347 eos.
2339 5292 2578 5362 Proprie
2627 5290 2707 5345 ait
2739 5307 2751 5343 ;
2786 5290 3052 5360 Accepisti
3089 5289 3234 5360 ﬁlios
3283 5298 3399 5345 tuos
3429 5307 3449 5343 :
3479 5286 3703 5360 signifi-

2046 5384 2363 5451 canterque
2394 5380 2621 5434 addidit
2651 5395 2664 5433 :
2701 5378 2959 5434 Occidisti
2977 5382 3134 5433 natos
3154 5394 3314 5434 meos.
3339 5377 3707 5449 Quicumque

2048 5471 2205 5526 enim
2254 5472 2579 5524 nascuntur
2627 5468 2685 5523 in
2728 5467 3135 5523 haereticorum
3188 5466 3494 5535 doctrinis,
3524 5471 3582 5522 et
3622 5464 3704 5520 ibi

2050 5559 2319 5615 fideisuze
2354 5556 2643 5631 principia
2663 5561 3070 5629 sumpserunt.
3096 5556 3152 5611 hi
3176 5556 3277 5612 filii
3302 5560 3445 5613 sunt
3462 5554 3709 5613 fornica-i

2051 5648 2147 5707 riae
2164 5652 2221 5707 et
2248 5646 2592 5724 peccatricis
2610 5645 2956 5711 Jerusalem.
2979 5646 3087 5720 Qui
3110 5650 3307 5707 autem
3338 5649 3516 5707 natus
3535 5640 3705 5707 estin

3304 5776 3384 5843 24
