3994 6188
285 330 408 392 74⁸2

1539 319 1608 383 8.
1650 315 1969 384 EUSEBII‘
2004 313 2449 379 HlERONYMI

3566 304 3686 369 748

285 460 561 527 Ecclesia,
594 462 653 514 et
682 456 959 529 deceptus
997 456 1198 527 postea
1249 452 1424 509 fuerit
1452 452 1721 507 haeretica
1768 449 1927 506 falsi-
1960 450 2010 515 Α
2042 452 2244 521 gentes
2274 463 2477 503 carnes
2508 414 2762 501 h'abeant
2791 444 2871 515 (et
2900 442 3136 514 quidem
3168 440 3409 496 honeste
3453 438 3686 529 videtur

283 554 422 615 tate,
454 549 566 603 iste
593 562 727 603 eum
750 544 932 600 Filius
962 544 1057 600 Dei
1080 543 1177 614 sit,
1210 542 1613 615 apprehensus
1635 543 1724 596 est
1745 557 1778 595 a
1798 554 1929 611 pec-

286 637 495 694 eatrice
542 634 896 704 Jerusalem,
928 637 985 689 et
1027 633 1253 705 positus
1282 631 1521 687 victima
1562 628 1734 684 idolis
1780 628 1927 699 ejus.

284 727 392 782 Hoc
418 740 587 796 supra
614 739 829 780 omnem
848 723 1271 794 fornicationem
1300 728 1470 787 tuam,
1493 724 1544 775 et
1563 718 1925 774 abominatio-

284 829 383 869 nes
410 819 552 869 tuas.
587 812 764 868 Filios
791 810 1061 868 Ecclesiae
1091 810 1370 882 accipere,
1404 806 1707 863 immolare
1736 804 1930 873 idolis,

288 911 397 966 hoc
428 926 609 983 supra
647 925 819 965 omne
850 913 1154 982 peccatum
1201 912 1368 962 tuum
1399 910 1504 961 est.
1540 906 1601 959 Et
1637 919 1748 959 non
1776 902 1936 973 fuisti

290 1015 498 1055 memor
525 999 639 1055 diei
667 1000 922 1069 infantia:
951 1005 1055 1053 tuae
1099 1013 1223 1052 cum
1254 1012 1374 1051 eras
1397 994 1568 1061 nuda,
1602 997 1652 1049 et
1700 992 1937 1063 turpiter

289 1103 475 1159 agens.
522 1087 801 1145 Praefatus
831 1091 920 1143 est
957 1087 1028 1141 de
1076 1085 1339 1140 nuditate
1369 1087 1425 1138 et
1453 1080 1812 1154 turpitudine
1841 1078 1935 1133 Je-

290 1175 845 1248 rusalem.0portuit
865 1190 1001 1247 ergo
1020 1174 1079 1229 in
1108 1173 1417 1244 iniquitate
1439 1170 1778 1226 meminisse
1798 1184 1937 1239 quo-

290 1266 465 1322 modo
495 1281 718 1337 pennas
738 1281 898 1320 meas
923 1261 1296 1335 expanderim
1320 1275 1497 1333 super
1512 1262 1653 1325 te,et
1670 1272 1936 1328 assump-

248 1349 265 1363 ⁸
291 1353 469 1411 serim
496 1358 553 1410 te
575 1354 645 1409 de
675 1353 962 1425 sanguine
982 1356 1101 1421 tuo,
1119 1354 1175 1405 et
1203 1350 1442 1406 laverim
1474 1353 1550 1404 te.
1575 1348 1661 1401 Tu
1684 1362 1814 1401 vero
1837 1344 1937 1399 ho-

290 1459 424 1499 rum
454 1441 717 1497 omnium
739 1440 916 1497 oblita
939 1439 1122 1496 fuisti.
1151 1443 1302 1509 Haec,
1327 1454 1455 1510 quas
1488 1436 1804 1492 condeceat
1827 1450 1936 1488 nu-

291 1532 450 1602 dam,
464 1533 521 1586 et
536 1530 785 1601 turpiter
800 1532 1063 1601 agentem
1074 1569 1088 1597 ,
1104 1532 1162 1583 et
1175 1526 1547 1583 commixtam
1573 1524 1632 1579 in
1654 1522 1939 1595 sanguine

292 1634 422 1675 suo.
450 1619 515 1672 Et
536 1620 747 1689 factum
774 1621 852 1672 est
878 1625 996 1689 post
1021 1632 1207 1673 omnes
1232 1615 1478 1671 malitias
1507 1618 1630 1668 tuas
1661 1631 1678 1666 :
1715 1614 1823 1679 V513,
1854 1625 1940 1667 vae

292 1706 414 1775 tibi,
441 1706 578 1763 dicit
605 1705 815 1762 Adonai
843 1708 1123 1763 Dominus.
1156 1708 1221 1761 Et
1259 1705 1550 1775 aediﬁcasti
1585 1702 1693 1757 tibi
1720 1701 1940 1756 domum

291 1796 686 1864 meretriciam,
719 1804 769 1851 et
812 1797 992 1867 fecisti
1031 1796 1422 1867 expositionem
1450 1794 1512 1847 in
1556 1792 1711 1846 omni
1734 1790 1934 1861 platea.

292 1885 353 1941 Si
384 1884 717 1941 consideres
746 1884 1006 1940 animam
1032 1883 1355 1956 expositam
1400 1880 1760 1936 amatoribus
1792 1877 1936 1945 suis,

288 1971 517 2029 videbis
533 1972 824 2043 quomodo
842 1971 1014 2027 faciat
1032 1972 1275 2026 domum
1298 1968 1710 2030 meretriciam,
1734 1970 1789 2021 et
1809 1982 1939 2021 sus-

290 2059 467 2133 cipiat
494 2076 720 2131 omnes,
752 2077 900 2132 quos
930 2060 1303 2133 praediximus
1331 2060 1638 2114 amatores.
1677 2052 1943 2124 Intellige

289 2165 423 2206 vero
445 2150 601 2222 quod
630 2149 905 2221 dicimus,
928 2165 999 2205 ex
1027 2149 1431 2220 sequentibus,
1451 2147 1511 2201 id
1541 2148 1650 2210 est,
1683 2143 1782 2215 qui
1804 2145 1945 2198 sunt

292 2241 585 2295 amatores
615 2238 965 2295 Jerusalem.
995 2237 1208 2293 Anima
1237 2237 1495 2291 humana
1525 2232 1779 2289 multum
1809 2246 1940 2303 spe-

295 2326 455 2383 ciosa
483 2330 591 2391 est,
617 2331 676 2384 et
704 2326 1034 2383 mirabilem
1056 2326 1231 2383 habet
1248 2323 1766 2397 pulchritudinem.
1790 2319 1943 2375 Arti-

297 2415 391 2473 fex
426 2414 644 2489 quippe
674 2417 804 2489 ejus
853 2431 988 2471 cum
1019 2431 1149 2471 eam
1200 2414 1458 2487 primum
1490 2412 1782 2476 conderet,
1815 2409 1896 2465 ait
1929 2424 1943 2463 :

294 2515 600 2574 Faciamus
618 2515 893 2570 hominem
921 2513 992 2569 ad
1015 2514 1315 2584 imaginem
1332 2515 1382 2568 et
1410 2509 1831 2566 similitudinem
1848 2521 1947 2563 no-

298 2612 473 2661 stram
501 2603 654 2676 (Gen.
685 2607 748 2673 1).
783 2602 932 2670 Quid
964 2602 1073 2658 hac
1104 2600 1539 2674 pulchritudine
1568 2604 1624 2655 et
1668 2596 1948 2654 similitu-

306 2694 442 2752 dine
472 2692 777 2767 pulchrius
796 2694 824 2749 Ἰ
855 2693 1104 2757 Quidam
1152 2708 1289 2763 ergo
1337 2689 1608 2756 adulteri,
1643 2692 1699 2743 et
1729 2685 1951 2743 sordidi

306 2783 830 2851 amatores,decore
840 2783 891 2853 ej
902 2798 970 2837 us
986 2780 1158 2836 illecti
1166 2778 1526 2850 ,desiderant
1545 2793 1672 2833 eam
1693 2789 1954 2831 corrum-

307 2888 443 2945 pere
469 2875 527 2927 et
551 2870 825 2926 fornicari
875 2886 1054 2941 super
1098 2884 1249 2924 eam.
1283 2867 1673 2931 Quamobrem
1720 2862 1955 2935 sapiens

304 2960 395 3015 vir
424 2958 639 3015 Paulus
686 2958 828 3013 dicit
859 2974 873 3013 :
906 2959 1080 3014 Timeo
1123 2965 1326 3024 autem,
1357 2972 1426 3011 ne
1452 2957 1590 3026 forte
1635 2957 1695 3008 ut
1735 2968 1957 3024 serpens

308 3048 522 3120 decepit
542 3048 708 3103 Evam
735 3048 797 3102 in
816 3048 1066 3118 nequitia
1094 3047 1299 3111 sua,sic
1320 3049 1752 3115 corrumpantur
1770 3056 1958 3096 sensus

304 3139 472 3194 vestri
498 3137 571 3209 (ΙΙ
602 3136 722 3193 Cor.
752 3136 852 3208 xu).
877 3136 1097 3192 Sensus
1128 3135 1313 3190 nostri
1344 3134 1403 3189 in
1434 3133 1811 3189 fornicatione
1832 3146 1958 3185 car-

2038 537 2311 609 pudenda
2326 552 2548 606 eorum,
2573 535 2882 589 immutato
2902 531 3205 599 vocabulo,
3234 528 3688 603 signiﬁcasse,id

2040 631 2128 681 est
2145 625 2375 697 magnis
2391 622 2710 693 carnibus),
2728 622 2827 678 sed
2851 620 2989 693 quia
3010 619 3201 675 carnei
3222 617 3549 674 intellectus
3567 633 3688 672 ma-

2040 730 2287 787 gnarum
2308 730 2413 769 nos
2436 712 2704 767 carnium
2723 712 2972 765 faciant:
2998 713 3061 764 ut
3078 706 3399 764 econtrario
3421 711 3510 761 est
3525 722 3689 777 qua:-

2042 804 2177 858 dam
2210 819 2343 857 caro
2375 801 2669 868 deficiens,
2704 800 2774 854 de
2822 815 2938 870 qua
2967 797 3181 852 dicitur
3214 815 3226 851 :
3262 794 3530 864 Quomodo
3560 810 3691 851 caro

2041 917 2163 956 mea
2192 903 2253 955 in
2282 904 2428 955 terra
2456 899 2684 965 deserta,
2707 902 2757 953 et
2776 899 2947 965 invia,
2971 899 3020 952 et
3042 897 3409 967 inaquosa,sic
3429 896 3489 949 in
3507 895 3695 949 senda

2042 991 2280 1061 apparui
2299 989 2422 1044 tibi.
2446 988 2789 1043 Fornicatur
2805 986 2983 1057 igitur
2998 984 3323 1040 Jerusalem
3346 999 3522 1055 super
3538 981 3695 1037 filios

2045 1078 2291 1149 lEgypti,
2328 1078 2587 1131 conﬁnes
2634 1092 2792 1141 suos,
2827 1079 2883 1129 rt
2927 1090 3275 1145 magnarum
3307 1071 3597 1127 carnium.
3624 1070 3698 1125 Et

2044 1168 2446 1237 multipliciter,
2477 1165 2690 1237 inquit,
2721 1166 2991 1236 fornicata
3019 1179 3077 1218 es
3120 1161 3191 1217 ad
3231 1178 3317 1217 me
3357 1177 3697 1233 exasperan-

2046 1254 2420 1310 dum.Multas
2450 1254 2672 1327 species
2700 1251 3099 1309 fornicationis
3125 1249 3472 1307 commisisti
3493 1250 3567 1306 ad
3599 1265 3699 1305 me

2045 1344 2478 1400 concitandum.
2511 1343 2665 1414 Quod
2689 1345 2740 1397 si
2766 1341 3051 1398 extendero
3081 1357 3309 1396 manum
3336 1355 3516 1395 meam
3540 1340 3698 1406 inte,

2045 1436 2295 1504 auferam
2326 1433 2571 1501 legitima
2601 1437 2717 1498 tua,
2747 1442 2797 1486 et
2826 1430 3047 1485 tradam
3076 1434 3128 1485 te
3156 1431 3219 1484 in
3257 1430 3471 1484 animas
3497 1444 3699 1485 eorum

2047 1523 2143 1592 qui
2189 1525 2239 1575 te
2284 1521 2521 1577 oderunt
2550 1521 2694 1590 ﬁlios
2739 1520 3202 1590 alienigenarum.
3242 1518 3419 1574 Vides
3450 1517 3593 1590 quia
3634 1515 3699 1571 in

2046 1610 2276 1666 animas
2306 1609 2765 1681 alienigenarum
2786 1608 3193 1679 traditur,qua3
3221 1606 3463 1680 indigna
3483 1606 3563 1662 sit
3584 1623 3700 1662 usu

2049 1698 2218 1770 Legis
2234 1702 2292 1753 et
2318 1714 2658 1754 sermonum
2677 1697 2798 1752 Dei.
2816 1698 2922 1766 Qui
2942 1700 2993 1751 te
3020 1697 3361 1752 diverterunt
3380 1696 3444 1752 de
3462 1699 3557 1752 via
3579 1705 3700 1765 tua,

2048 1798 2220 1868 impie
2247 1797 2428 1866 egisfi,
2461 1799 2511 1850 et
2539 1796 2813 1866 fornicata
2842 1812 3004 1867 super
3043 1795 3185 1866 ﬁlios
3216 1795 3399 1850 Assur.
3434 1793 3701 1849 Primum

2048 1902 2227 1956 super
2257 1883 2407 1939 ﬁlios
2436 1884 2689 1956 (Egypti,
2722 1883 2931 1939 deinde
2962 1899 3138 1956 super
3189 1882 3336 1939 filios
3364 1885 3569 1939 Assur.
3602 1887 3701 1937 Hie

2049 1974 2271 2047 species
2299 1977 2667 2045 peccatorum
2698 1979 2857 2027 sunt.
2890 1972 3037 2027 Nam
3072 1977 3129 2028 et
3157 1990 3292 2028 eum
3326 1972 3585 2043 captivos
3613 1988 3704 2027 ac-

2049 2066 2328 2133 ceperunt
2355 2061 2576 2132 Assyrii
2595 2060 2745 2117 ﬁlios
2767 2060 2963 2129 Israel,
2980 2066 3250 2117 sanctum
3268 2064 3356 2116 est
3376 2059 3618 2131 quidem
3642 2060 3701 2115 id

2050 2151 2204 2223 quod
2236 2150 2536 2221 Scriptura
2565 2150 2759 2216 refert,
2792 2150 3075 2221 scriptum
3107 2155 3197 2206 est
3237 2154 3432 2205 autem
3464 2153 3707 2221 propter

2051 2241 2413 2310 frequentem
2437 2243 2697 2294 nostram
2716 2239 3112 2311 captivitatem
3131 2256 3260 2311 qua:
3279 2255 3313 2294 a
3333 2236 3704 2310 spiritalibus

2051 2329 2206 2386 952
2234 2326 2486 2400 Assyriis
2510 2332 2874 2400 perpetratur
2897 2344 2909 2383 :
2933 2328 3004 2383 de
3037 2328 3253 2400 quibus
3274 2327 3591 2400 Apostolus
3614 2327 3708 2382 di-

2055 2418 2136 2474 cit
2167 2435 2180 2473 :
2211 2418 2330 2473 Non
2356 2419 2431 2473 est
2459 2418 2614 2473 nobis
2643 2421 2918 2473 certamen
2946 2417 3205 2473 adversus
3235 2433 3454 2472 carnem
3484 2420 3538 2472 et
3578 2433 3713 2472 san-

2056 2508 2304 2577 guinem,
2333 2507 2429 2562 sed
2457 2506 2745 2562 adversum
2784 2507 3063 2579 spiritalia
3090 2508 3372 2579 nequitiae.
3407 2509 3472 2562 Et
3499 2522 3606 2561 nec
3635 2508 3718 2562 sic

2056 2598 2257 2651 satiata
2286 2612 2341 2650 es
2371 2604 2420 2651 et
2467 2594 2744 2669 fornicata
2772 2612 2848 2665 es,
2881 2603 2932 2651 et
2967 2612 3078 2653 non
3122 2595 3432 2651 satiaberis.
3465 2595 3719 2659 Quando

2060 2685 2195 2757 quis
2211 2702 2326 2741 non
2344 2683 2622 2757 impletur
2643 2684 2992 2757 delinquens
3012 2702 3025 2741 :
3046 2685 3146 2741 sed
3166 2702 3397 2757 semper
3416 2683 3720 2756 prioribus

2062 2783 2315 2855 peccatis
2348 2798 2494 2837 nova
2527 2786 2764 2854 peccata
2809 2782 3131 2856 conjungit,
3166 2782 3448 2853 colligens
3478 2785 3545 2836 ut
3576 2781 3723 2838 fune

2063 2870 2256 2943 longo,
2290 2874 2347 2926 et
2378 2872 2531 2927 sicut
2575 2870 2699 2927 loco
2740 2870 2870 2944 jugi
2901 2871 3093 2927 vitulis
3144 2871 3507 2943 iniquitates,
3540 2887 3721 2928 num-

2065 2976 2242 3032 quam
2271 2976 2333 3015 se
2364 2961 2435 3015 ad
2460 2960 3074 3030 melioraconvertens,
3102 2977 3289 3033 neque
3312 2959 3722 3033 pmnitentiam

2066 3064 2245 3121 agens
2274 3065 2450 3121 super
2472 3048 2644 3104 malis
2674 3049 2818 3116 suis,
2843 3050 3056 3105 dicitur
3085 3050 3151 3105 ad
3178 3067 3313 3106 eum
3345 3068 3358 3106 :
3391 3050 3461 3105 Et
3482 3066 3600 3105 non
3625 3066 3723 3104 sa-

2068 3137 2329 3193 tiaberis.
2361 3138 2429 3192 Et
2459 3139 2840 3209 multiplicasti
2888 3142 3207 3195 testamenta
3257 3147 3357 3194 tua
3403 3138 3475 3193 ad
3512 3147 3724 3194 terram

308 3225 428 3283 nali
449 3198 1022 3297 corrumpuntur:in
1045 3222 1413 3295 spiritalibus
1434 3238 1568 3277 vero
1583 3221 1805 3293 stupris
1825 3234 1955 3274 sen-
1987 3198 2030 3263 (ἶ
2073 3225 2368 3281 Chanaam.
2404 3198 2655 3292 Quandn'
2675 3231 2828 3283 Deus
2859 3229 2929 3283 ad
2963 3244 3071 3284 nos
3101 3228 3238 3284 facit
3264 3232 3639 3294 testamenta,
3663 3231 3725 3283 et

311 3332 415 3373 sus
445 3312 864 3386 corrumpitur,
883 3317 941 3369 et
970 3312 1100 3385 ipsa
1128 3311 1328 3368 anima
1353 3310 1712 3367 vulneratur.
1747 3311 1810 3364 Et
1830 3324 1957 3364 con-

309 3405 596 3461 taminasti
619 3405 855 3476 speciem
874 3410 1044 3459 tuam.
1067 3400 1309 3457 Etiamsi
1332 3417 1445 3456 non
1481 3399 1657 3455 homo
1676 3398 1736 3453 in
1759 3414 1959 3471 pecca-

312 3494 391 3551 tis
406 3492 678 3550 maximis
690 3490 1421 3562 constitutus,tameirquia
1433 3489 1639 3561 ingens
1656 3486 1959 3543 estanimaa

315 3582 715 3656 pulchritudo,
746 3580 1033 3637 minorem
1083 3594 1318 3651 quoque
1349 3577 1624 3635 societate
1671 3580 1958 3648 turpatur.

312 3679 556 3753 Respice
581 3678 826 3735 virtutes
873 3678 1100 3745 animas,
1131 3677 1279 3734 951
1315 3692 1441 3748 quas
1472 3675 1525 3731 ei
1555 3674 1741 3731 insitze
1780 3674 1901 3729 sint
1929 3689 1964 3727 a

315 3768 454 3837 Deo,
480 3768 612 3824 vide
642 3766 1140 3840 pulchritudinem
1162 3765 1743 3836 ejus,inventionem,
1763 3763 1962 3834 dispo-

315 3853 1400 3926 sitionem,elocutionem,memoriam,
1428 3852 1962 3926 pronuntiationem

316 3947 489 4018 cujus
517 3947 596 4003 sit
623 3944 864 4018 ingenii,
886 3944 1181 4017 quomodo
1212 3943 1468 4016 primum
1499 3942 1806 4014 intelligat,
1828 3940 1964 3995 inde

316 4034 612 4091 intellecta
642 4033 943 4104 dijudicet,
977 4038 1043 4089 ut
1063 4024 1341 4090 incitetur
1361 4033 1432 4088 ad
1455 4035 1759 4096 sensus,ut
1784 4029 1964 4085 menti

320 4138 495 4179 sensa
520 4121 868 4189 commodet,
894 4138 1042 4194 quos
1071 4122 1248 4178 habet
1266 4121 1542 4192 impetus,
1578 4136 1726 4191 quos
1746 4118 1962 4190 cogita-

318 4214 417 4267 tus
449 4210 520 4265 de
548 4210 684 4266 Deo.
718 4209 847 4265 Haec
900 4210 1208 4282 possidens
1240 4225 1464 4282 magna:
1513 4206 1964 4281 pulchritudinis

321 4302 431 4367 est,
462 4298 562 4356 sed
594 4298 997 4355 hereticorum
1027 4300 1222 4366 sectis,
1257 4303 1316 4355 et
1356 4301 1627 4353 extranea
1667 4295 1966 4368 religionis

321 4388 693 4445 institutione
739 4389 1154 4460 corrumpitur.
1188 4390 1253 4444 Et
1298 4388 1638 4443 transierunt
1680 4402 1843 4441 crura
1871 4393 1967 4441 tua

316 4494 420 4550 per
445 4495 664 4535 omnem
690 4481 1006 4546 transitum,
1037 4486 1090 4535 et
1114 4478 1501 4550 multiplicasti
1543 4477 1966 4547 fornicationem

2070 3331 2176 3370 nos
2206 3317 2607 3371 consentimus
2627 3315 2869 3386 ei,beati
2894 3333 3102 3372 sumus
3135 3333 3148 3372 :
3183 3317 3420 3390 quando
3441 3333 3575 3372 vero
3598 3317 3724 3372 for-

2069 3404 2337 3459 nicamur
2366 3404 2435 3458 ad
2465 3404 2755 3476 spiritalia
2779 3406 3051 3478 nequitize
3084 3406 3241 3478 (Eph.
3276 3406 3376 3474 γι),
3407 3410 3549 3462 tunc
3579 3423 3723 3462 con-

2070 3492 2353 3548 vertimus
2388 3492 2482 3547 Dei
2515 3496 2865 3549 testamenta
2880 3495 2952 3549 ad
2986 3499 3199 3551 terram
3232 3495 3548 3564 Chanaam,
3574 3512 3726 3567 pac-

2074 3589 2193 3637 tum
2218 3582 2324 3653 (Al.
2347 3581 2585 3653 factum)
2603 3583 2919 3639 statuimus
2944 3600 3077 3639 cum
3104 3600 3190 3640 ea.
3214 3584 3333 3640 Hoc
3353 3588 3545 3640 autem
3570 3583 3725 3639 mihi

2072 3670 2329 3743 intellige
2379 3674 2435 3725 et
2482 3670 2541 3725 in
2589 3671 2891 3740 Chaldaeis,
2940 3677 2997 3728 et
3048 3671 3107 3727 in
3152 3673 3369 3729 caeteris
3416 3668 3719 3743 gentibus,

2074 3761 2306 3833 quando
2364 3761 2422 3816 in
2477 3761 2739 3834 quolibet
2793 3761 2991 3834 aliquo
3049 3768 3287 3834 peccato
3332 3759 3721 3834 ,reprehendi-

2074 3866 2226 3905 mur.
2286 3851 2351 3905 Et
2402 3853 2722 3907 testamenta
2776 3850 2846 3906 ad
2904 3851 3205 3919 Chaldxos,
3245 3860 3296 3907 et
3345 3866 3443 3906 nec
3497 3851 3576 3905 sic
3632 3867 3731 3905 sa-

2075 3940 2217 3994 tiata
2243 3944 2467 3996 es.Post
2495 3938 2825 4011 catalogum
2851 3938 3317 4012 peccatorum,ad
3342 3938 3730 4012 peccatricem

2075 4026 2334 4099 loquitur
2362 4028 2706 4084 Jerusalem.
2732 4029 2872 4098 Quid
2898 4032 3228 4085 constituam
3247 4031 3306 4084 in
3336 4034 3406 4099 te,
3433 4029 3568 4085 dicit
3592 4029 3730 4085 Ado-

2074 4120 2173 4173 nai
2200 4120 2486 4190 Dominus,
2499 4134 2625 4173 cum
2642 4119 2822 4190 facias
2845 4126 2903 4174 tu
2932 4119 3051 4176 haec
3071 4120 3262 4175 omnia
3285 4135 3450 4192 opera
3473 4119 3733 4175 mulieris

2071 4210 2388 4279 fornicariw
2414 4210 2657 4279 procacis
2677 4211 2703 4262 .9
2732 4209 3133 4265 Ascendamus
3149 4208 3447 4281 paulisper
3466 4209 3727 4281 eloquio,

2075 4305 2214 4379 quia
2243 4322 2359 4360 non
2390 4322 2623 4377 semper
2653 4305 2794 4362 utile
2813 4311 2903 4363 est
2930 4308 3001 4363 de
3032 4307 3517 4365 fornicationibus
3540 4307 3729 4380 loqui,

2074 4399 2131 4451 et
2151 4394 2349 4467 procul
2381 4395 2554 4462 absit,
2577 4399 2641 4450 ut
2661 4395 2873 4467 aliquis
2903 4395 2962 4451 in
2984 4395 3242 4452 Ecclesia
3270 4397 3365 4464 sit,
3389 4397 3491 4469 qui
3514 4396 3731 4453 dehor-

2074 4484 2301 4540 tatoriis
2332 4502 2365 4539 a
2396 4484 2772 4541 fornicatione
2801 4484 3062 4558 indigeat
3092 4485 3485 4545 sermonibus.
3507 4484 3658 4542 Nam
3679 4486 3735 4542 si

321 4570 496 4624 tuam.
522 4568 620 4635 Est
649 4568 754 4639 [AL
776 4568 853 4639 et]
887 4567 1190 4623 fornicatio
1212 4584 1246 4623 a
1275 4565 1656 4622 fornicatione
1675 4565 1970 4620 differens:
2002 4568 2048 4633 D
2080 4573 2212 4646 quis
2244 4590 2478 4629 necesse
2506 4573 2719 4629 habeat
2748 4574 2949 4630 audire
2973 4593 2985 4630 ;
3011 4575 3127 4631 Non
3144 4575 3511 4645 [ονηίεαῡεηζς
3533 4574 3733 4643 (Em.

324 4662 383 4714 et
419 4657 713 4730 quomodo
742 4657 799 4712 in
850 4657 1231 4713 fornicatione
1260 4656 1452 4713 carnis
1496 4659 1586 4711 est
1616 4652 1827 4727 aliquis
1858 4669 1972 4708 non

325 4745 520 4803 nimim
552 4744 969 4817 fornicationis,
985 4750 1044 4801 et
1073 4751 1269 4802 tamen
1292 4744 1671 4801 fornicatione
1692 4741 1970 4815 pollutus,

325 4833 479 4892 alius
506 4851 642 4892 vero
673 4834 1074 4909 multiplicans
1096 4834 1535 4891 fornicationem
1558 4848 1727 4889 suam
1758 4849 1771 4887 :
1808 4831 1892 4887 sic
1918 4834 1975 4886 et

324 4924 386 4981 in
414 4941 484 4982 ea
512 4924 915 4993 fornicatione,
949 4942 1076 4997 qua:
1108 4925 1364 4980 animam
1415 4939 1583 4979 suam
1616 4935 1974 4993 sensumque

326 5013 736 5081 commaculet,
769 5014 922 5071 alius
944 5012 1322 5069 multitudine
1351 5010 1752 5069 fornicationis
1777 5007 1971 5065 obrui-

324 5106 443 5171 tur,
474 5101 626 5159 alius
646 5118 781 5159 vero
805 5120 920 5158 non
952 5107 1073 5159 tam
1096 5119 1130 5158 a
1162 5101 1540 5157 fornicatione
1560 5104 1651 5155 est
1672 5099 1971 5155 seductus.

326 5200 546 5257 Idcirco
568 5217 687 5273 qua
705 5217 983 5257 mensura
999 5200 1186 5257 mensi
1209 5199 1494 5255 fuerimus
1517 5197 1852 5254 remetietur
1871 5212 1974 5251 no-

325 5290 437 5347 bis.
470 5290 534 5345 Et
553 5291 832 5362 fornicata
860 5306 914 5346 es
936 5293 997 5346 in
1024 5291 1170 5361 filios
1200 5291 1423 5362 .Egypti
1449 5290 1683 5360 conﬁnes
1713 5295 1850 5342 tuos.
1884 5284 1974 5340 Fi-

327 5377 389 5434 lii
420 5378 648 5452 IEgypti
681 5380 986 5436 contrarias
1018 5379 1388 5434 fortitudines
1420 5382 1577 5433 sunt.
1610 5377 1725 5431 Nec
1756 5373 1975 5429 mirum

328 5472 419 5523 est
448 5468 496 5523 si
548 5468 808 5523 contines
860 5468 1043 5524 nostri
1073 5469 1323 5541 {Egyptii
1371 5468 1644 5523 dicantur
1676 5483 1688 5521 :
1721 5464 1979 5521 confines

326 5556 558 5629 Egypti
607 5562 666 5613 et
710 5556 1033 5614 Jerusalem
1066 5557 1123 5612 in
1175 5574 1283 5613 sua
1333 5557 1564 5613 civitate
1613 5559 1752 5612 sunt
1782 5555 1977 5628 positi,

330 5644 433 5737 qui
448 5649 589 5707 sunt
608 5645 839 5721 magnis
867 5645 1295 5707 carnibus.Non
1328 5644 1467 5720 quia
1491 5646 1588 5704 isti
1617 5646 1867 5723 [Egyptii
1892 5650 1981 5706 in-

2081 4663 2196 4735 xx),
2227 4664 2326 4719 scd
2360 4663 2538 4718 illud:
2570 4664 2774 4734 Siquis
2794 4664 3055 4735 templum
3079 4666 3175 4720 Dei
3197 4664 3505 4735 violaverit,
3519 4664 3736 4738 disper-

2080 4754 2168 4809 det
2198 4755 2360 4808 illum
2388 4754 2524 4808 Deus
2555 4753 2599 4825 (Ι
2633 4753 2755 4809 Cor.
2789 4758 2874 4821 III)
2904 4771 2917 4809 :
2950 4753 3060 4809 iste
3090 4754 3303 4809 similis
3333 4758 3421 4811 est
3450 4753 3738 4827 his,quos

2082 4841 2391 4914 Apostolus
2439 4841 2620 4897 dicit:
2653 4844 2801 4898 Justo
2848 4844 2960 4899 ιω)
2986 4860 3100 4899 non
3140 4848 3217 4900 est
3249 4845 3448 4916 posita,
3474 4843 3567 4899 sed
3618 4846 3738 4899 ini-

2081 4934 2226 5003 quis,
2258 4941 2308 4987 ει
2352 4948 2464 4987 non
2508 4933 2762 4997 subditis,
2800 4933 3005 5004 impiis,
3038 4936 3091 4987 et
3140 4934 3537 5005 peccatoribus.
3570 4934 3739 4998 Quo-

2084 5021 2255 5077 modo
2281 5033 2421 5093 ergo
2442 5021 2610 5090 justo
2643 5021 2755 5077 Lex
2786 5038 2900 5077 non
2932 5027 3023 5077 est
3052 5023 3260 5095 posita,
3286 5040 3488 5080 verum
3507 5022 3738 5095 iniquis

2082 5116 2139 5168 et
2167 5128 2283 5166 non
2315 5109 2566 5166 subditis
2599 5127 2611 5165 :
2645 5111 2728 5165 sic
2749 5111 3014 5167 doctrina
3042 5129 3108 5167 ea
3129 5130 3254 5184 qua:
3288 5131 3323 5169 a
3352 5113 3740 5170 fornicatione

2083 5206 2282 5256 monet
2304 5200 2879 5271 recedendum,casto
2904 5218 3014 5255 non
3039 5206 3127 5257 est
3144 5203 3352 5274 posita,
3368 5203 3467 5258 sed
3486 5203 3737 5274 iniquis,

2084 5294 2143 5347 et
2175 5289 2641 5355 l‘ornicatoribus,
2675 5294 2731 5345 et
2763 5289 3255 5347 inobedicntibus.
3279 5292 3406 5347 Non
3438 5290 3738 5348 habemus

2085 5381 2280 5452 itaque
2311 5379 2727 5445 necessarium,
2758 5382 2821 5433 ut
2845 5379 3143 5434 discamus
3169 5397 3203 5435 a
3224 5379 3603 5436 fornicatione
3620 5381 3742 5437 dis-

2087 5471 2309 5540 cedere,
2341 5485 2543 5524 verum
2566 5468 2637 5522 ad
2671 5468 3012 5540 perfectiora
3031 5469 3345 5525 tendamus
3374 5488 3408 5525 a
3430 5469 3740 5544 principiis

2087 5560 2511 5615 elementorum
2529 5556 2740 5614 Christi
2759 5559 3320 5630 (Itom.x1n).Etenim
3338 5576 3470 5615 cum
3492 5560 3738 5618 debere-

2088 5648 2188 5725 tis,
2218 5649 2318 5725 ait,
2353 5646 2620 5723 magistri
2639 5662 2761 5705 esse
2779 5651 3013 5723 propter
3031 5652 3289 5726 tempus,
3318 5665 3557 5709 rursum
3579 5650 3737 5710 indi-
