3994 6188
284 349 402 413 761

1529 347 1592 407 S.
1644 344 1955 408 EUSEBII
1997 343 2442 408 HIERONYMI

3569 336 3704 400 752

283 483 344 538 in
371 478 640 553 praesenti
662 477 786 534 loco
809 477 879 532 de
901 475 1216 548 peccatrice
1237 475 1562 532 Jerusalem
1589 477 1762 544 Deus,
1787 477 1926 548 quia
1953 476 2010 542 Α
2039 477 2475 549 decerpentium
2489 474 2880 547 deScripturis
2893 471 3063 530 verba
3075 467 3689 545 paucissima.Etideo,

289 569 424 626 facit
447 582 622 639 opera.
643 564 910 620 mulieris
937 563 1257 618 meretricis
1280 564 1701 629 inverecundis,
1727 569 1782 620 et
1799 565 1940 620 dicit

289 659 361 713 ad
388 673 517 712 eam
545 672 558 710 :
590 657 655 710 Et
684 655 959 725 fornicata
1016 669 1071 709 es
1130 653 1424 724 lripliciter
1477 654 1537 708 in
1568 653 1789 722 ﬁliabus
1809 655 1936 708 tuis.

287 752 682 826 Exposuimus
713 751 842 819 hoc,
875 751 1110 822 quando
1143 750 1313 807 nobis
1339 751 1562 806 dictum
1595 755 1719 805 est:
1744 749 1940 822 zEdiﬁ-

287 842 427 898 casti
457 841 696 913 lupanar
725 844 878 895 tuum
901 841 960 894 in
979 841 1157 910 capite
1177 842 1358 894 omnis
1374 842 1501 908 vim,
1518 845 1567 895 et
1590 840 1770 894 basem
1787 843 1939 894 tuam

286 932 476 1004 fecisti
496 933 557 985 in
577 931 952 1002 omniplatca.
987 928 1277 985 Volumus
1306 934 1500 983 autem
1515 933 1738 984 etnunc
1761 929 1937 983 inter-

290 1020 502 1092 pretari
535 1019 672 1091 quid
709 1019 786 1074 sit
815 1017 1099 1073 mdiﬁcare
1129 1018 1394 1090 lupanar,
1431 1035 1544 1072 non
1577 1017 1848 1072 similiter
1879 1017 1936 1070 in

289 1117 452 1174 omni
511 1117 624 1184 via,
648 1116 748 1172 sed
781 1115 838 1170 in
862 1115 1047 1187 capite
1079 1115 1272 1170 omnis
1293 1116 1418 1179 vim,
1445 1132 1514 1170 ne
1537 1115 1836 1170 suffecisse
1851 1114 1938 1168 vi-

289 1207 495 1263 deatur
524 1205 840 1262 aedificasse
871 1204 1121 1276 lupanar
1152 1205 1210 1259 in
1243 1204 1430 1275 capite
1460 1203 1651 1259 omnis
1683 1203 1806 1269 viae,
1835 1203 1935 1258 sed

288 1295 530 1367 insuper
548 1298 607 1350 et
623 1294 821 1349 basem
845 1309 1014 1348 suam
1039 1292 1305 1364 posuisse
1324 1292 1380 1346 in
1400 1292 1559 1346 omni
1583 1291 1792 1362 platea.
1818 1295 1938 1345 Duo

290 1400 426 1458 ergo
443 1381 731 1455 generalia
755 1384 989 1454 peccata
1010 1380 1289 1452 peccavit,
1335 1397 1470 1435 cum
1520 1379 1826 1435 aedificavit
1847 1379 1937 1434 lu-

290 1489 474 1544 panar
503 1487 677 1528 suum
709 1470 768 1524 in
791 1470 980 1542 capite
1010 1469 1202 1525 omnis
1231 1470 1386 1526 956
1417 1469 1540 1536 viae,
1567 1473 1776 1525 etcum
1805 1468 1940 1524 fecit

288 1562 512 1625 basem,
544 1563 600 1615 et
651 1557 956 1614 constituit
994 1575 1124 1614 eam
1156 1557 1215 1613 in
1248 1559 1407 1613 omni
1440 1558 1633 1630 platea
1663 1557 1940 1613 meretrix

287 1648 638 1705 Jerusalem.
673 1649 806 1711 Quae
839 1651 977 1702 sunt
1004 1663 1139 1719 ergo
1171 1647 1292 1702 istm
1315 1647 1416 1702 viae
1437 1647 1464 1702 ‘t
1489 1647 1642 1702 State
1664 1649 1720 1701 in
1742 1649 1866 1714 viis,
1889 1655 1939 1701 et

288 1739 637 1810 interrogate
663 1738 892 1792 semitas
923 1736 1146 1791 Domini
1172 1739 1491 1799 zeternas,et
1533 1735 1707 1790 videte
1735 1750 1859 1806 qua:
1873 1737 1944 1790 sit

285 1837 378 1890 via
410 1835 572 1900 bona,
607 1841 658 1889 et
685 1833 961 1888 ambulate
995 1834 1059 1887 in
1085 1849 1168 1888 ea.
1204 1833 1396 1888 Multze
1429 1838 1566 1888 sunt
1594 1832 1696 1887 vise
1719 1831 1931 1902 sempi-

284 1926 483 1994 ternae,
515 1921 566 1978 si
623 1920 886 1977 retinetis
939 1937 1068 1976 eam
1134 1921 1574 1992 expositionem,
1607 1936 1784 1992 quam
1815 1921 1928 1976 fre-

288 2015 537 2084 quenter
565 2009 823 2065 exhibui.
877 2008 1049 2064 Scitis
1107 2013 1163 2064 et
1215 2010 1472 2080 Moysem
1502 2010 1659 2065 viam
1692 2027 1840 2076 esse,
1873 2014 1930 2064 et

288 2098 554 2172 singulos
611 2097 1050 2170 prophetarum.
1103 2102 1169 2152 Et
1217 2098 1508 2169 quomodo
1566 2098 1761 2153 multa
1792 2101 1932 2153 sunt

288 2186 637 2260 margaritae,
671 2202 820 2258 quas
879 2201 1116 2242 necesse
1173 2190 1262 2241 est
1319 2186 1615 2258 possidere
1665 2203 1798 2241 eum
1831 2187 1932 2258 qui

287 2280 570 2333 venturus
599 2280 688 2330 est
708 2275 779 2329 ad
801 2291 979 2329 unam
1006 2274 1493 2345 pretiosissimam
1520 2275 1930 2348 margaritam:

291 2374 378 2431 sic
401 2376 631 2446 oportet
660 2371 887 2445 ingredi
922 2371 1139 2427 multas
1171 2372 1293 2428 vias
1332 2373 1500 2441 Mosi,
1541 2379 1598 2429 et
1628 2373 1935 2445 pr0pheta-

291 2479 423 2520 rum
454 2462 720 2518 omnium
743 2477 900 2526 eum,
933 2459 1034 2532 qui
1069 2466 1352 2516 venturus
1383 2467 1477 2517 est
1504 2463 1576 2518 ad
1607 2463 1932 2518 dicentem:

289 2556 401 2624 Ego
429 2569 553 2607 sum
581 2553 692 2607 via.
719 2551 830 2607 Sed
854 2549 996 2606 dicit
1017 2551 1162 2606 mihi
1190 2551 1406 2622 aliquis
1429 2569 1442 2607 :
1471 2552 1616 2618 Quid
1638 2553 1708 2607 ad
1733 2569 1940 2624 propo-

293 2643 475 2698 situm
528 2640 796 2712 pertinet,
857 2641 1012 2710 quod
1055 2639 1287 2696 locutus
1318 2657 1380 2696 es
1404 2641 1431 2695 ‘?
1461 2641 1562 2696 Cui
1595 2643 1677 2696 sic
1707 2658 1940 2713 respon-

293 2731 481 2787 debo:
515 2729 842 2800 xEdiﬁcavit
899 2730 957 2783 in
1014 2730 1168 2784 omni
1222 2731 1314 2784 via
1361 2730 1669 2786 Jerusalem
1699 2731 1940 2802 lupanar

287 2837 467 2875 suum.
502 2817 563 2873 Si
594 2817 1050 2874 consideraveris
1082 2817 1384 2873 hareticos
1417 2835 1624 2874 omnes
1656 2818 1877 2875 alienos
1907 2836 1942 2874 a

291 2908 556 2976 veritate,
579 2907 936 2962 aedificantes
961 2907 1202 2962 domum
1219 2923 1288 2962 ex
1309 2907 1402 2962 his
1425 2907 1818 2975 sermonibus,
1841 2907 1940 2977 qui

293 2997 354 3052 in
391 2996 550 3052 Mose
579 2995 876 3068 leguntur,
897 3011 966 3050 ex
996 2995 1089 3051 his
1111 3012 1258 3067 quos
1281 2996 1337 3052 in
1389 2995 1558 3063 Isaia,
1583 3001 1640 3052 et
1665 2996 1938 3066 Jeremia,

295 3099 351 3150 et
388 3093 690 3167 prophetis
742 3092 986 3164 reliquis
1045 3092 1412 3161 invenerunt,
1457 3092 1734 3165 intelligis
1764 3110 1942 3150 novas

293 3183 589 3239 doctrinas
609 3181 1050 3238 fornicationem
1075 3196 1204 3236 esse
1224 3180 1573 3252 Jerusalem,
1610 3198 1735 3252 quae
1760 3182 1939 3236 aedifi-

300 3276 394 3328 cat
422 3271 671 3343 lupanar
699 3286 875 3326 suum
909 3271 968 3325 in
1000 3270 1159 3326 omni
1190 3269 1301 3338 via,
1333 3270 1433 3324 sed
1457 3269 1514 3324 in
1546 3271 1735 3342 capite
1752 3271 1944 3326 omnis

299 3361 425 3417 vias.
448 3359 508 3416 Si
529 3359 685 3415 enim
709 3362 1034 3431 praeventus
1081 3359 1215 3430 quis
1240 3358 1411 3413 fuerit
1434 3363 1566 3430 post
1590 3358 1944 3432 principium

299 3448 465 3518 Mosi,
488 3447 791 3505 exordium
815 3447 1250 3519 prophetarum,
1283 3447 1353 3501 ad
1404 3447 1761 3518 profundum
1792 3449 1941 3520 ejus;

299 3541 357 3594 et
378 3537 683 3594 scientiam
701 3536 966 3593 omnium
999 3535 1315 3607 pervenire,
1364 3535 1511 3590 nihil
1539 3541 1727 3608 potest
1757 3538 1945 3594 facere

299 3626 414 3683 ista
436 3625 708 3682 meretrix
724 3624 1020 3679 aedificans
1042 3622 1292 3694 lupanar
1308 3623 1367 3678 in
1389 3623 1578 3696 capite
1596 3625 1788 3680 omnis
1804 3627 1941 3684 viae:

299 3740 435 3780 eum
459 3722 688 3796 quaerit,
714 3720 812 3792 qui
833 3719 1090 3792 primum
1118 3719 1434 3775 Ecclesiam
1471 3720 1816 3793 ingreditur,
1841 3724 1941 3795 qui

301 3813 432 3870 fidei
455 3812 744 3868 elemenla
761 3809 1026 3882 suscipit,
1050 3809 1151 3881 qui
1171 3810 1334 3865 rudis
1353 3814 1441 3865 est
1459 3810 1516 3865 in
1536 3813 1941 3877 sacramentis,

299 3917 458 3968 eum,
479 3899 662 3972 quiin
683 3897 916 3955 exordio
942 3897 1076 3954 fidei
1095 3898 1450 3954 constitutus
1473 3905 1579 3968 est,
1603 3901 1726 3955 vult
1761 3902 1942 3958 intro-

297 3991 510 4048 ducere
547 3987 608 4043 in
664 3987 913 4058 lupanar
969 4004 1167 4054 suum,
1226 3989 1520 4043 mditicans
1578 3990 1940 4046 meretricem

297 4079 561 4133 domum.
594 4080 660 4130 Et
682 4075 819 4146 quia
843 4075 1177 4146 frequenter
1210 4075 1510 4131 fornicatio
1537 4077 1596 4131 in
1627 4078 1942 4150 Scripturis

299 4164 660 4233 nominatur,
694 4180 976 4236 exponere
1005 4163 1134 4220 volo
1168 4165 1456 4220 sermonis
1485 4165 1658 4221 istius
1679 4183 1938 4224 causam.

296 4260 710 4328 Ecclesiastici,
743 4262 844 4334 qui
875 4262 936 4317 in
965 4261 1225 4318 Ecclesia
1255 4267 1397 4317 sunt
1426 4263 1715 4335 magistri,
1750 4283 1942 4322 mores

297 4355 550 4424 purgant
565 4356 686 4408 tam
705 4368 844 4407 suos
868 4367 1045 4424 quam
1067 4367 1331 4422 suorum,
1351 4356 1409 4408 et
1429 4369 1496 4408 ex
1514 4352 1621 4408 hac
1645 4353 1943 4428 diligentia

297 4439 602 4497 mdificavit
632 4442 874 4497 domum
929 4440 1025 4496 Dei
1082 4440 1423 4510 Ecclesiam,
1475 4449 1532 4497 et
1562 4459 1709 4515 opus
1739 4461 1940 4500 eorum

295 4539 600 4595 aedificatio
631 4538 733 4594 Dei
780 4543 888 4595 est.
941 4538 1202 4594 Haaretici
1261 4539 1550 4594 aedificant
1607 4539 1939 4613 lupanaria

295 4629 453 4684 omni
487 4627 613 4684 via:
647 4633 713 4684 ut
743 4633 884 4699 puta
915 4628 1196 4701 magister
1237 4629 1308 4685 de
1365 4629 1601 4684 officina
1629 4603 1940 4699 Valentini,
1973 4603 2019 4666 D

296 4717 576 4792 magister
594 4717 664 4773 de
689 4722 838 4773 cmtu
864 4716 1154 4785 Basilidis,
1179 4719 1457 4790 magister
1474 4719 1544 4773 de
1568 4719 1940 4776 tabernaculo

292 4816 606 4872 Marcionis
661 4819 720 4871 et
774 4819 1112 4870 caaterorum
1169 4813 1594 4885 hiereticorum,
1653 4817 1942 4872 aedificant

294 4905 581 4962 meretrici
603 4905 866 4960 domum.
891 4903 1269 4975 Congregatio
1291 4905 1446 4958 enim
1478 4907 1741 4960 omnium
1771 4906 1942 4961 mali-

291 5012 543 5068 gnorum
565 4994 814 5066 lupanar
835 4996 942 5049 est.
966 4993 1076 5048 Sed
1099 4993 1242 5064 quid
1275 4993 1414 5048 dicit
1448 4994 1750 5066 Scriptura
1768 4995 1795 5050 ‘I
1813 4997 1942 5064 Fili,

288 5100 358 5140 ne
387 5083 637 5140 intendas
660 5086 720 5138 in
739 5083 950 5138 malam
969 5083 1259 5137 mulierem
1278 5098 1298 5142 ,°
1321 5082 1427 5138 mel
1451 5085 1600 5137 enim
1619 5083 1854 5139 distillat
1880 5085 1945 5141 de

289 5174 455 5230 labiis
512 5171 771 5228 mulieris
827 5173 1132 5228 meretricis
1191 5172 1374 5242 (Prov.
1435 5174 1508 5243 v).
1545 5171 1708 5227 Unde
1741 5174 1792 5228 ei
1830 5175 1943 5230 mel

286 5270 529 5327 distillat
545 5270 572 5324 ?
599 5268 845 5325 Distillat
868 5269 1023 5324 enim
1045 5267 1156 5323 mel
1184 5269 1254 5322 de
1275 5268 1447 5323 labiis
1468 5269 1734 5326 mulieris
1757 5289 1944 5328 mere-

284 5361 466 5416 tricis.
503 5361 772 5432 lngressa
799 5362 888 5413 est
939 5359 1011 5412 ad
1071 5357 1290 5423 Mosen,
1351 5357 1422 5411 ad
1467 5358 1698 5424 Isaiam,
1734 5361 1806 5415 ad
1837 5361 1936 5416 Je-

284 5449 551 5519 remiam,
583 5449 738 5504 etde
769 5447 1085 5518 Scripturis
1135 5463 1338 5501 eorum
1394 5446 1504 5501 sibi
1554 5449 1730 5504 mella
1774 5451 1947 5506 colle-

283 5539 385 5612 git.
421 5540 596 5596 957.
631 5537 788 5592 Vade
820 5538 891 5591 ad
926 5535 1227 5591 haereticos
1261 5535 1606 5608 loquentes:
1655 5540 1783 5595 llaec
1807 5540 1954 5602 dicit,

282 5633 492 5694 Moses,
523 5627 642 5680 haec
663 5619 861 5695 Isaias,
885 5625 1002 5680 haec
1024 5623 1328 5692 Jeremias,
1355 5630 1411 5679 et
1444 5627 1670 5684 videbis
1697 5646 1944 5702 quomo-

287 5722 364 5786 do
381 5717 456 5777 de
475 5713 648 5776 labiis
673 5729 875 5773 eorum
897 5729 1013 5774 non
1060 5713 1246 5772 ﬂuant
1278 5711 1472 5786 mella,
1504 5717 1604 5774 sed
1641 5717 1733 5778 dis
1816 5718 1956 5781 lent

2047 565 2153 620 mel
2174 563 2415 620 distillat
2459 564 2522 619 de
2569 565 2734 618 labiis
2762 562 3018 619 mulieris
3055 561 3364 616 meretricis
3395 558 3578 629 (Prov.
3610 555 3690 627 v).

2051 653 2113 707 In
2141 653 2328 725 capite
2347 669 2482 725 ergo
2505 652 2696 708 omnis
2725 652 2827 706 via:
2859 651 3108 706 aediﬁcat
3128 649 3394 720 lupanar.
3423 646 3578 713 Esto,
3599 644 3692 699 in-

2048 741 2349 797 tellectum
2363 742 2438 796 sit
2456 740 2511 797 lu
2521 741 3256 813 panar,interpretemuret
3268 738 3490 803 basem,
3510 749 3694 806 quam

2050 830 2108 885 in
2131 830 2405 885 omnibus
2426 830 2632 902 plateis
2656 824 2852 901 posuit
2879 828 3150 884 meretrix
3172 825 3525 882 Jerusalem.
3543 822 3694 878 Scri-

2051 923 2217 989 ptum
2237 918 2400 973 estin
2424 918 2538 973 alio
2562 920 2704 984 loco,
2743 918 3034 989 quomodo
3057 917 3114 970 in
3151 914 3360 988 plateis
3384 910 3696 968 manifeste

2050 1006 2289 1060 advocat
2310 1011 2721 1078 prietercuntes
2745 1005 3017 1060 meretrix
3043 1021 3056 1058 :
3080 1003 3235 1058 varie
3255 1001 3470 1073 quippe
3489 1016 3692 1072 pecca-

2050 1098 2172 1148 tum
2211 1110 2316 1148 nos
2340 1095 2408 1148 ad
2435 1111 2496 1149 se
2543 1093 2768 1148 trahere
2815 1093 3073 1159 festinat,
3122 1091 3242 1146 sive
3263 1107 3364 1162 per
3395 1088 3692 1154 haeresim,

2049 1184 2168 1236 sive
2200 1199 2301 1253 per
2327 1181 2603 1254 gentilem
2634 1181 3154 1237 conversationem.
3189 1180 3258 1234 Et
3273 1193 3376 1250 per
3396 1177 3691 1246 haresim,

2049 1270 2308 1341 quidem,
2366 1272 2602 1342 quando
2645 1271 2891 1325 {aedificat
2920 1269 3168 1341 lupanar
3189 1269 3247 1323 in
3279 1268 3466 1340 capite
3495 1265 3694 1322 omnis

2047 1358 2190 1426 vim;
2224 1375 2325 1430 per
2353 1359 2629 1431 gentilem
2668 1367 2861 1415 autem
2909 1357 3429 1428 conversationem,
3457 1355 3696 1427 quando

2047 1448 2249 1503 basem
2310 1449 2476 1520 punit
2533 1449 2807 1504 omnibus
2863 1447 3092 1520 plateis.
3154 1449 3285 1502 Lata
3313 1450 3392 1501 est
3430 1443 3613 1515 enim,
3645 1451 3697 1500 et

2043 1545 2235 1608 patens
2266 1539 2354 1592 via
2375 1552 2499 1608 quae
2518 1537 2665 1593 ducit
2687 1538 2757 1591 ad
2775 1537 3139 1608 perditionem
3160 1537 3177 1606 ί
3185 1535 3374 1590 Matth.
3396 1535 3525 1605 vn).
3547 1534 3698 1589 Cum

2049 1641 2184 1697 ergo
2217 1641 2344 1695 quae
2372 1626 2533 1693 dicit,
2562 1630 2619 1682 et
2649 1626 2706 1680 in
2731 1625 2946 1696 quibus
2970 1625 3276 1680 audientes
3295 1623 3585 1679 instruere
3607 1638 3700 1678 eo.

2050 1717 2245 1778 natur,
2269 1714 2338 1768 de
2361 1713 2678 1786 Scripturis
2718 1714 2943 1777 asserit,
2968 1713 3216 1768 aedificat
3247 1711 3495 1784 lupanar
3517 1711 3577 1765 in
3599 1727 3698 1766 ea-

2051 1802 2165 1871 pite
2187 1802 2379 1856 omnis
2397 1803 2519 1858 viae.
2543 1803 2686 1858 Cum
2706 1819 2839 1858 vero
2862 1801 3100 1859 moralis
3124 1801 3287 1857 locus
3309 1799 3483 1856 fuerit
3502 1799 3698 1856 disso-

1961 1862 2007 1926 B
2041 1889 2220 1954 lutus,
2245 1890 2616 1947 etluxuriosa
2632 1891 2995 1963 praecipiens,
3019 1889 3302 1946 lascivum
3318 1888 3701 1945 feceritaudi-

2039 1984 2242 2046 torem,
2269 1980 2406 2050 quid
2422 1980 2579 2035 aliud
2606 1981 2760 2048 fecit,
2783 1996 2960 2051 quam
2995 1980 3192 2035 basem
3224 1979 3422 2050 posuit
3450 1977 3505 2033 in
3533 1993 3701 2048 omni

2036 2067 2127 2122 via
2147 2067 2174 2121 ?
2204 2070 2320 2124 Non
2340 2072 2416 2124 est
2445 2072 2591 2140 facta
2613 2073 2676 2124 ut
2696 2071 2981 2135 meretrix,
3023 2084 3363 2139 congregans
3401 2067 3694 2124 mercedes.

2040 2157 2355 2213 Videamus
2395 2158 2762 2213 meretricem
2804 2157 3098 2213 mercedes
3129 2161 3606 2228 congregautem,
3638 2161 3698 2212 et

2044 2245 2217 2301 aliam
2258 2264 2464 2302 rursus
2532 2263 2648 2302 non
2715 2249 3186 2317 congregantem.
3245 2245 3326 2300 De
3393 2244 3502 2300 hac
3532 2245 3692 2300 enim

2045 2333 2327 2403 quaeritur
2386 2334 2554 2404 quasi
2619 2334 2689 2388 de
2748 2334 3050 2388 meretrice
3119 2349 3232 2388 non
3303 2337 3699 2406 congregante

2045 2422 2362 2478 mercedes.
2396 2423 2541 2477 Cum
2574 2423 2770 2478 videro
2808 2438 2936 2477 esse
2968 2421 3354 2493 meretricem,
3406 2438 3536 2493 qua:
3575 2439 3698 2479 non

2046 2515 2356 2582 congreget
2412 2511 2730 2576 mercedes,
2820 2514 2878 2565 et
2932 2509 3124 2582 legero
3192 2510 3264 2565 ad
3338 2511 3512 2566 istam
3570 2510 3704 2566 dic-

2048 2603 2194 2667 tum,
2245 2600 2385 2670 quia
2423 2601 2574 2656 facta
2604 2601 2681 2656 sit
2730 2603 2795 2654 ut
2843 2599 3120 2655 meretrix
3167 2615 3283 2655 non
3327 2614 3700 2672 congregans

2049 2689 2367 2756 mercedes,
2416 2688 2606 2744 dicam
2654 2688 2992 2761 congregari
3025 2689 3346 2756 mercedes,
3394 2705 3524 2744 esse
3555 2705 3702 2762 pec-

2048 2778 2231 2833 cando
2254 2778 2492 2833 divitem
2517 2777 2660 2846 fieri,
2708 2778 3003 2849 peccando
3050 2775 3299 2849 gloriam
3346 2777 3406 2832 in
3450 2777 3700 2834 saecula-

2049 2867 2211 2921 ribus
2225 2883 2582 2939 comparare,
2601 2868 2894 2938 peccando
2911 2866 3155 2922 feliciter
3171 2866 3227 2921 in
3253 2867 3474 2922 mundo
3499 2883 3696 2940 agere.

2050 2955 2290 3020 Quando
2314 2972 2415 3027 per
2435 2960 2757 3027 peccatum,
2782 2959 2846 3010 ut
2869 2954 3009 3023 dixi,
3046 2955 3158 3010 ista
3200 2959 3544 3026 nascuntur,
3583 2957 3700 3012 for-

2051 3044 2278 3099 nicatur
2298 3045 2514 3113 anima,
2537 3049 2594 3100 et
2614 3050 2929 3116 congregat
2965 3045 3262 3100 mercedes
3295 3044 3702 3101 fornicationis

2052 3151 2190 3201 suae,
2223 3133 2491 3206 gloriam,
2520 3133 2752 3189 divitias
2782 3139 2841 3188 et
2871 3132 3096 3204 reliqua
3142 3149 3272 3204 quae
3319 3133 3380 3188 in
3413 3134 3703 3205 perditio-

1975 3231 2017 3296 (ζ
2057 3239 2188 3277 nem
2221 3223 2428 3277 animos
2462 3239 2579 3278 sure
2611 3221 3002 3294 conquisivit:
3027 3222 3260 3292 quando
3289 3237 3422 3278 vero
3455 3222 3703 3278 fornica-

2055 3315 2172 3382 tur,
2198 3316 2255 3366 et
2277 3327 2393 3366 non
2416 3311 2536 3383 agit
2564 3327 2839 3383 prospere
2865 3309 2924 3364 in
2952 3308 3328 3366 saecularibus
3362 3311 3562 3378 rebus,
3598 3311 3701 3368 sed

2057 3417 2158 3471 per
2191 3401 2318 3471 hoc,
2375 3399 2529 3470 quod
2588 3399 2862 3471 peccavit,
2922 3398 3098 3454 etiam
3137 3398 3444 3454 infeliciter
3472 3401 3615 3456 vivit
3641 3401 3702 3456 in

2055 3488 2286 3558 saeculo,
2320 3487 2474 3544 958
2507 3487 2780 3542 meretrix
2804 3491 2894 3542 est
2935 3503 3049 3542 non
3076 3501 3437 3559 congregans
3482 3504 3703 3545 merce-

2055 3581 2178 3644 des,
2202 3582 2258 3632 et
2274 3576 2566 3632 contraria
2585 3576 2823 3640 faciens,
2848 3574 2903 3629 id
2924 3578 3034 3644 est,
3058 3575 3386 3634 fornicariis
3403 3577 3705 3633 mercedes

2053 3667 2206 3722 ultro
2237 3666 2521 3722 tribuens.
2557 3666 2620 3720 Et
2641 3668 2702 3719 tu
2731 3663 2928 3719 dedisti
2954 3665 3224 3720 mercedes
3263 3663 3506 3719 omnibus
3535 3681 3696 3720 ama-

2051 3757 2260 3813 toribus
2291 3757 2420 3810 tuis.
2453 3754 2908 3825 Nonnumquam
2931 3753 3130 3808 anima
3149 3752 3356 3808 divites
3377 3752 3510 3808 facit
3527 3769 3693 3809 ama-

2051 3850 2204 3901 tores
2227 3860 2387 3914 suos,
2421 3843 2681 3898 lietantes
2709 3842 2769 3896 in
2798 3858 2886 3908 eo,
2929 3842 3084 3912 quod
3117 3841 3444 3913 acceperint
3471 3857 3698 3898 merce-

2051 3934 2153 3989 des
2184 3933 2254 3988 ab
2285 3950 2372 3988 ea.
2405 3932 2515 3988 Sed
2545 3931 2688 3986 dicit
2713 3930 2858 3986 mihi
2891 3931 3156 3986 auditor:
3209 3931 3576 3987 Manifestius
3607 3947 3705 3987 ex-

2051 4039 2198 4095 pone
2221 4022 2512 4093 quomodo
2535 4020 2855 4076 fornicatur
2872 4019 3090 4088 anima,
3114 4020 3410 4076 mercedes
3431 4019 3706 4076 tribuens

2051 4113 2120 4167 de
2144 4113 2318 4166 rebus
2342 4109 2448 4164 viri
2470 4110 2582 4164 sui.
2608 4109 2702 4165 Sic
2723 4109 2880 4164 enim
2904 4108 2984 4164 ait
3033 4113 3090 4164 et
3120 4109 3179 4164 in
3226 4110 3522 4180 presenti,
3555 4114 3616 4165 et
3644 4108 3710 4164 in

2051 4200 2182 4256 aliis
2217 4201 2544 4272 frequenter
2573 4197 2716 4254 locis
2747 4214 2939 4254 sermo
2971 4196 3227 4264 divinus,
3271 4198 3412 4269 quia
3448 4197 3714 4254 sustule-

2051 4291 2126 4345 rit
2146 4306 2233 4360 ea,
2259 4305 2384 4360 quae
2408 4293 2547 4344 sunt
2565 4287 2698 4355 viri,
2728 4291 2786 4343 et
2805 4287 3030 4343 dederit
3061 4285 3334 4342 meretrix
3369 4285 3715 4344 Jerusalem

2052 4378 2410 4434 amatoribus
2443 4376 2590 4434 suis.
2614 4376 2764 4443 Quid
2795 4375 3034 4442 esthoc,
3073 4376 3229 4447 quod
3268 4375 3519 4448 largitus
3540 4370 3634 4432 est
3662 4375 3721 4432 ei

2049 4468 2136 4524 vir
2159 4484 2325 4534 suus,
2349 4483 2474 4538 qua:
2510 4470 2712 4537 postea
2735 4465 2888 4520 facta
2913 4463 3200 4534 adultera,
3241 4480 3412 4520 omne
3435 4465 3593 4536 quod
3619 4480 3721 4520 aco

2051 4555 2225 4628 cepit,
2249 4556 2426 4610 donat
2447 4553 2809 4609 amatoribus
2841 4553 2965 4609 suis
2987 4553 3015 4607 ?
3040 4553 3138 4608 Vir
3158 4553 3370 4609 anima:
3392 4569 3586 4609 sermo
3612 4552 3725 4609 Dei

2059 4651 2166 4713 est,
2191 4661 2444 4717 sponsus
2467 4647 2693 4699 amator
2736 4659 2931 4710 verus,
2953 4642 3054 4713 qui
3077 4642 3237 4698 dedit
3261 4643 3310 4698 ei
3347 4642 3716 4709 castitatem,

2051 4733 2545 4804 deditjustitiam,
2595 4731 2755 4787 dedit
2816 4735 3022 4786 caetera
3078 4732 3253 4787 bona.
3287 4730 3528 4796 Quando
3560 4747 3714 4803 ergo

2050 4823 2296 4878 voluerit
2325 4823 2523 4877 anima
2554 4820 2721 4892 sequi
2770 4821 3145 4876 fortitudines
3167 4819 3515 4887 contrarias,
3539 4819 3599 4875 id
3621 4823 3723 4876 est

2053 4913 2140 4983 (ut
2164 4911 2396 4983 planius
2424 4911 2637 4981 dicam)
2682 4909 2882 4964 decem
2939 4908 3110 4964 annis
3169 4908 3376 4980 pudice
3403 4907 3603 4963 vivens
3636 4909 3717 4963 ad

2051 5005 2375 5056 extremum
2416 4999 2589 5055 fuerit
2641 4997 2942 5064 fornicata,
3004 4998 3216 5070 accipit
3270 4998 3422 5053 bona
3449 4996 3559 5052 viri
3589 4996 3717 5064 sui,

2055 5108 2179 5162 qua:
2212 5089 2396 5144 multo
2429 5094 2688 5159 tempore
2718 5104 2852 5142 cum
2896 5085 3094 5142 labore
3146 5086 3480 5158 quaesierat,
3513 5089 3570 5140 et
3600 5087 3711 5142 dat

2055 5197 2122 5236 ea
2149 5177 2509 5234 amatoribus
2542 5177 2685 5231 suis.
2721 5175 2829 5240 Qui
2874 5175 3238 5248 sanguinarii
3291 5179 3582 5231 amatores
3613 5191 3714 5230 ra-

2057 5270 2225 5341 piunt
2255 5269 2325 5321 ad
2358 5283 2420 5323 se
2443 5269 2685 5320 virtutes
2709 5264 2932 5318 miserm
2953 5265 3182 5333 animai,
3207 5269 3264 5320 et
3283 5263 3715 5334 inceduntjac-

2057 5357 2298 5413 tabundi
2319 5372 2493 5428 super
2515 5355 2731 5408 divitiis
2753 5356 2901 5424 eius,
2924 5358 2980 5408 et
3001 5354 3205 5408 dicunt
3245 5350 3508 5408 :Abstuli
3533 5351 3586 5405 ei
3608 5351 3716 5406 de-

2059 5444 2359 5502 cennalem
2393 5445 2739 5509 castitatem,
2771 5443 2959 5514 eripui
3005 5443 3075 5497 ab
3126 5460 3193 5498 ea
3218 5437 3584 5514 quinquenni
3609 5439 3714 5510 ju-

2061 5536 2301 5601 stitiam,
2321 5533 2601 5588 vindicavi
2628 5533 2770 5586 mihi
2797 5531 3164 5587 fortitudines
3191 5533 3319 5603 ejus
3349 5547 3362 5585 :
3386 5527 3607 5585 oblitus
3622 5532 3719 5585 est

2063 5624 2325 5680 omnium
2350 5624 2634 5678 bonorum
2668 5622 2794 5692 ejus
2836 5620 3010 5687 Deus,
3045 5637 3170 5692 qua:
3205 5618 3523 5692 aliquando
3551 5616 3713 5693 fecit,

2064 5713 2340 5794 quoniam
2385 5709 2807 5790 comprehensa
2829 5709 3000 5771 estin
3030 5712 3287 5786 peccato,
3316 5716 3371 5771 et
3399 5705 3619 5770 oblitus
3643 5722 3712 5804 es
