3994 6188
291 321 406 389 ’18⁵1

720 321 1217 390 TRANSLATIO
1261 321 1768 391 HOMlLIARUM
1813 321 2182 390 ORIGENIS
2227 323 2306 389 IN
2353 324 2876 392 EZECHIELEM.
2921 325 3116 393 HOM.
3160 323 3262 391 1X.

3571 316 3696 392 758

290 457 437 515 ciem
468 457 722 527 Domini,
748 463 814 514 ut
833 458 952 525 ille,
983 463 1040 515 et
1068 459 1187 529 ille,
1220 459 1418 515 nullus
1449 458 1531 515 sic
1554 458 1770 531 pascha
1791 457 1937 514 cele-
1967 459 2021 524 Α
2049 457 2150 513 lud
2181 475 2382 514 verum
2414 459 2565 516 Solis
2590 461 2833 531 justitia
2865 459 3219 532 resplendet,
3270 463 3327 516 et
3355 458 3578 516 clarum
3608 463 3700 518 est

289 546 481 604 bravit
510 550 576 602 ut
601 546 816 602 Josias.
849 548 930 602 Ex
961 565 1072 618 quo
1095 548 1424 604 ostenditur
1446 547 1943 620 comparationem

292 636 416 692 ﬁeri
440 637 758 706 iustorum,
791 640 846 690 et
865 635 1029 691 illum
1053 653 1184 692 vere
1207 654 1333 692 esse
1350 639 1604 708 justum,
1630 635 1729 707 qui
1751 635 1832 690 sic
1845 636 1942 706 ju-

290 724 533 782 stificari
552 729 864 779 mereatur.
881 724 1110 780 Utinam
1126 729 1181 780 et
1198 741 1303 797 ego
1321 725 1566 781 collatus
1584 724 1944 796 sapientibus

287 813 524 882 sapiens
544 812 877 884 reperiar,et
890 813 1542 885 justisjudicerjustus!
1573 813 1712 868 Nolo
1731 813 1945 884 quippe

279 901 595 974 justiﬁcari
612 902 684 956 ab
703 901 1091 972 iniquis,quia
1109 902 1486 974 talisjustitia
1503 903 1820 958 criminosa
1835 907 1941 956 est.

285 1002 417 1054 Hac
447 999 778 1071 anticipans
825 997 1058 1055 locutus
1087 1017 1219 1056 sum
1253 1001 1393 1072 quia
1420 1000 1479 1054 in
1513 999 1604 1054 his
1639 1016 1764 1070 qua
1795 998 1946 1053 lecta

287 1092 445 1157 sunt,
500 1089 716 1143 dicitur
760 1106 772 1142 :
822 1088 1147 1157 Justiﬁcasti
1192 1105 1404 1144 sorores
1449 1093 1570 1143 tuas
1609 1090 1668 1142 in
1698 1088 1946 1142 omnibus

287 1177 680 1248 iniquitatibus
711 1177 842 1242 tuis,
877 1194 1009 1247 quas
1036 1180 1222 1248 fecisti
1250 1179 1320 1247 (ΙΙ
1353 1183 1484 1233 Par.
1519 1178 1672 1248 xxv).
1720 1176 1942 1231 Justiti-

287 1271 429 1320 cata
454 1268 596 1320 sunt
628 1263 785 1319 enim
808 1264 1074 1321 Samaria
1090 1270 1146 1322 et
1168 1267 1421 1321 Sodoma
1441 1283 1508 1320 ex
1530 1264 1946 1336 iniquitatibus

287 1353 640 1410 Jerusalem.
664 1355 724 1408 In
770 1355 1026 1409 omnibus
1055 1355 1445 1424 iniquitatibus
1474 1356 1741 1426 tuis,quas
1767 1354 1948 1424 fecisti

283 1443 415 1499 illas
432 1458 600 1514 super
613 1451 685 1498 te.
710 1441 930 1498 Idcirco
952 1443 1299 1515 diligentius
1322 1444 1717 1510 attendamus,
1738 1446 1804 1496 ut
1819 1458 1946 1511 pos-

284 1532 476 1587 simus
511 1546 846 1602 agnoscere,
879 1547 1083 1587 omnes
1111 1549 1217 1587 nos
1238 1531 1298 1586 in
1323 1532 1416 1587 die
1438 1532 1647 1604 judicii
1675 1548 1709 1586 a
1742 1531 1944 1603 pejori-

283 1620 397 1675 bus
429 1618 648 1674 nostris
670 1618 1107 1689 justiﬁcandos,
1158 1625 1214 1676 et
1263 1637 1500 1675 rursum
1534 1639 1568 1675 a
1597 1619 1768 1675 nobis
1799 1619 1944 1674 alios

277 1708 617 1779 justiﬁcari.
651 1707 813 1764 Unus
845 1708 1007 1763 solus
1036 1713 1126 1763 est
1148 1709 1247 1780 qui
1270 1709 1636 1779 justiﬁcatur
1659 1709 1732 1763 ab
1755 1707 1944 1762 omni-

2051 550 2186 602 ante
2214 547 2526 604 homines:
2583 566 2716 604 cum
2749 553 2944 605 autem
2992 548 3258 604 Christus
3306 549 3528 606 venerit
3567 553 3703 608 ante

2053 651 2208 704 eum,
2239 637 2716 693 contenebrescit.
2746 637 2972 693 Dicitur
2999 641 3056 691 et
3085 636 3223 692 alibi
3259 653 3272 691 :
3314 637 3436 692 Lux
3463 638 3520 691 in
3551 639 3699 694 tene-

2055 725 2170 779 bris
2200 725 2340 780 lucet
2372 726 2549 795 (Joan.
2583 728 2644 796 ι).
2695 727 2828 790 Qua
2861 729 2949 782 est
2975 725 3089 780 ista
3117 725 3237 786 lux,
3287 741 3414 796 qua
3455 725 3608 781 lucet
3636 726 3697 782 in

2051 814 2310 869 tenebris
2335 818 2358 869 P
2380 815 2684 869 Justorum
2711 815 2810 870 lux
2830 816 2890 879 in
2912 813 3170 870 tenebris
3188 813 3360 869 lucet.
3397 815 3458 869 In
3481 813 3697 886 quibus

2051 902 2308 958 tenebris
2328 903 2355 956 ?
2388 903 2486 958 ubi
2517 908 2607 958 est
2638 903 2804 959 nobis
2835 908 3127 958 certamen
3151 903 3428 958 adversus
3450 906 3700 959 rectores

2050 1000 2424 1055 tenebrarum
2459 1000 2704 1055 istarum
2741 1000 2910 1073 (Eph.
2936 1001 3035 1071 vs).
3068 1000 3197 1054 Hac
3224 1000 3324 1072 qui
3355 999 3696 1072 diligentius

2051 1088 2401 1160 longiusque
2431 1088 2793 1155 discusserit,
2844 1105 2957 1144 non
3000 1088 3210 1160 poterit
3237 1088 3450 1154 inflari,
3495 1089 3697 1144 videns

2053 1178 2248 1232 lumen
2284 1194 2458 1234 suum
2482 1179 2554 1233 ad
2580 1178 3074 1249 comparationem
3096 1177 3336 1248 majoris
3355 1177 3600 1233 luminis
3618 1181 3699 1233 te-

2054 1266 2266 1321 nebras
2285 1267 2564 1337 reputari.
2589 1267 2737 1329 Quid
2759 1271 2846 1322 est
2869 1265 3102 1337 justitia
3125 1281 3274 1336 mea,
3303 1264 3531 1321 etiamsi
3557 1269 3701 1321 Pau-

2051 1353 2146 1408 lus
2175 1353 2486 1426 Apostolus
2517 1355 2654 1410 ﬁam
2677 1356 2704 1409 ?
2733 1355 2874 1426 quid
2897 1355 3158 1421 castitas,
3190 1353 3420 1410 etiamsi
3441 1353 3703 1427 Joseph‘?

2056 1441 2196 1514 quid
2219 1443 2516 1513 fortitudo,
2542 1443 2773 1498 etiamsi
2793 1447 2826 1497 J
2831 1443 2976 1499 udas
2995 1443 3363 1499 Machabaus
3385 1442 3705 1499 exsistam?

2054 1530 2193 1602 quid
2225 1531 2339 1586 alia
2366 1531 2552 1586 virtus
2583 1531 2898 1603 sapientia,
2949 1531 3179 1587 etiamsi
3212 1531 3486 1587 Salomon
3517 1548 3704 1604 appa-

2054 1635 2232 1685 ream,
2285 1620 2354 1674 ad
2405 1619 2899 1692 comparationem
2946 1619 3069 1687 Dei,
3118 1623 3175 1676 et
3219 1621 3290 1675 ad
3338 1636 3540 1676 eorum
3595 1620 3696 1692 qui

2054 1707 2322 1763 meliores
2345 1710 2519 1764 sunt?
2545 1710 2713 1781 Ergo,
2728 1713 2794 1764 ut
2813 1709 3004 1765 dicere
3026 1725 3400 1780 caperemus,
3423 1707 3704 1780 iniquitas

287 1796 426 1866 bus,
452 1800 508 1850 et
533 1795 655 1867 ipse
677 1794 904 1850 nullum
929 1797 1242 1866 justificat.
1276 1799 1348 1851 Ut
1369 1800 1532 1867 puta,
1569 1796 1822 1851 Sodoma
1843 1796 1942 1866 ju-
1978 1830 2022 1894 Β
2046 1797 2348 1867 justiﬁcat,
2373 1802 2430 1852 et
2445 1798 2680 1868 justitia
2702 1797 2951 1853 aliorum
2979 1799 3413 1870 comparatione
3434 1797 3705 1853 condem-

290 1884 577 1940 stiﬁcatur
592 1884 663 1938 ab
681 1884 1029 1954 Jerusalem,
1047 1885 1187 1954 quia
1205 1885 1278 1940 ab
1309 1901 1370 1940 se
1392 1884 1765 1942 sceleratoria
1786 1900 1942 1939 com-

281 1972 488 2027 misit:
522 1977 578 2028 et
606 1971 752 2028 forte
781 1973 1108 2028 Jerusalem
1139 1974 1212 2029 ab
1242 1973 1360 2028 alia
1377 1973 1595 2044 aliqua,
1617 1990 1741 2044 qua
1765 1990 1828 2028 se
1850 1989 1936 2044 pe-

280 2061 373 2131 jor
403 2064 517 2126 est,
547 2061 801 2116 civitate.
854 2061 945 2116 Sic
995 2065 1084 2116 est
1133 2061 1374 2132 quidam
1419 2061 1842 2132 justiﬁcandus
1872 2060 1944 2115 ab

279 2148 666 2218 Antichristo,
727 2149 827 2219 qui
878 2150 949 2204 ad
997 2149 1166 2204 illum
1220 2153 1617 2221 comparatur,
1676 2154 1733 2204 et
1786 2147 1944 2202 illius

279 2237 596 2309 iniquitate
627 2254 694 2293 ac
725 2237 1044 2293 sceleribus
1078 2238 1271 2294 minor
1302 2239 1607 2309 reperitur.
1644 2237 1944 2293 Pessimus

279 2341 422 2382 vero
450 2326 680 2381 damon
710 2337 823 2394 est,
857 2331 913 2381 et
941 2330 1030 2397 (ut
1060 2327 1246 2398 aiunt)
1278 2327 1478 2394 miser,
1510 2327 1609 2399 qui
1641 2327 1712 2382 ab
1736 2325 1944 2396 illoju-

281 2414 610 2470 stiﬁcatur:
642 2414 787 2470 forte
807 2418 865 2469 et
884 2419 1050 2485 pater
1069 2414 1230 2470 illius
1254 2415 1326 2470 ab
1348 2431 1414 2471 eo
1433 2432 1548 2471 non
1561 2414 1942 2485 justiﬁcatur,

279 2511 474 2567 multo
507 2511 607 2567 illo
629 2510 964 2567 sceleratior
989 2516 1275 2583 repertus.
1310 2512 1596 2567 Dominus
1619 2528 1752 2566 vero
1780 2526 1946 2565 meus

273 2601 305 2656 J
311 2617 461 2656 esus
483 2599 754 2656 Christus
768 2600 1132 2670 justificatur
1145 2601 1316 2671 juxta
1337 2599 1836 2671 dispensationem
1850 2615 1948 2654 car

276 2689 397 2754 nis,
449 2705 628 2758 quam
678 2688 750 2744 ob
802 2692 1061 2743 nostram
1121 2687 1370 2743 salutem
1425 2685 1812 2755 circumtulit,
1873 2687 1945 2741 ab

275 2777 610 2845 Abraham,
659 2777 732 2832 ab
779 2777 960 2844 Isaac,
1004 2777 1076 2831 ab
1105 2775 1306 2841 Jacob,
1357 2792 1388 2830 e
1435 2793 1469 2831 a
1519 2775 1762 2847 reliquis
1813 2791 1944 2846 pro-

279 2865 506 2940 phetis.
543 2865 784 2930 Quando
815 2865 972 2921 enim
1003 2863 1506 2935 omnibusjustis,
1539 2870 1594 2920 et
1619 2863 1943 2936 prophetis,

278 2972 344 3012 ac
381 2954 600 3020 beatis,
638 2954 974 3026 quibusque
1005 2953 1064 3008 in
1093 2953 1592 3025 comparationem
1627 2953 1825 3008 misels
1856 2952 1943 3006 in-

277 3045 527 3102 venitur
546 3043 904 3098 contrarium
929 3042 1086 3109 huic,
1111 3043 1263 3114 quod
1289 3042 1505 3097 dicitur
1529 3043 1598 3097 de
1618 3043 1872 3098 Sodoma
1890 3046 1947 3097 et

274 3131 639 3200 Jerusalem,
692 3131 882 3204 magis
933 3131 1190 3203 gloriﬁco
1237 3130 1593 3186 Salvatorem
1653 3136 1940 3186 nostrum.

275 3223 452 3288 Quod
489 3226 683 3276 autem
719 3220 846 3275 dico
878 3219 1216 3276 istiusmodi
1246 3223 1354 3288 est,
1406 3224 1462 3275 et
1492 3220 1608 3275 Deo
1637 3219 1943 3292 largiente,

276 3310 600 3369 orantibus
653 3309 835 3376 vobis,
889 3309 1155 3380 prabebo
1207 3309 1276 3363 de
1323 3308 1642 3380 Scripturis
1673 3308 1945 3380 explana-

276 3401 538 3457 tionem.
591 3397 747 3454 Fecit
794 3397 1047 3452 Sodoma
1090 3401 1431 3467 peccatum:
1483 3397 1751 3452 Samaria
1799 3412 1950 3467 quo-

284 3505 409 3562 que
459 3486 739 3560 peccavit,
788 3484 1202 3557 iniquitatibus
1233 3486 1443 3540 obruta
1483 3490 1572 3540 est
1599 3483 1950 3554 Jerusalem,

283 3577 448 3634 995
488 3575 591 3631 sed
623 3574 852 3629 minora
900 3577 1137 3645 peccata
1185 3590 1218 3629 a
1265 3573 1589 3644 majoribus
1625 3573 1956 3644 justiﬁcan-

283 3672 389 3723 tur
441 3663 556 3720 sub
611 3662 895 3734 exemplo,
947 3678 1064 3733 quo
1113 3662 1367 3717 Sodoma
1404 3663 1775 3733 justiﬁcatur
1804 3677 1957 3716 aso-

288 3770 430 3812 rore
451 3769 560 3809 sua
579 3750 931 3807 Jerusalem.
955 3751 1253 3815 Quomodo
1278 3751 1459 3824 igitur
1479 3751 1762 3822 iniquitas
1786 3749 1958 3820 justi-

290 3845 462 3914 ﬁcat,
517 3841 567 3896 si
618 3841 972 3896 condemnat
1027 3839 1342 3912 aliquando
1395 3838 1649 3911 justitia.
1720 3843 1955 3906 Verum,

297 3956 522 4012 quaso,
543 3943 813 4011 exspecta
833 3938 1151 4010 paulisper,
1179 3939 1359 3994 donec
1383 3937 1643 3994 docearis
1674 3937 1956 4009 quemad-

301 4029 550 4085 modum
573 4028 804 4083 dicatur
829 4027 1219 4082 condemnare
1241 4027 1495 4097 justitia.
1523 4026 1808 4099 Iniquitas
1832 4042 1962 4081 mea

286 4117 532 4190 justitia
560 4120 650 4172 est
678 4115 1112 4188 comparatione
1143 4117 1383 4186 majoris
1413 4115 1764 4188 iniquitatis.
1792 4115 1884 4172 Sic
1907 4117 1964 4169 et

285 4207 538 4280 justitia
567 4222 698 4260 mea
736 4222 806 4261 ex
849 4204 1284 4276 comparatione
1335 4204 1678 4277 multiplicis
1719 4203 1962 4276 justitia

295 4295 595 4366 iniquitas
625 4298 949 4364 reputatur.
984 4293 1291 4364 Propterea
1319 4310 1427 4349 non
1466 4295 1868 4366 justi/imbitur
1906 4294 1967 4347 in

295 4387 599 4455 conspectu
638 4387 731 4438 tuo
763 4385 941 4438 omnis
969 4384 1154 4437 vivens
1185 4383 1354 4454 (Psat.
1389 4383 1582 4454 exui).
1609 4383 1804 4438 Fuerit
1832 4381 1968 4436 licet

290 4475 509 4545 justus
531 4470 857 4539 Abraham,
881 4475 938 4525 et
961 4471 1154 4540 justus
1176 4470 1422 4543 Moyses,
1442 4473 1638 4542 justus
1656 4471 1969 4542 unusquis-

2052 1889 2171 1941 nat.
2201 1886 2419 1941 Idcirco
2445 1902 2457 1941 :
2488 1888 2550 1942 Ut
2561 1888 2888 1959 justiﬁceris
2909 1887 2970 1941 in
2989 1888 3336 1942 sermonibus
3357 1889 3488 1955 tuis,
3510 1890 3562 1942 et
3581 1887 3703 1942 vin-

2051 1990 2144 2030 cas
2173 1991 2295 2028 cum
2313 1974 2587 2046 judicaris
2618 1975 2788 2046 (Psal.
2822 1975 2895 2046 ι),
2929 1975 3141 2031 dicitur
3171 1975 3243 2030 ad
3275 1975 3481 2030 Deum.
3523 1973 3582 2028 Si
3611 1989 3706 2029 me

2045 2061 2409 2118 'vultsalvare
2421 2064 2575 2119 Deus
2592 2080 2706 2118 non
2723 2063 2887 2118 affert
2901 2064 2958 2118 in
2971 2064 2994 2134 j
3007 2063 3261 2118 udicium
3280 2063 3483 2118 lumen
3497 2078 3702 2118 suum:

2054 2151 2103 2206 si
2152 2149 2275 2205 vult
2318 2167 2446 2207 esse
2491 2151 2848 2220 incolumen,
2897 2169 3012 2208 non
3060 2152 3246 2208 defert
3297 2151 3496 2207 lumen
3549 2151 3705 2207 906

2052 2239 2265 2294 Christi
2289 2239 2382 2294 sui
2407 2255 2420 2295 :
2454 2239 2714 2310 alioquin
2739 2241 2943 2312 puniet
2972 2255 3102 2308 me;
3138 2241 3324 2295 defert
3351 2256 3485 2296 vero
3505 2238 3706 2294 lumen

2055 2327 2372 2398 minorum,
2432 2344 2782 2400 comparans
2838 2329 2983 2384 mihi
3048 2329 3354 2386 inferiores
3413 2344 3702 2400 quosque.

2055 2419 2279 2482 Quanto
2309 2415 2565 2488 amplius
2596 2418 2848 2487 majores
2878 2416 3020 2472 mihi
3043 2417 3432 2490 melioresque
3451 2415 3708 2474 contule-

2054 2504 2149 2575 rit,
2199 2508 2360 2559 tanto
2393 2504 2526 2576 plus
2547 2505 2748 2574 justus
2780 2522 2897 2572 ero,
2950 2505 3000 2560 si
3032 2505 3118 2561 illi
3149 2523 3183 2561 a
3211 2523 3305 2561 me
3334 2503 3548 2577 reperti
3579 2504 3709 2560 fue-

2055 2593 2172 2648 rint
2193 2593 2467 2649 minores.
2490 2592 2770 2648 Similiter
2789 2597 2878 2650 est
2899 2592 3043 2648 illud
3068 2592 3413 2665 intelligere,
3450 2593 3603 2664 quod
3631 2592 3704 2648 ab

2052 2680 2326 2752 Apostolo
2358 2680 2572 2736 dicitur
2597 2697 2610 2736 :
2642 2682 2766 2736 Alia
2793 2683 2974 2751 gloria
3000 2681 3154 2748 solis,
3186 2681 3301 2736 alia
3329 2681 3509 2750 gloria
3538 2679 3702 2750 luna,

2053 2773 2105 2824 et
2135 2771 2248 2824 alia
2272 2771 2450 2841 gloria
2477 2771 2798 2825 stellarum:
2830 2771 2997 2826 stella
3025 2771 3175 2826 enim
3197 2786 3232 2825 a
3259 2769 3421 2824 stella
3438 2767 3625 2838 diﬂert
3643 2767 3706 2822 in

2053 2859 2306 2913 claritate
2332 2876 2350 2912 :
2381 2860 2461 2913 sic
2491 2860 2812 2914 resurrectio
2840 2867 3182 2915 mortuorum
3225 2858 3282 2929 (Ι
3314 2857 3435 2912 Cor.
3466 2872 3559 2926 xv,
3591 2854 3703 2926 41).

2051 2952 2223 3008 Verbi
2255 2953 2444 3023 gratia
2470 2968 2483 3009 :
2518 2952 2751 3025 fulgens
2773 2957 2830 3008 et
2859 2952 3007 3008 illud
3039 2953 3206 3008 sidus
3236 2967 3352 3007 non
3374 2951 3436 3006 in
3460 2964 3704 3020 conspe-

2055 3045 2151 3096 ctu
2181 3040 2485 3096 lucidioris
2517 3040 2719 3109 stella,
2771 3042 2872 3097 sed
2921 3041 3280 3098 obscurioris
3311 3039 3509 3096 micat.
3562 3029 3706 3104 Quis

2054 3135 2322 3184 nostrum
2357 3135 2551 3202 potest
2577 3132 2650 3186 ad
2678 3131 2867 3186 instar
2895 3131 3118 3204 fulgere
3148 3129 3299 3186 luna
3320 3129 3348 3183 ?
3377 3128 3518 3194 Quis
3550 3125 3702 3182 luci-

2057 3218 2238 3274 dioris
2271 3214 2531 3274 siderum
2579 3236 2888 3276 coruscare
2936 3219 3210 3276 lumine?
3257 3218 3594 3275 Secundum
3642 3215 3704 3270 id

2058 3308 2214 3378 quod
2245 3308 2528 3379 scriptum
2560 3313 2648 3364 est
2671 3309 2730 3364 in
2751 3308 3021 3365 Daniele:
3053 3309 3360 3380 Fulgebunt
3387 3309 3530 3363 sicut
3547 3305 3707 3362 stella

2058 3398 2119 3452 in
2146 3397 2352 3453 saecula
2383 3398 2541 3468 (Dan.
2575 3401 2698 3462 xu).
2733 3399 2801 3452 Et
2822 3398 2942 3453 hac
2963 3397 3202 3468 quidem
3232 3395 3562 3453 necessario
3586 3394 3706 3450 dis-

2061 3491 2357 3557 putamus,
2392 3491 2457 3540 ut
2487 3485 2686 3558 procul
2719 3504 2753 3541 a
2783 3486 3059 3558 superbia
3088 3486 3430 3540 recedamus
3463 3501 3476 3539 :
3522 3482 3708 3538 Sodo-

2061 3573 2326 3628 miticum
2372 3575 2587 3646 quippe
2629 3578 2934 3645 peccatum
2985 3579 3074 3629 est
3121 3572 3359 3645 superbi
3402 3570 3710 3642 iniquitas.

2063 3671 2193 3727 Hac
2224 3672 2610 3727 Sodomorum
2643 3672 2862 3727 sororis
2891 3676 3004 3726 tua
3031 3670 3309 3742 superbia
3330 3670 3487 3725 unde
3513 3684 3716 3724 nasca-

2065 3764 2180 3826 tur,
2195 3765 2251 3815 et
2267 3777 2416 3830 quas
2435 3759 2646 3815 habeat
2665 3760 2910 3827 radices,
2927 3760 3196 3831 adjungit
3216 3775 3230 3814 :
3249 3761 3307 3815 In
3323 3759 3612 3814 saturitate
3621 3773 3722 3830 pa-

2066 3864 2221 3915 num,
2240 3857 2291 3902 et
2310 3850 2370 3902 in
2387 3849 2734 3903 abundantia
2753 3849 3055 3918 afﬂuebant
3071 3847 3222 3918 (Gen.
3238 3847 3383 3918 χιιι).
3401 3845 3459 3901 Si
3479 3845 3587 3901 soli
3632 3844 3724 3900 lit-

2069 3941 2202 3993 tera
2222 3937 2511 4004 attendas,
2532 3936 2718 3991 multa
2732 3935 3093 3992 abundantia
3115 3934 3443 4007 antiquitus
3463 3935 3523 3989 in
3539 3933 3722 3989 Sodo-

2071 4027 2183 4081 mis
2205 4025 2333 4080 fuit.
2354 4026 2489 4080 Erat
2511 4025 2726 4097 quippe
2744 4029 2899 4081 terra
2918 4041 3121 4081 eorum
3141 4029 3205 4080 ut
3223 4023 3532 4096 paradisus
3545 4021 3728 4091 Dei,et

2071 4114 2560 4186 utterra/Egypti.
2576 4113 2637 4168 Si
2657 4118 2851 4169 autem
2871 4131 2904 4168 a
2917 4113 3136 4169 carnali
3154 4111 3453 4168 intellectu
3471 4112 3543 4168 ad
3561 4109 3728 4182 spiri-

2071 4203 2248 4258 talem
2268 4203 2702 4270 conscenderis,
2718 4207 2780 4258 ut
2800 4203 2998 4258 videas
3020 4203 3312 4275 quomodo
3331 4200 3613 4273 superbia
3625 4200 3729 4255 So-

2074 4293 2382 4347 domorum
2402 4290 2460 4345 in
2479 4291 2787 4346 saturitate
2804 4307 3022 4362 panum
3037 4295 3094 4346 et
3110 4290 3169 4345 in
3185 4288 3550 4345 abundantia
3565 4289 3732 4344 ﬂuxe.

2076 4379 2488 4447 rit,utilitatem
2502 4379 2696 4451 capies
2709 4385 2765 4435 et
2777 4380 2849 4435 ad
2862 4381 2990 4434 vita
3005 4378 3351 4444 ofﬁcium,et
3364 4378 3435 4433 ad
3453 4375 3568 4432 alia
3579 4391 3730 4447 qua-

2076 4471 2212 4526 dam
2264 4471 2490 4539 majora
2538 4468 2862 4540 majoribus
2911 4467 3276 4539 corrigenda.
3330 4465 3732 4535 Proponamus

300 4579 427 4636 que
459 4559 784 4616 illustrium
833 4559 1092 4614 virorum
1128 4575 1140 4613 :
1195 4560 1295 4615 sed
1351 4562 1423 4616 ad
1477 4559 1970 4631 comparationem
1999 4555 2046 4620 D
2077 4559 2334 4632 primum
2365 4558 2443 4627 id,
2476 4559 2631 4628 quod
2659 4562 2792 4612 ante
2826 4555 3046 4612 multos
3075 4554 3200 4611 dies
3231 4553 3451 4609 lectum
3480 4554 3590 4620 est,
3641 4547 3730 4605 di-

298 4649 528 4707 Christi
560 4665 676 4703 non
711 4651 850 4703 sunt
872 4647 1043 4718 justi.
1095 4651 1216 4702 Lux
1263 4664 1465 4704 eorum
1517 4664 1648 4702 cum
1682 4649 1810 4719 ejus
1840 4648 1970 4702 luce

302 4737 644 4810 composita
665 4737 914 4792 tenebra
938 4735 1330 4808 reperiuntur.
1358 4737 1426 4791 Et
1455 4737 1747 4807 quomodo
1769 4735 1969 4790 lumen

302 4830 568 4886 lucerna
585 4827 658 4882 ad
676 4825 818 4880 solis
836 4825 1029 4880 radios
1048 4825 1416 4892 obscuratur,
1437 4831 1494 4879 et
1510 4824 1668 4880 velut
1686 4823 1802 4880 alia
1816 4841 1969 4895 qua-

305 4919 454 4974 dam
477 4932 629 4971 caca
647 4913 920 4970 materies
942 4913 1404 4969 contenebrescit
1427 4929 1440 4969 :
1474 4913 1577 4981 sic,
1601 4912 1736 4985 licet
1757 4914 1976 4985 fulgeat

303 5008 617 5078 justorum
649 5001 915 5060 omnium
937 5001 1135 5058 lumen
1159 5005 1295 5058 ante
1314 5001 1604 5070 homines,
1638 5019 1750 5057 non
1778 5006 1975 5056 tamen

311 5096 507 5168 fulget
526 5098 660 5149 ante
676 5092 997 5149 Christum.
1015 5092 1228 5147 Luceat
1245 5091 1460 5163 quippe
1479 5090 1676 5146 lumen
1692 5095 1977 5156 vestrum,

313 5210 438 5250 non
461 5189 814 5263 simpliciter
835 5188 1058 5244 dictum
1083 5193 1192 5254 est,
1219 5188 1320 5243 sed
1345 5189 1535 5244 luceat
1555 5193 1689 5244 ante
1711 5187 1978 5242 homines

313 5282 535 5350 (Matth.
557 5281 636 5350 v).
670 5283 820 5333 Ante
841 5277 1139 5332 Christum
1170 5294 1283 5331 non
1307 5281 1499 5348 potest
1528 5276 1726 5331 lumen
1759 5275 1981 5347 fulgere

311 5374 645 5443 justorum.
700 5367 772 5421 Ut
801 5365 1080 5437 splendor
1109 5365 1280 5433 luna,
1332 5370 1390 5420 et
1429 5364 1706 5420 micantia
1736 5363 1863 5418 cali
1897 5363 1978 5417 si-

323 5460 488 5526 dera,
523 5457 870 5530 priusquam
902 5454 988 5509 sol
1019 5453 1238 5509 oriatur
1268 5455 1325 5508 in
1356 5453 1707 5508 stationibus
1739 5451 1862 5505 suis
1885 5469 1982 5505 ru-

325 5546 656 5614 tilant,orto
685 5560 818 5599 vero
842 5543 982 5613 sole,
1009 5542 1452 5598 abscondantur
1481 5560 1493 5596 :
1536 5540 1619 5596 sic
1650 5539 1849 5594 lumen
1881 5540 1983 5594 Ec-

328 5635 545 5704 clesia,
577 5639 643 5690 ut
663 5633 862 5690 lumen
883 5631 1054 5701 luna,
1086 5631 1434 5704 priusquam
1456 5627 1893 5686 oriaturlumen
1915 5626 1985 5683 il-

2075 4647 2255 4703 vitem
2285 4646 2560 4700 vestitum
2592 4647 2765 4717 bysso
2795 4649 2852 4700 et
2897 4660 3178 4716 purpura,
3211 4641 3473 4714 quotidie
3505 4636 3732 4695 deliciis

2076 4735 2426 4805 luxuriaque
2455 4732 2767 4800 latantem,
2817 4737 2875 4788 et
2920 4733 3203 4788 Lazarum
3253 4727 3563 4786 vulnerum
3600 4725 3735 4782 tabe

2080 4837 2138 4888 et
2160 4831 2447 4887 vermium
2472 4831 2691 4902 pudore
2712 4829 3059 4896 confectum,
3075 4822 3734 4900 quarentem,solatium

2083 4921 2256 4977 famis
2286 4937 2426 4986 sua,
2477 4919 2680 4987 micas,
2733 4935 2859 4990 qua
2893 4919 2962 4973 de
2995 4933 3200 4972 mensa
3230 4916 3359 4987 ejus
3388 4912 3737 4970 decidebant

2085 5012 2233 5079 (Luc.
2266 5011 2401 5076 xw).
2459 5008 2793 5079 Opportune
2843 5010 3039 5062 autem
3072 5019 3228 5059 nunc
3259 5004 3318 5057 in
3351 5003 3508 5058 hunc
3540 4999 3736 5056 locum

2085 5096 2414 5168 exemplum
2447 5095 2603 5150 istud
2651 5094 2875 5161 incidit,
2925 5097 2992 5149 ut
3034 5091 3410 5164 perspicuum
3459 5090 3561 5144 fiat
3606 5103 3734 5159 qua

2087 5186 2372 5257 iniquitas
2403 5185 2600 5239 divitis
2630 5183 2822 5238 fuerit.
2876 5180 3156 5252 Locuples
3204 5183 3348 5246 erat,
3399 5176 3738 5234 abundabat

2089 5274 2330 5330 deliciis.
2367 5273 2490 5327 Non
2543 5271 2698 5326 enim
2732 5270 3026 5326 accusavit
3057 5285 3191 5324 eum
3220 5262 3536 5338 Scriptura,
3568 5263 3739 5336 quasi

2090 5363 2320 5418 divitias
2355 5361 2410 5414 in
2437 5360 2743 5430 iniquitate
2771 5357 3095 5429 possederit
3125 5373 3136 5412 :
3169 5373 3284 5412 non
3306 5372 3441 5411 eum
3464 5352 3738 5410 crimina-

2090 5456 2186 5506 tus
2217 5455 2308 5505 est
2355 5464 2546 5503 sermo
2601 5446 2859 5512 divinus,
2915 5446 3070 5516 quod
3103 5443 3510 5501 meretricibus
3539 5440 3736 5496 dedit:

2093 5555 2208 5594 non
2241 5536 2616 5600 homicidam,
2675 5540 2776 5590 aut
2814 5534 2975 5589 aliud
3008 5535 3422 5605 quodcumque
3453 5529 3741 5587 scelerum

2094 5627 2422 5684 facientem.
2479 5625 2590 5681 Sed
2636 5624 2686 5682 si
2735 5623 3070 5681 consideres
3119 5623 3249 5692 hoc,
3301 5621 3458 5696 quod
3504 5619 3565 5680 in
3593 5631 3742 5693 pm-
