3994 6188
289 315 292 318 ~
307 281 426 344 759

1555 285 1621 346 S.
1665 285 1975 349 EUSEBII
2019 286 2461 351 HIERONYMI

3586 287 3704 350 760

309 419 460 476 senti
512 419 956 490 scriptum'fest,
1009 422 1065 471 et
1112 417 1254 472 illud
1317 419 1470 489 quod
1530 418 1589 472 in
1645 420 1952 490 Evangelio
1981 420 2036 487 Α
2067 421 2117 476 si
2148 421 2410 477 divinum
2445 439 2774 479 sermonem
2807 423 3219 491 intellexero,si
3253 422 3571 496 sapientior
3599 440 3703 479 caa-

311 508 545 575 dicitur,
562 508 787 562 videbis
809 505 946 577 quia
960 510 1016 561 et
1033 505 1190 562 illius
1213 508 1533 562 maximum
1556 514 1855 579 peccatum
1874 509 1956 563 in-

308 602 397 654 ter
413 596 681 653 universa
696 600 932 668 peccata
946 595 1221 667 superbia
1239 596 1436 651 fuerit:
1463 596 1520 650 in
1541 597 1843 652 saturitate
1863 615 1956 669 pa-

310 702 451 742 num
471 690 528 741 et
544 685 603 740 in
620 685 979 741 abundantia
998 685 1244 741 afﬂuens
1267 703 1381 740 non
1404 685 1611 741 habuit
1632 686 1955 742 miseratio-

309 775 402 831 nis
420 775 691 832 all‘ectum
710 775 781 830 ad
799 790 956 845 eum,
972 774 1070 846 qui
1089 780 1220 830 ante
1239 778 1435 845 portas
1451 777 1747 830 suas967
1769 777 1956 830 confe-

310 867 440 920 ctus
459 863 753 919 ulceribus
762 864 996 934 jacebat
1015 880 1026 917 :
1053 864 1151 918 sed
1172 864 1231 918 in
1248 869 1470 918 tantam
1494 864 1826 936 superbiam
1845 864 1956 919 ela-

309 957 408 1010 tus
428 957 536 1019 est,
555 953 883 1025 despiciens
905 956 1306 1024 paupertatem
1331 971 1342 1007 :
1368 958 1430 1007 ut
1453 969 1567 1007 non
1591 957 1954 1023 computaret

309 1058 497 1114 neque
514 1042 835 1098 inferorum
858 1041 1166 1113 supplicia,
1184 1057 1371 1112 neque
1393 1042 1729 1096 communia
1750 1042 1954 1097 huma-

308 1130 511 1194 nitatis
526 1132 542 1201 i
555 1132 822 1204 ura,quia
837 1134 1125 1203 Oporteret
1141 1131 1438 1186 hominem
1457 1130 1950 1202 humanasaperc,

309 1223 368 1275 et
397 1219 456 1274 ib
487 1219 692 1277 alienis
722 1220 1154 1276 calamitatibus
1183 1235 1283 1289 pro
1309 1219 1485 1274 simili
1513 1219 1838 1274 conditione
1860 1219 1950 1274 sui

310 1310 744 1382 quodammodo
775 1309 1058 1363 misereri.
1108 1309 1208 1362 Est
1235 1307 1417 1379 igitur
1444 1312 1500 1362 et
1529 1308 1688 1362 dives
1718 1307 1813 1362 ille
1843 1308 1950 1362 So-

309 1398 551 1454 domita.
583 1398 641 1452 Si
671 1397 826 1452 enim
857 1396 997 1452 talia
1027 1402 1191 1452 erant
1221 1401 1456 1468 peccata
1484 1398 1764 1464 Sodomae,
1798 1402 1863 1451 ut
1893 1396 1951 1450 in

307 1486 617 1544 saturitate
633 1503 851 1557 panum
865 1487 996 1541 etin
1015 1486 1376 1541 abundantia
1393 1486 1583 1552 fuerit,
1599 1485 1735 1542 tatis
1757 1490 1951 1540 autem

310 1579 477 1631 estet
501 1574 681 1644 dives,
715 1574 815 1645 qui
839 1575 896 1629 in
929 1573 1238 1646 Evangelio
1261 1574 1630 1642 describitur,
1665 1573 1811 1628 nulli
1842 1574 1951 1628 du-

303 1661 471 1720 bium
501 1663 643 1734 quin
675 1662 837 1719 dives
872 1662 969 1719 ille
1011 1663 1311 1719 Sodomita
1351 1663 1446 1718 sit.
1498 1664 1797 1727 Quomodo
1847 1680 1949 1718 au-

305 1756 424 1810 tem
456 1753 730 1822 Sodoma,
761 1756 818 1808 et
849 1751 978 1808 filiae
999 1752 1380 1807 Sodomorum
1403 1753 1664 1823 superbae
1689 1753 1945 1818 fuerunt,

306 1840 455 1898 tales
481 1847 622 1898 sunt
649 1846 988 1914 arrogantes
1019 1841 1226 1896 animae
1256 1846 1313 1896 et
1357 1840 1488 1894 tilias
1537 1841 1948 1908 Sodomorum,

305 1947 691 2004 quaecumque
720 1930 991 1986 nesciunt
1017 1930 1237 1985 dictum
1273 1947 1286 1984 :
1322 1930 1508 1985 Omnis
1538 1932 1633 2000 qui
1661 1946 1717 1984 se
1748 1930 1955 1984 exultat

295 2020 717 2087 ,humiliabitur,
731 2024 782 2076 et
799 2021 895 2091 qui
909 2036 963 2075 se
979 2020 1240 2075 humiliat
1258 2019 1621 2090 exaltabitur(
1629 2020 1755 2073 Luc.
1771 2018 1950 2088 xvm).

306 2119 427 2177 Hoc
457 2122 580 2176 erat
613 2117 664 2172 ei
696 2123 754 2172 et
782 2116 1015 2172 filiabus
1044 2118 1193 2187 ejus.
1245 2117 1462 2172 Dehinc
1493 2117 1760 2188 sequitur
1794 2115 1952 2170 aliud

305 2208 566 2266 Sodomae
599 2205 896 2273 delictum,
939 2207 1094 2277 quod
1126 2206 1408 2261 debemus
1437 2206 1648 2269 dicere,
1680 2223 1751 2260 ne
1783 2205 1840 2258 in
1874 2204 1950 2260 si-

295 2295 437 2354 .mili
453 2294 698 2352 crimine
719 2294 1104 2365 reperiemur:
1126 2295 1190 2349 Et
1205 2311 1431 2349 manum
1447 2297 1710 2365 pauperis
1730 2298 1779 2348 et
1799 2310 1954 2363 egen-

308 2386 380 2442 tis
406 2400 518 2441 non
541 2385 889 2455 suscipiebat.
939 2383 1255 2439 Considera
1296 2383 1606 2454 diligenter
1645 2399 1950 2437 enumera-

241 2489 252 2499 '
295 2474 527 2530 tionem
550 2477 919 2546 peccatorum
943 2472 1223 2528 Sodomae.
1249 2473 1366 2541 Ego
1389 2472 1512 2543 ipse
1533 2471 1579 2527 si
1595 2471 1765 2542 juxta
1799 2471 1953 2527 vires

307 2579 470 2620 meas
499 2579 742 2618 manum
769 2562 1043 2633 pauperis
1065 2565 1121 2616 et
1150 2561 1372 2631 egentis
1395 2578 1511 2616 non
1533 2561 1830 2631 adjuvero,
1849 2561 1949 2615 So-

307 2652 653 2709 domiticum
672 2651 856 2707 habeo
876 2649 1478 2722 peccatum.Sequitur
1495 2649 1610 2705 alia
1625 2649 1946 2704 accusatio:

306 2752 373 2807 Et
399 2749 629 2821 superbe
658 2748 1027 2819 gloriabatur.
1063 2747 1132 2801 Et
1153 2747 1391 2816 jactatio
1419 2746 1611 2817 gloriae
1638 2745 1949 2800 Sodomiti-

309 2855 444 2895 cum
474 2838 694 2893 crimen
720 2841 827 2891 est.
857 2839 1003 2890 Sunt
1027 2840 1221 2890 autem
1243 2835 1509 2905 quaedam
1540 2833 1795 2905 [Egyptia
1827 2849 1951 2904 pec-

310 2932 459 2992 cata,
508 2926 775 2996 quadam
823 2924 1219 2979 Sodomitica:
1274 2928 1411 2977 sunt
1441 2922 1554 2976 alia
1580 2922 1951 2993 Babylonica,

311 3015 430 3072 alia
462 3014 719 3086 Assyria,
771 3013 885 3068 alia
933 3013 1258 3081 Moabitica,
1305 3016 1361 3066 et
1408 3010 1522 3064 alia
1565 3010 1949 3081 Ammantica,

307 3106 446 3174 Quis
465 3105 706 3174 sapiens,
730 3109 778 3157 et
798 3101 1059 3169 intelligit
1090 3103 1195 3154 ista
1215 3104 1239 3152 γ
1268 3105 1364 3153 aut
1393 3101 1514 3168 quis
1540 3099 1869 3169 intelligens,
1900 3107 1949 3153 et

2062 508 2201 564 teris
2232 509 2412 564 fuero.
2447 510 2699 566 Scientia
2729 511 2946 584 quippe
2973 512 3139 567 inﬂat
3168 512 3215 584 (Ι
3243 513 3361 568 Cor.
3395 498 3557 579 vni):
3592 529 3707 567 non

2063 612 2168 668 ego
2199 597 2349 667 dico,
2381 600 2481 653 sed
2513 599 2846 670 Apostolus.
2889 603 2957 653 Et
2986 600 3114 656 ideo
3145 617 3363 668 vereor,
3398 617 3470 656 ne
3499 605 3555 656 et
3587 601 3711 672 ipse

2063 685 2358 741 sustollar.
2396 688 2614 742 Dantur
2643 693 2698 742 et
2728 687 3082 744 charimasta
3112 689 3184 744 ad
3217 689 3297 754 id,
3353 689 3509 760 quod
3541 705 3711 760 expe-

2062 773 2164 828 dit.
2195 775 2247 828 Si
2279 777 2348 830 ad
2375 776 2483 831 hoc
2504 778 2738 843 dantur,
2763 779 2917 848 quod
2943 778 3194 849 expedit,
3219 777 3352 849 quis
3383 783 3472 832 est
3492 777 3590 832 ille
3611 778 3710 849 qui

2064 879 2178 917 non
2227 866 2457 935 expedit
2485 866 2512 919 ?
2560 866 2628 919 Et
2659 881 2762 920 cur
2793 882 2908 920 non
2938 867 3226 937 expediat,
3263 865 3420 921 audi.
3473 866 3716 921 Inferior

2063 953 2280 1006 sufﬁcit
2309 953 2693 1023 inflationem,
2746 958 2803 1009 et
2832 955 3149 1024 quamdam
3183 953 3563 1025 placitionem
3598 955 3713 1020 sui,

2063 1041 2204 1096 dum
2229 1059 2290 1098 se
2314 1047 2478 1112 putat
2498 1043 2651 1098 inter
2672 1047 2909 1099 caeteros
2930 1044 3206 1098 eminere.
3239 1043 3402 1115 Saepe
3424 1044 3610 1114 igitur
3629 1060 3719 1098 sa-

2062 1131 2272 1186 turitas
2303 1149 2542 1202 panum,
2567 1136 2624 1187 et
2652 1131 3008 1186 abundantia
3038 1132 3282 1187 materia
3311 1137 3400 1187 est
3430 1148 3712 1203 arrogan-

2071 1219 2185 1272 tiae.
2218 1225 2376 1290 Saepe
2408 1225 2598 1274 autem
2631 1225 2687 1275 et
2711 1221 2779 1276 de
2799 1219 3206 1292 spiritualibus
3227 1220 3398 1275 donis
3425 1221 3716 1291 superbiai

2062 1307 2282 1362 crimen
2330 1308 2603 1377 exoritur,
2654 1313 2710 1363 et
2747 1326 2863 1364 non
2915 1314 3006 1364 est
3035 1309 3346 1380 utrobique
3373 1309 3716 1364 discrimen.

2061 1396 2281 1451 Tantus
2303 1395 2389 1451 vir
2405 1396 2722 1468 Apostolus
2741 1397 2958 1453 Paulus
2980 1397 3376 1452 necessarium
3399 1397 3612 1453 habuit
3628 1414 3719 1454 co-

2060 1483 2303 1555 laphum
2333 1486 2522 1557 angeli
2553 1489 2774 1540 Satanae
2809 1491 2874 1541 ut
2903 1503 3036 1542 eum
3059 1484 3470 1558 colaphizaret,
3503 1503 3579 1542 ne
3603 1485 3718 1542 ele-

2059 1577 2295 1628 varetur
2327 1574 2578 1630 multum
2609 1576 2684 1642 (ΙΙ
2718 1577 2837 1630 Cor.
2875 1575 2976 1646 x11)
3006 1591 3018 1630 :
3055 1575 3197 1646 quia
3225 1591 3400 1630 orans
3430 1579 3488 1629 et
3507 1575 3720 1648 depre-

2060 1678 2199 1718 cans
2232 1667 2435 1732 Deum,
2488 1663 2822 1735 impetravit
2851 1680 2955 1735 pro
2987 1663 3190 1718 multis
3223 1679 3392 1734 saepe,
3427 1663 3587 1734 quod
3622 1681 3720 1736 pe-

2059 1751 2188 1805 tiit:
2223 1768 2357 1806 cum
2390 1757 2586 1807 autem
2616 1751 2791 1806 etiam
2823 1769 2926 1823 pro
2958 1753 3066 1807 hoc
3097 1751 3380 1822 petiisset,
3421 1769 3528 1808 nec
3560 1757 3721 1808 esset

2064 1840 2218 1911 quod
2251 1840 2494 1911 petierat
2522 1846 2891 1906 consecutus,
2942 1839 3166 1895 dictum
3213 1843 3303 1896 est
3347 1840 3448 1896 ei:
3504 1834 3726 1912 Sufﬁci‘

2066 1929 2167 1983 tibi
2195 1931 2377 1998 gratia
2405 1945 2546 1998 mea,
2580 1931 2752 1984 virtus
2782 1930 2933 1983 enim
2962 1931 3023 1983 in
3053 1929 3381 1998 inﬁrmitate
3407 1929 3720 1999 perﬁcitur.

2064 2017 2302 2088 Oportet
2327 2018 2520 2088 itaque
2548 2017 2756 2072 timere
2777 2033 2935 2084 eum,
2959 2017 3061 2088 qui
3085 2017 3278 2072 adhuc
3299 2016 3357 2071 in
3383 2033 3593 2088 genere
3617 2017 3724 2072 bu-

2064 2122 2260 2174 mano,
2291 2109 2348 2160 et
2373 2106 2429 2160 in
2464 2105 2573 2160 hac
2604 2105 2876 2176 praesenti
2906 2104 3034 2160 luce
3061 2109 3350 2172 versatur,
3382 2121 3501 2160 non
3523 2105 3723 2160 solum

2061 2211 2149 2260 ea,
2183 2211 2311 2264 quis
2344 2194 2497 2248 bona
2527 2197 2811 2264 putantur
2841 2195 2900 2248 in
2931 2192 3165 2264 saeculo,
3219 2192 3322 2248 sed
3369 2193 3546 2249 etiam
3589 2210 3721 2264 qua:

2060 2298 2191 2337 vere
2222 2283 2375 2338 bona
2405 2287 2580 2336 sunt:
2614 2282 2754 2353 quia
2797 2298 3009 2352 magna
3038 2298 3151 2336 non
3186 2297 3504 2352 possumus
3533 2283 3723 2338 susti-

2059 2388 2216 2427 nere.
2252 2371 2502 2426 Exhibeo
2532 2371 2604 2426 ad
2636 2370 3039 2442 probationem
3071 2369 3375 2442 praesentis
3406 2372 3715 2426 sententias

2059 2459 2362 2514 historiam
2392 2459 2590 2529 David,
2623 2460 2682 2514 in
2713 2475 2830 2530 qua
2859 2456 3250 2514 conscribitur
3269 2458 3328 2512 in
3353 2457 3552 2513 Uriam
3575 2475 3719 2515 eum

2059 2547 2425 2604 commisisse
2445 2552 2770 2620 peccatum.
2794 2551 2939 2603 Ante
2961 2545 3158 2602 Uriam
3180 2544 3411 2601 nullum
3432 2545 3724 2603 delictum

2059 2637 2348 2708 reperitur
2377 2638 2436 2691 in
2468 2637 2688 2692 David:
2727 2637 2934 2692 beatus
2967 2635 3141 2692 homo
3163 2639 3307 2700 erat,
3339 2640 3396 2690 et
3423 2635 3551 2691 sine
3573 2653 3724 2708 que-

2058 2724 2179 2780 rela
2227 2726 2283 2780 in
2318 2730 2630 2797 conspectu
2662 2724 2784 2780 Dei.
2821 2725 2969 2788 Quia
2987 2741 3121 2780 vero
3143 2724 3414 2780 conscius
3444 2724 3560 2780 sibi
3586 2726 3724 2782 vitae

2059 2813 2451 2869 immaculata:
2492 2814 2722 2870 locutus
2739 2818 2827 2868 est
2847 2813 3002 2884 quod
3023 2829 3136 2868 non
3159 2812 3458 2880 debuerat,
3479 2813 3722 2870 dicens:

2057 2903 2295 2970 Exaudi,
2316 2905 2564 2971 Domine,
2583 2904 2868 2974 justitiam
2887 2918 3087 2969 meam,
3102 2900 3322 2957 intende
3341 2901 3725 2973 deprecatiom’

2058 3007 2214 3055 meae,
2248 2993 2482 3047 auribus
2509 2995 2728 3063 percipe
2756 2992 3069 3048 orationem
3099 3006 3280 3045 meam
3312 3005 3420 3045 non
3455 2993 3517 3044 in
3548 2992 3724 3047 labiis

2058 3079 2255 3134 dolosis
2286 3102 2304 3134 :
2354 3081 2417 3136 de
2450 3081 2592 3135 vutto
2621 3087 2719 3136 tuo
2740 3080 3018 3151 judicium
3046 3095 3230 3134 meum
3277 3079 3530 3149 prodeat,
3563 3083 3725 3138 oculi

304 3157 555 3264 (ignoscet
582 3157 647 3246 ea
677 3157 817 3262 (Dse.
847 3157 1005 3255 XXIV:
1027 3190 1111 3258 10)
1130 3189 1156 3242 ‘l
1184 3157 1677 3259 Quotiescumque
1700 3157 1947 3258 legimus
1979 3157 2022 3222 θ’
2058 3171 2142 3222 tui
2165 3169 2385 3264 Ρίίίέαηί
2409 3170 2694 3240 ωσιιέιαιεε
2761 3169 3008 3264 Ρνρβαδτί
3034 3183 3126 3222 θον
3159 3183 3365 3264 "me,
3396 3176 3446 3222 εί
3475 3171 3724 3264 ili-fuas“

303 3297 393 3350 ea,
409 3298 535 3352 qua:
553 3281 622 3336 de
634 3279 1016 3334 Sodomorum
1040 3276 1416 3332 subversione
1439 3276 1768 3346 conscripta
1789 3281 1946 3342 sunt,

303 3386 420 3426 non
453 3369 740 3434 dicamus,
772 3367 1132 3422 miserabiles
1161 3365 1493 3430 Sodomita),
1526 3381 1775 3435 quorum
1807 3364 1949 3419 ulte-

302 3460 426 3516 rius
456 3459 682 3515 fructus
711 3463 866 3514 terra
895 3475 1009 3512 non
1042 3457 1242 3511 affert:
1277 3453 1640 3510 miserabiles
1673 3452 1950 3508 multum-

299 3565 415 3621 que
435 3547 874 3622 plangendi,qui
896 3551 1013 3602 tam
1038 3545 1309 3617 lugubria
1327 3548 1384 3599 et
1404 3549 1524 3599 tam
1549 3542 1676 3598 dira
1687 3542 1947 3614 perpessi

299 3643 480 3706 sunt;
515 3638 659 3710 quin
691 3637 886 3709 potius
923 3638 1328 3691 convertamus
1358 3633 1515 3688 hunc
1546 3632 1606 3686 in
1639 3631 1815 3687 corda
1843 3647 1944 3686 no-

300 3732 423 3786 stra
443 3742 794 3793 sermonem,
819 3729 1152 3781 scrutemur
1170 3739 1340 3778 renes
1363 3726 1420 3777 et
1443 3721 1825 3792 cogitationes
1850 3736 1947 3774 no-

299 3821 536 3887 stras,et
565 3821 705 3874 tunc
737 3813 1066 3870 videbimus
1087 3828 1186 3868 eos
1217 3827 1362 3883 quos
1384 3809 1806 3882 plangimus,in
1839 3825 1941 3864 no-

297 3907 390 3963 bis
437 3906 793 3962 intrinsecus
841 3902 1144 3969 contineri,
1197 3905 1254 3956 et
1299 3900 1434 3970 quia
1480 3898 1853 3967 Sodomitica,
1885 3902 1942 3954 et

293 3994 581 4068 Egyptia,
609 3999 665 4050 et
692 3990 945 4064 Assyria,
977 3995 1034 4045 et
1062 3989 1175 4045 alia
1207 3988 1478 4044 universa
1520 3991 1776 4059 peccata,
1810 4003 1936 4057 qua:

295 4083 594 4154 castigans
634 4080 936 4152 Scriptura
965 4081 1291 4143 enumerat,
1325 4079 1628 4131 versentur
1657 4076 1714 4129 in
1747 4074 1935 4130 nobis.

296 4179 542 4236 Polliciti
561 4194 741 4249 supra
753 4193 960 4233 sumus
978 4176 1172 4245 majus
1190 4172 1410 4244 aliquid
1430 4173 1501 4226 de
1513 4172 1634 4226 Scri
1645 4176 1812 4242 ptura
1823 4171 1940 4226 dic-

291 4272 476 4325 turos.
500 4267 766 4323 Sodomis
788 4265 848 4320 in
871 4263 1175 4320 saturitate
1193 4261 1454 4332 panis,et
1474 4261 1532 4315 in
1555 4261 1936 4326 abundantia,

294 4361 468 4428 atque
509 4354 755 4422 deliciis,
797 4359 856 4409 et
886 4353 1057 4408 istius
1089 4349 1244 4406 modi
1277 4348 1528 4421 peccatis
1574 4348 1934 4420 delinquenti

292 4447 384 4503 lex
412 4445 670 4518 loquitur
695 4461 707 4500 :
740 4443 960 4499 Attendi
987 4441 1108 4508 tibi,
1152 4456 1218 4495 ne
1245 4438 1522 4495 comedens
1551 4447 1601 4493 et
1633 4439 1816 4494 bibens
1845 4454 1936 4493 re-

284 4499 566 4608 ᾦῇιιᾷξὲι
803 4533 968 4587 bonas
996 4499 1300 4600 eediﬁcans,
1333 4529 1518 4583 ovibus
1549 4529 1657 4582 tuis
1688 4536 1740 4582 et
1771 4527 1934 4582 bobus
1963 4527 2010 4590 D

287 4627 404 4682 tuis
432 4624 829 4695 multiplicatus
855 4622 978 4689 tibi,
1011 4622 1236 4688 argento
1256 4625 1306 4673 et
1331 4633 1464 4672 auro
1486 4617 1638 4672 968
1660 4617 1927 4687 multipli-

287 4723 444 4770 catus
483 4713 823 4769 obliviscaris
868 4709 1159 4766 Dominum
1189 4709 1380 4762 Deum.
1432 4707 1499 4761 Et
1527 4705 1585 4759 in
1619 4704 1733 4760 alio
1766 4703 1890 4759 loco
1917 4719 1931 4759 :

285 4811 630 4867 Manducavit
659 4815 711 4866 et
756 4809 910 4879 bibit,
959 4812 1012 4862 et
1052 4813 1334 4861 saturatas
1377 4808 1458 4858 est
1495 4808 1546 4859 et
1576 4805 1928 4870 incrassatus,

287 4902 661 4958 recalcitravit
688 4899 914 4955 dilectus
943 4897 1120 4969 (Deut.
1151 4897 1348 4962 xxxu).
1389 4892 1614 4948 Similia
1644 4891 1735 4948 his
1765 4891 1929 4947 Salo-

289 5007 426 5047 mon
458 4991 518 5046 in
559 4987 883 5045 Proverbiis
931 4985 1058 5042 ait:
1113 4984 1388 5038 Constitue
1437 4980 1547 5053 [ΑΙ.
1597 4981 1927 5053 constituite]

283 5081 426 5134 milu’
453 5087 636 5133 ciuem
664 5077 974 5133 necessaria
1002 5082 1051 5129 et
1076 5073 1429 5144 sufficientia,
1470 5076 1528 5125 ut
1557 5086 1668 5126 non
1696 5072 1928 5140 repletus

281 5169 524 5225 mendas:
549 5169 699 5238 ﬁam,
731 5170 783 5221 et
812 5165 990 5220 dicam
1015 5179 1026 5218 :
1061 5163 1190 5230 Quis
1220 5177 1305 5216 me
1333 5161 1474 5215 videt
1495 5164 1520 5214 .9
1547 5165 1642 5215 aut
1660 5176 1820 5227 egens
1839 5163 1925 5227 [u-

281 5274 398 5324 rer,
428 5263 482 5312 et
503 5258 703 5328 jurabo
726 5270 915 5309 nomen
940 5254 1060 5307 Dei.
1096 5248 1565 5321 Simpliciterque
1585 5248 1922 5315 dicendum,

284 5347 424 5417 quia
452 5346 597 5401 nihil
631 5345 714 5400 sic
747 5344 803 5397 in
837 5340 1230 5413 arrogantiam
1263 5337 1465 5404 elevet,
1517 5341 1580 5391 ut
1628 5336 1838 5391 divitia).
1869 5341 1925 5392 et

281 5435 580 5500 saturitas,
604 5438 660 5488 et
679 5431 845 5487 cibus
866 5447 1041 5502 cpum
1066 5427 1474 5499 plurimarum,
1509 5425 1763 5496 dignitas
1785 5441 1923 5496 quo-

281 5537 397 5593 que
425 5527 482 5578 et
511 5525 788 5594 potestas.
812 5521 914 5575 Est
943 5522 1137 5573 autem
1189 5514 1363 5571 etiam
1395 5514 1466 5568 ad
1500 5512 1705 5568 altiora
1732 5519 1923 5569 trans-

279 5625 550 5683 gressum
569 5609 782 5680 videre,
805 5607 944 5681 quia
958 5604 1290 5679 superbiam
1314 5604 1648 5675 frequenter
1668 5604 1923 5662 nutriam

2054 3262 2228 3324 nocte,
2258 3261 2385 3328 igne
2413 3274 2498 3314 me
2538 3259 2892 3322 examinasti,
2938 3263 2993 3312 et
3022 3272 3134 3311 non
3161 3261 3239 3312 est
3269 3258 3497 3312 inventa
3526 3258 3586 3312 in
3617 3275 3713 3316 me

2055 3347 2320 3416 iniquitas
2348 3348 2456 3418 (Ps.
2491 3347 2604 3418 xw)
2633 3363 2645 3402 :
2679 3347 2833 3402 969
2867 3351 2922 3401 et
2953 3346 3073 3401 haec
3099 3345 3262 3413 dixit,
3295 3345 3434 3416 quia
3454 3345 3715 3405 visitatio

2056 3435 2156 3490 Dei
2174 3439 2408 3506 propter
2420 3434 2926 3505 conscientiam,et
2939 3435 3068 3490 vitae
3081 3433 3503 3490 beatitudinem
3516 3435 3714 3492 eidem

2055 3529 2518 3595 praesentaretur,
2551 3528 2810 3580 tentatus
2842 3528 2950 3594 est,
2997 3527 3053 3578 et
3081 3522 3340 3578 nudatus
3370 3523 3611 3590 auxilio,
3646 3529 3718 3582 ut

2051 3611 2274 3668 videret
2303 3613 2440 3684 quid
2475 3613 2734 3668 humana
2764 3612 2950 3684 possit
2992 3611 3328 3667 inﬁrmitas.
3379 3612 3713 3669 Reeedente

2052 3702 2269 3773 quippe
2290 3702 2558 3773 praesidio
2579 3701 2700 3770 Dei,
2733 3700 2832 3756 ille
2852 3700 3243 3770 castissimus,
3271 3698 3364 3754 ille
3384 3698 3706 3754 admirabi-

2049 3788 2124 3844 lis
2155 3789 2213 3844 in
2245 3789 2544 3862 pudicitia,
2595 3791 2693 3861 qui
2740 3789 3042 3845 audierat:
3077 3789 3137 3844 Si
3164 3787 3358 3844 mundi
3383 3790 3507 3843 sunt
3537 3791 3709 3860 pueri

2049 3880 2295 3933 maxime
2341 3895 2374 3934 a
2422 3879 2656 3934 muliere
2709 3879 2751 3950 (Ι
2783 3878 2990 3950 Reg.):
3045 3885 3101 3933 et
3145 3881 3447 3948 acceperat
3473 3877 3712 3934 Eucha-

2049 3966 2277 4022 ristiam
2306 3967 2475 4038 quasi
2506 3967 2785 4038 mundus,
2819 3984 2933 4023 non
2957 3965 3145 4038 potuit
3173 3981 3567 4037 perseverare,
3603 3968 3709 4024 sed

2046 4055 2104 4110 in
2137 4071 2202 4111 eo
2235 4060 2498 4126 repertus
2528 4061 2618 4112 est
2645 4055 2908 4126 crimine,
2943 4056 3002 4110 in
3033 4071 3148 4127 quo
3179 4055 3289 4110 sibi
3322 4054 3494 4126 quasi
3517 4056 3710 4112 conti-

2045 4160 2192 4200 nens
2221 4144 2632 4216 applaudebat.
2683 4145 2740 4199 Si
2773 4144 2904 4216 quis
2933 4159 3070 4216 ergo
3117 4143 3388 4199 conscius
3419 4145 3711 4216 puritatis

2046 4250 2164 4288 sua:
2191 4233 2450 4304 seipsum
2481 4233 2912 4305 glorificaverit,
2948 4249 3064 4288 non
3093 4232 3318 4288 habens
3350 4235 3707 4291 memoriam

2045 4320 2205 4376 illius
2234 4321 2370 4376 dicti
2398 4339 2410 4376 :
2447 4322 2598 4394 Quid
2628 4327 2810 4377 autem
2846 4323 3003 4378 habes
3031 4321 3173 4393 quod
3192 4337 3306 4378 non
3333 4325 3593 4392 accepisti
3614 4326 3714 4380 Psi

2043 4415 2228 4468 autem
2260 4412 2538 4482 accepisti,
2586 4411 2716 4482 quid
2764 4413 3024 4479 gloriaris
3072 4411 3228 4481 quasi
3270 4426 3381 4466 non
3428 4415 3713 4482 acceperis

2066 4499 2087 4553 Ι
2117 4498 2236 4555 Cor.
2265 4499 2386 4571 1v)?
2415 4501 2570 4555 910
2592 4499 2962 4570 relinquitur,
2989 4504 3046 4556 et
3066 4498 3381 4556 derelictus
3403 4499 3582 4556 discit
3607 4517 3711 4557 ex-

2042 4587 2383 4660 perimento,
2418 4588 2556 4660 quia
2584 4589 2643 4643 in
2675 4588 2765 4642 his
2799 4587 2966 4644 bonis
2997 4604 3249 4659 quorum
3276 4587 3388 4643 sibi
3419 4590 3714 4648 conscius

2040 4681 2183 4747 erat,
2203 4694 2318 4732 non
2344 4682 2464 4732 tam
2488 4677 2611 4749 ipse
2632 4678 2723 4732 sui
2749 4678 2968 4734 exstitit
2990 4694 3168 4733 causa
3189 4693 3366 4748 quam
3391 4677 3568 4745 Deus,
3595 4680 3709 4751 qui

2038 4766 2323 4822 virtutum
2337 4765 2599 4821 omnium
2616 4766 2744 4822 fons
2760 4771 2956 4822 est.r.x
2977 4766 3193 4837 quibus
3209 4771 3450 4838 apparet
3465 4771 3527 4821 et
3542 4773 3715 4824 satu-

2041 4855 2268 4911 ritatem
2293 4859 2596 4926 panum,et
2612 4856 2768 4910 dona
2788 4854 3074 4927 spiritalia
3088 4855 3138 4910 ei
3159 4854 3261 4926 qui
3280 4871 3348 4909 ea
3369 4870 3484 4910 non
3503 4860 3712 4925 potest

2039 4931 2631 5016 sustinere,generare
2645 4961 2711 5000 su
2722 4944 3232 5016 perbiam.ldcirco
3247 4941 3544 5014 fugiamus
3558 4944 3713 5002 aSo-

2038 5034 2213 5088 doma
2232 5037 2289 5088 et
2310 5032 2562 5104 peccatis
2584 5033 2713 5104 ejus
2739 5051 2750 5088 :
2778 5033 3074 5105 fugiamus
3091 5051 3125 5087 a
3140 5031 3401 5088 Samaria
3417 5034 3475 5087 et
3491 5032 3707 5088 crimi-

2037 5122 2231 5189 nibus,
2249 5121 2464 5193 quibus
2484 5121 2804 5192 castigatur
2821 5119 3467 5187 miseraJerusalem,ut
3482 5119 3545 5175 in
3565 5122 3709 5178 uni-

2034 5211 2218 5267 versis
2235 5211 2351 5266 Deo
2374 5209 2542 5266 nobis
2564 5210 2965 5266 fortitudinem
2984 5210 3375 5278 ministrante,
3389 5207 3709 5267 humilita-

2035 5305 2151 5356 tem
2182 5304 2240 5355 et
2263 5299 2558 5370 justitiam
2591 5315 3020 5370 consequamur
3041 5298 3100 5353 in
3123 5297 3354 5354 Christo
3382 5298 3521 5354 Jesu
3547 5313 3562 5354 :
3595 5299 3704 5354 cui

2036 5393 2125 5445 est
2147 5388 2331 5462 gloria
2353 5391 2410 5442 et
2429 5387 2742 5460 imperium
2772 5388 2826 5442 in
2852 5387 3061 5444 saecula
3083 5385 3451 5444 saeculorum.
3481 5385 3700 5443 Amen.

2535 5511 2836 5567 HOMILIA
2887 5511 3183 5567 DECIMA.

2035 5604 2221 5675 Super
2250 5599 2629 5669 Ezechielem,
2681 5601 2752 5659 de
2782 5616 2850 5658 eo
2880 5601 3037 5674 quod
3067 5599 3353 5672 scriptum
3381 5602 3508 5655 est:
3542 5599 3698 5672 Ergo
