3994 6188
219 323 333 390 765

663 322 1162 389 TRANSLATIO
1208 316 1706 388 HOMILIARUM
1750 309 2118 380 ORIGENIS
2160 313 2241 379 ΙΝ
2283 315 2806 385 EZECHIELEM.
2853 320 3043 387 HOM.
3075 320 3182 386 XI.

3504 322 3627 390 ’166

227 475 368 516 cens
397 476 411 514 :
445 461 518 517 Et
540 463 870 517 constituam
888 461 1100 532 judices
1130 464 1245 517 tuos
1263 462 1326 514 ut
1351 460 1532 530 prius,
1548 463 1600 512 et
1615 454 1874 512 consilia-
1901 445 1959 512 A
1988 455 2045 506 et
2065 453 2409 524 confundor,
2441 459 2499 511 et
2527 457 2797 513 conscius
2827 456 2975 512 mihi
3007 456 3159 514 ultro
3182 461 3397 514 memet
3419 459 3620 530 punio.

220 550 342 605 rios
376 558 498 605 tuos
525 559 588 604 ut
618 551 678 604 in
718 551 945 606 exordio
976 551 1125 620 (Isai.
1161 550 1296 620 1).Et
1319 547 1432 603 nisi
1456 550 1609 602 esset
1631 545 1878 600 Sodoma

222 654 391 694 soror
418 644 522 694 tua
554 638 612 692 in
637 638 864 710 auditu,
894 639 954 694 in
987 656 1084 694 ore
1115 643 1237 707 tuo,
1271 656 1330 710 in
1361 636 1567 692 diebus
1589 633 1873 706 superbiaa

223 731 356 794 tuas,
401 729 904 798 quemadmodum
937 744 1094 783 nunc
1124 725 1504 799 opprobrium
1526 740 1587 779 es
1619 723 1873 778 ﬁliarum

223 815 428 887 Syriae,
463 820 520 872 et
548 817 846 884 omnibus,
880 833 1004 888 quae
1033 821 1181 872 sunt
1224 816 1291 870 in
1328 813 1575 869 circuitu
1610 819 1709 867 tuo
1735 811 1878 866 filia-

223 920 355 958 rum
380 903 872 975 alienigenarum,
900 922 1026 976 quae
1051 904 1416 960 circumdant
1434 906 1490 958 te
1511 902 1571 957 in
1593 917 1752 973 gyro.
1772 901 1874 955 Im-

221 994 456 1063 pietates
479 1001 603 1047 tuas
625 1001 683 1047 tu
695 1001 868 1062 porta.
889 993 932 1048 Ο
957 992 1480 1048 clementissimum
1499 991 1681 1045 Deum
1701 988 1872 1044 satis-

219 1080 541 1135 facientem
571 1081 640 1136 de
667 1081 1054 1146 restitutione,
1075 1085 1251 1152 atque
1273 1081 1561 1135 dicentem
1588 1097 1600 1134 :
1625 1079 1878 1148 Impieta-

223 1175 297 1225 tes
328 1172 479 1238 tuas,
511 1178 562 1224 et
593 1171 914 1241 iniquitates
947 1175 1071 1225 tuas
1115 1169 1308 1241 porta!
1344 1170 1468 1224 Non
1500 1169 1717 1224 frustra
1746 1167 1875 1223 dico

225 1258 555 1313 restitueris
581 1275 594 1313 :
627 1259 727 1313 sed
759 1274 891 1314 cum
915 1258 1244 1330 impietates
1276 1263 1431 1328 tuas,
1454 1261 1510 1312 et
1539 1255 1875 1326 iniquitates

225 1351 358 1401 tuas
370 1345 736 1413 exhauseris,
753 1353 890 1402 tunc
911 1347 1176 1402 inlocum
1198 1346 1513 1418 pristinum
1529 1343 1874 1400 restitueris.

227 1435 533 1499 Quomodo
563 1434 828 1500 vulnera,
859 1435 1059 1507 quaain
1086 1451 1322 1507 corpore
1339 1439 1496 1504 sunt,
1523 1450 1672 1502 saepe
1703 1448 1876 1503 parvo

228 1527 497 1594 tempore
527 1523 826 1578 accidunt:
863 1523 1100 1580 medela:
1129 1540 1260 1578 vero
1283 1523 1588 1578 vulnerum
1612 1538 1745 1576 cum
1767 1525 1879 1576 tor-

229 1611 450 1666 mentis
482 1610 837 1666 adhibentur
868 1611 1226 1684 ingentibus,
1251 1629 1366 1667 non
1391 1612 1560 1684 juxta
1579 1609 1876 1682 aequalita-

225 1703 347 1754 tem
383 1699 688 1771 temporis,
713 1717 828 1770 quo
864 1699 1041 1756 illatae
1075 1704 1236 1767 sunt,
1259 1701 1362 1756 sed
1385 1701 1554 1770 juxta
1593 1700 1876 1754 rationem

229 1786 550 1842 curationis
583 1805 596 1842 :
630 1789 788 1844 verbi
821 1789 1095 1860 gratia,in
1115 1792 1329 1861 puncto
1346 1789 1499 1878 hora:
1524 1788 1598 1859 (a)
1619 1788 1877 1878 fractura
1903 1814 1952 1878 B

229 1891 448 1930 manus
479 1880 531 1930 et
559 1876 723 1947 pedis
753 1877 1024 1932 contritio
1057 1877 1269 1932 accidit
1296 1894 1308 1931 :
1343 1876 1453 1932 hoc
1483 1877 1635 1948 quod
1666 1877 1724 1930 in
1757 1893 1875 1930 mo-

224 1964 356 2019 dico
387 1964 601 2019 factum
620 1966 1039 2030 est,mensibus
1071 1966 1186 2022 fere
1206 1967 1415 2035 tribus,
1439 1982 1504 2021 ac
1530 1965 1703 2038 longo
1733 1968 1874 2020 tem-

226 2069 362 2124 pore
394 2053 490 2107 vix
521 2056 760 2108 curatur
787 2071 799 2108 :
835 2053 920 2109 sic
951 2058 1007 2109 et
1038 2053 1328 2125 voluptas,
1362 2071 1487 2126 quae
1510 2069 1715 2108 nervos
1757 2052 1877 2107 ani-

226 2157 329 2195 mae
364 2140 635 2208 succidit,
672 2145 728 2196 et
755 2140 1005 2206 luxuria,
1041 2145 1097 2197 et
1128 2141 1599 2197 semeluniversa
1619 2144 1872 2213 peccata,

224 2246 358 2284 cum
393 2229 451 2284 in
472 2247 646 2300 parvo
668 2234 928 2300 tempore
945 2229 1236 2286 infelicem
1263 2231 1521 2285 animam
1546 2229 1873 2298 illexerunt,

225 2321 280 2373 et
312 2318 388 2372 ad
408 2319 550 2372 vitia
567 2322 1182 2390 traxerunt,magnum
1198 2321 1648 2390 posteatempus
1671 2317 1729 2371 in
1744 2333 1877 2387 sup-

222 2404 423 2476 pliciis
437 2409 495 2460 et
519 2405 873 2460 cruciatibus
893 2410 1320 2478 promerentur.
1338 2405 1576 2476 Propter
1595 2404 1748 2476 quod
1766 2403 1875 2458 hoc

221 2494 365 2549 dicit
379 2494 760 2550 DominuszEt
771 2496 973 2563 faciam
994 2496 1052 2549 in
1069 2496 1267 2550 tesicut
1283 2495 1628 2564 fecisti,sicut
1643 2494 1876 2564 sprevis-

220 2585 263 2638 ti
271 2589 400 2640 hazc
409 2582 833 2654 praevaricando
847 2587 1230 2638 testamentum
1244 2586 1503 2651 meum,et
1533 2597 1736 2636 memor
1764 2596 1875 2636 ero.

222 2671 495 2727 Primum
515 2671 807 2742 quomodo
823 2671 1009 2726 fecisti
1033 2670 1378 2741 faciamtibi,
1412 2669 1620 2725 deinde
1655 2683 1880 2724 memor

224 2776 320 2816 ero
338 2758 1111 2831 testamentimei,quodfeci
1143 2763 1335 2814 tecum
1367 2759 1426 2813 in
1459 2758 1667 2814 diebus
1697 2756 1882 2812 infan-

221 2848 308 2903 tiae
329 2847 639 2904 tuas.Fecit
655 2848 871 2920 quippe
885 2851 1302 2904 testamentum
1323 2847 1381 2902 in
1397 2847 1603 2902 diebus
1622 2844 1878 2900 infantiae

224 2935 864 3008 ejus.Diximusautem
884 2953 1061 3006 supra
1076 2935 1369 3008 quomodo
1413 2952 1544 2990 cum
1575 2951 1643 2990 ea
1681 2932 1881 2988 fecerit

217 3029 649 3082 testamentum
661 3025 748 3080 .Et
763 3025 1060 3080 suscitabo
1075 3023 1178 3078 tibi
1200 3027 1616 3079 testamentum
1633 3024 1692 3078 in
1715 3025 1877 3077 ater-

215 3132 359 3169 num
373 3116 508 3184 .Ego
521 3113 722 3176 occido,
738 3116 788 3168 et
802 3129 898 3181 ego
911 3113 1438 3182 viviﬁcabo,ait.Qui
1454 3129 1586 3166 cum
1604 3112 1717 3167 ista
1757 3127 1882 3182 pro—

1980 541 2126 598 Vide
2155 547 2349 600 autem
2383 545 2523 617 quid
2557 546 2699 602 mihi
2723 547 2970 602 eveniat.
3006 549 3068 604 Ut
3097 549 3246 604 ultra
3273 564 3382 604 non
3404 551 3476 604 sit
3497 550 3627 606 tibe-

1980 648 2107 686 rum
2137 647 2193 687 os
2221 635 2438 704 aperire
2465 651 2500 689 α
2515 637 2660 704 facie
2683 637 3089 704 ignominiae,et
3107 637 3323 709 quando
3333 640 3545 695 eveniat
3564 641 3627 695 in

1980 735 2060 786 eo,
2096 723 2252 791 quasi
2278 724 2611 793 propitietur
2638 724 2760 779 tibi.
2787 725 2900 780 Nec
2930 728 3070 780 tunc
3096 726 3355 797 quidem,
3388 729 3623 798 quando

1982 807 2334 880 propitiatur
2366 809 2508 864 mihi
2523 811 2709 866 multa
2721 812 3002 882 peccanti,
3017 829 3261 883 possum
3285 831 3350 869 os
3363 815 3588 886 aperire
3608 830 3621 869 :

1983 914 2088 953 nec
2119 899 2352 969 quando
2368 898 2618 971 ignoscit
2641 899 2958 955 sceleribus
2973 901 3140 966 meis,
3159 901 3384 958 alienus
3406 920 3538 959 sum
3552 903 3626 959 ab

1983 986 2326 1058 ignominia,
2376 987 2474 1042 sed
2533 987 2794 1044 sentiens
2861 988 3080 1044 scelera
3136 1007 3286 1056 mea,
3347 995 3624 1063 perpetuo

1983 1074 2351 1130 conscientias
2373 1092 2514 1131 meae
2546 1076 2678 1148 igne
2709 1077 3049 1133 discrucior.
3071 1078 3290 1134 Idcirco
3312 1079 3450 1150 quia
3470 1079 3629 1151 igno-

1985 1163 2170 1218 minia
2195 1168 2251 1218 et
2279 1165 2542 1220 confusio
2577 1170 2792 1221 aeterna
2823 1166 2992 1221 nobis
3010 1167 3263 1238 reposita
3285 1171 3394 1239 est,
3426 1168 3474 1224 si
3498 1185 3624 1240 pec-

1984 1251 2329 1322 caverimus,
2363 1253 2520 1308 omni
2553 1256 2724 1310 corde
2755 1272 3061 1326 precemur
3088 1256 3292 1327 Deum,
3327 1257 3499 1312 utdet
3529 1274 3628 1312 no-

1984 1340 2098 1406 bis,
2130 1358 2316 1412 usque
2347 1343 2416 1396 ad
2443 1342 2617 1397 finem
2650 1347 2708 1398 et
2745 1344 2954 1398 animae
2986 1349 3043 1399 et
3071 1345 3331 1417 corporis
3352 1345 3484 1400 nisu
3519 1362 3620 1417 pro

1983 1428 2222 1485 veritate
2244 1431 2591 1486 contendere
2610 1449 2623 1487 :
2658 1435 2722 1487 ut
2742 1431 2971 1488 etiamsi
2992 1432 3223 1504 aliquod
3242 1438 3356 1489 tem
3367 1451 3475 1506 pus
3497 1451 3629 1490 con-

1984 1517 2219 1584 stiterit,
2251 1520 2406 1589 quod
2440 1524 2703 1576 nostram
2735 1522 3026 1578 examinet
3056 1522 3232 1577 ﬁdem
3252 1525 3413 1591 (nam
3444 1527 3512 1578 ut
3532 1540 3631 1578 au-

1984 1622 2115 1661 rum
2148 1607 2431 1678 probatur
2460 1608 2519 1662 in
2552 1608 2804 1676 fornace,
2837 1610 2920 1664 sic
2952 1610 3096 1666 fides
3126 1614 3327 1666 nostra
3353 1610 3413 1666 in
3473 1609 3630 1682 peri-

1985 1693 2113 1749 culo
2141 1699 2198 1750 et
2227 1696 2733 1766 persecutionibus
2755 1697 3410 1770 examinatur),etiamsi
3433 1715 3628 1771 perse-

1985 1783 2141 1840 cutio
2172 1784 2449 1855 eruperit,
2482 1784 2736 1840 inveniat
2763 1802 2870 1842 nos
2900 1791 3274 1859 praeparatos,
3308 1804 3379 1844 ne
3418 1788 3632 1844 domus

1983 1875 2183 1927 nostra
2210 1871 2270 1926 in
2284 1872 2490 1944 hyeme
2512 1879 2764 1940 corruat,
2784 1892 2854 1930 ne
2876 1874 3176 1931 aediﬁcatio
3194 1877 3361 1948 quasi
3380 1876 3439 1932 in
3457 1893 3634 1934 arena

1982 1962 2318 2015 constructa
2350 1962 2798 2032 tempestatibus
2830 1963 3185 2034 dissipetur:
3217 1968 3282 2020 ut
3301 1981 3436 2020 cum
3467 1965 3633 2022 flave-

1981 2048 2101 2102 rint
2130 2049 2283 2104 venti
2314 2049 2552 2117 diaboli,
2582 2050 2640 2104 id
2691 2054 2798 2119 est,
2841 2051 3084 2123 spiritus
3138 2053 3401 2125 pessimi,
3460 2071 3636 2126 Opera

1983 2141 2184 2192 nostra
2215 2138 2552 2209 persistant,
2587 2155 2716 2210 quas
2749 2156 2934 2210 usque
2959 2141 3029 2196 ad
3063 2140 3214 2197 hanc
3246 2142 3401 2198 diem
3424 2144 3632 2215 persti-

1983 2229 2202 2293 terunt,
2238 2227 2287 2281 si
2320 2230 2514 2283 tamen
2548 2244 2664 2283 non
2688 2228 3066 2285 suntocculte
3085 2230 3352 2296 subruta,
3375 2236 3431 2288 et
3453 2231 3512 2288 in
3535 2248 3631 2288 ex-

1985 2313 2303 2386 peditionis
2337 2315 2601 2370 accinctu
2634 2316 3080 2373 manifestemus
3109 2319 3452 2376 charitatem
3495 2338 3631 2378 nos-

1984 2405 2157 2472 tram,
2191 2419 2368 2473 quam
2400 2403 2686 2460 habemus
2707 2405 2778 2459 ad
2803 2409 2983 2460 Deum
3014 2405 3074 2460 in
3105 2405 3334 2463 Christo
3355 2407 3516 2477 Jesu,
3540 2409 3632 2465 cui

1986 2494 2075 2545 est
2103 2488 2290 2562 gloria
2317 2494 2374 2546 et
2401 2491 2716 2564 imperium
2741 2492 2801 2548 in
2819 2493 3036 2548 saecula
3052 2495 3630 2554 saeculorumAmen.

2446 2651 2739 2706 HOMILIA
2781 2652 3165 2709 UNDECIMA.
3263 2647 3272 2656 ’

1987 2759 2066 2810 De
2096 2771 2162 2810 eo
2194 2755 2598 2833 quod‘dictum
2631 2761 2755 2833 est;
2788 2761 2896 2833 Fili
2924 2759 3182 2815 hominis.
3211 2777 3455 2833 propone
3483 2765 3631 2820 aeni-

2058 2843 2205 2899 gma,
2236 2836 2287 2882 et
2309 2827 2394 2882 die
2423 2829 2744 2899 parabolam
2769 2830 2837 2884 ad
2853 2831 3072 2886 domum
3102 2827 3290 2897 Israel,
3312 2827 3324 2833 ’
3351 2837 3402 2889 et
3457 2834 3628 2891 dices:

2060 2898 2257 2968 Aquila
2275 2898 2608 2967 magnarum
2635 2901 2875 2972 alarum,
2908 2907 3016 2958 etc.
3052 2903 3212 2974 (Cap.
3246 2905 3406 2976 xvu).

2059 3020 2208 3076 977
2247 3023 2589 3080 Exercitatio
2621 3042 2952 3096 corporum,
2983 3029 3040 3082 et
3063 3026 3122 3083 in
3144 3031 3331 3084 totum
3348 3029 3634 3086 fortitudi-

1993 3125 2127 3164 nem
2158 3116 2460 3182 comparat
2488 3113 2582 3185 iis,
2615 3115 2714 3185 qui
2776 3119 3134 3184 exercentur,
3194 3121 3253 3172 et
3299 3133 3402 3189 per
3441 3123 3633 3191 partes

218 3178 669 3269 mittit,dolores
685 3201 1149 3271 facit,etrursum
1181 3200 1885 3257 976restituet.Percus-
1916 3178 1958 3245 (ἶ
1997 3201 2459 3273 unumquodque
2481 3204 2812 3259 membrum
2870 3221 3198 3277 sensusque
3233 3207 3632 3264 membrordm

215 3291 376 3361 sit,et
391 3307 611 3346 manus
624 3291 672 3360 ej
685 3308 752 3344 us
767 3290 1307 3344 sanabunt.Dicitur
1320 3289 1378 3343 in
1404 3289 1673 3344 Michaaa:
1707 3290 1874 3343 Iram-

215 3381 448 3436 Domi-ni
475 3380 770 3445 sustinebo,
794 3381 924 3450 quia
936 3381 1161 3450 peccavi
1190 3380 1261 3443 ei,
1296 3378 1466 3434 donec
1487 3378 1742 3447 iustiﬁcet
1763 3380 1875 3448 ipse

213 3486 447 3526 causam
476 3484 658 3522 meam
677 3456 864 3539 (Mich.
882 3468 1003 3539 vn).
1021 3466 1688 3537 Quomodojustificatur
1699 3483 1877 3522 causa

213 3573 340 3612 mea
361 3560 392 3611 .’
427 3555 672 3620 Quando
703 3555 848 3610 iram
882 3554 1113 3609 Domini
1137 3555 1492 3623 sustinuero,
1518 3554 1616 3626 qui
1641 3554 1874 3608 divitias

214 3643 505 3701 bonitatis
536 3644 680 3712 ejus,
713 3647 768 3698 et
799 3643 1112 3715 patientiae,
1144 3647 1201 3698 et
1229 3643 1696 3715 longanimitatis
1745 3659 1876 3698 con-

215 3733 458 3806 tempsi,
488 3737 548 3787 et
565 3733 735 3803 juxta
761 3748 951 3788 meam
986 3732 1265 3787 duritiam
1289 3737 1346 3787 et
1373 3731 1748 3804 impmnitens
1778 3749 1877 3787 cor
1921 3806 1926 3813 .

215 3821 612 3878 thesaurizavi
648 3819 791 3874 mihi
824 3819 972 3875 iram
1007 3819 1067 3874 in
1099 3821 1191 3875 die
1223 3820 1341 3890 irae,
1384 3824 1439 3874 et
1503 3819 1874 3875 revelationis

205 3911 363 3980 justi
395 3909 604 3978 judicii
636 3909 759 3964 Dei.
785 3909 854 3963 Et
876 3908 1424 3964 dehonestaberisin
1452 3925 1539 3976 eo,
1570 3909 1722 3980 quod
1743 3925 1873 3963 sus-

215 3997 438 4071 cepisti
471 4013 693 4052 sorores
722 4000 856 4052 tuas
887 3997 1145 4052 seniores
1168 4014 1300 4051 cum
1323 3997 1792 4063 adolescentulis,
1818 4000 1875 4052 et

212 4088 372 4142 dabo
405 4086 510 4140 tibi
543 4102 642 4141 eas
665 4086 722 4140 in
736 4085 1197 4141 aediﬁcationem.
1222 4086 1598 4158 Supraunam
1624 4085 1767 4140 dixit
1786 4102 1874 4141 so-

214 4192 412 4231 rorem
444 4176 853 4233 Sodomam.et
883 4173 1058 4228 aliam
1083 4173 1430 4242 Samariam,
1457 4191 1612 4229 nunc
1642 4174 1868 4246 repetit,

213 4269 268 4320 et
297 4263 451 4320 dicit
484 4278 716 4318 sorores
747 4267 878 4317 tuas
903 4263 1184 4332 seniores,
1218 4279 1350 4317 cum
1401 4264 1595 4318 senior
1641 4267 1870 4318 tantum

212 4352 487 4409 Samaria
519 4352 617 4417 sit,
652 4355 708 4406 et
736 4350 1159 4406 adolescentior
1187 4351 1475 4419 Sodoma;
1500 4368 1700 4407 verum
1733 4351 1873 4424 quia

214 4443 347 4497 ﬁlim
381 4455 594 4496 earum
627 4437 1667 4504 eisconnumerantur,dicitomnium
1688 4455 1868 4492 unam

1981 3289 2304 3359 vegetiores
2335 3290 2472 3346 facit
2500 3292 2572 3346 ad
2604 3293 3010 3349 sufferendum
3046 3295 3212 3366 quid,
3248 3302 3350 3351 aut
3379 3297 3448 3351 ad
3506 3313 3634 3353 sen-

1982 3375 2250 3431 tiandum
2277 3396 2289 3446 ;
2323 3383 2389 3433 ut
2419 3384 2560 3450 puta
2589 3381 2890 3436 oculorum
2922 3382 3096 3454 acies,
3126 3382 3174 3439 si
3205 3383 3551 3440 exercitetur
3571 3385 3630 3440 in

1981 3463 2366 3532 visu,acutior
2398 3469 2497 3523 fiat
2526 3469 2596 3524 ad
2630 3469 2947 3526 videndum
2979 3472 3247 3538 :aures,si
3271 3472 3632 3543 frequentius

1983 3554 2227 3609 audiant
2256 3556 2467 3612 melius
2496 3562 2746 3629 possunt
2773 3575 2979 3613 vocum
2995 3559 3626 3630 caperedissonantias.

1984 3645 2102 3696 Hoc
2130 3647 2322 3698 autem
2350 3648 2406 3698 et
2432 3645 2491 3699 in
2517 3647 2741 3701 caeteris
2760 3645 3631 3718 membrislicetdeprehendere

1985 3731 2140 3801 quod
2172 3731 2229 3786 in
2263 3734 2466 3803 paucis
2494 3734 2878 3790 ostendimus.
2911 3734 3127 3790 Verum
3158 3735 3300 3806 quid
3331 3736 3628 3809 mihipro-

1984 3818 2113 3873 dest
2141 3820 2210 3874 ad
2246 3820 2667 3876 beatitudinem
2701 3826 2756 3876 et
2786 3822 2858 3878 ad
2888 3823 3070 3878 vitam
3102 3823 3543 3896 sempiternam,
3577 3825 3628 3881 si

1984 3922 2195 3978 corpus
2226 3909 2732 3965 exercitationibus
2764 3910 3070 3966 roboratur
3095 3911 3124 3966 ?
3152 3912 3313 3978 Quod
3347 3911 3493 3968 mihi
3541 3917 3630 3971 est

1982 3995 2468 4063 emolumentum,
2511 3998 2742 4054 etiamsi
2803 3999 3122 4055 fortissimo
3175 4017 3414 4072 corpore
3466 4003 3624 4072 fiam,

1982 4083 2210 4139 etiamsi
2244 4085 2518 4141 omnibus
2553 4087 2834 4143 membris
2863 4088 3624 4158 vegetusincedam?Econ-

1982 4171 2159 4225 trario
2191 4177 2406 4243 autem,
2441 4173 2490 4227 si
2525 4189 2735 4230 sensus
2755 4174 2962 4230 anima:
2978 4175 3627 4236 habueroexcercitatos

1981 4259 2050 4313 ad
2086 4259 2460 4316 sentiendum
2494 4262 2634 4335 quid
2666 4264 2737 4318 ad
2770 4262 3116 4319 discendum
3148 4265 3273 4322 dies
3313 4272 3626 4338 noctesque

1980 4349 2322 4417 contrivero,
2357 4367 2469 4405 non
2504 4351 2693 4406 solum
2725 4351 2782 4407 in
2801 4353 2910 4408 hac
2929 4353 3048 4408 vita
3067 4354 3622 4423 mihiconducif,sed

1979 4437 2152 4493 etiam
2187 4441 2546 4496 recedentem
2581 4442 2651 4496 de
2683 4458 2920 4514 corpore
2950 4447 3352 4516 prosequetur.
3402 4445 3621 4501 Idcirco

213 4548 340 4587 esse
362 4528 894 4602 speciem.Quantae
926 4531 1122 4583 autem
1144 4527 1272 4582 filiae
1296 4528 1685 4583 Sodomorum
1710 4533 1866 4599 sunt,
1901 4543 1946 4608 D
1978 4525 2038 4580 in
2071 4527 2363 4598 parabolis
2395 4533 2451 4583 et
2479 4528 2539 4583 in
2571 4529 2983 4601 aenigmatibus
3007 4529 3238 4586 locutus
3259 4532 3534 4600 estDeus,
3556 4536 3622 4588 ut

210 4624 388 4675 tantae
423 4623 484 4674 et
515 4617 884 4672 Samariaa.Et
903 4616 1053 4672 dabo
1084 4615 1187 4670 tibi
1203 4632 1300 4671 eas
1321 4615 1380 4669 in
1401 4616 1866 4682 aediﬁcationem,

211 4713 263 4764 et
291 4726 413 4765 non
447 4724 518 4763 ex
550 4709 901 4760 testamento
945 4709 1066 4776 tuo,
1126 4708 1182 4759 et
1236 4705 1532 4760 suscitabo
1589 4721 1694 4777 ego
1751 4710 1866 4760 tes-

207 4798 548 4851 tamentum
583 4809 781 4848 meum
810 4795 1025 4847 tecum.
1067 4791 1382 4847 Considera
1443 4794 1614 4848 ﬁnem
1668 4808 1864 4864 repro-

205 4884 518 4940 missionis
585 4886 643 4938 et
698 4897 1014 4952 cognosces
1057 4879 1193 4952 quia
1240 4897 1344 4952 ego
1401 4881 1708 4948 Dominus,
1803 4886 1868 4937 ut

203 4971 577 5042 memineris,
613 4975 671 5026 et
703 4970 1106 5038 confundaris,
1166 4969 1224 5024 id
1271 4974 1382 5036 est,
1443 4987 1574 5026 cum
1634 4987 1864 5042 recepe-

202 5064 281 5118 ris
314 5065 564 5135 peccata
595 5063 717 5126 tua,
748 5063 807 5114 et
834 5060 1222 5115 rememorata
1272 5059 1472 5129 fueris,
1535 5065 1674 5116 tunc
1733 5077 1864 5115 con-

205 5151 500 5207 funderis.
535 5149 605 5204 Et
635 5147 793 5203 ultra
822 5164 935 5202 non
969 5148 1078 5203 erit
1107 5149 1212 5206 tibi
1245 5167 1309 5205 os
1341 5148 1582 5220 aperire.
1618 5151 1760 5205 Cum
1780 5166 1864 5205 re-

104 5306 122 5323 .
201 5257 416 5312 cepero
446 5242 681 5311 peccata
715 5253 864 5303 mea,
897 5241 952 5292 et
982 5239 1290 5294 restitutus
1321 5240 1504 5303 fuero,
1539 5240 1688 5294 tacto
1737 5257 1858 5295 me-

203 5346 340 5385 cum
377 5331 754 5391 testamento,
783 5329 921 5380 tunc
951 5327 1206 5398 amplius
1239 5327 1498 5400 intelligo
1529 5328 1684 5383 mala
1708 5339 1858 5395 mea,

296 5491 355 5557 α)
391 5487 613 5543 Vitiose
641 5491 813 5542 antea
842 5484 894 5540 le
937 5487 1160 5554 ebatur,
1220 5496 1429 5543 actura.

268 5492 286 5622 ἓ
296 5557 824 5622 blinHexaplorum
838 5501 1173 5614 coﬁlectione
1190 5487 1282 5614 hic
1295 5559 1457 5616 locus
1471 5559 1589 5616 desi

296 5557 824 5633 b)lnHexaplorum
838 5557 1173 5633 collectione
1190 5557 1457 5633 hic_loc_us
1471 5559 1856 5633 desideratur.

203 5628 286 5690 ex
313 5628 806 5690 romanae—tamen
840 5628 1112 5688 editionis
1139 5633 1246 5684 τῶν
1279 5631 1421 5688 LXX
1460 5632 1855 5690 annotationi-

1979 4617 2311 4672 extenderet
2343 4634 2405 4673 se
2436 4634 2602 4672 mens
2635 4622 2856 4688 nostra,
2887 4617 2974 4672 vel
3010 4619 3204 4690 potius
3228 4619 3284 4674 in
3308 4636 3494 4674 unum
3511 4620 3620 4676 col-

1975 4704 2164 4778 ligens
2194 4706 2481 4760 dictorum
2508 4706 2806 4762 intueatur
2824 4705 3114 4776 acumina,
3130 4711 3188 4762 et
3205 4724 3238 4762 a
3259 4706 3516 4778 corporis
3532 4708 3617 4762 vi-

1973 4794 2075 4849 tiis
2106 4795 2402 4861 recedens,
2437 4795 2577 4849 dum
2607 4793 2881 4865 intelligit
2929 4795 3256 4861 veritatem,
3312 4796 3444 4851 vitae
3493 4813 3612 4852 suae

1975 4901 2210 4939 cursum
2236 4883 2562 4938 secundum
2576 4883 2847 4938 eumdem
2865 4881 3236 4955 dirigat.Haac
3254 4883 3313 4938 in
3333 4885 3613 4954 procemio

1973 4973 2251 5042 diximus,
2285 4971 2424 5042 quia
2455 4987 2646 5027 sermo
2673 4971 2765 5025 Dei
2799 4971 2984 5026 factus
3015 4975 3104 5026 est
3137 4971 3207 5026 ad
3233 4972 3611 5046 Ezechielem,

1972 5060 2200 5115 dicens:
2234 5059 2353 5114 Fili
2383 5059 2640 5129 hominis,
2673 5076 2853 5114 narra
2881 5059 3314 5128 uarationem,et
3344 5060 3436 5116 die
3449 5079 3615 5133 para-

1972 5147 2161 5204 bolmn
2185 5149 2254 5203 ad
2283 5149 2508 5203 domum
2536 5148 2726 5202 Israel.
2762 5147 2866 5201 Pro
2897 5146 3006 5202 hoc
3036 5152 3231 5203 autem
3255 5150 3408 5220 quod
3469 5151 3612 5222 Sep-

1969 5238 2192 5310 tuagint
2205 5236 3616 5308 ainterpretesposueruntnarrrationem,alius,de

1969 5327 2387 5400 interpretibus
2418 5324 2738 5390 transtulit,
2769 5341 3009 5396 propone
3038 5325 3409 5397 (b)problema
3429 5345 3441 5395 ;
3461 5327 3614 5383 alius

1968 5490 2080 5545 bus
2102 5487 2372 5561 colligere
2391 5494 2494 5561 est.
2521 5485 2789 5561 Aquilam
2806 5485 3070 5561 posuisse
3082 5483 3328 5560 αἶ’νιγμα,
3352 5488 3614 5561 Symma-

1966 5562 2143 5618 chum
2184 5551 2724 5616 ethheodotio'nem
2749 5551 3073 5631 πρόϐλημα.
