3994 6188
199 347 328 412 769-

653 353 1151 419 TRANSLATIO
1194 353 1698 420 HOMILIARUM
1742 346 2111 419 ORIGENIS
2153 355 2233 418 ΙΝ
2276 355 2802 424 EZECHIELEM.
2849 361 3039 424 HOM.
3086 361 3196 424 XI.

3487 365 3630 434 W0.-

197 481 737 543 Nabuchodonosor
763 491 822 545 et
851 489 1072 546 Pharao
1103 489 1312 562 aquilae
1342 490 1629 547 dicantur.
1655 489 1849 546 Forsi-
1877 489 1934 556 Α
1962 488 2090 544 dus.
2126 489 2251 545 Non
2283 491 2427 546 mihi
2450 492 2663 549 dicitur
2691 494 2762 550 de
2782 493 3038 567 talilupo
3067 514 3086 550 :
3115 496 3386 553 Attendite
3412 499 3480 554 ab
3501 502 3604 573 eis,

195 574 292 626 tan
357 573 569 644 quaerit
624 576 942 650 quispiam,
1004 579 1104 650 qui
1164 596 1280 634 non
1330 580 1513 636 otiose
1569 584 1628 635 et
1682 585 1847 635 tran-

195 661 398 718 sitorie
449 663 778 735 Scripturas
828 665 1019 738 legit:
1072 667 1605 723 Nabuchodonosor
1653 669 1849 738 aquila

195 750 343 804 981
409 759 499 807 est
557 769 789 826 magna,
832 759 889 810 et
940 772 1288 828 magnarum
1348 755 1596 821 alarum,
1643 761 1699 812 et
1753 756 1848 812 hic

196 837 421 894 Pharao
451 839 566 896 alia
594 841 794 913 aquila
843 860 1058 916 magna
1088 843 1357 900 similiter
1386 845 1612 900 alarum
1645 845 1846 917 ingen-

196 927 368 994 tium,
402 933 460 983 et
490 929 548 984 in
581 931 729 1004 Lege
749 932 899 988 inter
919 932 1228 988 immunda
1248 933 1528 988 animalia
1549 935 1739 1006 posita
1759 939 1849 990 est

197 1015 396 1087 aquila
421 1034 435 1072 :
470 1033 649 1089 quare
682 1023 738 1074 et
757 1021 960 1091 justus
981 1021 1136 1077 dives
1167 1022 1408 1077 effectus
1431 1026 1717 1094 praeparat
1736 1021 1848 1078 sibi

198 1103 318 1160 alas
350 1105 580 1177 aquila,
604 1112 670 1162 ut
701 1109 888 1180 possit
918 1110 1172 1166 converti
1203 1109 1263 1164 in
1294 1111 1536 1166 domum
1564 1111 1846 1183 principis

197 1195 544 1266 sui?quare
587 1195 762 1253 etiam
811 1198 1185 1270 repromissio
1236 1199 1505 1270 quaedam
1555 1203 1643 1254 est
1691 1200 1844 1270 apud

196 1282 408 1338 Isaiam
434 1283 777 1355 prophetam
809 1285 1097 1342 dicentem
1132 1303 1144 1342 :
1177 1289 1323 1343 Justi
1348 1289 1619 1360 accipient
1633 1304 1847 1359 pennas

196 1380 252 1427 ut
276 1374 511 1444 aquilae,
542 1380 793 1439 current,
823 1379 875 1430 et
922 1391 1034 1430 non
1065 1376 1410 1443 laborabunt,
1442 1377 1768 1446 gradiantur
1794 1386 1847 1432 et

195 1476 301 1516 non
315 1465 568 1518 esuriem
583 1464 611 1517 ‘I
627 1463 685 1519 Si
705 1464 861 1519 enim
880 1463 1189 1520 immunda
1207 1469 1294 1520 est
1313 1465 1650 1537 aquila,non
1669 1483 1844 1537 opor-

192 1553 272 1604 tet
301 1567 414 1606 nos
436 1567 660 1622 pennas
683 1552 941 1624 accipere
969 1557 1034 1608 ut
1060 1551 1482 1624 aquilam,cum
1499 1554 1648 1625 justi
1675 1553 1846 1610 fueri-

195 1654 326 1694 mus
363 1655 377 1693 :
413 1654 603 1712 neque
646 1656 781 1695 cum
824 1640 1036 1695 divitias
1068 1641 1236 1696 nobis
1268 1642 1568 1712 creverint,
1620 1648 1845 1714 oportet

193 1752 522 1810 praeparare
550 1754 659 1792 nos
706 1738 878 1793 nobis
923 1755 1144 1808 pennas
1176 1738 1402 1810 aquilas.
1432 1739 1537 1794 Cui
1584 1740 1841 1811 primum

194 1825 672 1896 respondendum
703 1833 812 1893 est,
836 1828 1101 1898 quaedam
1136 1827 1375 1884 nomina
1407 1828 1751 1884 animalium
1781 1830 1840 1884 in
1873 1858 1920 1922 B

195 1913 499 1985 Scriptura
521 1915 578 1969 in
605 1919 852 1987 utroque
874 1931 1104 1987 genere,
1127 1916 1182 1971 id
1211 1921 1316 1985 est,
1341 1917 1400 1972 in
1421 1917 1572 1972 malo
1601 1935 1668 1973 ac
1689 1919 1840 1974 bono

193 2002 419 2074 posita:
441 2008 507 2058 ut
530 2008 672 2076 puta
701 2003 812 2071 leo,
834 2005 893 2059 in
917 2005 1130 2060 bonam
1156 2005 1441 2077 accipitur
1467 2007 1595 2061 etin
1623 2007 1840 2062 malam

193 2095 439 2162 partem.
474 2093 538 2146 In
568 2093 784 2148 bonam
815 2093 900 2149 sic
934 2110 946 2148 :
979 2095 1203 2150 Catulus
1232 2095 1404 2150 leonis
1433 2095 1572 2150 Iuda
1600 2111 1671 2151 ex
1716 2112 1842 2166 ger-

192 2181 516 2250 minatione,
549 2182 636 2251 ﬁli
663 2183 760 2252 mi,
793 2183 1112 2250 ascendisti,
1141 2183 1463 2238 accumbens
1482 2184 1757 2251 dormisti,
1781 2188 1843 2239 ut

193 2268 346 2335 leo,et
369 2273 432 2324 ut
453 2271 670 2325 catulus
691 2272 862 2326 leonis
884 2289 900 2325 :
922 2273 1041 2343 quis
1055 2272 1342 2328 suscitabit
1356 2287 1482 2328 eum
1501 2272 1843 2344 (Gcn.xmx)?

191 2365 255 2421 In
281 2365 503 2422 malam
523 2383 657 2423 vero
681 2372 907 2439 partem
930 2368 1015 2424 sic
1036 2384 1050 2422 :
1074 2369 1434 2425 Adversarius
1453 2379 1633 2426 noster
1647 2372 1841 2427 diabo-

190 2455 294 2521 lus,
323 2464 388 2511 ut
417 2456 500 2511 leo
520 2459 766 2527 rugiens,
791 2473 1037 2528 quaerens
1056 2457 1313 2515 devorare
1327 2461 1544 2527 circuit,
1562 2463 1653 2515 cui
1678 2477 1840 2532 expe-

189 2544 265 2600 dit
294 2561 396 2601 nos
424 2547 675 2602 resistere
702 2547 886 2617 ﬁrmos
917 2549 979 2601 in
1006 2547 1128 2618 ﬁde.
1151 2548 1260 2603 Sed
1289 2552 1347 2603 et
1375 2547 1672 2620 malignus
1697 2567 1837 2622 sup—

187 2633 452 2705 plantare
485 2635 727 2707 cupiens
748 2635 1061 2691 insidiatur
1076 2637 1136 2691 in
1168 2636 1484 2703 occulto,ut
1512 2637 1600 2693 leo
1621 2638 1679 2692 in
1702 2655 1838 2710 spe-

187 2721 365 2778 lunca
393 2741 506 2779 sua
534 2723 868 2791 insidiatur,
891 2729 957 2779 ut
985 2724 1173 2796 rapiat
1195 2727 1838 2797 pauperem.Quomodo

187 2828 325 2885 ergo
353 2812 445 2868 leo
482 2813 698 2868 dicitur
725 2817 782 2868 et
809 2813 867 2867 in
903 2813 1120 2869 malam
1173 2817 1396 2887 partem
1428 2818 1484 2870 et
1511 2815 1572 2870 in
1601 2816 1836 2887 bonam,

186 2918 304 2957 non
315 2900 809 2973 estincongruum
825 2900 998 2957 etiam
1021 2902 1279 2974 aquilam
1302 2904 1359 2958 in
1381 2907 1690 2975 utramque
1705 2921 1836 2976 par-

183 2993 305 3046 tem
324 2990 535 3062 accipi.
552 2991 712 3058 Et,ut
733 3006 839 3062 ego
860 2991 1346 3062 suspicor.justus
1369 3009 1483 3047 non
1507 2997 1595 3048 est
1616 2993 1833 3064 aquila,

182 3079 289 3135 sed
311 3078 485 3150 quasi
508 3077 1040 3150 aquila,a3mulatur
1061 3079 1277 3152 quippe
1297 3080 1574 3152 aquilam.
1602 3081 1668 3136 Et
1691 3099 1833 3154 quo-

182 3167 362 3223 modo
392 3183 635 3238 serpens
685 3183 867 3223 aereus
897 3172 1071 3240 typus
1121 3168 1232 3223 fuit
1259 3168 1611 3226 Salvatoris:
1645 3187 1835 3243 neque

179 3257 342 3311 enim
369 3271 615 3328 serpens
643 3260 769 3311 erat
796 3272 948 3324 vere,
980 3257 1084 3312 sed
1113 3256 1452 3314 imitabatur
1481 3263 1830 3331 serpentem,
1864 3225 1906 3290 Ο

178 3345 414 3400 dicente
446 3344 695 3399 Domino
726 3362 740 3399 :
775 3345 836 3401 Ut
864 3345 1068 3409 Mor/ses
1095 3347 1325 3401 elevavit
1340 3356 1644 3418 serpentem
1664 3350 1724 3402 in
1743 3349 1835 3405 de-

175 3438 343 3500 serto,
374 3434 456 3488 sic
485 3437 696 3504 oportet
713 3434 959 3488 exaltari
987 3434 1192 3489 Filium
1212 3434 1450 3490 hominis
1479 3437 1666 3507 (Joan.
1701 3438 1788 3510 III)
1819 3455 1832 3494 :

177 3531 386 3586 eodem
428 3532 606 3586 modo
638 3535 694 3586 et
731 3532 934 3603 justus
965 3548 1078 3587 non
1111 3537 1233 3588 tam
1290 3533 1488 3605 aquila
1515 3539 1623 3605 est,
1657 3552 1834 3606 quam

175 3619 396 3692 aquilae
440 3619 676 3691 similis,
709 3621 847 3692 quia
876 3621 927 3675 ei
973 3619 1113 3676 utile
1144 3626 1232 3677 est
1279 3621 1594 3694 imaginem
1627 3625 1834 3695 aquilae

177 3710 412 3766 sectari.
444 3708 621 3764 Juxta
648 3709 806 3764 hunc
826 3708 1186 3766 intellectum
1218 3715 1276 3766 et
1296 3711 1354 3764 in
1387 3711 1499 3767 alio
1531 3711 1656 3768 loco
1688 3730 1834 3784 prae-

181 3807 419 3870 ceptum
450 3798 674 3870 accepit
696 3802 997 3869 justus,ut
1025 3799 1103 3854 sit
1131 3798 1365 3870 sapiens
1389 3800 1542 3854 sicut
1571 3817 1832 3872 serpens,

181 3904 297 3942 non
329 3891 403 3940 nt
431 3887 532 3941 ﬁat
561 3903 822 3958 serpens,
843 3887 940 3942 sed
972 3903 1043 3942 ne
1065 3905 1097 3941 a
1118 3888 1233 3943 veri
1259 3888 1546 3958 serpentis
1571 3889 1836 3960 capiatur

179 3975 428 4030 astutia.
459 3975 518 4029 Si
556 3980 752 4030 autem
803 3992 995 4030 sermo
1024 3975 1126 4031 Dei
1173 3976 1494 4048 scripturas
1529 3976 1836 4050 diligenter

174 4064 501 4133 excutiens,
524 4067 581 4118 et
612 4063 954 4136 spiritus,de
983 4081 1100 4137 quo
1119 4064 1402 4136 scriptum
1428 4070 1516 4121 est
1548 4083 1561 4121 :
1596 4065 1834 4138 Spiritus

177 4154 366 4208 omnia
397 4157 678 4207 scrutatur
698 4154 864 4207 etiam
893 4153 1010 4208 alta
1038 4152 1194 4223 Dei(I
1227 4152 1346 4208 Cor.
1363 4153 1558 4225 x11),in
1583 4155 1834 4226 alicujus

177 4241 437 4296 animam
479 4239 722 4308 venerit,
759 4239 1235 4296 manifestissime
1282 4243 1551 4297 ostendet
1581 4243 1650 4298 de
1680 4243 1832 4298 Scri-

177 4330 388 4400 pturis,
420 4334 479 4385 et
510 4329 768 4401 aquilam
785 4333 842 4384 et
867 4329 1094 4385 leonem
1127 4329 1184 4383 in
1217 4335 1442 4401 partem
1472 4332 1831 4388 mundorum

173 4418 524 4475 animalium
556 4417 1098 4489 positazCherubim
1131 4417 1233 4474 Dei
1264 4418 1476 4475 habere
1503 4419 1712 4476 faciem
1734 4421 1832 4477 ho-

173 4508 367 4576 minis,
397 4510 456 4562 et
485 4506 690 4561 faciem
721 4505 906 4561 leonis
937 4523 971 4561 a
1001 4505 1216 4562 dextris
1249 4511 1504 4577 quatuor
1550 4509 1826 4581 partium,

1957 579 2054 647 qui
2082 580 2310 633 veniunt
2336 580 2410 635 ad
2438 597 2528 637 vos
2551 584 2610 637 in
2641 585 2841 638 vestitu
2867 584 3072 652 ovium,
3097 585 3249 640 intus
3278 595 3460 642 autem
3476 599 3609 646 sunt

1958 665 2078 735 lupi
2106 683 2326 738 rapaces
2370 668 2578 739 (Matth.
2606 672 2727 741 vn).
2763 671 3078 743 Signanter
3121 672 3350 730 locutus
3397 681 3487 732 est
3515 678 3603 733 di-

1958 770 2096 809 cens
2113 772 2126 809 :
2142 755 2293 810 Intus
2314 762 2506 812 autem
2528 767 2658 814 sunt
2677 761 2797 830 lupi
2816 776 3064 830 rapaces.
3090 762 3238 817 Sunt
3267 763 3483 836 quippe
3505 764 3604 820 alii

1959 859 2072 896 non
2107 859 2366 914 rapaces,
2403 847 2634 916 quando
2667 845 2787 918 lupi
2811 851 2868 902 et
2896 849 3028 920 agni
3061 856 3375 920 pascentur
3403 853 3601 924 simul,

1957 936 2014 985 et
2031 931 2245 986 vitulus
2262 938 2318 988 et
2347 938 2574 1001 taurus,
2597 940 2653 990 et
2672 934 2761 990 leo
2786 937 3004 1007 pariter
3027 938 3217 994 edent.
3241 941 3384 996 Cum
3407 947 3604 1000 autem

1956 1019 2130 1075 fuerit
2157 1025 2276 1076 tam
2307 1022 2670 1078 diversarum
2703 1024 2855 1080 inter
2903 1041 2965 1080 se
3005 1031 3350 1084 naturarum
3399 1030 3459 1085 in
3488 1032 3604 1088 ﬁde

1955 1107 2169 1163 Christi
2203 1110 2355 1165 facta
2385 1111 2644 1178 sociatio,
2679 1112 2766 1168 leo
2798 1130 2914 1169 non
2946 1114 3056 1170 erit
3078 1117 3204 1186 jam
3235 1117 3600 1189 immundus,

1955 1222 2154 1260 verum
2197 1206 2443 1264 feritatis
2493 1225 2612 1262 suae
2641 1208 3032 1281 obliviscetur,
3065 1217 3123 1267 et
3176 1213 3451 1272 universa
3481 1217 3604 1272 ani-

1955 1293 2152 1365 malia,
2185 1312 2313 1366 qua
2344 1296 2404 1350 in
2430 1295 2557 1369 lege
2586 1297 2686 1352 Dei
2719 1299 2997 1354 dicuntur
3035 1300 3364 1374 immunda,
3397 1305 3604 1361 condi-

1952 1383 2128 1438 tionis
2150 1384 2401 1454 antiquaa
2426 1385 2704 1456 recipient
2722 1388 3058 1458 puritatem.
3077 1393 3198 1446 Hoc
3217 1397 3412 1449 autem
3433 1399 3492 1450 et
3535 1410 3606 1450 ex

1954 1476 2116 1544 parte
2140 1473 2266 1543 jam
2289 1473 2508 1528 factum
2535 1478 2642 1540 est,
2667 1479 2723 1530 et
2743 1475 3082 1547 plenissime
3107 1479 3214 1549 [AL
3235 1479 3600 1552 planissime}

1952 1563 2013 1616 in
2032 1563 2288 1616 secundo
2309 1578 2436 1618 com
2443 1561 2698 1634 plebitur
2720 1565 2992 1621 adventu.
3010 1569 3295 1624 Praavenit
3314 1569 3493 1642 igitur
3508 1589 3603 1628 sa-

1952 1654 2340 1717 cramentum,
2374 1652 2528 1722 quod
2583 1655 2884 1708 ostensum
2916 1658 3006 1709 est
3046 1655 3105 1710 in
3155 1656 3488 1732 Cherubim,
3508 1661 3599 1722 rei

1950 1738 2251 1794 veritatem
2279 1757 2296 1792 :
2331 1743 2388 1794 et
2417 1739 2707 1795 intantum
2734 1741 2920 1798 leonis
2942 1747 2999 1799 et
3028 1744 3235 1816 aquila:
3268 1748 3444 1805 facies
3465 1766 3602 1808 cum

1952 1826 2082 1882 aliis
2105 1827 2360 1883 faciebus
2381 1834 2638 1900 cognata
2661 1834 2823 1896 sunt,
2844 1836 2910 1886 ut
2930 1833 3124 1903 majus
3147 1835 3316 1891 nobis
3338 1838 3603 1896 videatur

1947 1914 2149 1983 vitulo,
2178 1919 2233 1969 et
2260 1919 2450 1983 tauro,
2473 1921 2529 1971 et
2548 1916 2712 1972 leone
2737 1918 2914 1974 simul
2942 1922 3339 1991 pascentibus,
3362 1926 3416 1980 id
3443 1929 3599 1998 quod

1950 2003 2220 2074 apparuit
2241 2003 2298 2058 in
2322 2005 2657 2060 Cherubim.
2681 2007 2766 2061 Ab
2793 2008 2945 2064 Isaia
2974 2009 3189 2082 quippe
3213 2011 3352 2067 nihil
3391 2015 3460 2070 de
3481 2017 3598 2084 bis,

1950 2107 2077 2162 quas
2108 2093 2383 2164 praedicta
2413 2097 2570 2160 sunt,
2604 2094 2715 2149 sibi
2747 2095 3061 2165 cohaerens,
3096 2102 3153 2154 et
3183 2099 3431 2158 invicem
3463 2120 3601 2160 con-

1949 2195 2161 2236 nexum
2181 2182 2624 2254 repromittitur.
2642 2184 2705 2238 In
2729 2183 3043 2242 Cherubim
3066 2204 3198 2243 vero
3221 2195 3598 2263 unumquod-

1949 2286 2063 2340 que
2091 2269 2308 2324 animal
2340 2287 2474 2326 cum
2505 2270 2617 2326 alio
2648 2278 2961 2344 cognatum
2992 2279 3100 2345 est,
3121 2276 3296 2333 facies
3327 2279 3492 2335 vituli
3517 2282 3602 2338 fa-

1949 2357 2056 2412 ciei
2081 2356 2300 2426 ileonis,
2335 2362 2390 2414 et
2431 2359 2630 2415 vultus
2680 2361 2938 2418 hominis
2970 2363 3158 2420 vultui
3209 2367 3437 2438 aquilas.
3473 2370 3601 2428 Non

1946 2445 2130 2517 igitur
2160 2463 2513 2520 magnopere
2565 2448 2794 2505 mireris
2823 2467 2958 2507 cum
3008 2452 3250 2521 Pharao,
3283 2461 3340 2511 et
3383 2474 3599 2529 praece-

1948 2534 2092 2591 dens
2139 2552 2274 2591 eum
2319 2537 2873 2604 Nabuchodonosor,
2917 2541 3126 2612 aquilas
3176 2550 3595 2618 nuncupatur:

1937 2633 2140 2703 justus
2164 2650 2299 2689 vero
2331 2650 2552 2706 pennas
2574 2651 2872 2691 assumere
2894 2637 3124 2693 dicatur
3145 2641 3440 2712 utaquila,
3454 2648 3512 2698 et
3534 2643 3596 2700 in

1945 2721 2046 2777 Dei
2068 2727 2231 2793 parte
2259 2722 2419 2778 dives
2441 2723 2914 2806 edectuqaquilae
2941 2725 3052 2780 sibi
3072 2742 3294 2798 pennas
3316 2739 3600 2802 praeparet

1946 2811 2017 2865 ad
2069 2809 2408 2865 volandum.
2444 2810 2660 2866 Verum
2713 2816 2778 2866 ut
2824 2813 2895 2868 ad
2929 2816 3293 2886 propositum
3337 2819 3596 2893 redeam,

1945 2898 2272 2970 specialiter
2283 2899 2562 2971 quiddam
2578 2900 2944 2972 significatur
2959 2903 3272 2960 deNabuch
3283 2907 3593 2978 odonosor,

1942 2987 2079 3056 quia
2099 3003 2312 3059 magna
2326 2992 2384 3042 et
2414 3004 2762 3060 magnarum
2783 2989 3104 3058 alarum,et
3129 2993 3221 3047 sui
3251 2994 3588 3052 extensione

1942 3075 2307 3147 longissima,
2340 3076 2634 3131 intantum
2668 3083 2732 3132 ut
2760 3094 2941 3133 ausus
2961 3079 3133 3134 fuerit
3161 3080 3351 3138 dicere
3385 3100 3398 3138 :
3439 3085 3596 3139 Viri-

1945 3165 2045 3220 bus
2081 3167 2308 3236 faciam,
2338 3167 2614 3236 sapientia
2667 3168 2971 3222 intellectus
3011 3171 3265 3240 auferam
3306 3172 3442 3242 ﬁnes
3465 3189 3596 3243 gen-

1944 3257 2108 3323 tium,
2138 3263 2192 3310 et
2236 3257 2491 3311 virtutem
2535 3271 2724 3310 eorum
2751 3255 2907 3312 983
2947 3257 3226 3330 depascar,
3259 3263 3310 3315 et
3360 3277 3596 3318 commo-

1942 3345 2070 3400 vebo
2098 3346 2368 3413 civitates,
2402 3361 2522 3415 quae
2571 3345 2973 3416 inhabitantur,
3004 3356 3053 3402 et
3082 3349 3271 3404 orbem
3317 3353 3599 3410 terrarum

1943 3443 2267 3496 universum
2304 3442 2764 3513 comprehendam
2804 3459 2976 3498 manu
3019 3449 3081 3499 ut
3108 3445 3324 3517 nidum,
3352 3456 3405 3502 et
3436 3450 3598 3518 φιαςί

1943 3530 2226 3604 confracta
2255 3546 2356 3586 ora
2393 3532 2648 3601 auferam
2678 3532 2829 3602 (Isai.
2869 3532 2949 3601 x).
2984 3532 3123 3588 Ecce
3151 3533 3268 3588 ista
3312 3537 3370 3589 et
3399 3539 3593 3590 exten-

1945 3619 2031 3674 sio
2055 3618 2281 3674 alarum
2299 3621 2444 3689 ejus.
2460 3619 2574 3674 Nec
2595 3619 2704 3674 hoc
2732 3619 2783 3674 ei
2807 3620 3045 3685 sufﬁcit,
3069 3638 3269 3678 verum
3293 3623 3595 3694 unguibus

1945 3706 2152 3778 plenus
2184 3711 2292 3770 est,
2330 3713 2387 3763 et
2417 3707 2622 3762 mnltis
2652 3706 2893 3778 plumis,
2923 3713 2980 3763 et
3027 3708 3202 3764 habet
3227 3711 3470 3766 ductum
3503 3712 3593 3768 in-

1944 3796 2136 3850 trandi
2171 3796 2228 3850 in
2260 3795 2570 3866 Libanum,
2604 3801 2663 3852 ut
2694 3796 2852 3851 cedri
2883 3798 3012 3866 ejus
3041 3815 3277 3854 summa
3295 3800 3589 3872 decerpat.

1945 3885 2234 3950 Quamdiu
2267 3883 2346 3951 hi,
2380 3885 2480 3956 qui
2528 3885 3046 3941 commorabantur
3091 3886 3153 3941 in
3203 3869 3452 3956 Libano;
3475 3907 3592 3946 non

1942 3972 2416 4043 peccaverunt,id
2447 3974 2856 4045 est,quamdin
2887 3974 2946 4028 in
2977 3974 3376 4048 Jerosolymns
3393 3977 3590 4050 positi,

1941 4059 2136 4130 [Supp.
2167 4061 2306 4131 non]
2337 4065 2476 4116 sunt
2504 4060 2564 4115 in
2595 4061 2913 4116 sceleribus
2951 4062 3320 4134 deprehensi,
3345 4081 3459 4120 non
3491 4082 3590 4122 ao-

1942 4149 2094 4220 cepit
2122 4154 2469 4221 potestatem
2488 4150 2603 4205 ista
2635 4166 2848 4222 magna
2863 4151 3080 4222 aquila,
3108 4151 3594 4224 utingrederetur

1942 4237 2002 4292 in
2036 4236 2343 4307 Libanum,
2378 4255 2569 4309 neque
2597 4240 2924 4311 assumpsit
2951 4239 3064 4296 sibi
3093 4240 3298 4310 electa,
3331 4247 3390 4298 et
3435 4243 3593 4299 cedri

1940 4342 2140 4383 semen
2173 4326 2422 4399 regium,
2455 4332 2513 4382 et
2567 4327 2900 4400 principum
2932 4329 3196 4401 stirpem.
3231 4331 3348 4386 Ista
3376 4331 3593 4403 quippe

1940 4420 2081 4471 sunt
2106 4416 2518 4473 teneritudinis
2546 4417 2696 4488 ejus,
2728 4435 2854 4489 quae
2884 4418 3139 4488 quodam
3163 4419 3444 4491 ltempore
3473 4437 3591 4476 non

1941 4505 2178 4560 fuerunt
2202 4506 2348 4561 duro
2381 4506 2554 4562 corde
2577 4522 2589 4560 :
2618 4510 2874 4562 attamen
2905 4507 3100 4578 rapuit
3128 4508 3367 4577 ea,quia
3387 4524 3590 4579 pecca-

173 4600 225 4649 et
249 4596 466 4652 faciem
509 4594 701 4664 vituli,
733 4598 791 4650 et
820 4595 974 4652 982
1006 4595 1214 4651 faciem
1264 4595 1475 4666 aquilae
1506 4613 1539 4651 a
1568 4597 1826 4654 sinistris
1854 4592 1901 4656 D
1931 4599 2138 4648 verunt
2167 4593 2225 4649 in
2257 4594 2593 4650 Dominum.
2615 4595 2814 4665 Aquila
2836 4596 2944 4650 ista
2969 4596 3232 4667 grandis,
3257 4597 3592 4664 etc.,totius

175 4690 425 4753 quatuor
455 4683 713 4756 partium
749 4701 763 4738 :
793 4687 851 4738 et
879 4683 1021 4754 haec,
1046 4700 1173 4755 qua)
1198 4683 1256 4737 in
1289 4683 1604 4740 Cherubim
1625 4685 1830 4741 viden-

173 4777 282 4844 tur,
310 4773 370 4828 id
403 4776 518 4841 ost,
543 4771 736 4842 aquila
764 4777 822 4827 et
850 4771 962 4840 leo,
985 4772 1207 4827 munda
1239 4778 1396 4828 sunt.
1427 4772 1582 4828 Nihil
1615 4774 1831 4847 quippe

175 4868 552 4925 immundum
575 4873 664 4925 est
684 4869 740 4924 in
760 4886 932 4925 curru
958 4870 1076 4925 Dei.
1105 4870 1171 4924 Et
1191 4871 1484 4942 quomodo
1510 4875 1574 4926 tu
1599 4872 1669 4928 de
1691 4889 1829 4945 gen-

174 4957 329 5014 tibus
377 4959 648 5028 credens,
683 4959 940 5014 mundus
989 4959 1229 5014 effectus
1279 4976 1340 5015 es
1375 4976 1388 5014 :
1419 4963 1491 5015 Et
1523 4961 1662 5032 quod
1694 4963 1832 5016 Deus

174 5048 483 5116 mandavit,
504 5055 564 5102 tu
579 5064 648 5102 ne
669 5062 956 5102 commune
971 5047 1199 5118 dixeris,
1214 5047 1430 5103 dicitur
1445 5050 1516 5104 de
1533 5050 1827 5123 omnibus,

177 5150 302 5205 qua:
320 5137 393 5192 de
411 5134 556 5191 coelo
579 5135 892 5207 pendentia
909 5139 1145 5192 ostensa
1162 5141 1300 5191 sunt
1319 5137 1486 5192 Petro
1514 5155 1526 5192 :
1553 5138 1635 5192 sic
1658 5155 1830 5202 mune

176 5224 346 5280 datus
379 5230 438 5280 et
471 5223 560 5280 leo
614 5230 672 5279 et
702 5224 1064 5295 aquila,quae
1115 5223 1173 5279 in
1206 5225 1517 5280 Cherubim
1543 5243 1829 5298 apparue-

174 5315 466 5372 runt.Nec
500 5330 616 5368 non
637 5317 728 5369 est
757 5313 940 5381 aliud,
960 5315 1116 5386 quod
1140 5314 1198 5368 in
1221 5313 1435 5369 Christi
1463 5315 1715 5370 adventu
1740 5318 1827 5371 fu-

170 5407 370 5458 turum
384 5403 762 5475 praedicatur:
797 5402 955 5458 novit
978 5402 1825 5470 mundumleoncm,mundam

170 5496 222 5545 et
248 5491 538 5564 aquilam,
563 5507 692 5562 qum
725 5496 1099 5563 nuncupatur
1123 5491 1644 5563 immundazLupus
1675 5496 1827 5548 enim

171 5587 220 5634 et
266 5583 409 5650 agni
443 5587 741 5652 pascentur
787 5581 952 5635 simul
985 5581 1140 5652 (lsai.
1172 5581 1272 5652 x1).
1307 5580 1506 5651 Lupus
1536 5581 1692 5636 enim
1723 5582 1824 5654 qui

174 5684 307 5728 cum
337 5686 445 5730 ove
473 5669 747 5736 innoxius
767 5669 1027 5747 pascitur
1057 5684 1174 5727 non
1196 5673 1288 5727 est
1316 5667 1472 5728 ultra
1501 5670 1824 5732 observan-

1943 4682 2166 4738 arboris
2188 4685 2494 4738 cacumina
2515 4683 2574 4737 in
2591 4683 2863 4739 Chanaan
2893 4682 3360 4756 transtulit,quia
3379 4685 3594 4756 ﬁgura-

1939 4770 2072 4827 liter
2093 4771 2541 4843 Babyloniorum
2564 4777 2718 4827 terra
2739 4771 3031 4829 maledicti
3055 4771 3331 4829 Chanaan
3355 4773 3592 4832 dicitur.

1940 4869 2020 4924 De
2052 4885 2168 4940 quo
2199 4869 2282 4924 ait
2311 4869 2427 4924 Noe
2467 4885 2480 4923 :
2510 4869 2823 4924 Maledictus
2846 4885 2986 4941 puer
3029 4869 3312 4934 Chanaan,
3344 4871 3594 4941 [amatus

1938 4962 2043 5012 erit
2071 4957 2337 5026 fratribus
2365 4959 2482 5012 suis
2508 4958 2664 5028 (Gen.
2691 4959 2788 5029 IX).
2817 4959 2879 5013 ln
2902 4957 3130 5014 civitate
3155 4975 3391 5030 quoque
3413 4975 3591 5032 nego-

1939 5047 2237 5109 tiatorum,
2266 5047 2385 5101 sive
2409 5046 2805 5118 negotiatrice,
2829 5047 2950 5102 sive
2979 5047 3592 5116 transferentium,aut

1939 5140 2093 5192 certe
2123 5139 2372 5201 murata,
2397 5136 2594 5206 posuit
2624 5135 2752 5201 hoc,
2780 5137 2933 5206 quod
2950 5136 3019 5190 de
3049 5137 3220 5192 cedro
3243 5136 3592 5207 abstulerat,

1938 5229 1996 5280 et
2024 5223 2235 5296 accipit
2265 5223 2376 5278 sibi
2406 5223 2478 5278 de
2508 5224 2734 5279 semine
2764 5228 2952 5290 terrm,
2975 5226 3103 5295 jam
3136 5242 3252 5281 non
3274 5225 3345 5281 de
3366 5225 3588 5281 altiori-

1941 5314 2047 5368 bus
2079 5311 2296 5378 solum,
2329 5312 2431 5366 sed
2478 5311 2653 5367 etiam
2685 5312 2755 5366 de
2805 5313 3153 5381 minoribus,
3183 5319 3240 5369 et
3267 5313 3338 5369 de
3369 5315 3586 5387 populo

1935 5401 2294 5470 Judazorum,
2325 5405 2382 5454 et
2409 5400 2569 5454 dedit
2600 5399 2742 5455 illud
2776 5400 2835 5455 in
2867 5417 3142 5473 campum
3177 5402 3582 5473 frondiferum,

1936 5507 2112 5562 super
2127 5505 2340 5561 aquam
2365 5489 2612 5544 multam
2637 5489 3066 5560 respiciendum
3089 5491 3394 5547 constituit
3415 5490 3582 5562 illud,

1935 5584 1991 5635 et
2021 5583 2284 5634 exortum
2317 5582 2425 5644 est,
2457 5583 2513 5633 et
2543 5579 2760 5633 factum
2783 5584 2874 5634 est
2906 5579 2963 5634 in
2995 5579 3172 5636 vitem
3204 5581 3457 5637 ﬁrmam.
3483 5581 3582 5637 In-

1936 5670 2208 5728 ﬁrmatus
2237 5672 2326 5728 est
2354 5683 2486 5728 vere
2514 5665 2769 5748 populus
2796 5668 2900 5732 Dei
2929 5669 2990 5729 in
3020 5669 3332 5750 Babylone,
3365 5675 3424 5731 et
3450 5670 3594 5744 ideo.
