3960 6172
433 343 550 406 771

1680 341 1744 402 S.
1792 341 2105 405 EUSEBII
2147 343 2591 408 HIERONYMI

3636 355 3727 420 712

434 490 620 545 neque
647 472 956 558 {canticum
985 469 1235 541 ξι)οωίῃὶ
1285 474 1521 527 cantare
1551 475 1794 543 poterat,
1828 472 2029 528 dicens
2063 491 2075 528 :
2109 478 2162 543 Α
2193 493 2345 541 mur,
2379 482 2435 532 et
2459 478 2602 534 forte
2627 479 2908 534 audenter
2925 475 3325 551 promittimur,
3342 483 3479 552 quod
3506 499 3599 538 non
3616 486 3726 542 vale-

431 561 704 629 Quomodo
729 560 1070 614 cantabimus
1099 561 1376 614 canticum
1404 560 1624 615 Domini
1669 560 1730 613 in
1761 567 1910 614 terra
1938 561 2076 615 alie-

425 667 500 705 na
527 649 700 718 (Psal.
729 647 992 720 cxxxvr)?
1030 648 1246 702 Revera
1273 664 1387 703 non
1420 651 1646 719 poterat
1693 647 1928 703 inﬁrma
1960 665 2074 703 non

426 753 574 806 esse,
607 753 735 808 quas
787 736 1052 808 plantata
1083 736 1269 791 fuerat
1298 738 1358 791 in
1408 735 1720 807 Babylone.
1755 738 1876 801 Quo
1909 740 2075 808 pacto

422 834 577 890 vires
598 834 875 906 pristinas
909 839 1249 901 reservaret,
1276 851 1400 905 quae
1432 833 1565 888 vitis
1596 833 1916 904 Babylonia
1946 849 2075 888 esse

425 922 711 993 cmpisset.
728 923 864 986 Qua:
887 922 1024 994 quia
1043 922 1103 976 in
1126 927 1328 977 sancta
1356 927 1510 977 terra
1538 923 1762 976 fructus
1785 939 1899 976 non
1926 922 2072 977 fece-

425 1016 533 1082 rat,
552 1013 680 1067 ideo
707 1011 990 1067 translata
1017 1013 1088 1066 ab
1120 1011 1336 1082 aquila,
1356 1016 1414 1066 et
1443 1010 1503 1064 in
1530 1016 1683 1064 terra
1713 1010 1904 1082 posita
1924 1010 2071 1066 Cha-

424 1116 598 1166 naan,
633 1100 784 1154 facta
813 1103 902 1154 est
945 1099 1002 1153 in
1033 1099 1210 1154 vitem
1247 1100 1564 1169 inﬁrmam,
1598 1103 1656 1152 et
1688 1099 1746 1152 in
1795 1097 2070 1170 pusillam

424 1193 671 1244 statura.
706 1189 993 1252 Quamdiu
1027 1188 1083 1242 in
1115 1192 1269 1243 terra
1297 1191 1500 1243 sancta
1530 1187 1660 1253 fuit,
1693 1186 1899 1258 ingens
1936 1185 2072 1242 vitis

423 1281 549 1332 erat
592 1277 827 1348 quando
855 1292 988 1331 vero
1039 1275 1324 1331 translata
1370 1280 1459 1330 est
1510 1275 1568 1330 in
1611 1276 1757 1329 ﬁnes
1805 1280 2070 1346 peccato-

424 1381 578 1435 rum,
611 1371 668 1420 et
710 1366 944 1419 inﬁrma
990 1368 1047 1420 et
1076 1381 1254 1435 parva
1281 1365 1487 1420 effecta
1533 1367 1641 1418 est.
1673 1364 1742 1418 Et
1770 1367 1833 1418 tu
1865 1364 2068 1435 igitur,

421 1451 577 1520 vitis,
608 1468 736 1522 quae
755 1468 848 1507 me
878 1452 1131 1516 audis.si
1163 1453 1251 1508 vis
1277 1469 1405 1508 esse
1426 1468 1659 1524 magna,
1678 1450 1794 1507 noli
1822 1452 1978 1507 exire
1998 1452 2070 1506 de

423 1539 686 1595 Ecclesiaa
737 1541 973 1608 ﬁnibus,
1005 1557 1282 1612 permane
1314 1541 1373 1596 in
1405 1545 1558 1596 terra
1605 1545 1805 1596 sancta
1832 1540 2068 1596 Jerusa-

418 1627 553 1684 lem.
587 1629 748 1691 Quod
790 1630 840 1684 si
890 1635 1126 1702 propter
1156 1635 1392 1702 peccata
1419 1629 1478 1684 in
1511 1630 1712 1701 pejora
1757 1631 2066 1697 corrueris,

419 1726 788 1782 transfereris
819 1727 876 1782 in
905 1726 1079 1783 aliam
1103 1731 1342 1795 terram,
1374 1732 1431 1782 et
1455 1727 1569 1782 eris
1600 1727 1658 1781 in
1688 1726 1863 1782 vitem
1885 1726 2066 1798 pusil-

2186 581 2318 620 mus
2359 565 2622 636 implere,
2653 567 2723 621 ad
2779 567 3007 622 minora
3035 569 3346 638 redeamus,
3376 573 3427 624 et
3471 574 3726 629 secundum

2186 669 2521 710 mensuram
2553 654 2882 711 intellectus
2919 656 3066 713 985
3103 657 3273 712 nostri
3305 657 3380 712 sic
3409 659 3575 729 potius
3599 676 3728 732 expo-

2184 758 2396 797 namus
2429 760 2441 797 :
2476 743 2646 797 Venit
2674 744 2743 797 ad
2791 743 2970 799 istum
3020 745 3310 812 Libanum,
3339 745 3439 800 hoc
3465 752 3558 815 est,
3585 749 3729 804 Eccle-

2182 829 2354 896 siam,
2378 831 2477 885 ubi
2511 831 2709 886 hostiae
2735 833 2854 898 Dei,
2887 833 2986 887 ubi
3019 833 3308 888 incensum
3336 835 3620 888 orationum
3639 838 3732 905 ejus

2181 917 2526 984 celebratur,
2557 920 2669 974 ista
2699 937 2911 991 magna
2941 926 2997 975 et
3027 938 3156 976 vera
3199 921 3398 992 aquila,
3418 922 3732 978 Nabuchodo-

2181 1023 2375 1077 nosor,
2390 1008 2447 1062 id
2480 1013 2569 1063 est
2589 1008 2878 1074 diabolus,
2894 1015 2950 1064 et
2981 1011 3190 1082 rapuit.
3207 1010 3362 1064 Absit
3382 1015 3554 1065 autem
3575 1028 3603 1065 a
3624 1016 3732 1066 tem-

2180 1095 2419 1166 poribus
2437 1096 2651 1152 nostris
2673 1115 2685 1151 :
2707 1102 2773 1151 ut
2793 1098 2862 1153 de
2884 1099 3133 1154 summis
3159 1099 3327 1164 cedri,
3350 1099 3402 1152 id
3423 1104 3518 1167 est,
3541 1100 3600 1153 de
3616 1098 3736 1170 prin-

2179 1183 2407 1256 cipibus
2436 1190 2492 1240 et
2519 1185 2587 1240 de
2619 1186 2776 1258 regio
2807 1186 3030 1242 semine
3076 1187 3132 1242 in
3165 1187 3424 1243 Chanaan
3468 1188 3734 1242 transferat.

2179 1272 2446 1338 Oremus,
2478 1291 2549 1329 ne
2580 1275 2680 1329 ﬁat
2729 1276 2882 1346 quod
2915 1293 3065 1348 saepe
3114 1277 3323 1332 factum
3371 1280 3469 1330 est.
3500 1276 3737 1346 Assumpti

2178 1361 2335 1416 enim
2367 1367 2507 1418 sunt
2539 1364 2801 1434 quidam,
2835 1369 2892 1419 et
2920 1365 2976 1419 in
3009 1364 3353 1437 Babylonem
3384 1363 3638 1429 translati,
3666 1363 3737 1433 qui

2175 1448 2236 1503 in
2267 1450 2522 1506 Ecclesia
2552 1451 2844 1524 principes
2878 1454 3132 1520 fuerunt,
3166 1457 3220 1508 et
3251 1455 3470 1524 propter
3497 1456 3738 1523 peccatum

2177 1553 2354 1592 suum
2374 1539 2447 1594 de
2471 1539 2670 1595 Libani
2696 1541 3036 1597 summitate
3059 1541 3472 1612 sublati.Super
3490 1541 3570 1594 his
3592 1539 3740 1594 dicen-

2175 1627 2319 1682 dum
2349 1634 2436 1682 est
2465 1630 2602 1698 quia
2635 1629 2832 1700 aquila
2865 1646 3078 1702 magna
3126 1646 3457 1702 magnorum
3488 1627 3740 1700 unguium,

2176 1712 2392 1783 plumis
2418 1719 2655 1771 extensa
2686 1717 2969 1787 acceperit
3015 1719 3086 1772 de
3116 1716 3503 1772 cacuminibus
3531 1715 3679 1781 cedri,
3703 1717 3743 1768 et

415 1813 551 1913 lam,
585 1821 643 1870 et
673 1815 944 1913 palmites
974 1817 1061 1871 tui
1091 1816 1461 1913 decidenttet
1487 1815 1718 1913 radices
1748 1819 1862 1913 tuae
1884 1814 2063 1870 sicca-
2098 1850 2143 1913 Β
2174 1802 2460 1913 ἀςταῗθτίὶ
2480 1819 2586 1913 30:8
2635 1805 2706 1913 de
2755 1804 2993 1913 Libano,
3025 1805 3082 1860 id
3125 1807 3332 1913 estJ'de
3373 1803 3746 1913 Jerusalem‘,“e‘t

417 1905 657 1972 buntur,
691 1905 984 1960 intantum
1017 1909 1081 1959 ut
1128 1910 1331 1975 postea
1378 1904 1672 1959 desideres
1703 1903 2064 1975 requiescere

414 2009 592 2065 super
612 1993 784 2049 aliam
809 1994 1090 2065 aquilam,
1117 1994 1273 2048 984
1298 1997 1364 2048 ut
1384 2009 1538 2047 nunc
1560 1992 1797 2059 dicitur,
1814 2009 2062 2064 magna-

413 2099 547 2138 rum
577 2083 802 2138 alarum
835 2088 892 2138 et
938 2082 1325 2154 plurimorum
1371 2081 1682 2153 unguium.
1717 2081 1942 2135 Bonum
1974 2085 2064 2136 est

414 2173 868 2227 condemnatum
885 2171 943 2226 in
959 2169 1462 2226 condemnationis
1475 2185 1814 2240 permanere
1829 2173 2060 2223 senten-

411 2261 514 2327 tia,
547 2261 828 2333 quamdiu
861 2261 910 2315 ei
945 2259 1084 2316 libet
1109 2259 1209 2332 qui
1243 2258 1562 2314 damnavit.
1595 2258 1721 2314 Non
1755 2273 2060 2312 curramus

410 2349 670 2407 volentes
695 2351 765 2406 ad
796 2350 1154 2406 Pharaonem
1179 2367 1191 2418 ;
1221 2349 1272 2405 si
1294 2349 1450 2404 enim
1475 2349 1544 2404 ad
1575 2365 1706 2404 eum
1741 2347 2057 2412 currimus,

411 2444 616 2496 contra
644 2445 823 2495 Deum
857 2439 1125 2505 facimus,
1157 2438 1258 2510 qui
1289 2437 1433 2494 dixit
1464 2454 1477 2492 :
1512 2439 1619 2508 Ego
1647 2455 1772 2493 sum
1795 2438 2058 2493 Domi-nus

410 2529 550 2585 Deus
593 2536 734 2596 tuus,
765 2531 864 2601 qui
913 2537 964 2583 te
993 2528 1162 2584 eduxi
1200 2528 1264 2583 de
1316 2533 1464 2583 terra
1511 2528 1760 2600 /Egypti,
1792 2527 1858 2581 de
1903 2527 2059 2583 domo

407 2620 685 2673 servitutis
736 2617 963 2689 (Deut.).
1011 2618 1093 2672 Ad
1145 2617 1684 2672 Nabuchodonosor
1733 2614 1889 2669 enim
1941 2632 2054 2670 non

408 2710 529 2761 tam
563 2710 768 2778 sponte
791 2722 1190 2778 properamus,
1215 2721 1392 2776 quam
1422 2704 1812 2769 condemnati,
1846 2708 1903 2757 et
1924 2719 2056 2774 per-

407 2794 578 2850 tracti
609 2796 679 2848 ad
712 2811 846 2850 eum
869 2793 1392 2864 sumus.Sequitur
1416 2810 1428 2847 :
1452 2791 1516 2846 Et
1543 2795 1749 2863 factum
1780 2802 1860 2846 est
1881 2792 2056 2846 altera

405 2883 596 2953 aquila
623 2897 825 2952 magna
865 2883 1082 2952 magnis
1128 2882 1262 2948 alis,
1293 2889 1347 2936 et
1392 2882 1618 2952 capiosis
1668 2882 1968 2950 unguibus,
2001 2884 2055 2934 et

406 2985 524 3025 ecce
562 2971 688 3024 vitis
727 2972 834 3024 ista
877 2970 1284 3041 amplexabitur
1311 2985 1454 3036 eam,
1487 2969 1543 3022 id
1593 2974 1701 3036 est,
1736 2969 2051 3023 secundam

408 3057 688 3129 aquilam.
721 3057 923 3112 Evenit
954 3075 1124 3129 saepe,
1158 3063 1224 3112 ut
1254 3059 1324 3113 ab
1352 3075 1470 3113 una
1501 3056 1790 3112 contraria
1822 3058 2050 3112 fortitu-

409 3147 544 3201 dine
573 3147 646 3200 ad
676 3145 850 3200 aliam
876 3145 1770 3202 transferamur.Jusseratenim
1803 3151 1972 3213 Deus,
1991 3149 2054 3199 ut

2175 1889 2519 1961 plantaverit
2559 1891 2618 1946 in
2674 1897 2827 1948 terra
2873 1893 3166 1949 Chanaan.
3200 1895 3323 1949 Non
3375 1892 3548 1948 solum
3593 1895 3741 1946 autem

2171 1978 2370 2050 aquila
2401 1980 2512 2034 ista
2543 1997 2780 2036 summa
2809 1981 2988 2049 cedri,
3010 1982 3068 2036 id
3099 1988 3207 2048 est,
3240 1983 3307 2037 de
3338 1981 3648 2052 optimatum
3669 1993 3742 2048 ge-

2170 2083 2325 2134 nere,
2359 2067 2468 2122 sibi
2499 2069 2777 2136 vindicat,
2809 2056 2964 2125 986
2997 2071 3096 2126 sed
3130 2075 3186 2127 et
3215 2076 3374 2126 terrae
3395 2085 3574 2125 semen
3610 2066 3742 2137 rapit,

2169 2159 2226 2210 et
2253 2156 2529 2211 transfert
2557 2157 2616 2212 in
2648 2162 2863 2212 terram
2895 2159 3171 2215 Chanaan
3205 2158 3430 2232 quando
3463 2157 3581 2228 quis
3598 2156 3654 2209 de
3671 2170 3744 2224 po-

2168 2244 2304 2316 pulo
2326 2249 2545 2315 peccat,
2575 2251 2632 2301 et
2651 2247 2721 2300 de
2744 2247 2839 2302 Dei
2866 2247 3031 2318 plebe
3075 2248 3290 2304 diaboli
3331 2245 3554 2318 laquaeis
3571 2258 3740 2316 praepe-

2166 2333 2344 2388 ditur.
2380 2335 2742 2406 Quapropter
2762 2335 2968 2391 diebus
2991 2340 3047 2391 et
3077 2336 3345 2392 noctibus
3367 2340 3477 2390 tam
3508 2349 3598 2406 pro
3615 2329 3744 2385 nobis

2166 2439 2343 2493 quam
2376 2439 2478 2495 pro
2511 2423 2787 2479 fratribus
2817 2425 3034 2480 nostris
3081 2425 3186 2481 Dei
3228 2423 3586 2496 imploremus
3627 2417 3746 2473 auxi-

2164 2509 2332 2578 lium,
2350 2527 2419 2566 ne
2443 2512 2576 2583 quis
2597 2513 2668 2568 de
2685 2512 3008 2568 Jerusalem
3029 2515 3411 2569 transferatur
3434 2513 3488 2566 in
3509 2510 3746 2568 Chanaan.

2165 2617 2237 2655 ne
2266 2601 2553 2656 sententia
2568 2602 2694 2671 ejus
2717 2602 2964 2670 deserta,
2980 2621 3013 2657 a
3035 2603 3332 2658 voluntate
3356 2600 3504 2655 illius
3529 2597 3591 2653 ad
3611 2595 3744 2651 aliam

2161 2690 2472 2746 tendamus
2495 2690 2847 2760 aquilam,et
2867 2692 3060 2746 veniat
3091 2709 3272 2764 super
3294 2707 3395 2746 nos
3423 2689 3504 2744 ira
3522 2686 3696 2756 major,
3710 2686 3752 2738 et

2164 2783 2459 2848 putrescat
2491 2779 2760 2834 universa
2783 2779 3158 2850 plantatio,et
3189 2782 3407 2834 fructus
3431 2776 3624 2849 pariter
3643 2787 3746 2827 cum

2161 2867 2455 2922 radicibus
2486 2873 2728 2923 arescat.
2764 2868 3047 2923 Plantatio
3081 2869 3300 2940 quippe
3337 2863 3635 2923 Jerusalem
3660 2875 3751 2914 non

2162 2959 2351 3026 potest
2381 2955 2438 3010 in
2470 2955 2752 3012 aliaterra
2784 2958 2932 3012 ferre
2963 2959 3214 3022 fructus,
3241 2972 3352 3012 non
3385 2954 3514 3010 facit
3533 2948 3752 3024 palmites

2161 3043 2218 3098 in
2254 3043 2470 3099 ﬁnibus
2501 3043 2706 3100 alienis
2733 3063 2746 3112 ;
2781 3045 2880 3100 sed
2905 3045 3102 3100 statim
3138 3063 3273 3101 cum
3307 3043 3466 3117 gleba
3494 3057 3588 3096 sua
3607 3037 3752 3093 sicca-

2162 3132 2342 3199 tur,si
2374 3149 2486 3187 non
2509 3134 2959 3204 perseveraverit
2981 3133 3037 3187 in
3070 3133 3372 3189 voluntate
3393 3131 3508 3199 Dei,
3537 3133 3586 3183 et
3604 3127 3653 3180 in
3673 3124 3750 3178 Ec-

407 3232 803 3289 Israelitarum
836 3233 1088 3304 populus
1137 3235 1246 3288 sub
1280 3234 1814 3291 Nabuchodonosor
1836 3234 2048 3305 jugum
2084 3213 2124 3278 C
2164 3220 2340 3275 clesia
2371 3222 2520 3290 ejus,
2553 3222 2609 3276 id
2642 3227 2750 3292 est,
2782 3226 2840 3278 et
2869 3222 3037 3277 factis
3060 3227 3117 3277 et
3141 3221 3503 3278 sermonibus
3522 3221 3573 3271 et
3598 3213 3748 3305 scien-

407 3319 558 3376 colla
585 3320 975 3389 submitteret,
1002 3328 1067 3376 ut
1093 3322 1346 3394 legimus
1371 3323 1426 3377 in
1457 3323 1725 3389 Jeremia,
1748 3323 2046 3376 intantum

409 3413 476 3464 ut
503 3407 961 3465 comminaretur
981 3409 1054 3476 ei,
1069 3411 1170 3480 qui
1194 3411 1264 3465 ab
1282 3410 1410 3480 ejus
1441 3411 1674 3466 servitio
1695 3409 2012 3466 declinaret
2037 3427 2050 3465 :

412 3504 471 3554 et
497 3515 564 3554 eo
596 3503 875 3570 tempore,
909 3515 1026 3569 quo
1054 3499 1371 3554 Jeremiam
1402 3499 1804 3571 exposuimus,
1837 3515 1906 3554 ea
1927 3516 2053 3571 quae

412 3587 583 3642 nobis
612 3587 799 3659 gratia
827 3587 948 3654 Dei,
981 3588 1286 3643 orantibus
1339 3589 1521 3656 vobis,
1557 3588 1766 3662 largita
1794 3594 1901 3657 est,
1935 3593 2057 3644 sive

411 3681 566 3732 certe
596 3681 916 3747 utcumque
947 3677 1243 3732 sensimus
1291 3694 1574 3750 exponere
1604 3678 1794 3733 conati
1825 3695 2053 3734 sumus.

409 3771 609 3829 Noluit
637 3777 833 3828 autem
856 3771 914 3828 id
946 3773 1314 3846 facere,quod
1343 3775 1899 3846 fueratimperatum
1921 3794 1934 3844 ;
1955 3777 2057 3832 sed

410 3861 684 3932 palmites
706 3878 845 3918 suos
865 3863 1123 3917 extendit
1141 3863 1209 3918 ad
1235 3863 1596 3921 Pharaonem
1620 3864 1678 3920 in
1700 3865 1869 3937 gleba
1889 3864 2056 3936 plan-

413 3951 656 4006 tationis
685 3951 834 4022 ejus,
867 3953 938 4006 ab
970 3968 1035 4007 eo
1074 3953 1392 4008 constituta
1421 3958 1509 4008 est
1541 3953 1599 4008 in
1645 3970 1850 4025 campo
1882 3969 2059 4024 super

415 4055 627 4110 aquam
658 4039 928 4109 multam,
961 4045 1026 4095 ut
1055 4041 1279 4095 fructus
1309 4041 1541 4098 afferret
1593 4043 1920 4098 uberrimos
1954 4059 1967 4096 :
2001 4047 2056 4097 et

415 4127 644 4184 deserta
670 4129 933 4201 Egypto,
968 4145 1204 4184 rursum
1235 4134 1540 4201 Egyptum
1571 4130 1923 4202 concupivit,
1945 4148 2059 4202 pu-

414 4221 547 4272 tans
575 4235 636 4273 se
660 4220 987 4274 ubertatem
1010 4218 1318 4289 pristinam
1344 4225 1787 4276 consecuturam
1823 4238 1836 4276 :
1871 4219 1979 4275 hoc
1999 4220 2058 4274 in

415 4305 625 4376 primis
637 4307 1084 4378 cogitans,quod
1103 4307 1782 4364 siNabuchodonosorad
1806 4309 2059 4364 Pharao-

417 4411 550 4451 nem
581 4395 1036 4466 transcenderet,
1069 4396 1292 4451 radices
1334 4398 1611 4466 ﬁrmaret,
1644 4397 1912 4453 evelleret
1943 4402 2060 4452 sta-

415 4487 632 4551 turam,
648 4485 871 4541 fructus
892 4486 1141 4541 afferret.
1167 4486 1276 4540 Sed
1301 4485 1360 4540 in
1383 4487 1738 4542 contrarium
1763 4503 1938 4558 quam
1963 4503 2062 4558 pu-

2162 3308 2245 3363 tia
2273 3309 2530 3365 veritatis
2561 3310 2772 3365 Christi
2801 3311 2962 3376 Jesu,
2987 3309 3078 3365 cui
3100 3317 3197 3368 est
3218 3311 3400 3383 gloria
3419 3311 3472 3363 et
3491 3303 3751 3376 imperium

2164 3395 2222 3450 in
2253 3396 2464 3452 secula
2493 3398 2860 3454 saeculorum.
2894 3405 3101 3453 Amen.

2590 3569 2891 3624 HOMILIA
2931 3569 3375 3626 DUODECIMA.

2169 3689 2244 3738 De
2273 3699 2338 3737 eo
2373 3684 2526 3755 quod
2559 3685 2842 3756 scriptum
2885 3689 2972 3739 est
3004 3703 3016 3740 :
3050 3688 3173 3741 Fili
3201 3685 3448 3759 hominiS,
3476 3680 3554 3759 di?
3589 3671 3759 3759 “£744;

2236 3742 2407 3896 gramm
2441 3742 2876 3898 exasperantem,
2919 3759 3142 3812 nescitis
3187 3758 3322 3830 quid
3363 3742 3454 3810 ista
3488 3742 3758 3817 signiﬁcent

2305 3844 2394 3899 ap.
2428 3845 2542 3882 xvu
2575 3869 2587 3882 .

2237 3971 2390 4026 985
2425 3971 2522 4034 Ea,
2557 3986 2684 4041 qua:
2719 3971 2848 4040 jam
2882 3987 3061 4043 supra
3114 3969 3437 4028 memoravi
3467 3967 3531 4021 de
3577 3958 3770 4016 duabus

2169 4060 2382 4131 aquilis
2413 4059 2663 4132 magnis,
2681 4064 2736 4114 et
2757 4076 3103 4132 magnarum
3129 4062 3452 4126 alarum,et
3472 4060 3772 4125 magnorum

2169 4147 2476 4218 unguium,
2495 4164 2599 4202 nec
2621 4164 2734 4202 non
2749 4164 2875 4220 quae
2908 4148 3095 4216 prima
3112 4154 3171 4205 et
3194 4148 3450 4206 secunda
3473 4139 3650 4214 aquila
3671 4150 3773 4207 8⁸⁸·

2170 4240 2390 4302 serunt,
2425 4253 2578 4290 nunc
2610 4236 2778 4307 quasi
2811 4236 2868 4290 in
2914 4236 3245 4308 prophetia,
3281 4235 3500 4293 scilicet
3550 4227 3776 4301 ﬁgurata.

2168 4323 2294 4379 vult
2322 4340 2389 4378 ex
2421 4329 2584 4395 parte
2615 4342 2804 4380 sermo
2835 4325 3068 4380 divinus
3099 4341 3410 4400 exponere,
3447 4320 3608 4377 nobis
3628 4315 3688 4370 ad
3707 4311 3778 4366 in-

2171 4412 2548 4485 telligendum
2571 4415 2907 4486 relinquens
2937 4431 3062 4486 quze
3086 4415 3214 4486 ipse
3241 4412 3470 4470 dimisit
3490 4404 3780 4465 intacta.Ac

2173 4503 2428 4575 primum
2463 4502 2739 4573 'quidem,
2772 4502 2906 4558 licet
2955 4519 3105 4574 saepe
3151 4503 3281 4574 jam
3326 4499 3588 4567 dixerim,
3618 4501 3780 4549 tamen

414 4574 558 4629 tavit
586 4575 784 4629 omnia
812 4575 1162 4630 reciderunt.
1194 4575 1442 4630 Fructus
1472 4576 1687 4647 quippe
1716 4578 1843 4646 ejus
1864 4575 2056 4631 omnis
2089 4583 2132 4646 1)
2163 4574 2337 4646 aiam
2369 4607 2522 4646 nunc
2569 4589 2787 4660 aliquid
2841 4608 2954 4646 ηοη
3008 4607 3227 4646 novum
3277 4590 3492 4645 inferre
3540 4579 3783 4640 conabor,

417 4663 794 4734 computruit,
821 4669 878 4719 et
897 4664 1337 4736 pullulationes,
1360 4682 1484 4736 qua:
1503 4665 1709 4720 saltem
1737 4665 1976 4721 modica)
2003 4666 2061 4720 in

417 4751 770 4824 Babylonem
818 4758 1117 4820 venerant,
1158 4755 1480 4810 mutatione
1528 4755 1782 4826 regionis
1829 4771 2064 4811 exarue-

417 4846 576 4908 runt,
609 4842 901 4898 intantum
931 4849 997 4898 ut
1025 4842 1303 4898 radicitus
1353 4843 1552 4899 evulsa
1583 4844 1681 4913 sit,
1716 4861 1788 4900 ne
1819 4844 1972 4901 ultra
2002 4847 2062 4901 in

417 4931 657 4986 brachio
675 4948 906 5003 magno,
921 4937 1023 4987 aut
1043 4933 1100 4986 in
1117 4933 1331 5006 populo
1344 4932 1598 5004 plurimo
1619 4935 2060 4992 convalesceret.

419 5029 566 5094 Quid
617 5029 675 5083 in
733 5047 795 5085 se
845 5030 966 5084 haec
995 5035 1176 5096 tanta,
1205 5029 1293 5084 vel
1345 5029 1485 5085 talia
1530 5032 1830 5088 continent
1877 5050 2065 5089 sacra-

418 5123 616 5174 menta
636 5118 663 5172 ‘?
683 5119 822 5189 quid
847 5119 1254 5191 unusquisque
1279 5135 1472 5174 sermo
1495 5120 1787 5192 signiﬁcat
1803 5122 1832 5176 ?
1855 5123 2064 5178 Possu-

418 5225 574 5277 mus,
597 5209 645 5264 si
675 5213 871 5265 tamen
895 5209 1216 5264 habeamus
1233 5209 1544 5274 auditores,
1560 5211 1630 5265 ad
1654 5211 1826 5266 aliam
1853 5229 2061 5284 quam-

419 5300 555 5354 dam
600 5297 924 5354 Jerusalem
983 5299 1388 5369 conscendere,
1433 5303 1490 5353 et
1536 5299 1614 5353 ibi
1665 5302 2063 5356 demonstrare

420 5389 713 5459 quomodo
745 5386 941 5460 aquila
963 5404 1176 5459 magna
1205 5389 1444 5444 ductum
1476 5405 1650 5443 suum
1686 5391 1905 5458 fecerit,
1927 5396 1984 5445 et
2006 5391 2061 5444 in

420 5476 594 5542 hanc,
617 5494 792 5548 quam
817 5493 972 5531 nunc
996 5494 1102 5532 nos
1125 5478 1874 5552 possidemus,Babylonem
1900 5497 2064 5534 sum-

421 5564 654 5622 mitates
667 5565 716 5637 ej
729 5583 795 5621 us
815 5565 1438 5624 detulerit.Possumus
1464 5568 1776 5624 secretiora
1796 5568 2062 5642 quaedam

422 5652 494 5712 de
522 5653 822 5712 Pharaone
852 5655 1012 5728 loqui
1047 5673 1060 5714 :
1093 5673 1318 5728 verum,
1351 5657 1487 5732 quia
1517 5662 1778 5734 tempore
1808 5662 2062 5718 coarcta-

2171 4681 2326 4753 quod
2350 4684 2557 4735 nostra:
2581 4680 2786 4734 animae
2813 4681 3032 4735 tribuat
3058 4679 3336 4750 salutem,
3362 4679 3420 4732 in
3446 4693 3530 4742 eo,
3555 4669 3694 4745 quod
3714 4664 3783 4719 di-

2172 4774 2330 4826 ctum
2352 4774 2440 4824 est
2460 4769 2529 4824 ad
2547 4768 2889 4840 prophetam
2910 4785 2923 4823 :
2943 4769 3119 4824 Dicad
3149 4769 3376 4824 domum
3405 4764 3786 4820 amaricantem.

2173 4859 2292 4914 sive
2321 4859 2757 4912 exacerbaniem.
2790 4858 2914 4913 Non
2954 4857 3106 4912 enim
3159 4857 3393 4912 addidit
3421 4857 3653 4910 domum
3682 4859 3788 4901 exa-

2173 4946 2526 5013 cerbantem,
2553 4946 2672 5001 sive
2693 4950 3130 5017 exasperantem
3162 4947 3356 5000 me.Et
3377 4944 3426 4998 si
3447 4941 3703 4997 volumus
3725 4930 3788 4984 vi‘

2174 5036 2308 5091 dere
2341 5035 2669 5106 cujusmodi
2690 5036 2764 5090 sit
2787 5040 3090 5107 peccatum
3111 5033 3502 5105 exasperatio,
3518 5028 3792 5085 audiamus

2175 5141 2353 5195 quam
2389 5123 2581 5179 dulcia
2609 5124 2682 5189 ei,
2716 5125 2814 5194 qui
2851 5123 3141 5195 intelligit,
3165 5122 3408 5193 eloquia
3437 5119 3535 5175 Dei
3563 5118 3706 5177 sunt,
3725 5107 3792 5162 di°

2177 5213 2329 5268 centi
2379 5229 2391 5267 :
2441 5214 2614 5281 Quam
2661 5213 2845 5268 dulcia
2891 5216 3127 5283 gutturi,
3159 5228 3277 5267 meo
3329 5208 3549 5280 eloquia
3593 5210 3680 5259 tua
3719 5197 3794 5267 (Ῐεο

2175 5303 2394 5373 cxvm).
2429 5307 2556 5357 Haec
2589 5301 2936 5357 naturaliter
2983 5301 3177 5356 dulcia
3207 5316 3347 5354 cum
3401 5285 3798 5364 assumpserint

2173 5393 2492 5460 credentes,
2516 5395 2617 5446 aut
2639 5392 2743 5462 [ΑΙ.
2771 5392 2855 5462 ut]
2888 5392 3031 5447 bene
3069 5391 3291 5458 vivunt,
3319 5391 3424 5443 aut
3444 5401 3574 5442 vere
3597 5381 3797 5437 contra-

2175 5481 2325 5536 rium
2348 5480 2656 5534 faciunt.Et
2676 5479 2961 5552 siquidem
2978 5481 3148 5551 juxta
3165 5477 3428 5532 divinam
3455 5471 3703 5545 regulam
3725 5465 3797 5517 in-

2173 5570 2537 5643 grediuntur,
2564 5575 2860 5626 reservant
2888 5568 3116 5641 eloquia
3141 5566 3233 5621 Dei
3260 5565 3321 5618 in
3365 5581 3434 5620 eo
3457 5560 3685 5618 dulcore
3703 5565 3802 5653 quo

2173 5665 2312 5719 nata
2325 5664 2485 5719 sunt.
2516 5660 2688 5719 Juxta
2704 5659 2817 5717 mei
2835 5663 3030 5716 autem
3053 5653 3236 5715 animi
3255 5658 3493 5713 motum
3513 5652 3671 5726 puto,
3686 5652 3807 5717 quia
