3994 6188
289 189 398 250 781

689 165 1183 253 TR‘ANSLATIO
1226 191 1734 257 HOMILIARUM
1778 191 2142 257 ORIGENIS
2187 193 2266 256 IN
2311 147 2839 262 EZEGHIELEM.
2886 199 3080 264 HOM.
3127 198 3294 262 XIII.

3580 200 3704 262 782

285 338 420 377 nem
444 337 622 393 quam
649 322 973 395 petebatur,
1005 340 1194 396 neque
1216 325 1362 398 ipse,
1395 343 1584 399 neque
1614 327 1939 400 discipulus
1967 332 2023 398 Α
2052 329 2134 384 ita
2179 333 2269 385 est
2317 333 2624 387 extraneus
2677 332 2750 388 ab
2801 332 2961 388 omni
3009 332 3288 401 fceditate,
3338 336 3404 389 ut
3432 334 3620 406 possit
3645 335 3704 392 ei

281 428 452 478 suus,
485 413 654 467 docet
673 411 771 467 ubi
792 412 978 469 valeat
1009 414 1246 485 reperiri
1271 415 1464 488 imago
1487 433 1613 488 quas
1635 418 1937 489 quaeritur.

289 500 446 568 Vade,
478 500 692 572 inquit,
725 501 796 556 ad
824 518 996 573 mare,
1028 510 1083 559 et
1108 505 1270 558 mitte
1296 505 1542 574 hamum,
1575 515 1625 562 et
1655 522 1781 562 eum
1821 509 1938 580 pis-

277 605 414 657 cem,
446 591 549 660 qui
591 591 748 660 prius
773 592 1095 661 ascenderit,
1158 594 1310 659 tolle,
1357 603 1410 650 et
1451 597 1663 666 aperies
1695 612 1750 651 os
1778 597 1898 667 ejus
1920 614 1939 652 :

276 695 332 743 et
370 703 498 742 cum
547 689 822 743 inveneris
850 697 1121 760 staterem,
1183 691 1310 747 tolle
1361 691 1546 758 illum,
1578 697 1629 748 et
1655 692 1810 749 dabis
1834 711 1938 765 pro

279 793 365 834 me
393 781 446 832 et
474 779 527 833 te
560 777 768 846 (Matth.
793 778 954 849 x‘vu).
987 778 1187 851 Neque
1219 796 1324 852 ego
1350 780 1536 837 habeo
1558 781 1936 856 hancimagi-

278 881 436 932 nem,
470 870 526 922 et
547 866 1136 939 superscriptionem,
1170 885 1359 942 neque
1380 874 1464 940 tu,
1498 870 1546 926 si
1579 875 1777 926 tamen
1806 886 1938 927 vere

275 953 608 1027 discipulus
635 970 805 1011 meus
837 956 979 1025 es,si
1008 960 1186 1029 portae
1215 957 1535 1014 inferorum
1567 976 1683 1014 non
1716 977 1936 1031 praeva-

275 1043 399 1100 lent
418 1044 735 1100 adversum
759 1049 835 1100 te.
869 1049 1015 1118 Ergo
1044 1045 1216 1102 Jesus
1247 1046 1416 1102 aliter
1445 1048 1544 1103 dat
1565 1065 1668 1120 pro
1695 1064 1758 1104 se
1789 1049 1936 1105 ima-

278 1133 478 1204 ginem
527 1134 676 1188 997
712 1134 785 1190 de
816 1124 964 1190 mari
994 1133 1158 1191 illam
1179 1136 1495 1208 accipiens,
1529 1153 1655 1208 quis
1687 1138 1746 1193 in
1778 1138 1936 1210 pisce

275 1221 467 1276 fuerat
495 1220 966 1290 inclusa,similis
996 1223 1089 1279 his
1116 1223 1476 1297 piscibus,de
1507 1226 1722 1298 quibus
1761 1225 1935 1283 hodie

272 1309 493 1366 lectum
514 1313 622 1379 est,
656 1312 756 1382 qui
808 1311 1108 1367 adhzerent
1139 1313 1196 1368 in
1221 1314 1485 1385 squamis
1506 1315 1798 1381 draconis,
1831 1316 1933 1387 qui

271 1400 438 1455 sedet
460 1414 640 1472 super
660 1400 906 1455 ﬂumina
933 1401 1331 1474 zEgyptiNere
1355 1403 1574 1476 quippe
1597 1404 1933 1460 istiusmodi

272 1487 465 1560 pisces
495 1488 577 1545 ibi
628 1488 946 1546 adhaerent.
997 1490 1212 1557 Quanti
1262 1496 1319 1548 et
1355 1492 1527 1548 hodie
1556 1492 1746 1565 pisces
1795 1497 1935 1549 sunt

273 1594 528 1651 quorum
560 1595 659 1634 rex
687 1583 777 1635 est
804 1578 915 1634 iste
963 1580 1062 1652 qui
1112 1580 1172 1635 in
1231 1580 1401 1652 aquis
1451 1581 1653 1638 multis
1685 1583 1934 1654 regnat?

2049 417 2162 473 dici
2191 435 2202 474 :
2238 418 2578 493 Concupivit
2606 438 2706 477 rex
2726 423 2996 478 decorem
3025 426 3197 478 tuum
3219 423 3247 477 ‘I
3269 424 3337 478 Et
3364 427 3428 479 tu
3459 423 3698 496 quidem

2050 507 2240 562 adhuc
2273 509 2450 564 istum
2490 509 2704 582 quaeris
2732 511 3086 576 decorem,et
3114 511 3320 568 niteris
3361 513 3432 567 ad
3461 512 3702 596 placen-

2048 596 2190 651 dum
2217 613 2228 652 :
2252 596 2365 653 iste
2389 614 2523 654 vero
2546 615 2580 654 a
2610 600 2836 668 decore,
2862 616 3034 673 quem
3059 599 3351 670 habuit,in
3374 601 3701 673 turpitudi-

2049 701 2181 741 nem
2206 686 2553 744 concidit.Et
2573 689 2864 760 quomodo
2887 689 2946 744 in
2970 689 3311 761 corporibus
3359 705 3512 762 sape
3541 691 3703 748 vide-

2047 790 2181 829 mus
2211 775 2490 846 accidere,
2525 781 2591 831 ut
2619 776 2833 833 mulier
2856 778 3138 854 speciosa,
3171 782 3230 834 et
3261 777 3509 851 pulchra
3556 778 3702 836 facie

2047 863 2118 918 ab
2151 864 2525 936 aegrotatione
2555 865 2822 922 decorem
2854 883 3027 922 suum
3048 868 3272 940 perdat,
3304 871 3361 924 et
3377 883 3480 940 per
3498 883 3700 926 senec-

2045 955 2229 1008 tutem
2262 952 2635 1025 splendorem
2665 953 2863 1012 vultus
2921 955 3170 1023 amittat,
3203 957 3410 1013 eodem
3441 958 3614 1014 modo
3645 963 3704 1016 et

2046 1041 2262 1112 anima,
2292 1059 2419 1114 quas
2451 1043 2700 1115 pulchra
2728 1049 2873 1112 erat,
2907 1062 3012 1118 per
3040 1044 3450 1102 infirmitatem
3482 1046 3701 1104 amittit

2045 1131 2396 1200 decorem,et
2424 1148 2528 1203 per
2557 1136 2915 1189 senectutem
2946 1133 3227 1190 deformis
3251 1135 3522 1192 efﬁcitur.
3555 1139 3699 1203 Cum

2043 1219 2198 1276 enim
2217 1221 2802 1293 susceperitveterem
2820 1222 3122 1278 hominem
3147 1240 3280 1278 cum
3305 1223 3535 1281 actibus
3550 1224 3699 1294 suis,

2044 1321 2340 1374 senectute
2395 1319 2524 1389 ejus
2580 1319 2896 1392 pristinum
2955 1321 3146 1393 perdit
3203 1322 3495 1379 decorem.
3529 1324 3704 1380 Venit

2040 1405 2072 1462 J
2079 1423 2215 1463 esus
2241 1411 2306 1462 ut
2336 1407 2649 1464 transferat
2679 1425 2785 1464 nos
2818 1426 2852 1464 a
2878 1414 3070 1466 vetere
3116 1408 3379 1479 homine,
3412 1413 3470 1467 et
3501 1427 3702 1468 senec-

2041 1496 2186 1551 tutis
2215 1496 2574 1568 insignibus:
2609 1513 2756 1570 ruga
2785 1498 3022 1570 quippe,
3067 1499 3384 1555 senectutis
3414 1498 3700 1556 indicium

2041 1589 2165 1640 est:
2191 1590 2255 1640 ut
2275 1585 2358 1642 ait
2385 1585 2699 1658 Apostolus
2724 1604 2736 1642 :
2766 1588 2830 1644 Ut
2859 1588 3114 1643 exhibeat
3143 1587 3250 1644 sibi
3277 1589 3577 1657 gloriosam
3597 1589 3701 1645 Ec-

270 1675 570 1748 Scriptum
593 1677 917 1749 estquippe
948 1677 1020 1732 de
1043 1677 1322 1733 invisibili
1343 1679 1616 1746 dracone,
1648 1679 1788 1751 quia
1807 1679 1933 1752 ipse
1961 1707 2010 1772 B
2038 1674 2262 1772 Clesiam
2293 1690 2404 1772 non
2433 1675 2721 1772 habentem
2748 1677 3042 1772 maculam,
3075 1681 3173 1733 aut
3222 1693 3441 1772 rugam,
3472 1684 3569 1734 aut
3589 1678 3700 1772 ali-

276 1781 382 1820 rex
401 1765 479 1820 sit
505 1765 768 1820 omnium
792 1765 893 1837 qui
921 1770 1060 1822 sunt
1089 1766 1147 1821 in
1171 1767 1372 1839 aquis;
1402 1784 1604 1824 verum
1631 1773 1694 1824 tu
1726 1785 1841 1824 non
1872 1785 1934 1826 es
1962 1764 2006 1772 ”
2046 1764 2176 1834 quid
2213 1764 2543 1832 ίδίίαπςνηοιίί»
2590 1781 2798 1833 verum.
2829 1770 2891 1821 αι
2935 1767 3008 1820 δίε
3053 1770 3241 1821 Sancta
3266 1774 3319 1823 εἰ
3347 1766 3704 1823 immaculata

277 1855 338 1908 in
363 1854 658 1925 aquis,sed
688 1853 747 1908 in
780 1870 848 1910 ea
879 1859 1054 1922 terra,
1086 1871 1212 1926 quas
1245 1857 1350 1912 tibi
1384 1857 1832 1928 repromittitur.
1865 1858 1937 1914 Et

269 1942 398 1999 haec
419 1942 574 1998 dicta
595 1947 829 2011 sunt,ut
845 1943 1187 2016 diligentius
1215 1945 1658 2013 ventilaremus,
1677 1947 1831 2018 quod
1855 1947 1934 2003 sit

270 2031 649 2104 signaculum
681 2031 1112 2089 similitudinis.
1147 2035 1331 2100 Quam
1363 2035 1572 2091 beatus
1604 2035 1715 2091 fuit
1745 2035 1800 2092 in
1835 2035 1932 2093 illo

269 2125 535 2192 tempore
565 2137 680 2192 quo
738 2120 1110 2194 signaculum
1173 2122 1578 2179 similitudinis
1624 2129 1766 2180 erat.
1801 2124 1932 2180 Tibi

270 2210 468 2266 adhuc
490 2210 653 2266 deest
677 2215 741 2266 ut
764 2209 1089 2268 similitudo
1113 2211 1401 2283 signaculi
1427 2212 1617 2278 ﬁas,et
1637 2213 1838 2285 procul
1870 2230 1932 2270 es

273 2299 346 2355 ab
377 2297 674 2370 ejusmodi
697 2315 956 2355 munere.
991 2299 1147 2355 Dixit
1168 2300 1405 2372 quidem
1429 2306 1614 2357 Deus:
1647 2304 1934 2358 Faciamus

271 2389 550 2444 hominem
560 2387 631 2442 ad
643 2389 943 2458 imaginem
955 2390 1437 2446 etsimilitudinem
1451 2395 1716 2464 nostram(
1725 2392 1856 2447 Gen.
1866 2392 1928 2463 1):

271 2482 534 2532 attamen
555 2478 809 2533 necdum
827 2483 1178 2535 consecutus
1198 2495 1260 2535 es
1278 2479 1750 2536 similitudinem.
1774 2481 1932 2536 Fecit

272 2567 495 2638 quippe
519 2566 674 2622 Deus
704 2566 1103 2634 hominem,ad
1137 2569 1456 2640 imaginem
1488 2569 1586 2625 Dei
1620 2569 1792 2625 fecit:
1826 2570 1927 2624 ubi

269 2654 371 2709 Dei
395 2658 490 2710 est
510 2653 994 2710 similitudo.Cum
1015 2657 1356 2726 apparuerit,
1378 2657 1591 2711 similes
1621 2657 1674 2712 ei
1700 2657 1926 2722 erimus,

269 2753 534 2822 quoniam
564 2742 867 2807 videbimus
926 2767 1050 2807 eum
1098 2754 1265 2808 sicuti
1290 2757 1371 2808 est
1399 2753 1444 2823 (Ι
1472 2755 1630 2810 Joan.
1666 2755 1773 2826 ιιι).
1807 2755 1924 2826 Ego

268 2841 352 2894 sic
373 2839 598 2911 accipio
619 2845 676 2894 et
695 2839 802 2895 hoc
824 2841 977 2913 quod
1000 2841 1214 2896 dicitur
1234 2859 1268 2897 a
1289 2843 1591 2915 propheta,
1607 2843 1769 2910 Deus,
1801 2845 1926 2915 quis

263 2929 474 2983 similis
505 2930 609 2983 tibi
637 2930 1036 3000 (Psal.xxx1v)?
1059 2931 1228 3002 quasi
1248 2930 1396 2986 illud
1424 2948 1437 2985 :
1466 2933 1598 3001 Quis
1625 2941 1808 3004 putas,
1856 2933 1924 3003 ﬁ-

264 3017 402 3072 delis
427 3025 479 3073 et
506 3019 726 3088 sapiens
755 3017 1133 3090 dispensator?
1163 3020 1315 3075 sicut
1343 3025 1400 3075 et
1429 3021 1536 3077 hoc
1563 3037 1576 3076 :
1613 3021 1747 3076 Cum
1774 3023 1924 3077 enim

263 3105 616 3175 apparuerit,
646 3075 854 3160 simile;
883 3107 938 3162 ei
964 3106 1335 3170 erimus.Quis
1355 3111 1467 3174 est,
1498 3109 1595 3180 qui
1629 3109 1922 3165 assimile-
1951 3075 1994 3142 Ο

263 3197 362 3247 tur
382 3192 486 3248 ei?
506 3193 681 3249 Pauci
703 3193 1023 3251 admodum
1045 3197 1312 3267 sunt,qui
1339 3201 1683 3268 receperunt
1712 3198 1920 3254 simili-

266 3282 538 3338 tudinem
563 3286 628 3338 ut
643 3282 1206 3354 apostoli.Faciamus
1227 3285 1506 3342 hominem
1525 3286 1595 3342 ad
1623 3289 1924 3357 imaginem

263 3376 314 3426 et
341 3370 775 3426 similitudinem
802 3375 1066 3428 nostram.
1100 3373 1214 3430 Iste
1244 3389 1400 3447 ergo,
1435 3374 1536 3447 qui
1567 3393 1723 3431 nunc
1753 3376 1917 3448 plan-

261 3459 824 3533 gitur,signaculum
845 3466 989 3528 erat,
1021 3466 1078 3517 et
1089 3462 1298 3534 plenus
1329 3464 1633 3536 sapientia,
1665 3482 1839 3537 quem
1863 3472 1922 3522 et

263 3555 327 3604 tu
355 3549 627 3622 plangas,
650 3549 698 3605 si
722 3550 910 3606 factus
930 3551 1109 3607 fueris
1140 3551 1630 3610 Ezechiel.Nescio
1652 3559 1846 3611 autem
1870 3555 1919 3611 si

265 3643 322 3694 et
353 3643 418 3694 tu
441 3638 730 3710 sapientia
750 3639 960 3710 plenus
982 3640 1162 3696 fueris
1187 3658 1199 3696 :
1234 3641 1467 3698 interim
1493 3643 1729 3715 iste,qui
1754 3644 1920 3716 plan-

264 3729 449 3800 gitur,
485 3726 695 3800 plenus
717 3731 841 3784 erat
861 3729 1168 3800 sapientia,
1202 3734 1259 3785 et
1278 3735 1402 3786 erat
1429 3731 1654 3787 decoris
1686 3749 1920 3789 corona.

265 3816 588 3874 Considera
606 3817 798 3888 qualis
829 3817 1130 3890 fuerit,qui
1155 3820 1264 3874 fuit
1289 3836 1502 3876 corona
1527 3821 1772 3877 decoris.
1797 3822 1923 3878 Non

267 3905 621 3976 simpliciter
641 3907 832 3978 decor,
867 3923 972 3962 nec
992 3907 1179 3980 gloria
1198 3912 1322 3963 erat
1351 3907 1411 3962 in
1454 3925 1542 3976 eo,
1577 3910 1678 3965 sed
1711 3925 1926 3966 corona

272 3992 663 4066 gloriaeJiunc
689 3999 890 4050 autem
910 3995 1177 4051 decorem
1206 3996 1322 4052 noli
1353 4000 1515 4052 extra
1559 4001 1616 4052 te
1647 4013 1924 4070 quaerere,

269 4092 380 4148 sed
415 4091 566 4148 circa
592 4094 801 4148 animis
832 4092 1198 4166 religionem,
1222 4093 1650 4166 cogitatorium,
1680 4095 1780 4151 ubi
1811 4095 1923 4167 [Αἰ.

268 4181 355 4236 ibi
378 4180 463 4236 ait
482 4181 940 4252 meditatorium]
969 4182 1065 4238 ubi
1090 4182 1478 4239 intellectuale
1508 4184 1797 4251 consistit,
1825 4185 1927 4241 ubi

267 4285 413 4326 vera
443 4274 536 4326 est
563 4269 954 4342 pulchritudo.
990 4272 1152 4335 Quod
1200 4273 1247 4328 si
1280 4271 1533 4328 volueris
1563 4272 1644 4332 ibi
1675 4289 1930 4346 quaerere

267 4358 566 4426 decorem,
598 4359 700 4414 ubi
731 4375 862 4415 caro
887 4365 978 4416 est
1005 4365 1062 4416 et
1100 4360 1362 4432 sanguis,
1422 4361 1635 4418 humor
1663 4366 1716 4418 et
1749 4379 1928 4431 venas,

2043 1853 2260 1924 (Ephes.
2283 1853 2358 1924 v).
2394 1853 2548 1909 Licet
2566 1852 2748 1925 igitur
2767 1870 2802 1910 a
2823 1857 3120 1910 senectute
3145 1858 3202 1910 et
3225 1871 3372 1927 ruga
3395 1854 3468 1910 ad
3485 1856 3700 1927 juven-

2040 1945 2226 1997 tutem
2256 1942 2702 1998 transcendere:
2763 1947 2819 1998 et
2873 1943 2984 1998 hoc
3012 1946 3100 1998 est
3155 1943 3214 1998 in
3248 1942 3356 1999 hac
3389 1948 3553 2016 parte
3586 1943 3698 2001 mi-

2042 2029 2244 2092 rabile.
2279 2032 2434 2102 quod
2494 2047 2705 2102 corpus
2735 2031 2808 2087 ab
2856 2030 3248 2087 adolescentia
3275 2032 3466 2104 pergit
3496 2033 3566 2089 ad
3601 2048 3703 2089 se-

2042 2118 2204 2174 nium
2234 2138 2246 2174 :
2281 2119 2478 2176 anima
2506 2137 2660 2190 vero,
2693 2120 2742 2176 si
2775 2119 2998 2176 venerit
3036 2121 3104 2176 ad
3138 2121 3481 2194 perfectum,
3533 2139 3568 2178 a
3606 2138 3704 2179 se-

2040 2212 2209 2264 necta
2230 2209 2287 2264 in
2308 2208 2761 2265 adolescentiam
2779 2210 3451 2266 transmittitur.ldcirco
3465 2211 3706 2268 etiamsi

2039 2297 2286 2353 exterior
2316 2297 2489 2353 homo
2512 2301 2710 2354 noster
2733 2298 3150 2370 corrumpitur,
3203 2299 3302 2354 sed
3335 2298 3578 2356 interior
3610 2316 3705 2356 re-

2040 2391 2286 2441 novatur
2314 2387 2388 2441 de
2417 2387 2508 2442 die
2538 2386 2596 2442 in
2629 2386 3083 2460 diem.0portuit
3110 2391 3168 2442 te
3197 2403 3372 2442 nosse
3401 2387 3693 2457 decorem,

2038 2501 2212 2556 quem
2245 2501 2343 2540 rex
2372 2484 2768 2556 concupiscit;
2821 2485 3078 2557 oportuit
3127 2487 3185 2540 te
3213 2484 3364 2540 scire
3391 2500 3548 2550 eum,
3580 2484 3685 2556 qui

2037 2572 2352 2644 aliquando
2375 2572 2484 2627 fuit
2503 2573 2730 2628 decoris
2759 2589 3004 2628 corona:
3028 2575 3086 2627 et
3105 2575 3168 2627 tu
3194 2588 3329 2628 cum
3361 2571 3541 2628 fueris
3559 2588 3699 2628 con-

2035 2666 2272 2716 secutus
2292 2661 2445 2717 hanc
2465 2661 2732 2733 gloriam,
2753 2678 2888 2716 cave
2920 2677 2991 2716 ne
3020 2677 3279 2717 corruas.
3309 2660 3609 2733 Siquidem
3641 2664 3700 2717 et

2036 2752 2144 2806 iste
2157 2750 2255 2822 qui
2272 2749 2888 2823 corruit,signaculum
2901 2753 3025 2806 erat
3037 2749 3690 2822 similitudinis,plenus

2036 2838 2340 2910 sapientia,
2371 2843 2429 2894 et
2453 2838 2677 2894 decoris
2701 2855 2934 2894 corona.
2969 2840 3032 2893 In
3078 2838 3289 2894 deliciis
3305 2838 3558 2910 paradisi
3588 2839 3688 2894 Dei

2033 2929 2122 2983 lui
2141 2929 2464 3000 inquinatus
2485 2928 2689 2983 es.Non
2716 2927 2798 2982 ait
2819 2926 3167 2999 simpliciter
3186 2926 3244 2982 in
3273 2927 3567 2998 paradiso,
3593 2927 3698 2984 sed

2033 3017 2092 3071 in
2116 3017 2387 3089 paradiso
2410 3015 2774 3072 deliciarum.
2807 3019 3010 3080 Quaero
3055 3019 3254 3071 utrum
3283 3015 3404 3072 sint
3426 3016 3696 3087 quaedam

2033 3105 2291 3177 paradisi
2321 3105 2681 3173 differentias,
2713 3109 2771 3160 et
2819 3121 2954 3160 cum
3012 3104 3146 3176 quis
3192 3104 3251 3159 in
3285 3105 3556 3177 paradiso
3584 3103 3689 3160 Dei

2032 3195 2225 3262 fuerit,
2249 3199 2443 3250 tamen
2476 3211 2592 3250 non
2626 3193 2704 3250 sit
2732 3194 2792 3249 in
2825 3194 3097 3266 paradiso
3128 3193 3502 3250 deliciarum:
3532 3193 3686 3249 sicut

2031 3283 2178 3339 latro
2200 3283 2295 3338 ille
2316 3283 2507 3355 prima
2535 3282 2678 3338 hora
2725 3299 2860 3338 cum
2889 3283 3030 3339 Jesu
3059 3283 3362 3355 ingressus
3392 3286 3483 3339 est
3510 3298 3686 3356 para-

2033 3373 2228 3428 disum
2258 3390 2270 3427 :
2305 3373 2354 3427 si
2384 3389 2419 3427 a
2447 3376 2503 3427 te
2533 3387 2732 3444 rogem
2763 3372 3098 3444 putasne,in
3129 3372 3470 3444 paradisum
3502 3372 3687 3427 intro-

2035 3478 2273 3535 gressus
2290 3466 2397 3527 est,
2433 3478 2505 3516 an
2528 3478 2644 3516 non
2665 3461 2692 3515 ‘I
2710 3477 2827 3516 non
2849 3460 3095 3516 dubium
3119 3459 3260 3531 quin
3283 3476 3416 3516 eum
3440 3475 3687 3530 respon-

2036 3552 2173 3606 deas
2193 3550 2636 3621 introgressum.
2669 3548 2888 3604 Deinde
2918 3548 2967 3604 si
2998 3565 3235 3604 rursum
3258 3552 3371 3603 ate
3403 3562 3684 3620 quaeram,

2036 3647 2178 3719 quid
2208 3663 2344 3718 ergo
2376 3647 2770 3718 introgressus
2827 3646 3188 3717 paradisum,
3237 3645 3514 3700 statimne
3543 3641 3688 3700 deli-

2035 3736 2257 3793 ciarum
2290 3735 2414 3791 loco
2443 3739 2717 3806 exceptus
2738 3739 2826 3790 est
2845 3733 3039 3789 ‘Idicas
3070 3733 3316 3790 forsitan
3339 3733 3478 3805 quia
3498 3731 3690 3804 prima

2034 3825 2177 3881 hora
2208 3824 2511 3896 ingressus
2568 3823 2647 3877 sit
2697 3822 3062 3893 paradisum,
3117 3823 3176 3876 in
3231 3822 3502 3894 paradiso
3530 3820 3685 3875 999

2035 3913 2378 3970 deliciarum
2405 3912 2504 3968 Dei
2528 3912 2715 3968 factus
2738 3927 2854 3966 non
2880 3911 3101 3966 est.Sin
3124 3914 3320 3967 autem
3330 3911 3457 3981 jam
3475 3907 3688 3964 videris

2034 4019 2169 4058 eum
2193 4001 2573 4073 accipientem
2626 4001 2696 4056 de
2715 3999 2874 4073 ligno
2893 4000 3045 4071 vitae,
3078 4004 3136 4055 et
3165 4001 3236 4055 de
3265 3999 3496 4056 cunctis
3519 3997 3688 4054 arbo-

2036 4092 2222 4158 ribus,
2247 4107 2395 4162 quas
2422 4107 2537 4145 non
2553 4088 2852 4145 interdixit
2868 4088 3041 4159 Deus,
3073 4088 3158 4144 ita
3172 4093 3239 4144 ut
3258 4089 3329 4144 de
3346 4087 3507 4144 omni
3530 4085 3689 4158 ligno

2038 4179 2293 4254 paradisi
2326 4183 2654 4235 vescentem
2683 4196 2696 4234 :
2722 4178 2776 4234 si
2795 4177 3092 4251 aspexeris
3110 4193 3245 4235 eum
3268 4176 3506 4233 etillius
3520 4175 3690 4248 ligni,

2038 4274 2096 4325 et
2124 4269 2388 4326 omnium
2421 4285 2548 4341 quae
2604 4284 2762 4323 nunc
2819 4267 3113 4339 prohibita
3171 4285 3286 4324 non
3319 4266 3458 4337 sint,
3492 4266 3692 4321 cibum

2041 4359 2246 4415 edere:
2299 4363 2357 4414 et
2383 4375 2416 4414 a
2443 4363 2501 4414 te
2529 4373 2751 4430 rogem,
2785 4361 3054 4429 putasne,
3113 4357 3223 4413 iste
3262 4373 3378 4412 non
3409 4354 3603 4411 solum
3634 4353 3694 4408 in

268 4447 373 4502 ubi
407 4446 658 4504 materia
677 4448 1014 4522 corporalis,
1048 4466 1162 4504 non
1196 4450 1412 4521 poteris
1437 4451 1712 4507 invenire.
1745 4452 1934 4524 Siqui-
1960 4439 2008 4504 D
2038 4447 2310 4522 paradiso
2333 4447 2523 4502 factus
2545 4450 2652 4515 est,
2685 4462 2887 4501 verum
2936 4447 3113 4502 etiam
3162 4445 3222 4500 in
3245 4442 3519 4517 paradiso
3549 4440 3695 4496 deli-

269 4535 410 4591 dem
432 4551 606 4591 verus
627 4537 803 4592 decor
823 4537 882 4592 in
906 4536 1206 4594 Salvatore
1225 4542 1335 4603 est,
1367 4543 1424 4594 et
1445 4538 1526 4594 ita
1546 4541 1618 4596 ab
1641 4539 1741 4596 illo
1764 4542 1936 4611 juxta

267 4623 696 4696 largitudinem
726 4628 784 4680 et
832 4625 1296 4683 misericordiam
1339 4628 1469 4698 ejus
1498 4627 1554 4682 in
1589 4633 1933 4686 cunctorum

268 4713 501 4770 divisus
523 4718 613 4769 est
631 4714 880 4770 animus.
897 4715 1188 4784 Accingere
1216 4716 1464 4787 gladium
1493 4721 1651 4772 tuum
1677 4720 1824 4774 circa
1851 4722 1934 4791 fe-

267 4819 410 4858 mur
438 4810 618 4873 tuum,
645 4806 1040 4875 potentissime,
1089 4807 1267 4877 specie
1294 4809 1409 4871 tua,
1442 4810 1494 4860 et
1522 4805 1710 4863 decore
1738 4811 1851 4874 tuo,
1885 4816 1936 4864 et

264 4890 697 4964 pulchritudine
723 4895 825 4949 tua
853 4894 1028 4965 (Psal.
1077 4911 1230 4962 xuv,
1269 4895 1346 4966 3).
1378 4895 1480 4950 Est
1507 4894 1691 4968 igitur
1720 4895 1935 4969 aliquis

271 4981 457 5036 decor
475 4981 537 5036 in
562 4981 869 5055 principali
901 4983 1094 5040 cordis
1126 4983 1330 5051 nostri,
1355 4987 1412 5039 et
1447 4983 1507 5038 in
1539 4984 1756 5041 anima.
1790 4987 1936 5053 Quia

271 5074 479 5126 autem
502 5069 837 5128 istiusmodi
859 5071 1034 5127 decor
1061 5072 1236 5128 etiam
1259 5073 1329 5128 ad
1363 5073 1623 5129 animam
1643 5076 1938 5148 pertingat

269 5159 632 5226 humanam,
661 5159 814 5217 998
848 5161 1159 5234 prophetes
1189 5166 1245 5218 te
1267 5162 1472 5218 doceat
1499 5162 1698 5218 dicens
1725 5182 1738 5231 ;
1770 5165 1934 5234 Audi,

271 5249 424 5320 ﬁlia,
455 5251 506 5304 et
545 5249 742 5318 vide,et
770 5251 984 5305 inclina
1011 5267 1206 5308 aurem
1226 5255 1399 5317 tuam,
1425 5255 1475 5307 et
1504 5250 1820 5309 obliviscere
1845 5271 1938 5326 po-

259 5339 475 5411 puli,et
503 5337 694 5393 domus
718 5341 895 5410 patris
921 5341 1028 5408 tui,
1071 5341 1200 5411 quia
1227 5340 1535 5412 concupivit
1561 5357 1661 5396 rex
1687 5342 1939 5400 decorem

267 5432 439 5484 tuum
470 5426 652 5498 (lbid.,
677 5428 850 5499 11),ίά
883 5433 992 5496 est,
1023 5445 1296 5501 sponsus.
1329 5429 1469 5492 Quis
1490 5428 1574 5486 ita
1605 5429 1781 5487 habet
1808 5433 1938 5505 pul-

269 5518 486 5581 chram
516 5516 938 5598 animam,quis
959 5522 1189 5578 tantum
1210 5518 1474 5598 possidet
1493 5519 1784 5596 decorem,
1803 5522 1940 5601 quis

2043 4538 2265 4593 ciarum
2297 4535 2449 4591 Dei?
2479 4534 2618 4606 quid
2668 4534 2814 4588 mihi
2846 4533 3004 4590 aliud
3036 4548 3429 4606 responsurus
3461 4546 3545 4601 es,
3579 4528 3696 4584 nisi

2043 4641 2178 4682 eum
2206 4626 2264 4680 in
2299 4624 2554 4697 paradisi
2577 4622 2801 4678 deliciis
2824 4623 3211 4678 constitutum
3228 4622 3256 4677 ?
3279 4621 3363 4678 Ad
3391 4621 3543 4676 hanc
3565 4618 3697 4674 bea-

2042 4714 2353 4770 titudinem
2379 4719 2443 4768 tu
2467 4711 2836 4782 festinas,qui
2852 4711 3064 4767 videris
3081 4711 3374 4784 plangere.
3401 4711 3514 4766 Iste
3537 4722 3695 4774 vero,

2045 4811 2141 4883 qui
2174 4806 2612 4882 plangitur,fuit
2638 4807 2936 4878 quondam
2960 4807 3020 4862 in
3043 4806 3269 4863 deliciis
3295 4804 3428 4862 Dei:
3461 4817 3698 4859 omnem

2042 4898 2297 4972 lapidem
2329 4898 2550 4953 bonum
2580 4894 2824 4951 indutus
2844 4897 3267 4964 est,sardinum
3285 4899 3345 4952 et
3373 4893 3701 4950 carbuncu-

2045 4985 2541 5059 lum,sappbirum
2563 4987 2621 5040 et
2651 4984 2960 5058 beryllum,
2993 4989 3051 5041 et
3081 4984 3560 5056 hyacintbum,et
3580 4980 3703 5051 jas-

2044 5076 2253 5150 pim,et
2281 5073 2538 5145 reliquos
2583 5073 2890 5128 duodecim
2922 5073 3167 5146 lapides.
3196 5069 3468 5130 Difficilis
3498 5072 3614 5136 est,
3645 5070 3704 5123 et

2046 5165 2202 5222 ultra
2228 5164 2380 5219 vires
2413 5166 2647 5217 nostras
2681 5166 3070 5235 naturamque
3090 5163 3270 5234 hujus
3297 5159 3410 5218 loci
3441 5175 3504 5215 se
3534 5172 3704 5230 expo-

2047 5254 2180 5311 sitio
2210 5251 2485 5308 sustollit.
2518 5251 2659 5315 Quis
2688 5251 2846 5307 enim
2896 5256 3088 5324 potest
3113 5255 3387 5308 naturam
3418 5247 3702 5304 uniuscu-

2041 5345 2258 5416 jusque
2287 5339 2500 5412 lapidis
2531 5345 2903 5411 esponere,et
2922 5341 3252 5398 describere
3274 5339 3396 5396 sive
3425 5336 3703 5400 colorem,

2049 5433 2170 5489 sive
2194 5431 2309 5486 vim
2338 5431 2487 5501 ejus,
2522 5432 2588 5483 ut
2634 5429 2718 5484 sic
2745 5429 2934 5487 valeat
2961 5431 3234 5503 reperire,
3265 5443 3446 5501 quare
3475 5425 3703 5498 lapides

2048 5521 2145 5582 isti
2177 5518 2467 5597 assumpti
2497 5517 2661 5579 sint?
2692 5521 2967 5582 Attamen
2996 5519 3132 5584 licet
3160 5536 3277 5604 agn
3308 5518 3497 5583 simus
3526 5513 3702 5594 tales.
