3960 6172
263 300 470 380 785'

674 315 1168 382 TRANSLATIO
1211 318 1721 384 HOMILIARUM
1764 316 2127 382 ORIGENIS
2170 315 2250 381 IN
2292 315 2818 384 EZECHIELEM.
2866 315 3060 382 HOM.
3105 313 3265 383 XIV.

3550 316 3672 381 786

263 447 528 508 Dominus
542 448 685 507 Deus
700 452 871 508 Israel
891 452 1227 525 ingredietur
1235 470 1337 526 per
1353 470 1494 526 eam,
1510 458 1564 511 et
1581 453 1913 526 egredietur:
1941 452 1998 521 Α
2027 451 2308 510 universae
2341 457 2616 510 creaturae
2646 451 2963 527 incognita,
3012 455 3071 510 et
3117 452 3220 510 uni
3265 452 3674 511 tantummodo

264 544 317 597 et
344 542 450 596 erit
475 540 687 597 clausa.
723 542 792 596 Et
821 541 994 598 aliam
1027 560 1265 599 causam
1297 543 1459 600 addit
1486 560 1592 599 cur
1620 543 1819 599 clausa
1840 542 1918 598 sit

265 635 453 702 porta,
488 646 605 685 non
637 629 831 685 solum
863 631 1004 704 quia
1035 632 1317 688 Dominus
1345 638 1494 688 Deus
1519 632 1794 689 transibit
1814 646 1919 704 per

264 733 416 788 eam,
453 719 553 774 sed
586 718 725 790 quia
754 723 811 775 et
839 719 957 774 dux
987 721 1212 776 sedebit
1231 721 1289 776 in
1321 738 1407 792 ea,
1441 725 1506 776 ut
1526 722 1792 777 comedat
1814 737 1916 793 pa-

258 823 395 862 nem
412 823 610 862 coram
633 807 881 863 Domino
899 810 1226 864 secundum
1243 810 1399 865 viam
1417 810 1637 879 Eloam,
1657 810 1812 882 quod
1829 808 1914 864 in-

257 899 618 967 terpretatur
629 898 958 968 vestibulum
968 901 1164 970 parte.
1180 900 1244 954 Et
1265 898 1916 969 ingredietursecundum

256 987 409 1040 viam
438 986 576 1052 eius,
608 990 658 1041 et
681 986 1009 1055 egredietur.
1034 987 1319 1044 Dominus
1342 989 1495 1044 Deus
1517 986 1914 1043 universitatis

255 1073 529 1130 conditor
558 1091 662 1146 per
692 1073 952 1146 aliquam
975 1079 1225 1148 portam,
1259 1093 1386 1148 qua)
1414 1093 1483 1132 ex
1505 1075 1772 1132 sensibili
1794 1092 1913 1131 ma-

255 1161 411 1218 teria
424 1166 717 1234 est,atque
733 1162 935 1220 clausa
951 1165 1586 1237 semperingredituret
1597 1163 1914 1236 egreditur,

253 1253 311 1305 et
333 1249 467 1321 ejus
489 1267 690 1320 causa,
711 1250 810 1322 qui
833 1251 1042 1308 coelum
1059 1257 1394 1325 terramque
1414 1253 1697 1321 fundavit,
1721 1252 1914 1325 ingre-

250 1338 428 1394 diens
441 1343 501 1394 et
511 1339 820 1411 egrediens
833 1356 1129 1412 nusquam
1142 1345 1304 1414 porta
1317 1340 1914 1398 reserabitur.Verum

250 1425 374 1483 alia
421 1427 572 1483 ratio
620 1431 710 1484 est
751 1432 934 1501 porta:
964 1429 1286 1500 exterioris,
1317 1433 1375 1486 et
1403 1430 1729 1487 secundum
1759 1429 1914 1485 viam

249 1519 620 1572 sanctorum.
648 1519 782 1583 Quae
803 1521 895 1573 est
912 1533 1048 1590 ergo
1073 1517 1172 1575 illa
1192 1519 1360 1588 ratio,
1384 1523 1451 1575 ut
1470 1518 1672 1575 clausa
1691 1534 1915 1589 perma-

247 1605 432 1661 neat?
451 1605 839 1678 Supradictus
856 1607 976 1662 dux
995 1607 1076 1663 ibi
1094 1608 1279 1676 sedet,
1297 1612 1362 1664 ut
1377 1624 1549 1664 nemo
1571 1623 1706 1664 eum
1723 1607 1915 1663 videat

244 1693 560 1750 sedentem
583 1693 726 1768 [Leg.
748 1694 1038 1767 edentem]
1059 1712 1272 1767 panem
1293 1697 1352 1752 in
1375 1699 1692 1768 conspectu
1717 1695 1911 1750 Domi-

244 1781 328 1838 ni.
381 1781 493 1846 Qui
524 1781 647 1838 haec
678 1783 978 1840 observate
1023 1784 1184 1858 legit,
1235 1802 1428 1842 nonne
1477 1785 1910 1858 quodammodo
1942 1826 1992 1892 B

244 1873 463 1892 -..ιηι
490 1871 848 1892 ς.η,,ι,,μμ
882 1872 1033 1892 ην.
1428 1890 1435 1892 Α
1471 1873 1515 1892 ογ
1622 1889 1635 1892 -

244 1873 463 1928 1002
489 1871 856 1944 Scripturam
877 1872 1043 1928 audit
1064 1872 1404 1946 loquentem
1425 1890 1438 1928 :
1463 1873 1637 1945 Surge
1657 1875 1754 1945 qui
1779 1873 1914 1930 dor-

246 1962 362 2017 mis
381 1965 408 2014 .9
429 1960 636 2016 Nonne
657 1960 1002 2017 stimulatur
1020 1967 1086 2018 ut
1107 1966 1382 2034 exsurgat
1400 1979 1434 2018 a
1454 1962 1723 2031 mortuis,
1748 1966 1806 2018 et
1825 1978 1913 2029 ea,

247 2066 385 2121 quae
420 2048 624 2105 clausa
652 2055 812 2117 sunt,
845 2054 1111 2123 quaerat?
1139 2053 1258 2124 Ego
1280 2053 1562 2107 audenter
1587 2051 1798 2118 dicam,
1823 2067 1914 2106 se-

247 2137 510 2194 cretiora
539 2153 785 2210 quisque
811 2137 1012 2196 clausa
1031 2156 1179 2211 esse,
1203 2145 1260 2195 et
1279 2140 1679 2196 manifestiora
1699 2156 1918 2196 resera-

244 2229 330 2296 ta,
353 2230 416 2280 et
432 2241 550 2280 non
569 2241 698 2281 esse
715 2225 935 2282 clausa.
953 2228 1294 2299 Aperientes
1311 2244 1378 2283 ea
1395 2243 1521 2300 quae
1539 2226 1740 2282 clausa
1755 2229 1914 2294 sunt,

247 2313 381 2370 haec
399 2331 506 2369 nos
523 2314 777 2370 dicimus
798 2333 811 2382 ;
835 2316 936 2370 sed
955 2316 1264 2389 Evangelia
1285 2321 1606 2373 testantur:
1638 2318 1726 2372 Vae
1747 2316 1914 2385 vobis,

251 2403 487 2470 scribae,
511 2406 562 2458 et
575 2403 850 2474 pharisazi
869 2405 1188 2476 hypocritee,
1213 2410 1264 2461 et
1283 2405 1436 2461 vobis
1457 2406 1588 2476 legis
1606 2404 1918 2460 doctoribus

247 2507 356 2560 vae,
395 2491 527 2562 quia
557 2492 762 2547 tulistis
782 2493 990 2548 clavem
1006 2495 1274 2562 scientiae,
1301 2502 1355 2550 et
1377 2496 1484 2566 ipsi
1502 2509 1613 2549 non
1638 2493 1916 2560 intrastis,

251 2584 302 2636 ct
332 2581 723 2652 ingredientes
748 2581 1113 2652 prohibuistis
1142 2583 1400 2654 (Luem).
1433 2583 1535 2638 Est
1562 2581 1741 2654 igitur
1761 2597 1916 2653 quaa-

244 2669 396 2725 dam
419 2667 602 2724 clavis
623 2668 878 2724 scientiae
901 2670 974 2725 ad
995 2686 1081 2742 ea,
1106 2687 1234 2742 quae
1259 2675 1400 2727 sunt
1415 2669 1638 2738 clausa,
1660 2686 1919 2726 reseran-

245 2758 321 2814 da
349 2773 365 2812 :
405 2761 465 2813 et
487 2761 630 2814 sunt
648 2756 911 2830 plurimi,
945 2775 1132 2831 neque
1153 2760 1267 2832 ipsi
1289 2759 1703 2832 ingredientes,
1728 2774 1918 2831 neque

240 2863 344 2903 eos
382 2845 817 2918 permittentes,
850 2847 952 2918 qui
981 2846 1207 2920 ingredi
1230 2847 1449 2904 volunt.
1483 2848 1552 2903 Et
1570 2847 1630 2902 in
1655 2846 1769 2902 alio
1790 2845 1916 2903 loco

244 2951 479 2992 sensus
511 2933 949 3006 Scripturarum
972 2934 1120 2991 liber
1140 2935 1356 2992 dicitur
1375 2953 1504 2992 esse
1524 2937 1794 3008 signatus
1814 2951 1827 2990 :
1851 2937 1917 2990 Et

239 3027 709 3081 eruntsermones
728 3024 860 3079 libri
876 3025 1064 3092 istius,
1077 3027 1233 3096 quasi
1242 3041 1515 3081 sermones
1532 3026 1663 3080 libri
1677 3025 1916 3093 signati:

243 3130 426 3186 quem
455 3114 511 3168 si
537 3112 786 3168 dederint
805 3113 1018 3169 homini
1037 3115 1251 3170 litteras
1279 3116 1563 3182 nescienti,
1583 3114 1819 3170 dicentes
1841 3115 1912 3181 ei,

2023 546 2180 598 nota.
2212 543 2411 615 Neque
2438 543 2595 599 enim
2623 543 2905 615 quidquid
2929 542 3089 598 novit
3109 541 3286 611 ﬁlius,
3319 540 3429 598 hoc
3451 543 3674 600 mundo

2023 631 2268 703 aperuit.
2303 633 2427 688 Non
2455 632 2609 703 capit
2630 636 2913 698 creatura,
2947 632 3101 703 quod
3127 631 3283 703 capit
3310 631 3498 699 Deus;
3526 634 3584 688 et
3607 635 3676 687 ut

2023 721 2096 776 ad
2129 721 2354 792 majora
2379 721 2632 790 veniam,
2666 738 2781 776 non
2804 721 3044 792 capiunt
3064 719 3233 793 signa
3258 718 3557 791 aequaliter
3577 737 3671 777 co-

2023 809 2367 882 gnitionem.
2398 809 2538 864 Plus
2569 813 2694 865 erat
2722 809 2782 865 in
2812 808 2988 865 Paulo
3038 825 3215 881 quam
3235 808 3294 864 in
3343 808 3669 879 Timotheo,

2025 914 2162 953 cum
2194 902 2348 954 esset
2373 915 2475 954 vas
2506 897 2825 955 electionis.
2859 899 2931 954 Et
2957 915 3087 954 vere
3113 914 3395 971 magnum
3414 898 3472 953 in
3496 899 3670 954 domo

2024 1004 2149 1056 vas,
2180 987 2522 1043 Timotheus
2578 1003 2815 1044 rursum
2846 987 3001 1059 capit
3032 1004 3158 1059 quae
3190 1003 3295 1059 ego
3316 1001 3519 1058 capere
3552 1004 3669 1043 non

2024 1093 2289 1148 possum.
2308 1077 2376 1131 Et
2395 1081 2486 1132 est
2507 1075 2750 1132 forsitan
2771 1075 3006 1148 aliquis,
3031 1074 3131 1148 qui
3151 1075 3327 1131 etiam
3352 1090 3445 1130 me
3467 1076 3668 1131 minus

2022 1167 2252 1236 capiat:
2295 1169 2434 1221 sunt
2464 1165 2733 1236 quaedam
2763 1181 2890 1236 quae
2921 1164 3083 1221 solus
3113 1163 3381 1220 Christus
3411 1164 3582 1235 capit,
3615 1166 3673 1219 et

2020 1252 2236 1310 idcirco
2249 1252 2448 1309 clausa
2459 1257 2548 1310 est
2560 1254 2742 1324 ianua
2755 1253 2959 1326 templi
2974 1252 3074 1309 Dei
3085 1252 3238 1317 .Quse
3251 1255 3341 1308 est
3351 1251 3508 1308 enim
3521 1251 3672 1307 ista?

2021 1341 2282 1398 obsecro.
2313 1341 2594 1404 Exterior.
2625 1359 2754 1414 quis
2784 1345 2950 1398 extra
2976 1341 3308 1397 mundanas
3336 1357 3452 1407 res,
3494 1343 3555 1396 et
3582 1338 3672 1395 in-

2021 1447 2349 1502 corporeas,
2373 1434 2448 1499 et,
2473 1434 2540 1486 ut
2557 1430 2639 1487 ita
2661 1430 2876 1498 dicam,
2901 1428 3320 1486 immateriales
3339 1427 3547 1501 aperit.
3570 1428 3678 1485 Ne—

2021 1535 2135 1591 que
2163 1519 2321 1576 enim
2349 1520 2569 1576 frustra
2597 1520 2855 1593 positum
2896 1523 3004 1589 est,
3056 1519 3400 1576 exteriorem
3424 1520 3675 1591 januam

2020 1623 2252 1679 semper
2278 1624 2407 1664 esse
2436 1607 2722 1665 clausam.
2755 1609 2889 1673 Quis
2924 1612 3014 1665 est
3044 1607 3161 1664 ista
3183 1609 3369 1679 janua
3389 1605 3674 1663 exterior?

2021 1698 2391 1753 Sanctorum.
2406 1700 2594 1764 Quare
2610 1697 2849 1754 clausa?
2866 1697 3008 1769 quia
3023 1697 3308 1754 Dominus
3323 1696 3478 1752 Deus
3495 1694 3674 1752 Israel

2020 1785 2179 1843 solus
2201 1785 2528 1858 ingreditur
2546 1791 2602 1842 et
2623 1787 2922 1859 egreditur
2947 1803 3052 1859 per
3079 1801 3230 1854 eam.
3264 1785 3453 1850 Quare
3473 1783 3670 1856 ingre-

2025 1874 2228 1930 ditur?
2261 1879 2323 1930 ut
2345 1879 2751 1944 cognoscatur.
2766 1877 2813 1932 A
2833 1892 2949 1947 quo
2965 1875 2994 1930 ‘I
3014 1891 3048 1930 a
3068 1875 3236 1930 duce.
3259 1873 3403 1937 Quis
3422 1874 3496 1929 ad
3516 1871 3674 1928 clau-

2023 1980 2152 2020 sam
2173 1967 2400 2036 portam
2420 1964 2538 2019 dux
2559 1964 2670 2020 iste
2685 1965 2714 2020 ‘I
2734 1964 2998 2020 Salvator
3015 1966 3125 2034 est,
3144 1961 3245 2033 qui
3263 1977 3474 2034 panem
3490 1976 3677 2017 come-

2024 2052 2132 2120 dit,
2156 2052 2256 2124 qui
2279 2057 2502 2125 portam
2531 2069 2664 2109 cum
2688 2053 2856 2110 Patre
2883 2051 3124 2121 claudit,
3149 2051 3250 2123 qui
3272 2049 3520 2121 spiritali
3542 2065 3675 2121 pas-

2023 2141 2177 2196 citur
2197 2141 2345 2196 cibo.
2361 2142 2504 2197 Meus
2522 2142 2672 2197 cibus
2687 2145 2789 2208 est,
2810 2142 3034 2209 dicens,
3048 2149 3112 2196 ut
3121 2141 3326 2212 faciam
3339 2139 3676 2195 voluntatem

2025 2228 2160 2298 ejus,
2210 2230 2306 2300 qui
2350 2229 2504 2284 misit
2550 2245 2660 2296 me,
2708 2237 2770 2283 ut
2810 2228 3098 2300 perﬁciam
3145 2228 3355 2283 1004
3401 2241 3534 2297 opus
3562 2226 3677 2297 ejus

2024 2317 2209 2388 (Joan.
2225 2317 2322 2388 ιν).
2337 2316 2550 2372 Clausa
2567 2321 2656 2373 est
2673 2317 2869 2389 itaque
2876 2317 3063 2388 janua
3079 2318 3144 2370 ut
3161 2331 3330 2370 nemo
3345 2314 3541 2370 videat
3557 2329 3677 2368 ma-

2024 2420 2206 2476 guum
2227 2405 2586 2462 sacerdotem
2606 2422 2816 2478 panem
2842 2405 2903 2459 in
2924 2405 3142 2461 sanctis
3163 2406 3500 2459 sanctorum
3521 2417 3676 2457 com-

2025 2493 2316 2549 edentem.
2338 2494 2422 2549 Ad
2445 2494 2567 2550 haec
2589 2497 2783 2550 autem
2807 2493 3108 2565 probanda
3124 2508 3252 2564 quae
3275 2490 3548 2557 dicimus,
3567 2488 3670 2568 qui

2024 2580 2338 2637 Leviticum
2356 2582 2496 2654 legit
2508 2580 3028 2654 (Levit.vu),ablato
3045 2597 3115 2637 ex
3128 2580 3301 2637 corde
3317 2594 3424 2634 suo
3439 2575 3676 2634 velami-

2026 2685 2116 2737 ne,
2125 2670 2331 2742 poterit
2342 2687 2656 2743 agnoscere
2669 2670 3009 2743 mysterium
3023 2667 3440 2725 sacerdotum.l
3446 2665 3502 2721 bi
3517 2664 3617 2737 qui
3623 2681 3676 2737 p-

2025 2774 2095 2831 pe
2108 2759 2179 2814 de
2193 2758 2497 2816 sacriﬁciis
2510 2763 2568 2815 et
2577 2758 2879 2830 cibis,quaa
2890 2757 2995 2815 soli
3009 2757 3336 2813 sacerdotes
3347 2754 3677 2821 comedunt,

2026 2848 2294 2904 refertur.
2326 2849 2476 2904 Sunt
2506 2849 2747 2921 quidam
2779 2848 2891 2903 cibi
2923 2845 3333 2913 sacerdotales,
3367 2860 3518 2917 quos
3551 2859 3671 2899 non

2024 2937 2276 2992 comedit
2303 2938 2575 2993 sacerdos
2605 2937 2664 2992 in
2696 2937 2869 2993 domo
2896 2953 3024 3006 sua,
3056 2952 3173 2992 non
3199 2950 3334 2991 cum
3356 2931 3516 3002 ﬁliis,
3539 2931 3678 2988 licet

2024 3024 2417 3081 sacerdotales
2446 3024 2586 3092 sint,
2618 3041 2736 3080 non
2767 3040 2900 3080 cum
2934 3039 3130 3092 uxore,
3163 3021 3296 3079 licet
3324 3019 3587 3094 legitime
3618 3019 3672 3076 ei

2022 3115 2316 3186 nupserit;
2340 3115 2440 3171 sed
2463 3113 2521 3169 in
2544 3113 2668 3170 loco
2688 3117 2892 3171 sancto
2913 3112 3164 3170 comedit
3184 3128 3304 3180 eos,
3339 3115 3397 3167 et
3418 3108 3674 3166 comedit

241 3204 392 3274 lege,
427 3209 483 3257 et
525 3201 683 3270 dicet,
728 3204 908 3257 nescio
946 3204 1190 3259 litteras:
1222 3207 1272 3259 et
1301 3204 1507 3259 dabunt
1535 3219 1658 3260 eum
1695 3202 1912 3259 homini
1940 3189 1983 3257 C
2022 3201 2384 3260 ibiescamin
2398 3198 3671 3277 sanctis[ALsancta]sanctorum.Quomodo

237 3293 457 3348 scienti
483 3290 715 3359 litteras,
742 3289 977 3346 dicentes
1004 3293 1076 3362 ei,
1111 3293 1247 3363 lege,
1279 3299 1333 3348 et
1359 3293 1517 3364 dicet,
1556 3307 1668 3349 non
1693 3307 1913 3364 possum
2019 3292 2293 3348 sacerdos
2312 3309 2425 3349 non
2449 3292 2704 3348 comedit
2721 3308 2916 3348 escam
2931 3291 2991 3346 in
3013 3291 3186 3347 domo
3205 3306 3335 3358 sua,
3352 3286 3532 3344 autin
3553 3285 3667 3343 alio

242 3382 456 3453 tegere,
513 3381 764 3450 signatus
798 3387 878 3436 est
904 3382 1054 3436 enim
1097 3382 1244 3452 (Isai.
1275 3385 1494 3448 xxvm).
1546 3380 1912 3436 Manifestius

243 3476 464 3527 autem
485 3466 845 3524 voluntatem
861 3468 1042 3541 hujus
1062 3470 1331 3542 exempli,
1351 3469 1915 3543 ApocalypsisJoan-

243 3559 342 3616 nis
360 3556 1028 3625 continet,memorans:
1053 3558 1320 3615 Circuivit
1335 3561 1560 3630 angelus
1576 3559 1779 3626 dicens,
1795 3558 1914 3630 quis

244 3649 471 3720 dignus
504 3648 720 3718 aperire
747 3648 1062 3717 signacula,
1094 3651 1144 3703 et
1167 3649 1373 3704 solvere
1401 3663 1484 3718 ea,
1517 3651 1568 3703 et
1599 3649 1774 3718 legere
1793 3661 1918 3718 quae

242 3740 474 3809 scripta
504 3739 670 3791 sunt?
699 3739 766 3792 Et
792 3751 949 3792 nemo
979 3738 1233 3793 inventus
1262 3741 1339 3792 est
1369 3738 1429 3792 in
1457 3737 1604 3802 caelo,
1644 3752 1817 3808 neque
1857 3737 1918 3791 in

250 3835 412 3883 terra
442 3840 617 3896 neque
651 3826 749 3879 sub
780 3833 950 3893 terra,
980 3827 1076 3897 qui
1100 3828 1273 3898 possit
1300 3827 1518 3897 aperire
1541 3825 1845 3896 signacula,
1868 3831 1921 3880 et

252 3917 446 3984 legere
472 3930 597 3993 quae
625 3915 832 3986 scripta
859 3918 1018 3971 erant
1046 3917 1109 3970 in
1138 3915 1301 3970 libro.
1351 3914 1456 3970 Sed
1482 3929 1579 3985 ego
1606 3913 1822 3985 ﬂebam.
1854 3913 1919 3968 Et

252 4005 410 4060 venit
426 4002 656 4075 quidam
677 4002 748 4057 ad
770 4019 858 4059 me
876 4007 928 4059 et
948 4005 1099 4060 dixit
1120 4005 1260 4058 mihi
1282 4022 1299 4058 :
1329 4004 1448 4059 noli
1459 4004 1608 4073 ﬂere.
1642 4003 1774 4056 Ecce
1794 4003 1922 4058 vicit

247 4095 334 4151 leo
355 4094 433 4149 de
450 4094 606 4149 tribu
624 4093 786 4160 Iuda,
809 4092 976 4148 radix
997 4100 1047 4148 et
1067 4093 1272 4148 ποθεῖ
1292 4107 1465 4162 genus
1489 4091 1680 4159 David,
1709 4092 1924 4162 aperire

248 4185 476 4239 librum
506 4186 563 4237 et
589 4183 794 4238 solvere
823 4180 1122 4250 signacula
1157 4183 1290 4250 eius.
1323 4180 1387 4235 Et
1417 4182 1652 4252 aperuit,
1682 4181 1778 4252 qui
1803 4188 1925 4236 erat

245 4273 322 4329 de
342 4274 510 4329 tribu
530 4272 691 4334 Iuda,
727 4279 778 4327 et
807 4272 1180 4341 mani/estavit
1200 4285 1324 4341 qua:
1342 4272 1500 4325 erant
1521 4271 1722 4341 scripta
1742 4269 1924 4341 (Apoc.

246 4364 333 4434 v).
371 4360 678 4426 Quamdiu
710 4377 827 4416 non
855 4360 1014 4416 venit
1043 4363 1196 4415 Deus
1227 4375 1416 4425 meus,
1449 4358 1650 4414 clausa
1671 4363 1794 4414 erat
1814 4358 1924 4427 lex,

249 4451 513 4509 clausus
537 4465 728 4506 sermo
749 4448 1149 4521 propheticus,
1166 4448 1355 4504 velata
1373 4447 1542 4504 lectio
1562 4447 1771 4503 veteris
1787 4448 1927 4503 Tes-

2024 3397 2319 3453 quoquam
2341 3379 2488 3452 loco,
2513 3381 2614 3436 sed
2636 3380 2697 3435 in
2720 3380 2940 3436 sanctis
2963 3382 3300 3436 sanctorum
3327 3394 3340 3432 :
3368 3375 3452 3433 sic
3474 3373 3671 3432 Salva-

2026 3472 2113 3525 tor
2142 3485 2308 3524 meus
2331 3468 2492 3525 solus
2514 3468 2766 3524 cemedit
2786 3484 3020 3540 panem,
3051 3465 3212 3540 nullo
3233 3463 3459 3521 valente
3479 3477 3670 3518 come-

2024 3558 2161 3613 dere
2182 3573 2318 3613 cum
2340 3574 2427 3613 eo.
2452 3558 2554 3612 Est
2575 3561 2774 3613 autem
2798 3556 3038 3627 quidam
3054 3553 3237 3620 locus,
3262 3552 3322 3607 in
3345 3566 3461 3624 quo
3481 3564 3674 3605 come-

2025 3646 2190 3714 dens,
2209 3650 2377 3701 etme
2398 3662 2597 3702 secum
2616 3644 2860 3701 attrahit
2881 3645 2951 3699 ad
2974 3641 3355 3699 vescendum:
3375 3640 3510 3695 Ecce
3526 3639 3679 3693 enim

2027 3733 2242 3805 inquit,
2273 3734 2344 3789 ad
2372 3735 2570 3789 ostium
2589 3737 2692 3801 sto,
2722 3736 2773 3788 et
2788 3732 2967 3803 pulso,
3000 3731 3051 3786 si
3073 3730 3194 3801 quis
3213 3727 3356 3784 mihi
3374 3727 3676 3798 aperuerit,

2030 3823 2312 3894 ingrediar
2339 3823 2411 3878 ad
2442 3838 2586 3888 eum,
2635 3823 2685 3876 et
2714 3821 2929 3876 caenabo
2957 3835 3083 3875 cum
3112 3833 3191 3885 eo,
3242 3818 3293 3872 et
3321 3817 3437 3888 ipse
3464 3829 3680 3870 mecum

2029 3912 2210 3984 (Apoc.
2244 3911 2350 3983 ιιι).
2385 3911 2464 3966 Ex
2511 3926 2627 3982 quo
2659 3913 2920 3982 apparet,
2952 3912 3011 3964 et
3038 3907 3218 3964 alium
3249 3920 3424 3978 posse
3449 3917 3681 3960 coenare

2028 4016 2163 4056 cum
2194 4015 2281 4056 eo.
2317 3999 2490 4055 Porro
2514 3999 2782 4071 quaedam
2804 4013 2938 4053 esca
2957 4001 3066 4064 est,
3100 4012 3219 4067 qua
3237 3993 3400 4051 solus
3421 3994 3680 4048 tantum-

2032 4089 2204 4145 modo
2233 4087 2504 4144 vescitur.
2531 4085 2830 4143 Excellens
2858 4085 3072 4158 quippe
3096 4085 3169 4141 ab
3192 4083 3464 4140 universa
3483 4079 3683 4137 condi-

2033 4178 2192 4234 tione
2240 4181 2449 4232 natura
2477 4176 2628 4248 ejus,
2680 4179 2738 4231 et
2765 4174 2839 4230 ab
2868 4173 3143 4230 omnibus
3173 4175 3496 4246 segregata,
3546 4167 3687 4225 facit

2034 4283 2170 4322 eum
2187 4265 2596 4338 quotidianum
2616 4280 2824 4337 panem
2845 4263 2916 4318 de
2929 4263 3117 4318 Patris
3133 4266 3343 4318 natura
3359 4259 3684 4317 comedere.

2037 4353 2455 4426 Unusquisque
2477 4358 2745 4409 nostrum
2768 4351 2912 4424 petit
2935 4367 3144 4422 panem
3169 4349 3602 4422 quotidianum,
3629 4349 3688 4401 et

2039 4447 2240 4516 petens
2271 4442 2680 4514 quotidianum
2703 4457 2939 4513 panem,
2973 4456 3089 4494 non
3111 4438 3384 4494 eumdem
3406 4451 3511 4491 nec
3532 4434 3687 4504 ejus-

245 4538 543 4605 tamenti,
593 4541 650 4593 et
679 4553 867 4609 usque
898 4537 970 4592 ad
1003 4535 1154 4592 banc
1201 4535 1378 4602 diem,
1430 4536 1664 4607 quando
1715 4534 1930 4608 legitur
1958 4558 2005 4622 Β
2039 4533 2172 4588 dem
2196 4547 2483 4587 mensurae
2507 4547 2642 4586 eum
2667 4528 2896 4601 accipit,
2920 4543 3120 4583 verum
3144 4541 3375 4598 semper
3395 4525 3453 4622 in
3477 4521 3688 4622 oratio-

252 4625 928 4702 Moyses,velamentum
941 4625 1000 4681 in
1015 4625 1218 4682 cordeJ
1228 4625 1527 4680 udaaorum
1542 4629 1632 4680 est
1647 4623 1901 4697 positum
1912 4665 1925 4678 .

245 4722 416 4775 Sunt
437 4719 637 4773 autem
656 4716 920 4788 quidam,
945 4715 1047 4787 qui
1068 4717 1268 4770 amant
1285 4713 1700 4781 velamentum,
1725 4715 1782 4768 et
1801 4713 1932 4768 ode-

253 4811 412 4863 runt
428 4822 534 4863 eos
546 4806 646 4878 qui
665 4805 737 4860 de
751 4804 1039 4860 velamine
1055 4803 1544 4875 interpretantur:
1565 4803 1666 4858 sed
1680 4818 1788 4857 nos
1801 4818 1932 4857 con-

251 4901 578 4953 vertemur
589 4895 661 4950 ad
675 4894 990 4950 Dominum
1002 4897 1106 4961 ,ut,
1116 4891 1309 4948 ablato
1322 4890 1929 4957 velamine,dicamus:

255 4987 376 5042 Nos
398 4993 592 5040 autem
608 5000 793 5040 omnes
809 4984 1051 5040 revelata
1070 4983 1212 5054 faeie
1226 4982 1464 5051 gloriam
1485 4981 1584 5036 Dei
1599 4980 1935 5052 speculantes

258 5079 328 5131 in
367 5074 627 5130 eamda-m
657 5073 956 5142 imaginem
985 5073 1450 5143 transformamur
1467 5087 1502 5125 a
1521 5070 1702 5139 gloria
1731 5069 1791 5122 in
1819 5069 1934 5139 glo-

259 5167 432 5220 riam
446 5164 518 5232 (ll
537 5163 661 5219 Cor.
680 5162 789 5234 ιιι).
810 5166 1026 5218 Verum
1045 5164 1134 5217 est
1149 5161 1416 5232 quedam
1439 5162 1626 5232 porta,
1647 5162 1703 5214 et
1720 5175 1857 5224 una,
1882 5160 1939 5212 et

258 5253 505 5323 clausa,
521 5268 627 5325 per
639 5267 818 5324 quam
836 5266 1007 5308 nemo
1019 5248 1423 5308 transiil.Sunt
1440 5247 1656 5322 quippe
1668 5247 1937 5320 quaedam

2040 4621 2213 4677 nibus
2234 4621 2419 4692 puris,
2439 4624 2496 4676 et
2517 4618 2741 4675 munda
2761 4615 3139 4681 conscientia,
3155 4613 3216 4669 in
3238 4613 3406 4670 factis
3420 4610 3688 4684 justitiae,

2039 4709 2450 4782 quotidianum
2468 4707 2834 4764 comedimus
2857 4719 3091 4778 panem.
3110 4702 3170 4760 Si
3191 4702 3324 4774 quis
3339 4717 3472 4758 vero
3493 4699 3694 4756 minus

2041 4815 2224 4872 purus
2254 4801 2362 4863 est,
2394 4795 2506 4852 alio
2539 4795 2711 4851 modo
2739 4793 3145 4866 quotidianum
3176 4789 3429 4846 comedit
3454 4803 3691 4861 panem.

2041 4887 2328 4944 Dominus
2359 4889 2576 4951 autem,
2610 4884 2710 4956 qui
2741 4881 3006 4939 omnium
3041 4881 3225 4953 judex
3255 4882 3362 4947 est,
3396 4878 3494 4934 det
3524 4875 3695 4933 nobis

2045 4992 2252 5050 panem
2289 4975 2597 5044 viventem,
2621 4976 2686 5028 ut
2707 4970 2880 5027 cibati
2911 4987 2999 5038 eo,
3027 4972 3086 5025 et
3129 4965 3484 5025 corroborati
3507 4963 3695 5038 possi-

2045 5082 2180 5120 mus
2201 5063 2259 5119 in
2281 5063 2492 5120 ccslum
2515 5063 2625 5118 iter
2649 5063 2859 5128 facere,
2883 5058 3278 5133 gloriﬁcantes
3300 5057 3485 5113 Deum
3507 5052 3695 5111 omni-

2046 5156 2364 5228 potentem,
2413 5167 2514 5224 per
2559 5149 2855 5206 Christum
2904 5148 3128 5217 Jesum,
3175 5145 3269 5202 cui
3313 5149 3403 5202 est
3429 5143 3616 5218 gloria
3642 5145 3700 5198 et

2047 5241 2362 5317 imperium
2393 5241 2453 5297 in
2485 5239 2699 5298 saecula
2727 5237 3094 5296 saeculorum.
3128 5239 3337 5292 Amen.
