  <div class='ocr_page' id='page_1' title='image "/cluster/home/n/w/nwhite01/storage/ocr_20150623/25/hvd.32044096580493/399.png"; bbox 0 0 3960 6172; ppageno 0'>
   <div class='ocr_carea' id='block_1_1' title="bbox 259 386 378 451">
    <p class='ocr_par' dir='ltr' id='par_1_1' title="bbox 259 386 378 451">
     <span class='ocr_line' id='line_1_1' title="bbox 259 386 378 451; baseline -0.017 0"><span class='ocrx_word' id='word_1_1' title='bbox 259 386 378 451; x_wconf 84' lang='lat'><strong>787</strong></span> 
     </span>
    </p>
   </div>
   <div class='ocr_carea' id='block_1_2' title="bbox 1087 353 2834 450">
    <p class='ocr_par' dir='ltr' id='par_1_2' title="bbox 1087 353 2834 450">
     <span class='ocr_line' id='line_1_2' title="bbox 1087 353 2834 450; baseline -0.002 -2"><span class='ocrx_word' id='word_1_2' title='bbox 1087 383 1488 449; x_wconf 85' lang='lat' dir='ltr'><strong><em>APPENDIX</em></strong></span> <span class='ocrx_word' id='word_1_3' title='bbox 1527 353 1857 450; x_wconf 82' lang='lat' dir='ltr'><strong><em>OPERUM</em></strong></span> <span class='ocrx_word' id='word_1_4' title='bbox 1901 386 1966 448; x_wconf 93' lang='lat' dir='ltr'><strong><em>s.</em></strong></span> <span class='ocrx_word' id='word_1_5' title='bbox 2012 383 2324 450; x_wconf 87' lang='lat' dir='ltr'><strong><em>EUSEBII</em></strong></span> <span class='ocrx_word' id='word_1_6' title='bbox 2368 383 2834 450; x_wconf 84' lang='lat' dir='ltr'><strong><em>HIERONYMI.</em></strong></span> 
     </span>
    </p>
   </div>
   <div class='ocr_carea' id='block_1_3' title="bbox 3543 379 3659 442">
    <p class='ocr_par' dir='ltr' id='par_1_3' title="bbox 3543 379 3659 442">
     <span class='ocr_line' id='line_1_3' title="bbox 3543 379 3659 442; baseline 0.034 -3"><span class='ocrx_word' id='word_1_7' title='bbox 3543 379 3659 442; x_wconf 90' lang='lat'><strong><em>788</em></strong></span> 
     </span>
    </p>
   </div>
   <div class='ocr_carea' id='block_1_4' title="bbox 2609 548 2941 559">
    <p class='ocr_par' dir='ltr' id='par_1_4' title="bbox 2609 548 2941 559">
     <span class='ocr_line' id='line_1_4' title="bbox 2609 548 2941 559; baseline -0.003 -4"><span class='ocrx_word' id='word_1_8' title='bbox 2609 548 2941 559; x_wconf 76' lang='lat'><strong><em>_——.</em></strong></span> 
     </span>
    </p>
   </div>
   <div class='ocr_carea' id='block_1_5' title="bbox 258 543 3634 606">
    <p class='ocr_par' dir='ltr' id='par_1_5' title="bbox 258 543 3634 606">
     <span class='ocr_line' id='line_1_5' title="bbox 258 543 3634 606; baseline -0.003 0"><span class='ocrx_word' id='word_1_9' title='bbox 258 543 3634 606; x_wconf 40' lang='lat' dir='ltr'><strong><em>“ﬁ</em></strong></span> 
     </span>
    </p>
   </div>
   <div class='ocr_carea' id='block_1_6' title="bbox 1509 743 2425 846">
    <p class='ocr_par' dir='ltr' id='par_1_6' title="bbox 1509 743 2425 846">
     <span class='ocr_line' id='line_1_6' title="bbox 1509 743 2425 846; baseline -0.001 -2"><span class='ocrx_word' id='word_1_10' title='bbox 1509 743 2425 846; x_wconf 68' lang='lat' dir='ltr'><strong><em>APPENDIX.</em></strong></span> 
     </span>
    </p>
   </div>
   <div class='ocr_carea' id='block_1_7' title="bbox 975 997 2941 1075">
    <p class='ocr_par' dir='ltr' id='par_1_7' title="bbox 975 997 2941 1075">
     <span class='ocr_line' id='line_1_7' title="bbox 975 997 2941 1075; baseline -0.001 -9"><span class='ocrx_word' id='word_1_11' title='bbox 975 1000 1500 1068; x_wconf 88' lang='lat' dir='ltr'><strong><em>ADMONITIO</em></strong></span> <span class='ocrx_word' id='word_1_12' title='bbox 1569 998 1668 1064; x_wconf 92' lang='lat' dir='ltr'><strong><em>IN</em></strong></span> <span class='ocrx_word' id='word_1_13' title='bbox 1737 997 2285 1065; x_wconf 85' lang='lat' dir='ltr'><strong><em>TRACTATUM</em></strong></span> <span class='ocrx_word' id='word_1_14' title='bbox 2354 999 2941 1075; x_wconf 89' lang='lat' dir='ltr'><strong><em>SEQUENTEM.</em></strong></span> 
     </span>
    </p>
   </div>
   <div class='ocr_carea' id='block_1_8' title="bbox 336 1364 3674 1445">
    <p class='ocr_par' dir='ltr' id='par_1_8' title="bbox 336 1364 3674 1445">
     <span class='ocr_line' id='line_1_8' title="bbox 336 1364 3674 1445; baseline -0.002 -17"><span class='ocrx_word' id='word_1_15' title='bbox 336 1371 627 1445; x_wconf 75' lang='lat' dir='ltr'><strong><em>Appendix</em></strong></span> <span class='ocrx_word' id='word_1_16' title='bbox 655 1370 787 1425; x_wconf 89' lang='lat' dir='ltr'><strong><em>tomi</em></strong></span> <span class='ocrx_word' id='word_1_17' title='bbox 815 1368 965 1423; x_wconf 77' lang='lat' dir='ltr'><strong><em>tertii</em></strong></span> <span class='ocrx_word' id='word_1_18' title='bbox 1000 1367 1352 1422; x_wconf 75' lang='lat' dir='ltr'><strong><em>Vallarsianae</em></strong></span> <span class='ocrx_word' id='word_1_19' title='bbox 1383 1364 1657 1435; x_wconf 76' lang='lat' dir='ltr'><strong><em>editionis,</em></strong></span> <span class='ocrx_word' id='word_1_20' title='bbox 1698 1373 1905 1437; x_wconf 69' lang='lat' dir='ltr'><strong><em>praeter</em></strong></span> <span class='ocrx_word' id='word_1_21' title='bbox 1946 1369 2242 1421; x_wconf 90' lang='lat' dir='ltr'><strong><em>tractatum</em></strong></span> <span class='ocrx_word' id='word_1_22' title='bbox 2269 1371 2577 1438; x_wconf 81' lang='lat' dir='ltr'><strong><em>sequentem</em></strong></span> <span class='ocrx_word' id='word_1_23' title='bbox 2615 1368 2676 1422; x_wconf 88' lang='lat' dir='ltr'><strong><em>in</em></strong></span> <span class='ocrx_word' id='word_1_24' title='bbox 2705 1369 3143 1422; x_wconf 66' lang='lat' dir='ltr'><strong><em>Lamentationes</em></strong></span> <span class='ocrx_word' id='word_1_25' title='bbox 3172 1368 3443 1434; x_wconf 66' lang='lat' dir='ltr'><strong><em>Jeremiae,</em></strong></span> <span class='ocrx_word' id='word_1_26' title='bbox 3486 1370 3548 1421; x_wconf 85' lang='lat' dir='ltr'><strong><em>in</em></strong></span> <span class='ocrx_word' id='word_1_27' title='bbox 3576 1368 3674 1423; x_wconf 75' lang='lat' dir='ltr'><strong><em>Job</em></strong></span> 
     </span>
    </p>
   </div>
   <div class='ocr_carea' id='block_1_9' title="bbox 267 1454 3673 1526">
    <p class='ocr_par' dir='ltr' id='par_1_9' title="bbox 267 1454 3673 1526">
     <span class='ocr_line' id='line_1_9' title="bbox 267 1454 3673 1526; baseline -0.003 -7"><span class='ocrx_word' id='word_1_28' title='bbox 267 1461 689 1519; x_wconf 83' lang='lat' dir='ltr'><strong><em>Commentarios</em></strong></span> <span class='ocrx_word' id='word_1_29' title='bbox 719 1457 904 1513; x_wconf 65' lang='lat' dir='ltr'><strong><em>dubiae</em></strong></span> <span class='ocrx_word' id='word_1_30' title='bbox 949 1456 1080 1526; x_wconf 85' lang='lat' dir='ltr'><strong><em>ﬁdei</em></strong></span> <span class='ocrx_word' id='word_1_31' title='bbox 1117 1455 1444 1510; x_wconf 77' lang='lat' dir='ltr'><strong><em>continebat.</em></strong></span> <span class='ocrx_word' id='word_1_32' title='bbox 1497 1455 1601 1511; x_wconf 83' lang='lat' dir='ltr'><strong><em>Sed</em></strong></span> <span class='ocrx_word' id='word_1_33' title='bbox 1630 1454 2080 1525; x_wconf 83' lang='lat' dir='ltr'><strong><em>quemadmodum</em></strong></span> <span class='ocrx_word' id='word_1_34' title='bbox 2112 1455 2331 1510; x_wconf 86' lang='lat' dir='ltr'><strong><em>Italicus</em></strong></span> <span class='ocrx_word' id='word_1_35' title='bbox 2376 1454 2553 1510; x_wconf 85' lang='lat' dir='ltr'><strong><em>editor</em></strong></span> <span class='ocrx_word' id='word_1_36' title='bbox 2602 1455 2696 1509; x_wconf 85' lang='lat' dir='ltr'><strong><em>hos</em></strong></span> <span class='ocrx_word' id='word_1_37' title='bbox 2727 1457 3144 1510; x_wconf 75' lang='lat' dir='ltr'><strong><em>commentarios</em></strong></span> <span class='ocrx_word' id='word_1_38' title='bbox 3175 1455 3256 1509; x_wconf 85' lang='lat' dir='ltr'><strong><em>ibi</em></strong></span> <span class='ocrx_word' id='word_1_39' title='bbox 3281 1456 3580 1510; x_wconf 85' lang='lat' dir='ltr'><strong><em>collocarat</em></strong></span> <span class='ocrx_word' id='word_1_40' title='bbox 3613 1460 3673 1510; x_wconf 91' lang='lat' dir='ltr'><strong><em>ut</em></strong></span> 
     </span>
    </p>
   </div>
   <div class='ocr_carea' id='block_1_10' title="bbox 263 1543 3674 1616">
    <p class='ocr_par' dir='ltr' id='par_1_10' title="bbox 263 1543 3674 1616">
     <span class='ocr_line' id='line_1_10' title="bbox 263 1543 3674 1616; baseline -0.003 -9"><span class='ocrx_word' id='word_1_41' title='bbox 263 1553 499 1608; x_wconf 83' lang='lat' dir='ltr'><strong><em>nimiam</em></strong></span> <span class='ocrx_word' id='word_1_42' title='bbox 525 1548 821 1604; x_wconf 82' lang='lat' dir='ltr'><strong><em>voluminis</em></strong></span> <span class='ocrx_word' id='word_1_43' title='bbox 851 1546 1160 1601; x_wconf 86' lang='lat' dir='ltr'><strong><em>exilitatem</em></strong></span> <span class='ocrx_word' id='word_1_44' title='bbox 1189 1545 1487 1615; x_wconf 72' lang='lat' dir='ltr'><strong><em>effugeret:</em></strong></span> <span class='ocrx_word' id='word_1_45' title='bbox 1515 1544 1595 1597; x_wconf 85' lang='lat' dir='ltr'><strong><em>sic</em></strong></span> <span class='ocrx_word' id='word_1_46' title='bbox 1620 1559 1736 1610; x_wconf 90' lang='lat' dir='ltr'><strong><em>nos,</em></strong></span> <span class='ocrx_word' id='word_1_47' title='bbox 1777 1543 1963 1598; x_wconf 85' lang='lat' dir='ltr'><strong><em>lectori</em></strong></span> <span class='ocrx_word' id='word_1_48' title='bbox 1991 1543 2058 1598; x_wconf 92' lang='lat' dir='ltr'><strong><em>ab</em></strong></span> <span class='ocrx_word' id='word_1_49' title='bbox 2089 1545 2432 1600; x_wconf 87' lang='lat' dir='ltr'><strong><em>incommoda</em></strong></span> <span class='ocrx_word' id='word_1_50' title='bbox 2461 1545 2753 1600; x_wconf 83' lang='lat' dir='ltr'><strong><em>voluminis</em></strong></span> <span class='ocrx_word' id='word_1_51' title='bbox 2782 1544 3143 1616; x_wconf 85' lang='lat' dir='ltr'><strong><em>amplitudine</em></strong></span> <span class='ocrx_word' id='word_1_52' title='bbox 3183 1553 3571 1616; x_wconf 63' lang='lat' dir='ltr'><strong><em>praecaventes,</em></strong></span> <span class='ocrx_word' id='word_1_53' title='bbox 3603 1546 3674 1599; x_wconf 87' lang='lat' dir='ltr'><strong><em>ad</em></strong></span> 
     </span>
    </p>
   </div>
   <div class='ocr_carea' id='block_1_11' title="bbox 260 1631 2436 1708">
    <p class='ocr_par' dir='ltr' id='par_1_11' title="bbox 260 1631 2436 1708">
     <span class='ocr_line' id='line_1_11' title="bbox 260 1631 2436 1708; baseline -0.004 -14"><span class='ocrx_word' id='word_1_54' title='bbox 260 1642 468 1698; x_wconf 89' lang='lat' dir='ltr'><strong><em>tomum</em></strong></span> <span class='ocrx_word' id='word_1_55' title='bbox 496 1638 807 1708; x_wconf 84' lang='lat' dir='ltr'><strong><em>sequentem</em></strong></span> <span class='ocrx_word' id='word_1_56' title='bbox 837 1649 922 1689; x_wconf 88' lang='lat' dir='ltr'><strong><em>eos</em></strong></span> <span class='ocrx_word' id='word_1_57' title='bbox 953 1633 1258 1704; x_wconf 88' lang='lat' dir='ltr'><strong><em>rejecimus.</em></strong></span> <span class='ocrx_word' id='word_1_58' title='bbox 1293 1631 1559 1686; x_wconf 76' lang='lat' dir='ltr'><strong><em>Cxterum</em></strong></span> <span class='ocrx_word' id='word_1_59' title='bbox 1588 1632 1800 1686; x_wconf 85' lang='lat' dir='ltr'><strong><em>rationi</em></strong></span> <span class='ocrx_word' id='word_1_60' title='bbox 1825 1631 2032 1701; x_wconf 78' lang='lat' dir='ltr'><strong><em>favebit</em></strong></span> <span class='ocrx_word' id='word_1_61' title='bbox 2063 1635 2436 1703; x_wconf 86' lang='lat' dir='ltr'><strong><em>transpositio.</em></strong></span> 
     </span>
    </p>
   </div>
   <div class='ocr_carea' id='block_1_12' title="bbox 337 1719 3678 1797">
    <p class='ocr_par' dir='ltr' id='par_1_12' title="bbox 337 1719 3678 1797">
     <span class='ocr_line' id='line_1_12' title="bbox 337 1719 3678 1797; baseline -0.001 -16"><span class='ocrx_word' id='word_1_62' title='bbox 337 1725 490 1797; x_wconf 83' lang='lat' dir='ltr'><strong><em>Quod</em></strong></span> <span class='ocrx_word' id='word_1_63' title='bbox 517 1741 645 1780; x_wconf 92' lang='lat' dir='ltr'><strong><em>vero</em></strong></span> <span class='ocrx_word' id='word_1_64' title='bbox 673 1726 875 1794; x_wconf 86' lang='lat' dir='ltr'><strong><em>spectat</em></strong></span> <span class='ocrx_word' id='word_1_65' title='bbox 901 1721 972 1775; x_wconf 88' lang='lat' dir='ltr'><strong><em>ad</em></strong></span> <span class='ocrx_word' id='word_1_66' title='bbox 1003 1719 1522 1775; x_wconf 86' lang='lat' dir='ltr'><strong><em>Commentariolum</em></strong></span> <span class='ocrx_word' id='word_1_67' title='bbox 1563 1720 1624 1772; x_wconf 88' lang='lat' dir='ltr'><strong><em>in</em></strong></span> <span class='ocrx_word' id='word_1_68' title='bbox 1652 1721 2111 1789; x_wconf 81' lang='lat' dir='ltr'><strong><em>Lamentationes,</em></strong></span> <span class='ocrx_word' id='word_1_69' title='bbox 2147 1722 2401 1791; x_wconf 86' lang='lat' dir='ltr'><strong><em>loquatur</em></strong></span> <span class='ocrx_word' id='word_1_70' title='bbox 2427 1721 2623 1777; x_wconf 68' lang='lat' dir='ltr'><strong><em>editor.</em></strong></span> <span class='ocrx_word' id='word_1_71' title='bbox 2659 1722 2853 1786; x_wconf 87' lang='lat' dir='ltr'><strong><em>Porro,</em></strong></span> <span class='ocrx_word' id='word_1_72' title='bbox 2890 1724 3092 1793; x_wconf 84' lang='lat' dir='ltr'><strong><em>inquit,</em></strong></span> <span class='ocrx_word' id='word_1_73' title='bbox 3137 1726 3447 1779; x_wconf 88' lang='lat' dir='ltr'><strong><em>tractatum</em></strong></span> <span class='ocrx_word' id='word_1_74' title='bbox 3476 1723 3536 1778; x_wconf 88' lang='lat' dir='ltr'><strong><em>in</em></strong></span> <span class='ocrx_word' id='word_1_75' title='bbox 3567 1726 3678 1779; x_wconf 85' lang='lat' dir='ltr'><strong><em>La-</em></strong></span> 
     </span>
    </p>
   </div>
   <div class='ocr_carea' id='block_1_13' title="bbox 263 1807 3673 1881">
    <p class='ocr_par' dir='ltr' id='par_1_13' title="bbox 263 1807 3673 1881">
     <span class='ocr_line' id='line_1_13' title="bbox 263 1807 3673 1881; baseline -0.002 -7"><span class='ocrx_word' id='word_1_76' title='bbox 263 1817 620 1874; x_wconf 82' lang='lat' dir='ltr'><strong><em>mentationes</em></strong></span> <span class='ocrx_word' id='word_1_77' title='bbox 665 1812 919 1868; x_wconf 70' lang='lat' dir='ltr'><strong><em>Ieremia?</em></strong></span> <span class='ocrx_word' id='word_1_78' title='bbox 967 1810 1241 1865; x_wconf 87' lang='lat' dir='ltr'><strong><em>Erasmus</em></strong></span> <span class='ocrx_word' id='word_1_79' title='bbox 1274 1807 1330 1862; x_wconf 90' lang='lat' dir='ltr'><strong><em>in</em></strong></span> <span class='ocrx_word' id='word_1_80' title='bbox 1363 1808 1554 1878; x_wconf 82' lang='lat' dir='ltr'><strong><em>priore</em></strong></span> <span class='ocrx_word' id='word_1_81' title='bbox 1585 1824 1694 1862; x_wconf 89' lang='lat' dir='ltr'><strong><em>sua</em></strong></span> <span class='ocrx_word' id='word_1_82' title='bbox 1721 1807 1974 1863; x_wconf 86' lang='lat' dir='ltr'><strong><em>editione</em></strong></span> <span class='ocrx_word' id='word_1_83' title='bbox 2006 1814 2375 1865; x_wconf 80' lang='lat' dir='ltr'><strong><em>recensuerat</em></strong></span> <span class='ocrx_word' id='word_1_84' title='bbox 2403 1810 2555 1864; x_wconf 90' lang='lat' dir='ltr'><strong><em>inter</em></strong></span> <span class='ocrx_word' id='word_1_85' title='bbox 2584 1809 2786 1881; x_wconf 82' lang='lat' dir='ltr'><strong><em>gnesia</em></strong></span> <span class='ocrx_word' id='word_1_86' title='bbox 2815 1826 2949 1865; x_wconf 89' lang='lat' dir='ltr'><strong><em>cum</em></strong></span> <span class='ocrx_word' id='word_1_87' title='bbox 2981 1810 3220 1881; x_wconf 86' lang='lat' dir='ltr'><strong><em>reliquis</em></strong></span> <span class='ocrx_word' id='word_1_88' title='bbox 3251 1811 3439 1867; x_wconf 91' lang='lat' dir='ltr'><strong><em>tribus</em></strong></span> <span class='ocrx_word' id='word_1_89' title='bbox 3481 1811 3673 1866; x_wconf 85' lang='lat' dir='ltr'><strong><em>libris.</em></strong></span> 
     </span>
    </p>
   </div>
   <div class='ocr_carea' id='block_1_14' title="bbox 265 1897 3676 1974">
    <p class='ocr_par' dir='ltr' id='par_1_14' title="bbox 265 1897 3676 1974">
     <span class='ocr_line' id='line_1_14' title="bbox 265 1897 3676 1974; baseline -0.002 -10"><span class='ocrx_word' id='word_1_90' title='bbox 265 1907 518 1964; x_wconf 88' lang='lat' dir='ltr'><strong><em>Edoctus</em></strong></span> <span class='ocrx_word' id='word_1_91' title='bbox 551 1906 641 1959; x_wconf 89' lang='lat' dir='ltr'><strong><em>est</em></strong></span> <span class='ocrx_word' id='word_1_92' title='bbox 670 1899 1046 1974; x_wconf 83' lang='lat' dir='ltr'><strong><em>postmodum</em></strong></span> <span class='ocrx_word' id='word_1_93' title='bbox 1076 1914 1204 1954; x_wconf 88' lang='lat' dir='ltr'><strong><em>esse</em></strong></span> <span class='ocrx_word' id='word_1_94' title='bbox 1235 1897 1392 1952; x_wconf 83' lang='lat' dir='ltr'><strong><em>istud</em></strong></span> <span class='ocrx_word' id='word_1_95' title='bbox 1426 1897 1618 1968; x_wconf 89' lang='lat' dir='ltr'><strong><em>operis</em></strong></span> <span class='ocrx_word' id='word_1_96' title='bbox 1649 1900 1752 1952; x_wconf 91' lang='lat' dir='ltr'><strong><em>aut</em></strong></span> <span class='ocrx_word' id='word_1_97' title='bbox 1780 1901 1933 1952; x_wconf 90' lang='lat' dir='ltr'><strong><em>certe</em></strong></span> <span class='ocrx_word' id='word_1_98' title='bbox 1962 1898 2142 1953; x_wconf 90' lang='lat' dir='ltr'><strong><em>videri</em></strong></span> <span class='ocrx_word' id='word_1_99' title='bbox 2172 1899 2360 1965; x_wconf 75' lang='lat' dir='ltr'><strong><em>Bedes,</em></strong></span> <span class='ocrx_word' id='word_1_100' title='bbox 2395 1900 2568 1969; x_wconf 87' lang='lat' dir='ltr'><strong><em>cujus</em></strong></span> <span class='ocrx_word' id='word_1_101' title='bbox 2588 1899 2698 1954; x_wconf 89' lang='lat' dir='ltr'><strong><em>hoc</em></strong></span> <span class='ocrx_word' id='word_1_102' title='bbox 2725 1899 3084 1971; x_wconf 75' lang='lat' dir='ltr'><strong><em>praecipuum</em></strong></span> <span class='ocrx_word' id='word_1_103' title='bbox 3110 1899 3218 1955; x_wconf 78' lang='lat' dir='ltr'><strong><em>fuit</em></strong></span> <span class='ocrx_word' id='word_1_104' title='bbox 3237 1900 3499 1955; x_wconf 78' lang='lat' dir='ltr'><strong><em>studium</em></strong></span> <span class='ocrx_word' id='word_1_105' title='bbox 3523 1906 3587 1957; x_wconf 88' lang='lat' dir='ltr'><strong><em>ut</em></strong></span> <span class='ocrx_word' id='word_1_106' title='bbox 3607 1919 3676 1957; x_wconf 86' lang='lat' dir='ltr'><strong><em>ex</em></strong></span> 
     </span>
    </p>
   </div>
   <div class='ocr_carea' id='block_1_15' title="bbox 264 1984 3672 2061">
    <p class='ocr_par' dir='ltr' id='par_1_15' title="bbox 264 1984 3672 2061">
     <span class='ocr_line' id='line_1_15' title="bbox 264 1984 3672 2061; baseline -0.002 -9"><span class='ocrx_word' id='word_1_107' title='bbox 264 1996 541 2052; x_wconf 80' lang='lat' dir='ltr'><strong><em>Veterum</em></strong></span> <span class='ocrx_word' id='word_1_108' title='bbox 569 1990 738 2047; x_wconf 87' lang='lat' dir='ltr'><strong><em>libris</em></strong></span> <span class='ocrx_word' id='word_1_109' title='bbox 767 1991 1097 2046; x_wconf 78' lang='lat' dir='ltr'><strong><em>contexeret</em></strong></span> <span class='ocrx_word' id='word_1_110' title='bbox 1125 2002 1367 2043; x_wconf 89' lang='lat' dir='ltr'><strong><em>suorum</em></strong></span> <span class='ocrx_word' id='word_1_111' title='bbox 1397 1984 1951 2041; x_wconf 89' lang='lat' dir='ltr'><strong><em>commentariorum</em></strong></span> <span class='ocrx_word' id='word_1_112' title='bbox 1983 1985 2163 2042; x_wconf 86' lang='lat' dir='ltr'><strong><em>veluti</em></strong></span> <span class='ocrx_word' id='word_1_113' title='bbox 2195 1990 2490 2052; x_wconf 86' lang='lat' dir='ltr'><strong><em>centones,</em></strong></span> <span class='ocrx_word' id='word_1_114' title='bbox 2524 1987 2584 2042; x_wconf 91' lang='lat' dir='ltr'><strong><em>in</em></strong></span> <span class='ocrx_word' id='word_1_115' title='bbox 2617 1986 2833 2059; x_wconf 85' lang='lat' dir='ltr'><strong><em>quibus</em></strong></span> <span class='ocrx_word' id='word_1_116' title='bbox 2865 1989 3129 2060; x_wconf 82' lang='lat' dir='ltr'><strong><em>quaedam</em></strong></span> <span class='ocrx_word' id='word_1_117' title='bbox 3162 1988 3418 2061; x_wconf 86' lang='lat' dir='ltr'><strong><em>reperias</em></strong></span> <span class='ocrx_word' id='word_1_118' title='bbox 3439 1990 3509 2046; x_wconf 88' lang='lat' dir='ltr'><strong><em>de</em></strong></span> <span class='ocrx_word' id='word_1_119' title='bbox 3531 1989 3672 2047; x_wconf 84' lang='lat' dir='ltr'><strong><em>alio-</em></strong></span> 
     </span>
    </p>
   </div>
   <div class='ocr_carea' id='block_1_16' title="bbox 268 2073 1530 2146">
    <p class='ocr_par' dir='ltr' id='par_1_16' title="bbox 268 2073 1530 2146">
     <span class='ocr_line' id='line_1_16' title="bbox 268 2073 1530 2146; baseline -0.012 -3"><span class='ocrx_word' id='word_1_120' title='bbox 268 2101 403 2142; x_wconf 85' lang='lat' dir='ltr'><strong><em>rum</em></strong></span> <span class='ocrx_word' id='word_1_121' title='bbox 432 2078 810 2140; x_wconf 88' lang='lat' dir='ltr'><strong><em>monimentis</em></strong></span> <span class='ocrx_word' id='word_1_122' title='bbox 841 2078 914 2135; x_wconf 89' lang='lat' dir='ltr'><strong><em>ad</em></strong></span> <span class='ocrx_word' id='word_1_123' title='bbox 943 2075 1186 2132; x_wconf 88' lang='lat' dir='ltr'><strong><em>verbum</em></strong></span> <span class='ocrx_word' id='word_1_124' title='bbox 1216 2073 1530 2146; x_wconf 87' lang='lat' dir='ltr'><strong><em>descripta.</em></strong></span> 
     </span>
    </p>
   </div>
   <div class='ocr_carea' id='block_1_17' title="bbox 1014 2418 2931 2519">
    <p class='ocr_par' dir='ltr' id='par_1_17' title="bbox 1014 2418 2931 2519">
     <span class='ocr_line' id='line_1_17' title="bbox 1014 2418 2931 2519; baseline -0.002 -1"><span class='ocrx_word' id='word_1_125' title='bbox 1014 2423 1144 2519; x_wconf 95' lang='lat' dir='ltr'><strong><em>IN</em></strong></span> <span class='ocrx_word' id='word_1_126' title='bbox 1207 2418 2264 2518; x_wconf 87' lang='lat' dir='ltr'><strong><em>LAMENTATIONES</em></strong></span> <span class='ocrx_word' id='word_1_127' title='bbox 2329 2419 2931 2516; x_wconf 76' lang='lat' dir='ltr'><strong><em>JEBEMLE.</em></strong></span> 
     </span>
    </p>
   </div>
   <div class='ocr_carea' id='block_1_18' title="bbox 1769 2633 2192 2647">
    <p class='ocr_par' dir='ltr' id='par_1_18' title="bbox 1769 2633 2192 2647">
     <span class='ocr_line' id='line_1_18' title="bbox 1769 2633 2192 2647; baseline -0.005 -1"><span class='ocrx_word' id='word_1_128' title='bbox 1769 2633 2192 2647; x_wconf 70' lang='lat'><strong><em>—_—-—__</em></strong></span> 
     </span>
    </p>
   </div>
   <div class='ocr_carea' id='block_1_19' title="bbox 348 2805 3684 2882">
    <p class='ocr_par' dir='ltr' id='par_1_19' title="bbox 348 2805 3684 2882">
     <span class='ocr_line' id='line_1_19' title="bbox 348 2805 3684 2882; baseline -0.001 -14"><span class='ocrx_word' id='word_1_129' title='bbox 348 2814 416 2868; x_wconf 89' lang='lat' dir='ltr'><strong><em>Et</em></strong></span> <span class='ocrx_word' id='word_1_130' title='bbox 453 2815 664 2882; x_wconf 77' lang='lat' dir='ltr'><strong><em>[actum</em></strong></span> <span class='ocrx_word' id='word_1_131' title='bbox 705 2814 783 2865; x_wconf 88' lang='lat' dir='ltr'><strong><em>est</em></strong></span> <span class='ocrx_word' id='word_1_132' title='bbox 809 2814 1097 2882; x_wconf 84' lang='lat' dir='ltr'><strong><em>postquam</em></strong></span> <span class='ocrx_word' id='word_1_133' title='bbox 1127 2810 1187 2862; x_wconf 91' lang='lat' dir='ltr'><strong><em>in</em></strong></span> <span class='ocrx_word' id='word_1_134' title='bbox 1215 2810 1588 2882; x_wconf 78' lang='lat' dir='ltr'><strong><em>captivitatem</em></strong></span> <span class='ocrx_word' id='word_1_135' title='bbox 1616 2807 1809 2882; x_wconf 82' lang='lat' dir='ltr'><strong><em>ductus</em></strong></span> <span class='ocrx_word' id='word_1_136' title='bbox 1849 2816 1929 2862; x_wconf 91' lang='lat' dir='ltr'><strong><em>est</em></strong></span> <span class='ocrx_word' id='word_1_137' title='bbox 1957 2811 2012 2877; x_wconf 80' lang='grc' dir='ltr'><strong>Α</strong></span> <span class='ocrx_word' id='word_1_138' title='bbox 2039 2805 2216 2882; x_wconf 89' lang='lat' dir='ltr'><strong><em>vidua</em></strong></span> <span class='ocrx_word' id='word_1_139' title='bbox 2244 2822 2310 2862; x_wconf 89' lang='lat' dir='ltr'><strong><em>ex</em></strong></span> <span class='ocrx_word' id='word_1_140' title='bbox 2339 2808 2479 2882; x_wconf 77' lang='lat' dir='ltr'><strong><em>toto,</em></strong></span> <span class='ocrx_word' id='word_1_141' title='bbox 2528 2805 2629 2882; x_wconf 86' lang='lat' dir='ltr'><strong><em>sed</em></strong></span> <span class='ocrx_word' id='word_1_142' title='bbox 2661 2805 2828 2877; x_wconf 90' lang='lat' dir='ltr'><strong><em>quasi</em></strong></span> <span class='ocrx_word' id='word_1_143' title='bbox 2858 2806 3068 2882; x_wconf 77' lang='lat' dir='ltr'><strong><em>vidua;</em></strong></span> <span class='ocrx_word' id='word_1_144' title='bbox 3115 2805 3251 2877; x_wconf 86' lang='lat' dir='ltr'><strong><em>quia</em></strong></span> <span class='ocrx_word' id='word_1_145' title='bbox 3279 2807 3366 2861; x_wconf 91' lang='lat' dir='ltr'><strong><em>vir</em></strong></span> <span class='ocrx_word' id='word_1_146' title='bbox 3394 2823 3541 2882; x_wconf 88' lang='lat' dir='ltr'><strong><em>suus</em></strong></span> <span class='ocrx_word' id='word_1_147' title='bbox 3572 2809 3684 2882; x_wconf 88' lang='lat' dir='ltr'><strong><em>mi-</em></strong></span> 
     </span>
    </p>
   </div>
   <div class='ocr_carea' id='block_1_20' title="bbox 278 2878 1926 2948">
    <p class='ocr_par' dir='ltr' id='par_1_20' title="bbox 278 2878 1926 2948">
     <span class='ocr_line' id='line_1_20' title="bbox 278 2878 1926 2948; baseline -0.004 -10"><span class='ocrx_word' id='word_1_148' title='bbox 278 2878 471 2948; x_wconf 80' lang='lat' dir='ltr'><strong><em>Israel,</em></strong></span> <span class='ocrx_word' id='word_1_149' title='bbox 514 2883 567 2936; x_wconf 87' lang='lat' dir='ltr'><strong><em>et</em></strong></span> <span class='ocrx_word' id='word_1_150' title='bbox 611 2878 912 2936; x_wconf 80' lang='lat' dir='ltr'><strong><em>Jerusalem</em></strong></span> <span class='ocrx_word' id='word_1_151' title='bbox 941 2878 1165 2934; x_wconf 76' lang='lat' dir='ltr'><strong><em>deserta</em></strong></span> <span class='ocrx_word' id='word_1_152' title='bbox 1192 2883 1288 2944; x_wconf 84' lang='lat' dir='ltr'><strong><em>est,</em></strong></span> <span class='ocrx_word' id='word_1_153' title='bbox 1319 2878 1458 2934; x_wconf 84' lang='lat' dir='ltr'><strong><em>sedit</em></strong></span> <span class='ocrx_word' id='word_1_154' title='bbox 1484 2881 1748 2934; x_wconf 87' lang='lat' dir='ltr'><strong><em>Jeremias</em></strong></span> <span class='ocrx_word' id='word_1_155' title='bbox 1773 2880 1926 2948; x_wconf 85' lang='lat' dir='ltr'><strong><em>ﬂens,</em></strong></span> 
     </span>
    </p>
   </div>
   <div class='ocr_carea' id='block_1_21' title="bbox 279 2950 1929 3023">
    <p class='ocr_par' dir='ltr' id='par_1_21' title="bbox 279 2950 1929 3023">
     <span class='ocr_line' id='line_1_21' title="bbox 279 2950 1929 3023; baseline -0.004 -14"><span class='ocrx_word' id='word_1_156' title='bbox 279 2961 335 3010; x_wconf 89' lang='lat' dir='ltr'><strong><em>et</em></strong></span> <span class='ocrx_word' id='word_1_157' title='bbox 361 2953 583 3023; x_wconf 85' lang='lat' dir='ltr'><strong><em>planxit</em></strong></span> <span class='ocrx_word' id='word_1_158' title='bbox 612 2951 1061 3023; x_wconf 76' lang='lat' dir='ltr'><strong><em>lamentationem</em></strong></span> <span class='ocrx_word' id='word_1_159' title='bbox 1081 2950 1222 3023; x_wconf 84' lang='lat' dir='ltr'><strong><em>hanc</em></strong></span> <span class='ocrx_word' id='word_1_160' title='bbox 1242 2951 1302 3023; x_wconf 85' lang='lat' dir='ltr'><strong><em>in</em></strong></span> <span class='ocrx_word' id='word_1_161' title='bbox 1329 2951 1651 3023; x_wconf 79' lang='lat' dir='ltr'><strong><em>Jerusalem,</em></strong></span> <span class='ocrx_word' id='word_1_162' title='bbox 1679 2958 1730 3004; x_wconf 89' lang='lat' dir='ltr'><strong><em>et</em></strong></span> <span class='ocrx_word' id='word_1_163' title='bbox 1747 2950 1891 3023; x_wconf 84' lang='lat' dir='ltr'><strong><em>dixit</em></strong></span> <span class='ocrx_word' id='word_1_164' title='bbox 1911 2966 1929 3002; x_wconf 89' lang='lat'><em>:</em></span> 
     </span>
    </p>
   </div>
   <div class='ocr_carea' id='block_1_22' title="bbox 276 3019 1928 3094">
    <p class='ocr_par' dir='ltr' id='par_1_22' title="bbox 276 3019 1928 3094">
     <span class='ocr_line' id='line_1_22' title="bbox 276 3019 1928 3094; baseline -0.004 -14"><span class='ocrx_word' id='word_1_165' title='bbox 276 3019 505 3094; x_wconf 64' lang='grc' dir='ltr'><strong><em>ΑιὲρΙι.Δ</em></strong></span> <span class='ocrx_word' id='word_1_166' title='bbox 541 3019 1017 3094; x_wconf 26' lang='grc' dir='ltr'><strong><em>Οιιοτηοάολδειίει</em></strong></span> <span class='ocrx_word' id='word_1_167' title='bbox 1071 3022 1191 3094; x_wconf 78' lang='lat' dir='ltr'><strong><em>sola</em></strong></span> <span class='ocrx_word' id='word_1_168' title='bbox 1243 3022 1435 3094; x_wconf 79' lang='lat' dir='ltr'><strong><em>civitas</em></strong></span> <span class='ocrx_word' id='word_1_169' title='bbox 1488 3021 1928 3094; x_wconf 73' lang='lat' dir='ltr'><strong><em>plenapgpulo.</em></strong></span> 
     </span>
    </p>
   </div>
   <div class='ocr_carea' id='block_1_23' title="bbox 278 3090 1931 3150">
    <p class='ocr_par' dir='ltr' id='par_1_23' title="bbox 278 3090 1931 3150">
     <span class='ocr_line' id='line_1_23' title="bbox 278 3090 1931 3150; baseline -0.002 0"><span class='ocrx_word' id='word_1_170' title='bbox 278 3090 444 3150; x_wconf 76' lang='lat' dir='ltr'><strong><em>Sicut</em></strong></span> <span class='ocrx_word' id='word_1_171' title='bbox 492 3091 644 3146; x_wconf 89' lang='lat' dir='ltr'><strong><em>inter</em></strong></span> <span class='ocrx_word' id='word_1_172' title='bbox 695 3090 893 3146; x_wconf 83' lang='lat' dir='ltr'><strong><em>omnia</em></strong></span> <span class='ocrx_word' id='word_1_173' title='bbox 939 3091 1165 3146; x_wconf 87' lang='lat' dir='ltr'><strong><em>cantica</em></strong></span> <span class='ocrx_word' id='word_1_174' title='bbox 1211 3091 1420 3146; x_wconf 86' lang='lat' dir='ltr'><strong><em>veteris</em></strong></span> <span class='ocrx_word' id='word_1_175' title='bbox 1461 3090 1518 3146; x_wconf 86' lang='lat' dir='ltr'><strong><em>et</em></strong></span> <span class='ocrx_word' id='word_1_176' title='bbox 1565 3090 1931 3146; x_wconf 52' lang='lat' dir='ltr'><strong><em>novi&#39;Testa-</em></strong></span> 
     </span>
    </p>
   </div>
   <div class='ocr_carea' id='block_1_24' title="bbox 283 3161 1930 3234">
    <p class='ocr_par' dir='ltr' id='par_1_24' title="bbox 283 3161 1930 3234">
     <span class='ocr_line' id='line_1_24' title="bbox 283 3161 1930 3234; baseline -0.002 -14"><span class='ocrx_word' id='word_1_177' title='bbox 283 3162 488 3234; x_wconf 85' lang='lat' dir='ltr'><strong><em>menti,</em></strong></span> <span class='ocrx_word' id='word_1_178' title='bbox 523 3161 843 3234; x_wconf 86' lang='lat' dir='ltr'><strong><em>primatum</em></strong></span> <span class='ocrx_word' id='word_1_179' title='bbox 868 3161 1344 3234; x_wconf 81' lang='lat' dir='ltr'><strong><em>tenetCanticum</em></strong></span> <span class='ocrx_word' id='word_1_180' title='bbox 1364 3163 1522 3234; x_wconf 89' lang='lat' dir='ltr'><strong><em>quod</em></strong></span> <span class='ocrx_word' id='word_1_181' title='bbox 1546 3161 1818 3217; x_wconf 89' lang='lat' dir='ltr'><strong><em>Salomon</em></strong></span> <span class='ocrx_word' id='word_1_182' title='bbox 1839 3179 1930 3218; x_wconf 88' lang='lat' dir='ltr'><strong><em>ce-</em></strong></span> 
     </span>
    </p>
   </div>
   <div class='ocr_carea' id='block_1_25' title="bbox 281 3231 1935 3304">
    <p class='ocr_par' dir='ltr' id='par_1_25' title="bbox 281 3231 1935 3304">
     <span class='ocr_line' id='line_1_25' title="bbox 281 3231 1935 3304; baseline -0.002 -13"><span class='ocrx_word' id='word_1_183' title='bbox 281 3234 427 3291; x_wconf 87' lang='lat' dir='ltr'><strong><em>cinit</em></strong></span> <span class='ocrx_word' id='word_1_184' title='bbox 454 3231 797 3304; x_wconf 66' lang='lat' dir='ltr'><strong><em>inpersona</em></strong></span> <span class='ocrx_word' id='word_1_185' title='bbox 825 3232 1037 3289; x_wconf 86' lang='lat' dir='ltr'><strong><em>Christi</em></strong></span> <span class='ocrx_word' id='word_1_186' title='bbox 1070 3237 1127 3287; x_wconf 90' lang='lat' dir='ltr'><strong><em>et</em></strong></span> <span class='ocrx_word' id='word_1_187' title='bbox 1156 3231 1444 3298; x_wconf 72' lang='lat' dir='ltr'><strong><em>Ecclesiae,</em></strong></span> <span class='ocrx_word' id='word_1_188' title='bbox 1499 3234 1557 3288; x_wconf 90' lang='lat' dir='ltr'><strong><em>in</em></strong></span> <span class='ocrx_word' id='word_1_189' title='bbox 1609 3238 1837 3288; x_wconf 88' lang='lat' dir='ltr'><strong><em>tantum</em></strong></span> <span class='ocrx_word' id='word_1_190' title='bbox 1869 3238 1935 3287; x_wconf 91' lang='lat' dir='ltr'><strong><em>ut</em></strong></span> 
     </span>
    </p>
   </div>
   <div class='ocr_carea' id='block_1_26' title="bbox 281 3303 1932 3380">
    <p class='ocr_par' dir='ltr' id='par_1_26' title="bbox 281 3303 1932 3380">
     <span class='ocr_line' id='line_1_26' title="bbox 281 3303 1932 3380; baseline -0.002 -19"><span class='ocrx_word' id='word_1_191' title='bbox 281 3322 400 3380; x_wconf 70' lang='lat' dir='ltr'><strong><em>prie</em></strong></span> <span class='ocrx_word' id='word_1_192' title='bbox 422 3303 828 3380; x_wconf 76' lang='lat' dir='ltr'><strong><em>magnitudine</em></strong></span> <span class='ocrx_word' id='word_1_193' title='bbox 849 3304 940 3380; x_wconf 77' lang='lat' dir='ltr'><strong><em>sui</em></strong></span> <span class='ocrx_word' id='word_1_194' title='bbox 959 3304 1263 3380; x_wconf 62' lang='lat' dir='ltr'><strong><em>pantieum</em></strong></span> <span class='ocrx_word' id='word_1_195' title='bbox 1286 3304 1657 3380; x_wconf 73' lang='lat' dir='ltr'><strong><em>Canticorum</em></strong></span> <span class='ocrx_word' id='word_1_196' title='bbox 1680 3304 1932 3380; x_wconf 52' lang='lat' dir='ltr'><strong><em>agisne-</em></strong></span> 
     </span>
    </p>
   </div>
   <div class='ocr_carea' id='block_1_27' title="bbox 280 3374 1932 3433">
    <p class='ocr_par' dir='ltr' id='par_1_27' title="bbox 280 3374 1932 3433">
     <span class='ocr_line' id='line_1_27' title="bbox 280 3374 1932 3433; baseline -0.002 0"><span class='ocrx_word' id='word_1_197' title='bbox 280 3374 417 3433; x_wconf 71' lang='lat' dir='ltr'><strong><em>tur:</em></strong></span> <span class='ocrx_word' id='word_1_198' title='bbox 449 3374 706 3431; x_wconf 58' lang='lat' dir='ltr'><strong><em>ita&#39;inter</em></strong></span> <span class='ocrx_word' id='word_1_199' title='bbox 734 3374 931 3430; x_wconf 89' lang='lat' dir='ltr'><strong><em>omnia</em></strong></span> <span class='ocrx_word' id='word_1_200' title='bbox 959 3374 1216 3430; x_wconf 82' lang='lat' dir='ltr'><strong><em>lamenta</em></strong></span> <span class='ocrx_word' id='word_1_201' title='bbox 1245 3375 1454 3431; x_wconf 85' lang='lat' dir='ltr'><strong><em>veteris</em></strong></span> <span class='ocrx_word' id='word_1_202' title='bbox 1487 3380 1543 3431; x_wconf 91' lang='lat' dir='ltr'><strong><em>et</em></strong></span> <span class='ocrx_word' id='word_1_203' title='bbox 1572 3375 1704 3430; x_wconf 90' lang='lat' dir='ltr'><strong><em>novi</em></strong></span> <span class='ocrx_word' id='word_1_204' title='bbox 1718 3374 1932 3430; x_wconf 45' lang='lat' dir='ltr'><strong><em>‘Testa-</em></strong></span> 
     </span>
    </p>
   </div>
   <div class='ocr_carea' id='block_1_28' title="bbox 283 3445 1931 3518">
    <p class='ocr_par' dir='ltr' id='par_1_28' title="bbox 283 3445 1931 3518">
     <span class='ocr_line' id='line_1_28' title="bbox 283 3445 1931 3518; baseline -0.002 -14"><span class='ocrx_word' id='word_1_205' title='bbox 283 3446 470 3504; x_wconf 91' lang='lat' dir='ltr'><strong><em>menti</em></strong></span> <span class='ocrx_word' id='word_1_206' title='bbox 490 3447 957 3502; x_wconf 83' lang='lat' dir='ltr'><strong><em>Lamentationes</em></strong></span> <span class='ocrx_word' id='word_1_207' title='bbox 978 3445 1241 3518; x_wconf 84' lang='lat' dir='ltr'><strong><em>Jeremiae</em></strong></span> <span class='ocrx_word' id='word_1_208' title='bbox 1266 3447 1583 3518; x_wconf 82' lang='lat' dir='ltr'><strong><em>primatum</em></strong></span> <span class='ocrx_word' id='word_1_209' title='bbox 1611 3447 1931 3518; x_wconf 88' lang='lat' dir='ltr'><strong><em>possident,</em></strong></span> 
     </span>
    </p>
   </div>
   <div class='ocr_carea' id='block_1_29' title="bbox 283 3517 1930 3589">
    <p class='ocr_par' dir='ltr' id='par_1_29' title="bbox 283 3517 1930 3589">
     <span class='ocr_line' id='line_1_29' title="bbox 283 3517 1930 3589; baseline -0.001 -15"><span class='ocrx_word' id='word_1_210' title='bbox 283 3518 347 3589; x_wconf 88' lang='lat' dir='ltr'><strong><em>in</em></strong></span> <span class='ocrx_word' id='word_1_211' title='bbox 372 3523 601 3574; x_wconf 86' lang='lat' dir='ltr'><strong><em>tantum</em></strong></span> <span class='ocrx_word' id='word_1_212' title='bbox 629 3521 698 3589; x_wconf 89' lang='lat' dir='ltr'><strong><em>ut</em></strong></span> <span class='ocrx_word' id='word_1_213' title='bbox 715 3522 868 3573; x_wconf 91' lang='lat' dir='ltr'><strong><em>recte</em></strong></span> <span class='ocrx_word' id='word_1_214' title='bbox 890 3517 1118 3589; x_wconf 86' lang='lat' dir='ltr'><strong><em>possint</em></strong></span> <span class='ocrx_word' id='word_1_215' title='bbox 1139 3517 1601 3589; x_wconf 75' lang='lat' dir='ltr'><strong><em>Lamentationes</em></strong></span> <span class='ocrx_word' id='word_1_216' title='bbox 1627 3519 1930 3573; x_wconf 88' lang='lat' dir='ltr'><strong><em>Lamenta-</em></strong></span> 
     </span>
    </p>
   </div>
   <div class='ocr_carea' id='block_1_30' title="bbox 284 3588 1935 3660">
    <p class='ocr_par' dir='ltr' id='par_1_30' title="bbox 284 3588 1935 3660">
     <span class='ocr_line' id='line_1_30' title="bbox 284 3588 1935 3660; baseline -0.001 -15"><span class='ocrx_word' id='word_1_217' title='bbox 284 3588 515 3646; x_wconf 86' lang='lat' dir='ltr'><strong><em>tionum</em></strong></span> <span class='ocrx_word' id='word_1_218' title='bbox 534 3588 839 3660; x_wconf 88' lang='lat' dir='ltr'><strong><em>appellari.</em></strong></span> <span class='ocrx_word' id='word_1_219' title='bbox 857 3588 1169 3644; x_wconf 79' lang='lat' dir='ltr'><strong><em>Sciendum</em></strong></span> <span class='ocrx_word' id='word_1_220' title='bbox 1191 3588 1441 3660; x_wconf 86' lang='lat' dir='ltr'><strong><em>denique</em></strong></span> <span class='ocrx_word' id='word_1_221' title='bbox 1462 3594 1550 3645; x_wconf 91' lang='lat' dir='ltr'><strong><em>est</em></strong></span> <span class='ocrx_word' id='word_1_222' title='bbox 1566 3589 1671 3644; x_wconf 87' lang='lat' dir='ltr'><strong><em>has</em></strong></span> <span class='ocrx_word' id='word_1_223' title='bbox 1695 3590 1935 3644; x_wconf 89' lang='lat' dir='ltr'><strong><em>Lamen-</em></strong></span> 
     </span>
    </p>
   </div>
   <div class='ocr_carea' id='block_1_31' title="bbox 284 3660 1933 3730">
    <p class='ocr_par' dir='ltr' id='par_1_31' title="bbox 284 3660 1933 3730">
     <span class='ocr_line' id='line_1_31' title="bbox 284 3660 1933 3730; baseline 0 -14"><span class='ocrx_word' id='word_1_224' title='bbox 284 3660 559 3725; x_wconf 87' lang='lat' dir='ltr'><strong><em>tationes,</em></strong></span> <span class='ocrx_word' id='word_1_225' title='bbox 594 3676 741 3730; x_wconf 89' lang='lat' dir='ltr'><strong><em>quas</em></strong></span> <span class='ocrx_word' id='word_1_226' title='bbox 771 3660 950 3715; x_wconf 56' lang='lat' dir='ltr'><strong><em>Graeci</em></strong></span> <span class='ocrx_word' id='word_1_227' title='bbox 981 3661 1241 3716; x_wconf 90' lang='lat' dir='ltr'><strong><em>Threnos</em></strong></span> <span class='ocrx_word' id='word_1_228' title='bbox 1273 3665 1498 3727; x_wconf 88' lang='lat' dir='ltr'><strong><em>vocant,</em></strong></span> <span class='ocrx_word' id='word_1_229' title='bbox 1543 3661 1766 3716; x_wconf 86' lang='lat' dir='ltr'><strong><em>ratione</em></strong></span> <span class='ocrx_word' id='word_1_230' title='bbox 1815 3677 1933 3716; x_wconf 90' lang='lat' dir='ltr'><strong><em>me-</em></strong></span> 
     </span>
    </p>
   </div>
   <div class='ocr_carea' id='block_1_32' title="bbox 179 3731 1934 3812">
    <p class='ocr_par' dir='ltr' id='par_1_32' title="bbox 179 3731 1934 3812">
     <span class='ocr_line' id='line_1_32' title="bbox 179 3731 1934 3812; baseline -0.001 -25"><span class='ocrx_word' id='word_1_231' title='bbox 179 3793 186 3796; x_wconf 98' lang='lat'>_</span> <span class='ocrx_word' id='word_1_232' title='bbox 285 3731 363 3787; x_wconf 90' lang='lat' dir='ltr'><strong><em>tri</em></strong></span> <span class='ocrx_word' id='word_1_233' title='bbox 395 3733 550 3812; x_wconf 86' lang='lat' dir='ltr'><strong><em>apud</em></strong></span> <span class='ocrx_word' id='word_1_234' title='bbox 581 3732 855 3812; x_wconf 61' lang='lat' dir='ltr'><strong><em>Hebraea</em></strong></span> <span class='ocrx_word' id='word_1_235' title='bbox 887 3731 1242 3812; x_wconf 70' lang='lat' dir='ltr'><strong><em>compositas</em></strong></span> <span class='ocrx_word' id='word_1_236' title='bbox 1273 3748 1402 3812; x_wconf 76' lang='lat' dir='ltr'><strong><em>esse</em></strong></span> <span class='ocrx_word' id='word_1_237' title='bbox 1426 3748 1438 3788; x_wconf 91' lang='lat'>:</span> <span class='ocrx_word' id='word_1_238' title='bbox 1458 3735 1530 3812; x_wconf 39' lang='lat' dir='ltr'><strong><em>.et</em></strong></span> <span class='ocrx_word' id='word_1_239' title='bbox 1560 3732 1618 3812; x_wconf 68' lang='lat' dir='ltr'><strong><em>in</em></strong></span> <span class='ocrx_word' id='word_1_240' title='bbox 1651 3731 1934 3812; x_wconf 78' lang='lat' dir='ltr'><strong><em>principio</em></strong></span> 
     </span>
    </p>
   </div>
   <div class='ocr_carea' id='block_1_33' title="bbox 289 3802 1938 3874">
    <p class='ocr_par' dir='ltr' id='par_1_33' title="bbox 289 3802 1938 3874">
     <span class='ocr_line' id='line_1_33' title="bbox 289 3802 1938 3874; baseline -0.001 -16"><span class='ocrx_word' id='word_1_241' title='bbox 289 3802 556 3858; x_wconf 89' lang='lat' dir='ltr'><strong><em>omnium</em></strong></span> <span class='ocrx_word' id='word_1_242' title='bbox 580 3802 1337 3874; x_wconf 79' lang='lat' dir='ltr'><strong><em>sententiarum,alphabeti</em></strong></span> <span class='ocrx_word' id='word_1_243' title='bbox 1358 3803 1540 3858; x_wconf 88' lang='lat' dir='ltr'><strong><em>series</em></strong></span> <span class='ocrx_word' id='word_1_244' title='bbox 1556 3802 1832 3858; x_wconf 83' lang='lat' dir='ltr'><strong><em>distincta</em></strong></span> <span class='ocrx_word' id='word_1_245' title='bbox 1849 3802 1938 3858; x_wconf 86' lang='lat' dir='ltr'><strong><em>est</em></strong></span> 
     </span>
    </p>
   </div>
   <div class='ocr_carea' id='block_1_34' title="bbox 332 3873 1934 3945">
    <p class='ocr_par' dir='ltr' id='par_1_34' title="bbox 332 3873 1934 3945">
     <span class='ocr_line' id='line_1_34' title="bbox 332 3873 1934 3945; baseline 0 -16"><span class='ocrx_word' id='word_1_246' title='bbox 332 3889 395 3929; x_wconf 90' lang='lat' dir='ltr'><strong><em>er</em></strong></span> <span class='ocrx_word' id='word_1_247' title='bbox 414 3874 676 3945; x_wconf 86' lang='lat' dir='ltr'><strong><em>ordinem</em></strong></span> <span class='ocrx_word' id='word_1_248' title='bbox 700 3891 713 3940; x_wconf 90' lang='lat'><strong>;</strong></span> <span class='ocrx_word' id='word_1_249' title='bbox 742 3875 844 3929; x_wconf 91' lang='lat' dir='ltr'><strong><em>sed</em></strong></span> <span class='ocrx_word' id='word_1_250' title='bbox 868 3873 1153 3944; x_wconf 86' lang='lat' dir='ltr'><strong><em>interpres</em></strong></span> <span class='ocrx_word' id='word_1_251' title='bbox 1175 3873 1275 3945; x_wconf 92' lang='lat' dir='ltr'><strong><em>qui</em></strong></span> <span class='ocrx_word' id='word_1_252' title='bbox 1292 3874 1597 3945; x_wconf 85' lang='lat' dir='ltr'><strong><em>transtulit</em></strong></span> <span class='ocrx_word' id='word_1_253' title='bbox 1618 3891 1715 3930; x_wconf 87' lang='lat' dir='ltr'><strong><em>eas</em></strong></span> <span class='ocrx_word' id='word_1_254' title='bbox 1736 3875 1807 3928; x_wconf 90' lang='lat' dir='ltr'><strong><em>de</em></strong></span> <span class='ocrx_word' id='word_1_255' title='bbox 1828 3874 1934 3929; x_wconf 90' lang='lat' dir='ltr'><strong><em>He-</em></strong></span> 
     </span>
    </p>
   </div>
   <div class='ocr_carea' id='block_1_35' title="bbox 286 3890 1936 4014">
    <p class='ocr_par' dir='ltr' id='par_1_35' title="bbox 286 3890 1936 4014">
     <span class='ocr_line' id='line_1_35' title="bbox 332 3890 1934 3945; baseline 0 -16"><span class='ocrx_word' id='word_1_256' title='bbox 332 3890 395 3929; x_wconf 91' lang='lat' dir='ltr'><strong><em>er</em></strong></span> <span class='ocrx_word' id='word_1_257' title='bbox 414 3890 676 3928; x_wconf 81' lang='lat' dir='ltr'><strong><em>ormnem</em></strong></span> <span class='ocrx_word' id='word_1_258' title='bbox 700 3891 713 3940; x_wconf 90' lang='lat'><strong>;</strong></span> <span class='ocrx_word' id='word_1_259' title='bbox 742 3890 844 3929; x_wconf 86' lang='lat' dir='ltr'><strong><em>seu</em></strong></span> <span class='ocrx_word' id='word_1_260' title='bbox 868 3890 1153 3944; x_wconf 81' lang='lat' dir='ltr'><strong><em>interpres</em></strong></span> <span class='ocrx_word' id='word_1_261' title='bbox 1175 3891 1275 3945; x_wconf 75' lang='lat' dir='ltr'><strong><em>qui</em></strong></span> <span class='ocrx_word' id='word_1_262' title='bbox 1298 3890 1597 3930; x_wconf 74' lang='lat' dir='ltr'><strong><em>transtulit</em></strong></span> <span class='ocrx_word' id='word_1_263' title='bbox 1618 3891 1715 3930; x_wconf 87' lang='lat' dir='ltr'><strong><em>eas</em></strong></span> <span class='ocrx_word' id='word_1_264' title='bbox 1736 3890 1807 3928; x_wconf 82' lang='lat' dir='ltr'><strong><em>ne</em></strong></span> <span class='ocrx_word' id='word_1_265' title='bbox 1829 3890 1934 3929; x_wconf 81' lang='lat' dir='ltr'><strong><em>ne-</em></strong></span> 
     </span>
     <span class='ocr_line' id='line_1_36' title="bbox 286 3890 1936 4014; baseline -0.001 -14"><span class='ocrx_word' id='word_1_266' title='bbox 286 3890 440 4000; x_wconf 62' lang='lat' dir='ltr'><strong><em>Erteo</em></strong></span> <span class='ocrx_word' id='word_1_267' title='bbox 463 3945 520 3998; x_wconf 90' lang='lat' dir='ltr'><strong><em>in</em></strong></span> <span class='ocrx_word' id='word_1_268' title='bbox 545 3944 838 4014; x_wconf 90' lang='lat' dir='ltr'><strong><em>Latinum,</em></strong></span> <span class='ocrx_word' id='word_1_269' title='bbox 863 3945 1051 4000; x_wconf 89' lang='lat' dir='ltr'><strong><em>noluit</em></strong></span> <span class='ocrx_word' id='word_1_270' title='bbox 1071 3961 1264 4000; x_wconf 89' lang='lat' dir='ltr'><strong><em>moras</em></strong></span> <span class='ocrx_word' id='word_1_271' title='bbox 1285 3944 1598 4011; x_wconf 88' lang='lat' dir='ltr'><strong><em>innectere,</em></strong></span> <span class='ocrx_word' id='word_1_272' title='bbox 1625 3951 1688 4000; x_wconf 90' lang='lat' dir='ltr'><strong><em>ut</em></strong></span> <span class='ocrx_word' id='word_1_273' title='bbox 1707 3945 1816 4001; x_wconf 89' lang='lat' dir='ltr'><strong><em>hoc</em></strong></span> <span class='ocrx_word' id='word_1_274' title='bbox 1837 3947 1936 4001; x_wconf 92' lang='lat' dir='ltr'><strong><em>ob-</em></strong></span> 
     </span>
    </p>
   </div>
   <div class='ocr_carea' id='block_1_36' title="bbox 290 4015 1937 4079">
    <p class='ocr_par' dir='ltr' id='par_1_36' title="bbox 290 4015 1937 4079">
     <span class='ocr_line' id='line_1_37' title="bbox 290 4015 1937 4079; baseline 0 -9"><span class='ocrx_word' id='word_1_275' title='bbox 290 4019 568 4079; x_wconf 86' lang='lat' dir='ltr'><strong><em>servaret,</em></strong></span> <span class='ocrx_word' id='word_1_276' title='bbox 617 4016 718 4070; x_wconf 90' lang='lat' dir='ltr'><strong><em>sed</em></strong></span> <span class='ocrx_word' id='word_1_277' title='bbox 760 4017 1171 4071; x_wconf 88' lang='lat' dir='ltr'><strong><em>tantummodo</em></strong></span> <span class='ocrx_word' id='word_1_278' title='bbox 1201 4015 1491 4071; x_wconf 87' lang='lat' dir='ltr'><strong><em>elementa</em></strong></span> <span class='ocrx_word' id='word_1_279' title='bbox 1519 4016 1845 4071; x_wconf 86' lang='lat' dir='ltr'><strong><em>litterarum</em></strong></span> <span class='ocrx_word' id='word_1_280' title='bbox 1879 4016 1937 4070; x_wconf 91' lang='lat' dir='ltr'><strong><em>in</em></strong></span> 
     </span>
    </p>
   </div>
   <div class='ocr_carea' id='block_1_37' title="bbox 290 4085 1938 4159">
    <p class='ocr_par' dir='ltr' id='par_1_37' title="bbox 290 4085 1938 4159">
     <span class='ocr_line' id='line_1_38' title="bbox 290 4085 1938 4159; baseline 0.001 -19"><span class='ocrx_word' id='word_1_281' title='bbox 290 4085 582 4159; x_wconf 75' lang='lat' dir='ltr'><strong><em>principio</em></strong></span> <span class='ocrx_word' id='word_1_282' title='bbox 610 4087 823 4157; x_wconf 88' lang='lat' dir='ltr'><strong><em>posuit,</em></strong></span> <span class='ocrx_word' id='word_1_283' title='bbox 848 4087 984 4159; x_wconf 80' lang='lat' dir='ltr'><strong><em>quia</em></strong></span> <span class='ocrx_word' id='word_1_284' title='bbox 1006 4103 1213 4159; x_wconf 85' lang='lat' dir='ltr'><strong><em>sensus</em></strong></span> <span class='ocrx_word' id='word_1_285' title='bbox 1236 4088 1537 4142; x_wconf 66' lang='lat' dir='ltr'><strong><em>sementim</em></strong></span> <span class='ocrx_word' id='word_1_286' title='bbox 1563 4105 1632 4142; x_wconf 89' lang='lat' dir='ltr'><strong><em>ex</em></strong></span> <span class='ocrx_word' id='word_1_287' title='bbox 1657 4088 1938 4159; x_wconf 90' lang='lat' dir='ltr'><strong><em>interpre-</em></strong></span> 
     </span>
    </p>
   </div>
   <div class='ocr_carea' id='block_1_38' title="bbox 285 4156 1941 4231">
    <p class='ocr_par' dir='ltr' id='par_1_38' title="bbox 285 4156 1941 4231">
     <span class='ocr_line' id='line_1_39' title="bbox 285 4156 1941 4231; baseline 0.001 -18"><span class='ocrx_word' id='word_1_288' title='bbox 285 4156 505 4213; x_wconf 78' lang='lat' dir='ltr'><strong><em>tatione</em></strong></span> <span class='ocrx_word' id='word_1_289' title='bbox 525 4156 728 4231; x_wconf 59' lang='lat' dir='ltr'><strong><em>litteris</em></strong></span> <span class='ocrx_word' id='word_1_290' title='bbox 754 4158 988 4231; x_wconf 53' lang='lat' dir='ltr'><strong><em>pendet:</em></strong></span> <span class='ocrx_word' id='word_1_291' title='bbox 1011 4158 1117 4231; x_wconf 75' lang='lat' dir='ltr'><strong><em>Sed</em></strong></span> <span class='ocrx_word' id='word_1_292' title='bbox 1141 4158 1316 4231; x_wconf 77' lang='lat' dir='ltr'><strong><em>etiam</em></strong></span> <span class='ocrx_word' id='word_1_293' title='bbox 1341 4159 1450 4213; x_wconf 90' lang='lat' dir='ltr'><strong><em>hoc</em></strong></span> <span class='ocrx_word' id='word_1_294' title='bbox 1474 4159 1777 4231; x_wconf 88' lang='lat' dir='ltr'><strong><em>sciendum</em></strong></span> <span class='ocrx_word' id='word_1_295' title='bbox 1803 4156 1941 4231; x_wconf 78' lang='lat' dir='ltr'><strong><em>quia</em></strong></span> 
     </span>
    </p>
   </div>
   <div class='ocr_carea' id='block_1_39' title="bbox 328 4227 1933 4301">
    <p class='ocr_par' dir='ltr' id='par_1_39' title="bbox 328 4227 1933 4301">
     <span class='ocr_line' id='line_1_40' title="bbox 328 4227 1933 4301; baseline 0.001 -18"><span class='ocrx_word' id='word_1_296' title='bbox 328 4233 535 4301; x_wconf 81' lang='lat' dir='ltr'><strong><em>essunt</em></strong></span> <span class='ocrx_word' id='word_1_297' title='bbox 555 4227 676 4282; x_wconf 67' lang='lat' dir='ltr'><strong><em>haec</em></strong></span> <span class='ocrx_word' id='word_1_298' title='bbox 697 4227 954 4301; x_wconf 77' lang='lat' dir='ltr'><strong><em>lamenta</em></strong></span> <span class='ocrx_word' id='word_1_299' title='bbox 974 4227 1354 4301; x_wconf 75' lang='lat' dir='ltr'><strong><em>historialiter</em></strong></span> <span class='ocrx_word' id='word_1_300' title='bbox 1379 4231 1577 4285; x_wconf 85' lang='lat' dir='ltr'><strong><em>referri</em></strong></span> <span class='ocrx_word' id='word_1_301' title='bbox 1611 4229 1682 4301; x_wconf 86' lang='lat' dir='ltr'><strong><em>ad</em></strong></span> <span class='ocrx_word' id='word_1_302' title='bbox 1707 4227 1933 4301; x_wconf 78' lang='lat' dir='ltr'><strong><em>plebem</em></strong></span> 
     </span>
    </p>
   </div>
   <div class='ocr_carea' id='block_1_40' title="bbox 314 4298 1934 4370">
    <p class='ocr_par' dir='ltr' id='par_1_40' title="bbox 314 4298 1934 4370">
     <span class='ocr_line' id='line_1_41' title="bbox 314 4298 1934 4370; baseline 0.001 -16"><span class='ocrx_word' id='word_1_303' title='bbox 314 4299 694 4370; x_wconf 86' lang='lat' dir='ltr'><strong><em>sraeliticam,</em></strong></span> <span class='ocrx_word' id='word_1_304' title='bbox 727 4298 1110 4370; x_wconf 86' lang='lat' dir='ltr'><strong><em>spiritualiter</em></strong></span> <span class='ocrx_word' id='word_1_305' title='bbox 1139 4315 1292 4366; x_wconf 90' lang='lat' dir='ltr'><strong><em>vero,</em></strong></span> <span class='ocrx_word' id='word_1_306' title='bbox 1342 4301 1515 4356; x_wconf 87' lang='lat' dir='ltr'><strong><em>etiam</em></strong></span> <span class='ocrx_word' id='word_1_307' title='bbox 1550 4303 1621 4356; x_wconf 90' lang='lat' dir='ltr'><strong><em>ad</em></strong></span> <span class='ocrx_word' id='word_1_308' title='bbox 1654 4298 1934 4369; x_wconf 73' lang='lat' dir='ltr'><strong><em>litteram,</em></strong></span> 
     </span>
    </p>
   </div>
   <div class='ocr_carea' id='block_1_41' title="bbox 285 4369 1934 4442">
    <p class='ocr_par' dir='ltr' id='par_1_41' title="bbox 285 4369 1934 4442">
     <span class='ocr_line' id='line_1_42' title="bbox 285 4369 1934 4442; baseline 0.001 -18"><span class='ocrx_word' id='word_1_309' title='bbox 285 4373 344 4442; x_wconf 68' lang='lat' dir='ltr'><strong><em>et</em></strong></span> <span class='ocrx_word' id='word_1_310' title='bbox 373 4371 445 4442; x_wconf 83' lang='lat' dir='ltr'><strong><em>ad</em></strong></span> <span class='ocrx_word' id='word_1_311' title='bbox 477 4369 742 4442; x_wconf 83' lang='lat' dir='ltr'><strong><em>sanctam</em></strong></span> <span class='ocrx_word' id='word_1_312' title='bbox 764 4369 1090 4426; x_wconf 77' lang='lat' dir='ltr'><strong><em>Ecclesium</em></strong></span> <span class='ocrx_word' id='word_1_313' title='bbox 1125 4387 1251 4440; x_wconf 82' lang='lat' dir='ltr'><strong><em>quae</em></strong></span> <span class='ocrx_word' id='word_1_314' title='bbox 1281 4377 1370 4427; x_wconf 89' lang='lat' dir='ltr'><strong><em>est</em></strong></span> <span class='ocrx_word' id='word_1_315' title='bbox 1406 4373 1630 4438; x_wconf 88' lang='lat' dir='ltr'><strong><em>civitas,</em></strong></span> <span class='ocrx_word' id='word_1_316' title='bbox 1684 4377 1741 4426; x_wconf 91' lang='lat' dir='ltr'><strong><em>et</em></strong></span> <span class='ocrx_word' id='word_1_317' title='bbox 1769 4373 1934 4442; x_wconf 87' lang='lat' dir='ltr'><strong><em>plebs</em></strong></span> 
     </span>
    </p>
   </div>
   <div class='ocr_carea' id='block_1_42' title="bbox 282 4439 1752 4514">
    <p class='ocr_par' dir='ltr' id='par_1_42' title="bbox 282 4439 1752 4514">
     <span class='ocr_line' id='line_1_43' title="bbox 282 4439 1752 4514; baseline -0.001 -17"><span class='ocrx_word' id='word_1_318' title='bbox 282 4439 421 4514; x_wconf 76' lang='lat' dir='ltr'><strong><em>Dei,</em></strong></span> <span class='ocrx_word' id='word_1_319' title='bbox 443 4446 513 4514; x_wconf 79' lang='lat' dir='ltr'><strong><em>et</em></strong></span> <span class='ocrx_word' id='word_1_320' title='bbox 530 4440 835 4514; x_wconf 25' lang='lat' dir='ltr'><strong><em>moraliter.</em></strong></span> <span class='ocrx_word' id='word_1_321' title='bbox 855 4442 928 4514; x_wconf 86' lang='lat' dir='ltr'><strong><em>ad</em></strong></span> <span class='ocrx_word' id='word_1_322' title='bbox 962 4439 1441 4514; x_wconf 86' lang='lat' dir='ltr'><strong><em>unamquamque</em></strong></span> <span class='ocrx_word' id='word_1_323' title='bbox 1470 4444 1752 4514; x_wconf 83' lang='lat' dir='ltr'><strong><em>animam.</em></strong></span> 
     </span>
    </p>
   </div>
   <div class='ocr_carea' id='block_1_43' title="bbox 356 4511 1935 4594">
    <p class='ocr_par' dir='ltr' id='par_1_43' title="bbox 356 4511 1935 4594">
     <span class='ocr_line' id='line_1_44' title="bbox 356 4511 1935 4594; baseline -0.002 -26"><span class='ocrx_word' id='word_1_324' title='bbox 356 4511 548 4594; x_wconf 66' lang='lat' dir='ltr'><strong><em>Alepli.</em></strong></span> <span class='ocrx_word' id='word_1_325' title='bbox 610 4511 792 4594; x_wconf 35' lang='lat' dir='ltr'><strong><em>Alep‘h</em></strong></span> <span class='ocrx_word' id='word_1_326' title='bbox 852 4511 1275 4594; x_wconf 55' lang='lat' dir='ltr'><strong><em>interpretatur</em></strong></span> <span class='ocrx_word' id='word_1_327' title='bbox 1318 4511 1596 4594; x_wconf 66' lang='lat' dir='ltr'><strong><em>dpctrina.</em></strong></span> <span class='ocrx_word' id='word_1_328' title='bbox 1663 4511 1935 4594; x_wconf 81' lang='lat' dir='ltr'><strong><em>Doctrina</em></strong></span> 
     </span>
    </p>
   </div>
   <div class='ocr_carea' id='block_1_44' title="bbox 280 4583 1936 4655">
    <p class='ocr_par' dir='ltr' id='par_1_44' title="bbox 280 4583 1936 4655">
     <span class='ocr_line' id='line_1_45' title="bbox 280 4583 1936 4655; baseline -0.001 -17"><span class='ocrx_word' id='word_1_329' title='bbox 280 4597 418 4655; x_wconf 74' lang='lat' dir='ltr'><strong><em>vera</em></strong></span> <span class='ocrx_word' id='word_1_330' title='bbox 447 4583 538 4639; x_wconf 87' lang='lat' dir='ltr'><strong><em>est</em></strong></span> <span class='ocrx_word' id='word_1_331' title='bbox 567 4583 824 4654; x_wconf 82' lang='lat' dir='ltr'><strong><em>cognitio</em></strong></span> <span class='ocrx_word' id='word_1_332' title='bbox 856 4589 1067 4655; x_wconf 77' lang='lat' dir='ltr'><strong><em>sanctae</em></strong></span> <span class='ocrx_word' id='word_1_333' title='bbox 1097 4584 1420 4649; x_wconf 88' lang='lat' dir='ltr'><strong><em>Trinitatis,</em></strong></span> <span class='ocrx_word' id='word_1_334' title='bbox 1453 4591 1511 4639; x_wconf 89' lang='lat' dir='ltr'><strong><em>et</em></strong></span> <span class='ocrx_word' id='word_1_335' title='bbox 1542 4589 1604 4640; x_wconf 90' lang='lat' dir='ltr'><strong><em>ut</em></strong></span> <span class='ocrx_word' id='word_1_336' title='bbox 1625 4587 1936 4655; x_wconf 84' lang='lat' dir='ltr'><strong><em>cognoscat</em></strong></span> 
     </span>
    </p>
   </div>
   <div class='ocr_carea' id='block_1_45' title="bbox 283 4652 1932 4722">
    <p class='ocr_par' dir='ltr' id='par_1_45' title="bbox 283 4652 1932 4722">
     <span class='ocr_line' id='line_1_46' title="bbox 283 4652 1932 4722; baseline -0.001 -13"><span class='ocrx_word' id='word_1_337' title='bbox 283 4652 460 4709; x_wconf 91' lang='lat' dir='ltr'><strong><em>homo</em></strong></span> <span class='ocrx_word' id='word_1_338' title='bbox 492 4652 849 4709; x_wconf 40' lang='lat' dir='ltr'><strong><em>crem&#39;entum</em></strong></span> <span class='ocrx_word' id='word_1_339' title='bbox 884 4659 940 4710; x_wconf 90' lang='lat' dir='ltr'><strong><em>et</em></strong></span> <span class='ocrx_word' id='word_1_340' title='bbox 970 4654 1390 4711; x_wconf 88' lang='lat' dir='ltr'><strong><em>incrementum</em></strong></span> <span class='ocrx_word' id='word_1_341' title='bbox 1424 4657 1536 4722; x_wconf 90' lang='lat' dir='ltr'><strong><em>sui,</em></strong></span> <span class='ocrx_word' id='word_1_342' title='bbox 1591 4652 1839 4721; x_wconf 52' lang='lat' dir='ltr'><strong><em>hoc&#39;est,</em></strong></span> <span class='ocrx_word' id='word_1_343' title='bbox 1873 4654 1932 4708; x_wconf 90' lang='lat' dir='ltr'><strong><em>in</em></strong></span> 
     </span>
    </p>
   </div>
   <div class='ocr_carea' id='block_1_46' title="bbox 282 4725 1929 4851">
    <p class='ocr_par' dir='ltr' id='par_1_46' title="bbox 282 4725 1929 4851">
     <span class='ocr_line' id='line_1_47' title="bbox 282 4725 1929 4851; baseline 0.001 -71"><span class='ocrx_word' id='word_1_344' title='bbox 282 4725 502 4851; x_wconf 65' lang='lat' dir='ltr'><strong><em>guibus</em></strong></span> <span class='ocrx_word' id='word_1_345' title='bbox 521 4725 695 4781; x_wconf 89' lang='lat' dir='ltr'><strong><em>rebus</em></strong></span> <span class='ocrx_word' id='word_1_346' title='bbox 712 4725 1186 4797; x_wconf 89' lang='lat' dir='ltr'><strong><em>possitcrescere,</em></strong></span> <span class='ocrx_word' id='word_1_347' title='bbox 1200 4733 1255 4782; x_wconf 90' lang='lat' dir='ltr'><strong><em>et</em></strong></span> <span class='ocrx_word' id='word_1_348' title='bbox 1271 4727 1329 4781; x_wconf 92' lang='lat' dir='ltr'><strong><em>in</em></strong></span> <span class='ocrx_word' id='word_1_349' title='bbox 1348 4728 1564 4798; x_wconf 90' lang='lat' dir='ltr'><strong><em>quibus</em></strong></span> <span class='ocrx_word' id='word_1_350' title='bbox 1577 4726 1929 4781; x_wconf 88' lang='lat' dir='ltr'><strong><em>decrescere.</em></strong></span> 
     </span>
     <span class='ocr_line' id='line_1_48' title="bbox 326 4795 1929 4851; baseline 0 0"><span class='ocrx_word' id='word_1_351' title='bbox 326 4797 396 4851; x_wconf 90' lang='lat' dir='ltr'><strong><em>ed</em></strong></span> <span class='ocrx_word' id='word_1_352' title='bbox 411 4795 742 4851; x_wconf 70' lang='lat' dir='ltr'><strong><em>uuiaJudzei</em></strong></span> <span class='ocrx_word' id='word_1_353' title='bbox 757 4797 928 4851; x_wconf 90' lang='lat' dir='ltr'><strong><em>istam</em></strong></span> <span class='ocrx_word' id='word_1_354' title='bbox 947 4798 1337 4851; x_wconf 66' lang='lat' dir='ltr'><strong><em>cognitionem</em></strong></span> <span class='ocrx_word' id='word_1_355' title='bbox 1355 4797 1800 4851; x_wconf 87' lang='lat' dir='ltr'><strong><em>licethaberent.</em></strong></span> <span class='ocrx_word' id='word_1_356' title='bbox 1817 4814 1929 4851; x_wconf 92' lang='lat' dir='ltr'><strong><em>non</em></strong></span> 
     </span>
    </p>
   </div>
   <div class='ocr_carea' id='block_1_47' title="bbox 326 4795 1931 4868">
    <p class='ocr_par' dir='ltr' id='par_1_47' title="bbox 326 4795 1931 4868">
     <span class='ocr_line' id='line_1_49' title="bbox 326 4795 1931 4868; baseline 0 -16"><span class='ocrx_word' id='word_1_357' title='bbox 326 4797 396 4868; x_wconf 81' lang='lat' dir='ltr'><strong><em>ed</em></strong></span> <span class='ocrx_word' id='word_1_358' title='bbox 411 4795 742 4866; x_wconf 49' lang='lat' dir='ltr'><strong><em>quiaJudae&#39;i</em></strong></span> <span class='ocrx_word' id='word_1_359' title='bbox 757 4797 928 4868; x_wconf 89' lang='lat' dir='ltr'><strong><em>istam</em></strong></span> <span class='ocrx_word' id='word_1_360' title='bbox 947 4798 1337 4868; x_wconf 79' lang='lat' dir='ltr'><strong><em>cognitionem</em></strong></span> <span class='ocrx_word' id='word_1_361' title='bbox 1355 4795 1800 4866; x_wconf 40' lang='lat' dir='ltr'><strong><em>l—icethaberent,</em></strong></span> <span class='ocrx_word' id='word_1_362' title='bbox 1817 4814 1931 4852; x_wconf 90' lang='lat' dir='ltr'><strong><em>non</em></strong></span> 
     </span>
    </p>
   </div>
   <div class='ocr_carea' id='block_1_48' title="bbox 284 4866 1933 4941">
    <p class='ocr_par' dir='ltr' id='par_1_48' title="bbox 284 4866 1933 4941">
     <span class='ocr_line' id='line_1_50' title="bbox 284 4866 1933 4941; baseline 0.002 -20"><span class='ocrx_word' id='word_1_363' title='bbox 284 4866 738 4941; x_wconf 78' lang='lat' dir='ltr'><strong><em>observaverunt</em></strong></span> <span class='ocrx_word' id='word_1_364' title='bbox 754 4885 766 4922; x_wconf 89' lang='lat'><strong>:</strong></span> <span class='ocrx_word' id='word_1_365' title='bbox 793 4867 1005 4941; x_wconf 89' lang='lat' dir='ltr'><strong><em>idcirco</em></strong></span> <span class='ocrx_word' id='word_1_366' title='bbox 1025 4866 1176 4924; x_wconf 78' lang='lat' dir='ltr'><strong><em>sedit</em></strong></span> <span class='ocrx_word' id='word_1_367' title='bbox 1193 4874 1351 4933; x_wconf 89' lang='lat' dir='ltr'><strong><em>tunc,</em></strong></span> <span class='ocrx_word' id='word_1_368' title='bbox 1366 4875 1423 4925; x_wconf 89' lang='lat' dir='ltr'><strong><em>et</em></strong></span> <span class='ocrx_word' id='word_1_369' title='bbox 1439 4871 1600 4941; x_wconf 86' lang='lat' dir='ltr'><strong><em>sedet</em></strong></span> <span class='ocrx_word' id='word_1_370' title='bbox 1617 4869 1788 4941; x_wconf 85' lang='lat' dir='ltr'><strong><em>modo</em></strong></span> <span class='ocrx_word' id='word_1_371' title='bbox 1806 4869 1933 4941; x_wconf 83' lang='lat' dir='ltr'><strong><em>ipsa</em></strong></span> 
     </span>
    </p>
   </div>
   <div class='ocr_carea' id='block_1_49' title="bbox 284 4936 1932 5012">
    <p class='ocr_par' dir='ltr' id='par_1_49' title="bbox 284 4936 1932 5012">
     <span class='ocr_line' id='line_1_51' title="bbox 284 4936 1932 5012; baseline 0.002 -20"><span class='ocrx_word' id='word_1_372' title='bbox 284 4936 451 5012; x_wconf 81' lang='lat' dir='ltr'><strong><em>plebs</em></strong></span> <span class='ocrx_word' id='word_1_373' title='bbox 494 4937 638 4993; x_wconf 89' lang='lat' dir='ltr'><strong><em>sola.</em></strong></span> <span class='ocrx_word' id='word_1_374' title='bbox 687 4940 984 5012; x_wconf 81' lang='lat' dir='ltr'><strong><em>Quomodo</em></strong></span> <span class='ocrx_word' id='word_1_375' title='bbox 1016 4957 1150 5012; x_wconf 80' lang='lat' dir='ltr'><strong><em>ergo</em></strong></span> <span class='ocrx_word' id='word_1_376' title='bbox 1182 4941 1422 4996; x_wconf 89' lang='lat' dir='ltr'><strong><em>sedebat</em></strong></span> <span class='ocrx_word' id='word_1_377' title='bbox 1452 4940 1577 5012; x_wconf 85' lang='lat' dir='ltr'><strong><em>sola</em></strong></span> <span class='ocrx_word' id='word_1_378' title='bbox 1605 4936 1846 5012; x_wconf 53' lang='lat' dir='ltr'><strong><em>civitas;</em></strong></span> <span class='ocrx_word' id='word_1_379' title='bbox 1883 4939 1932 4995; x_wconf 89' lang='lat' dir='ltr'><strong><em>si</em></strong></span> 
     </span>
    </p>
   </div>
   <div class='ocr_carea' id='block_1_50' title="bbox 281 5007 1934 5133">
    <p class='ocr_par' dir='ltr' id='par_1_50' title="bbox 281 5007 1934 5133">
     <span class='ocr_line' id='line_1_52' title="bbox 281 5007 1934 5133; baseline 0.003 -71"><span class='ocrx_word' id='word_1_380' title='bbox 281 5007 459 5133; x_wconf 66' lang='lat' dir='ltr'><strong><em>plena</em></strong></span> <span class='ocrx_word' id='word_1_381' title='bbox 487 5014 609 5063; x_wconf 89' lang='lat' dir='ltr'><strong><em>erat</em></strong></span> <span class='ocrx_word' id='word_1_382' title='bbox 640 5009 896 5081; x_wconf 82' lang='lat' dir='ltr'><strong><em>populo?</em></strong></span> <span class='ocrx_word' id='word_1_383' title='bbox 926 5007 1245 5082; x_wconf 82' lang='lat' dir='ltr'><strong><em>Dupliciter</em></strong></span> <span class='ocrx_word' id='word_1_384' title='bbox 1266 5016 1454 5082; x_wconf 88' lang='lat' dir='ltr'><strong><em>potest</em></strong></span> <span class='ocrx_word' id='word_1_385' title='bbox 1473 5011 1616 5067; x_wconf 89' lang='lat' dir='ltr'><strong><em>solvi</em></strong></span> <span class='ocrx_word' id='word_1_386' title='bbox 1647 5030 1658 5067; x_wconf 91' lang='lat'>:</span> <span class='ocrx_word' id='word_1_387' title='bbox 1692 5007 1934 5067; x_wconf 85' lang='lat' dir='ltr'><strong><em>sedebat</em></strong></span> 
     </span>
     <span class='ocr_line' id='line_1_53' title="bbox 310 5079 1931 5133; baseline 0 0"><span class='ocrx_word' id='word_1_388' title='bbox 310 5095 425 5133; x_wconf 84' lang='lat' dir='ltr'><strong><em>uno</em></strong></span> <span class='ocrx_word' id='word_1_389' title='bbox 446 5079 590 5133; x_wconf 86' lang='lat' dir='ltr'><strong><em>sola.</em></strong></span> <span class='ocrx_word' id='word_1_390' title='bbox 613 5097 741 5133; x_wconf 75' lang='lat' dir='ltr'><strong><em>ausa</em></strong></span> <span class='ocrx_word' id='word_1_391' title='bbox 763 5083 1057 5133; x_wconf 81' lang='lat' dir='ltr'><strong><em>(mendam</em></strong></span> <span class='ocrx_word' id='word_1_392' title='bbox 1083 5082 1253 5133; x_wconf 86' lang='lat' dir='ltr'><strong><em>nlena</em></strong></span> <span class='ocrx_word' id='word_1_393' title='bbox 1273 5083 1460 5133; x_wconf 85' lang='lat' dir='ltr'><strong><em>fuerat</em></strong></span> <span class='ocrx_word' id='word_1_394' title='bbox 1480 5081 1694 5133; x_wconf 85' lang='lat' dir='ltr'><strong><em>nonulo</em></strong></span> <span class='ocrx_word' id='word_1_395' title='bbox 1709 5087 1931 5133; x_wconf 80' lang='lat' dir='ltr'><strong><em>temne-</em></strong></span> 
     </span>
    </p>
   </div>
   <div class='ocr_carea' id='block_1_51' title="bbox 310 5079 1931 5155">
    <p class='ocr_par' dir='ltr' id='par_1_51' title="bbox 310 5079 1931 5155">
     <span class='ocr_line' id='line_1_54' title="bbox 310 5079 1931 5155; baseline 0.001 -21"><span class='ocrx_word' id='word_1_396' title='bbox 310 5095 425 5155; x_wconf 75' lang='lat' dir='ltr'><strong><em>unc</em></strong></span> <span class='ocrx_word' id='word_1_397' title='bbox 446 5079 741 5155; x_wconf 52' lang='lat' dir='ltr'><strong><em>suaque</em></strong></span> <span class='ocrx_word' id='word_1_398' title='bbox 763 5079 1057 5155; x_wconf 83' lang='lat' dir='ltr'><strong><em>quondam</em></strong></span> <span class='ocrx_word' id='word_1_399' title='bbox 1082 5082 1253 5155; x_wconf 85' lang='lat' dir='ltr'><strong><em>plena</em></strong></span> <span class='ocrx_word' id='word_1_400' title='bbox 1268 5079 1460 5155; x_wconf 69' lang='lat' dir='ltr'><strong><em>iuerat</em></strong></span> <span class='ocrx_word' id='word_1_401' title='bbox 1480 5081 1694 5155; x_wconf 88' lang='lat' dir='ltr'><strong><em>populo</em></strong></span> <span class='ocrx_word' id='word_1_402' title='bbox 1709 5087 1931 5155; x_wconf 84' lang='lat' dir='ltr'><strong><em>tempo-</em></strong></span> 
     </span>
    </p>
   </div>
   <div class='ocr_carea' id='block_1_52' title="bbox 281 5148 1927 5225">
    <p class='ocr_par' dir='ltr' id='par_1_52' title="bbox 281 5148 1927 5225">
     <span class='ocr_line' id='line_1_55' title="bbox 281 5148 1927 5225; baseline 0.003 -20"><span class='ocrx_word' id='word_1_403' title='bbox 281 5148 448 5225; x_wconf 81' lang='lat' dir='ltr'><strong><em>ribus</em></strong></span> <span class='ocrx_word' id='word_1_404' title='bbox 471 5148 657 5225; x_wconf 82' lang='lat' dir='ltr'><strong><em>David</em></strong></span> <span class='ocrx_word' id='word_1_405' title='bbox 679 5155 736 5225; x_wconf 75' lang='lat' dir='ltr'><strong><em>et</em></strong></span> <span class='ocrx_word' id='word_1_406' title='bbox 756 5148 1106 5225; x_wconf 71' lang='lat' dir='ltr'><strong><em>Salomonis.</em></strong></span> <span class='ocrx_word' id='word_1_407' title='bbox 1132 5153 1235 5208; x_wconf 89' lang='lat' dir='ltr'><strong><em>Vel</em></strong></span> <span class='ocrx_word' id='word_1_408' title='bbox 1259 5148 1498 5209; x_wconf 77' lang='lat' dir='ltr'><strong><em>sedebat</em></strong></span> <span class='ocrx_word' id='word_1_409' title='bbox 1521 5148 1692 5225; x_wconf 89' lang='lat' dir='ltr'><strong><em>plena</em></strong></span> <span class='ocrx_word' id='word_1_410' title='bbox 1715 5148 1927 5224; x_wconf 78' lang='lat' dir='ltr'><strong><em>populo</em></strong></span> 
     </span>
    </p>
   </div>
   <div class='ocr_carea' id='block_1_53' title="bbox 284 5220 1931 5295">
    <p class='ocr_par' dir='ltr' id='par_1_53' title="bbox 284 5220 1931 5295">
     <span class='ocr_line' id='line_1_56' title="bbox 284 5220 1931 5295; baseline 0.004 -21"><span class='ocrx_word' id='word_1_411' title='bbox 284 5220 414 5292; x_wconf 89' lang='lat' dir='ltr'><strong><em>ipsa</em></strong></span> <span class='ocrx_word' id='word_1_412' title='bbox 434 5220 658 5295; x_wconf 77' lang='lat' dir='ltr'><strong><em>civitas,</em></strong></span> <span class='ocrx_word' id='word_1_413' title='bbox 684 5223 741 5277; x_wconf 91' lang='lat' dir='ltr'><strong><em>id</em></strong></span> <span class='ocrx_word' id='word_1_414' title='bbox 763 5229 870 5295; x_wconf 84' lang='lat' dir='ltr'><strong><em>est,</em></strong></span> <span class='ocrx_word' id='word_1_415' title='bbox 895 5223 994 5280; x_wconf 86' lang='lat' dir='ltr'><strong><em>illa</em></strong></span> <span class='ocrx_word' id='word_1_416' title='bbox 1021 5223 1204 5295; x_wconf 87' lang='lat' dir='ltr'><strong><em>plebs,</em></strong></span> <span class='ocrx_word' id='word_1_417' title='bbox 1234 5225 1372 5294; x_wconf 88' lang='lat' dir='ltr'><strong><em>quia</em></strong></span> <span class='ocrx_word' id='word_1_418' title='bbox 1395 5220 1685 5281; x_wconf 40' lang='lat' dir='ltr'><strong><em>max—imus</em></strong></span> <span class='ocrx_word' id='word_1_419' title='bbox 1707 5220 1830 5280; x_wconf 77' lang='lat' dir='ltr'><strong><em>erat</em></strong></span> <span class='ocrx_word' id='word_1_420' title='bbox 1852 5225 1931 5280; x_wconf 90' lang='lat' dir='ltr'><strong><em>ibi</em></strong></span> 
     </span>
    </p>
   </div>
   <div class='ocr_carea' id='block_1_54' title="bbox 283 5292 1925 5364">
    <p class='ocr_par' dir='ltr' id='par_1_54' title="bbox 283 5292 1925 5364">
     <span class='ocr_line' id='line_1_57' title="bbox 283 5292 1925 5364; baseline 0.003 -18"><span class='ocrx_word' id='word_1_421' title='bbox 283 5307 566 5364; x_wconf 70' lang='lat' dir='ltr'><strong><em>numerus</em></strong></span> <span class='ocrx_word' id='word_1_422' title='bbox 615 5292 963 5364; x_wconf 88' lang='lat' dir='ltr'><strong><em>hominum;</em></strong></span> <span class='ocrx_word' id='word_1_423' title='bbox 1015 5292 1114 5350; x_wconf 80' lang='lat' dir='ltr'><strong><em>sed</em></strong></span> <span class='ocrx_word' id='word_1_424' title='bbox 1160 5292 1284 5352; x_wconf 78' lang='lat' dir='ltr'><strong><em>sola</em></strong></span> <span class='ocrx_word' id='word_1_425' title='bbox 1325 5301 1449 5352; x_wconf 87' lang='lat' dir='ltr'><strong><em>erat</em></strong></span> <span class='ocrx_word' id='word_1_426' title='bbox 1490 5315 1524 5352; x_wconf 88' lang='lat' dir='ltr'><strong><em>a</em></strong></span> <span class='ocrx_word' id='word_1_427' title='bbox 1561 5297 1661 5352; x_wconf 88' lang='lat' dir='ltr'><strong><em>Dei</em></strong></span> <span class='ocrx_word' id='word_1_428' title='bbox 1690 5296 1925 5352; x_wconf 80' lang='lat' dir='ltr'><strong><em>auxilio.</em></strong></span> 
     </span>
    </p>
   </div>
   <div class='ocr_carea' id='block_1_55' title="bbox 279 5361 1928 5449">
    <p class='ocr_par' dir='ltr' id='par_1_55' title="bbox 279 5361 1928 5449">
     <span class='ocr_line' id='line_1_58' title="bbox 279 5361 1928 5449; baseline 0.002 -32"><span class='ocrx_word' id='word_1_429' title='bbox 279 5361 352 5449; x_wconf 51' lang='grc' dir='ltr'><strong><em>ξι</em></strong></span> <span class='ocrx_word' id='word_1_430' title='bbox 389 5367 478 5444; x_wconf 79' lang='lat' dir='ltr'><strong><em>est</em></strong></span> <span class='ocrx_word' id='word_1_431' title='bbox 510 5361 1451 5449; x_wconf 43' lang='lat' dir='ltr'><strong><em>metonymieos&#39;intelligendum,</em></strong></span> <span class='ocrx_word' id='word_1_432' title='bbox 1485 5372 1578 5449; x_wconf 78' lang='lat' dir='ltr'><strong><em>_ut_</em></strong></span> <span class='ocrx_word' id='word_1_433' title='bbox 1595 5385 1695 5439; x_wconf 90' lang='lat' dir='ltr'><strong><em>per</em></strong></span> <span class='ocrx_word' id='word_1_434' title='bbox 1725 5368 1928 5449; x_wconf 76' lang='lat' dir='ltr'><strong><em>civita-</em></strong></span> 
     </span>
    </p>
   </div>
   <div class='ocr_carea' id='block_1_56' title="bbox 279 5434 1924 5510">
    <p class='ocr_par' dir='ltr' id='par_1_56' title="bbox 279 5434 1924 5510">
     <span class='ocr_line' id='line_1_59' title="bbox 279 5434 1924 5510; baseline 0.004 -23"><span class='ocrx_word' id='word_1_435' title='bbox 279 5434 404 5510; x_wconf 87' lang='lat' dir='ltr'><strong><em>t_em_</em></strong></span> <span class='ocrx_word' id='word_1_436' title='bbox 444 5434 1114 5510; x_wconf 12' lang='lat' dir='ltr'><strong><em>intelligaturupopulus</em></strong></span> <span class='ocrx_word' id='word_1_437' title='bbox 1172 5434 1228 5492; x_wconf 85' lang='lat' dir='ltr'><strong><em>in</em></strong></span> <span class='ocrx_word' id='word_1_438' title='bbox 1290 5434 1619 5510; x_wconf 79' lang='lat' dir='ltr'><strong><em>captivitate</em></strong></span> <span class='ocrx_word' id='word_1_439' title='bbox 1678 5439 1924 5510; x_wconf 87' lang='lat' dir='ltr'><strong><em>positus.</em></strong></span> 
     </span>
    </p>
   </div>
   <div class='ocr_carea' id='block_1_57' title="bbox 277 5502 1921 5577">
    <p class='ocr_par' dir='ltr' id='par_1_57' title="bbox 277 5502 1921 5577">
     <span class='ocr_line' id='line_1_60' title="bbox 277 5502 1921 5577; baseline 0.004 -20"><span class='ocrx_word' id='word_1_440' title='bbox 277 5502 442 5577; x_wconf 65' lang='lat' dir='ltr'><strong><em>Facta</em></strong></span> <span class='ocrx_word' id='word_1_441' title='bbox 462 5515 539 5560; x_wconf 88' lang='lat' dir='ltr'><strong><em>est</em></strong></span> <span class='ocrx_word' id='word_1_442' title='bbox 566 5502 721 5577; x_wconf 71' lang='lat' dir='ltr'><strong><em>quasi</em></strong></span> <span class='ocrx_word' id='word_1_443' title='bbox 745 5502 909 5562; x_wconf 76' lang='lat' dir='ltr'><strong><em>vidua</em></strong></span> <span class='ocrx_word' id='word_1_444' title='bbox 928 5502 1147 5564; x_wconf 86' lang='lat' dir='ltr'><strong><em>domina</em></strong></span> <span class='ocrx_word' id='word_1_445' title='bbox 1169 5502 1434 5577; x_wconf 73' lang='lat' dir='ltr'><strong><em>gentium,</em></strong></span> <span class='ocrx_word' id='word_1_446' title='bbox 1467 5509 1522 5564; x_wconf 91' lang='lat' dir='ltr'><strong><em>id</em></strong></span> <span class='ocrx_word' id='word_1_447' title='bbox 1547 5515 1654 5576; x_wconf 90' lang='lat' dir='ltr'><strong><em>est,</em></strong></span> <span class='ocrx_word' id='word_1_448' title='bbox 1679 5502 1921 5566; x_wconf 59' lang='lat' dir='ltr'><strong><em>Jerusa-</em></strong></span> 
     </span>
    </p>
   </div>
   <div class='ocr_carea' id='block_1_58' title="bbox 276 5570 1917 5651">
    <p class='ocr_par' dir='ltr' id='par_1_58' title="bbox 276 5570 1917 5651">
     <span class='ocr_line' id='line_1_61' title="bbox 276 5570 1917 5651; baseline 0.005 -24"><span class='ocrx_word' id='word_1_449' title='bbox 276 5570 414 5641; x_wconf 88' lang='lat' dir='ltr'><strong><em>lem,</em></strong></span> <span class='ocrx_word' id='word_1_450' title='bbox 429 5570 775 5651; x_wconf 63' lang='lat' dir='ltr'><strong><em>q_uae_&#39;mult_is</em></strong></span> <span class='ocrx_word' id='word_1_451' title='bbox 793 5579 1065 5651; x_wconf 78' lang='lat' dir='ltr'><strong><em>gentibus</em></strong></span> <span class='ocrx_word' id='word_1_452' title='bbox 1082 5570 1377 5651; x_wconf 75' lang='lat' dir='ltr'><strong><em>quondam</em></strong></span> <span class='ocrx_word' id='word_1_453' title='bbox 1394 5570 1694 5638; x_wconf 83' lang='lat' dir='ltr'><strong><em>dominata</em></strong></span> <span class='ocrx_word' id='word_1_454' title='bbox 1711 5583 1917 5648; x_wconf 84' lang='lat' dir='ltr'><strong><em>fuerat,</em></strong></span> 
     </span>
    </p>
   </div>
   <div class='ocr_carea' id='block_1_59' title="bbox 320 5644 1916 5726">
    <p class='ocr_par' dir='ltr' id='par_1_59' title="bbox 320 5644 1916 5726">
     <span class='ocr_line' id='line_1_62' title="bbox 320 5644 1916 5726; baseline 0.006 -27"><span class='ocrx_word' id='word_1_455' title='bbox 320 5644 512 5726; x_wconf 75' lang='lat' dir='ltr'><strong><em>nando</em></strong></span> <span class='ocrx_word' id='word_1_456' title='bbox 563 5644 824 5726; x_wconf 65' lang='lat' dir='ltr'><strong><em>habebat</em></strong></span> <span class='ocrx_word' id='word_1_457' title='bbox 854 5649 1047 5726; x_wconf 54' lang='lat' dir='ltr'><strong><em>virum</em></strong></span> <span class='ocrx_word' id='word_1_458' title='bbox 1092 5644 1403 5726; x_wconf 76' lang='lat' dir='ltr'><strong><em>Dominum</em></strong></span> <span class='ocrx_word' id='word_1_459' title='bbox 1437 5644 1916 5726; x_wconf 73' lang='lat' dir='ltr'><strong><em>omnipotentem,</em></strong></span> 
     </span>
    </p>
   </div>
   <div class='ocr_carea' id='block_1_60' title="bbox 2041 2877 3690 2950">
    <p class='ocr_par' dir='ltr' id='par_1_60' title="bbox 2041 2877 3690 2950">
     <span class='ocr_line' id='line_1_63' title="bbox 2041 2877 3690 2950; baseline 0.003 -20"><span class='ocrx_word' id='word_1_460' title='bbox 2041 2881 2233 2950; x_wconf 78' lang='lat' dir='ltr'><strong><em>sertus</em></strong></span> <span class='ocrx_word' id='word_1_461' title='bbox 2254 2881 2341 2950; x_wconf 80' lang='lat' dir='ltr'><strong><em>est</em></strong></span> <span class='ocrx_word' id='word_1_462' title='bbox 2366 2877 2514 2946; x_wconf 87' lang='lat' dir='ltr'><strong><em>ejus,</em></strong></span> <span class='ocrx_word' id='word_1_463' title='bbox 2546 2881 2604 2932; x_wconf 89' lang='lat' dir='ltr'><strong><em>et</em></strong></span> <span class='ocrx_word' id='word_1_464' title='bbox 2630 2882 2763 2948; x_wconf 87' lang='lat' dir='ltr'><strong><em>post</em></strong></span> <span class='ocrx_word' id='word_1_465' title='bbox 2784 2878 3156 2950; x_wconf 84' lang='lat' dir='ltr'><strong><em>septuaginta</em></strong></span> <span class='ocrx_word' id='word_1_466' title='bbox 3175 2895 3360 2950; x_wconf 84' lang='lat' dir='ltr'><strong><em>annos</em></strong></span> <span class='ocrx_word' id='word_1_467' title='bbox 3381 2880 3690 2950; x_wconf 81' lang='lat' dir='ltr'><strong><em>conjunxit</em></strong></span> 
     </span>
    </p>
   </div>
   <div class='ocr_carea' id='block_1_61' title="bbox 2039 2947 3685 3023">
    <p class='ocr_par' dir='ltr' id='par_1_61' title="bbox 2039 2947 3685 3023">
     <span class='ocr_line' id='line_1_64' title="bbox 2039 2947 3685 3023; baseline 0.002 -21"><span class='ocrx_word' id='word_1_468' title='bbox 2039 2947 2200 3003; x_wconf 88' lang='lat' dir='ltr'><strong><em>illam</em></strong></span> <span class='ocrx_word' id='word_1_469' title='bbox 2219 2948 2334 3023; x_wconf 82' lang='lat' dir='ltr'><strong><em>sibi</em></strong></span> <span class='ocrx_word' id='word_1_470' title='bbox 2340 2951 2596 3018; x_wconf 87' lang='lat' dir='ltr'><strong><em>princeps</em></strong></span> <span class='ocrx_word' id='word_1_471' title='bbox 2611 2947 3042 3023; x_wconf 73' lang='lat' dir='ltr'><strong><em>provinciarum,</em></strong></span> <span class='ocrx_word' id='word_1_472' title='bbox 3057 2948 3408 3004; x_wconf 88' lang='lat' dir='ltr'><strong><em>subauditur</em></strong></span> <span class='ocrx_word' id='word_1_473' title='bbox 3421 2947 3685 3023; x_wconf 79' lang='lat' dir='ltr'><strong><em>illarum,</em></strong></span> 
     </span>
    </p>
   </div>
   <div class='ocr_carea' id='block_1_62' title="bbox 2039 2994 3687 3146">
    <p class='ocr_par' dir='ltr' id='par_1_62' title="bbox 2039 2994 3687 3146">
     <span class='ocr_line' id='line_1_65' title="bbox 2081 2994 3687 3094; baseline 0.003 -21"><span class='ocrx_word' id='word_1_474' title='bbox 2081 2994 2187 3074; x_wconf 66' lang='lat' dir='ltr'><strong><em>uas</em></strong></span> <span class='ocrx_word' id='word_1_475' title='bbox 2203 3019 2313 3074; x_wconf 90' lang='lat' dir='ltr'><strong><em>sub</em></strong></span> <span class='ocrx_word' id='word_1_476' title='bbox 2312 2994 2376 3089; x_wconf 57' lang='grc' dir='ltr'><strong><em>λθ</em></strong></span> <span class='ocrx_word' id='word_1_477' title='bbox 2383 2994 2659 3090; x_wconf 59' lang='grc' dir='ltr'><strong><em>εανθῖειιῖι</em></strong></span> <span class='ocrx_word' id='word_1_478' title='bbox 2680 2994 2845 3092; x_wconf 73' lang='lat' dir='ltr'><strong><em>reges</em></strong></span> <span class='ocrx_word' id='word_1_479' title='bbox 2866 2994 3231 3092; x_wconf 32' lang='lat' dir='ltr'><strong><em>Isrwaelyacta</em></strong></span> <span class='ocrx_word' id='word_1_480' title='bbox 3250 3029 3327 3076; x_wconf 85' lang='lat' dir='ltr'><strong><em>est</em></strong></span> <span class='ocrx_word' id='word_1_481' title='bbox 3343 2994 3687 3094; x_wconf 42' lang='lat' dir='ltr'><strong><em>suat-rivulo:</em></strong></span> 
     </span>
     <span class='ocr_line' id='line_1_66' title="bbox 2039 3037 3687 3146; baseline 0 0"><span class='ocrx_word' id='word_1_482' title='bbox 2039 3037 2466 3146; x_wconf 62' lang='lat' dir='ltr'><strong><em>ghaldazorum.</em></strong></span> <span class='ocrx_word' id='word_1_483' title='bbox 2519 3090 2798 3145; x_wconf 84' lang='lat' dir='ltr'><strong><em>Similiter</em></strong></span> <span class='ocrx_word' id='word_1_484' title='bbox 2826 3096 3024 3146; x_wconf 85' lang='lat' dir='ltr'><strong><em>sancta</em></strong></span> <span class='ocrx_word' id='word_1_485' title='bbox 3058 3091 3334 3146; x_wconf 88' lang='lat' dir='ltr'><strong><em>Ecclesia.</em></strong></span> <span class='ocrx_word' id='word_1_486' title='bbox 3382 3097 3441 3146; x_wconf 88' lang='lat' dir='ltr'><strong><em>et</em></strong></span> <span class='ocrx_word' id='word_1_487' title='bbox 3487 3093 3687 3146; x_wconf 87' lang='lat' dir='ltr'><strong><em>anima</em></strong></span> 
     </span>
    </p>
   </div>
   <div class='ocr_carea' id='block_1_63' title="bbox 2084 3088 3692 3161">
    <p class='ocr_par' dir='ltr' id='par_1_63' title="bbox 2084 3088 3692 3161">
     <span class='ocr_line' id='line_1_67' title="bbox 2084 3088 3692 3161; baseline 0.004 -17"><span class='ocrx_word' id='word_1_488' title='bbox 2084 3088 2466 3155; x_wconf 67' lang='lat' dir='ltr'><strong><em>haldazoruin,</em></strong></span> <span class='ocrx_word' id='word_1_489' title='bbox 2519 3088 2798 3145; x_wconf 75' lang='lat' dir='ltr'><strong><em>Similiter</em></strong></span> <span class='ocrx_word' id='word_1_490' title='bbox 2826 3096 3024 3147; x_wconf 85' lang='lat' dir='ltr'><strong><em>sancta</em></strong></span> <span class='ocrx_word' id='word_1_491' title='bbox 3049 3088 3334 3161; x_wconf 78' lang='lat' dir='ltr'><strong><em>Ecclesia,</em></strong></span> <span class='ocrx_word' id='word_1_492' title='bbox 3382 3097 3441 3148; x_wconf 91' lang='lat' dir='ltr'><strong><em>et</em></strong></span> <span class='ocrx_word' id='word_1_493' title='bbox 3487 3088 3692 3150; x_wconf 77' lang='lat' dir='ltr'><strong><em>anima</em></strong></span> 
     </span>
    </p>
   </div>
   <div class='ocr_carea' id='block_1_64' title="bbox 2041 3161 3689 3234">
    <p class='ocr_par' dir='ltr' id='par_1_64' title="bbox 2041 3161 3689 3234">
     <span class='ocr_line' id='line_1_68' title="bbox 2041 3161 3689 3234; baseline 0.004 -19"><span class='ocrx_word' id='word_1_494' title='bbox 2041 3161 2312 3234; x_wconf 57' lang='lat' dir='ltr'><strong><em>qualibet</em></strong></span> <span class='ocrx_word' id='word_1_495' title='bbox 2341 3161 2687 3234; x_wconf 6' lang='lat' dir='ltr'><strong><em>plerumque,</em></strong></span> <span class='ocrx_word' id='word_1_496' title='bbox 2714 3167 2949 3234; x_wconf 86' lang='lat' dir='ltr'><strong><em>propter</em></strong></span> <span class='ocrx_word' id='word_1_497' title='bbox 2993 3163 3130 3218; x_wconf 88' lang='lat' dir='ltr'><strong><em>vitia</em></strong></span> <span class='ocrx_word' id='word_1_498' title='bbox 3171 3179 3317 3234; x_wconf 83' lang='lat' dir='ltr'><strong><em>sua,</em></strong></span> <span class='ocrx_word' id='word_1_499' title='bbox 3345 3165 3512 3219; x_wconf 85' lang='lat' dir='ltr'><strong><em>sedet</em></strong></span> <span class='ocrx_word' id='word_1_500' title='bbox 3561 3165 3689 3221; x_wconf 88' lang='lat' dir='ltr'><strong><em>sola</em></strong></span> 
     </span>
    </p>
   </div>
   <div class='ocr_carea' id='block_1_65' title="bbox 2042 3231 3689 3299">
    <p class='ocr_par' dir='ltr' id='par_1_65' title="bbox 2042 3231 3689 3299">
     <span class='ocr_line' id='line_1_69' title="bbox 2042 3231 3689 3299; baseline 0.002 -12"><span class='ocrx_word' id='word_1_501' title='bbox 2042 3231 2320 3287; x_wconf 85' lang='lat' dir='ltr'><strong><em>destituta</em></strong></span> <span class='ocrx_word' id='word_1_502' title='bbox 2342 3231 2562 3287; x_wconf 81' lang='lat' dir='ltr'><strong><em>auxilio</em></strong></span> <span class='ocrx_word' id='word_1_503' title='bbox 2594 3231 2732 3299; x_wconf 55' lang='lat' dir='ltr'><strong><em>Dei;</em></strong></span> <span class='ocrx_word' id='word_1_504' title='bbox 2748 3239 2805 3288; x_wconf 86' lang='lat' dir='ltr'><strong><em>et</em></strong></span> <span class='ocrx_word' id='word_1_505' title='bbox 2822 3231 3044 3288; x_wconf 71' lang='lat' dir='ltr'><strong><em>dicitur</em></strong></span> <span class='ocrx_word' id='word_1_506' title='bbox 3075 3252 3107 3289; x_wconf 89' lang='lat' dir='ltr'><strong><em>a</em></strong></span> <span class='ocrx_word' id='word_1_507' title='bbox 3131 3233 3362 3289; x_wconf 87' lang='lat' dir='ltr'><strong><em>diabolo</em></strong></span> <span class='ocrx_word' id='word_1_508' title='bbox 3395 3235 3457 3289; x_wconf 88' lang='lat' dir='ltr'><strong><em>in</em></strong></span> <span class='ocrx_word' id='word_1_509' title='bbox 3487 3238 3689 3291; x_wconf 79' lang='lat' dir='ltr'><strong><em>confu-</em></strong></span> 
     </span>
    </p>
   </div>
   <div class='ocr_carea' id='block_1_66' title="bbox 2041 3304 3685 3373">
    <p class='ocr_par' dir='ltr' id='par_1_66' title="bbox 2041 3304 3685 3373">
     <span class='ocr_line' id='line_1_70' title="bbox 2041 3304 3685 3373; baseline 0.002 -13"><span class='ocrx_word' id='word_1_510' title='bbox 2041 3304 2266 3360; x_wconf 88' lang='lat' dir='ltr'><strong><em>sionem</em></strong></span> <span class='ocrx_word' id='word_1_511' title='bbox 2294 3307 2684 3373; x_wconf 87' lang='lat' dir='ltr'><strong><em>peccatorum,</em></strong></span> <span class='ocrx_word' id='word_1_512' title='bbox 2707 3310 2765 3359; x_wconf 89' lang='lat' dir='ltr'><strong><em>et</em></strong></span> <span class='ocrx_word' id='word_1_513' title='bbox 2783 3305 3034 3360; x_wconf 72' lang='lat' dir='ltr'><strong><em>efﬁcitur</em></strong></span> <span class='ocrx_word' id='word_1_514' title='bbox 3057 3305 3317 3360; x_wconf 89' lang='lat' dir='ltr'><strong><em>desolata</em></strong></span> <span class='ocrx_word' id='word_1_515' title='bbox 3347 3323 3381 3361; x_wconf 91' lang='lat' dir='ltr'><strong><em>a</em></strong></span> <span class='ocrx_word' id='word_1_516' title='bbox 3407 3307 3534 3362; x_wconf 92' lang='lat' dir='ltr'><strong><em>viro</em></strong></span> <span class='ocrx_word' id='word_1_517' title='bbox 3556 3325 3685 3372; x_wconf 89' lang='lat' dir='ltr'><strong><em>suo,</em></strong></span> 
     </span>
    </p>
   </div>
   <div class='ocr_carea' id='block_1_67' title="bbox 2042 3374 3689 3448">
    <p class='ocr_par' dir='ltr' id='par_1_67' title="bbox 2042 3374 3689 3448">
     <span class='ocr_line' id='line_1_71' title="bbox 2042 3374 3689 3448; baseline 0.003 -19"><span class='ocrx_word' id='word_1_518' title='bbox 2042 3392 2169 3448; x_wconf 71' lang='lat' dir='ltr'><strong><em>quae</em></strong></span> <span class='ocrx_word' id='word_1_519' title='bbox 2201 3374 2438 3428; x_wconf 90' lang='lat' dir='ltr'><strong><em>domina</em></strong></span> <span class='ocrx_word' id='word_1_520' title='bbox 2466 3379 2590 3448; x_wconf 84' lang='lat' dir='ltr'><strong><em>erat</em></strong></span> <span class='ocrx_word' id='word_1_521' title='bbox 2613 3375 2872 3447; x_wconf 88' lang='lat' dir='ltr'><strong><em>gentium</em></strong></span> <span class='ocrx_word' id='word_1_522' title='bbox 2896 3376 3304 3448; x_wconf 86' lang='lat' dir='ltr'><strong><em>plurimarum.</em></strong></span> <span class='ocrx_word' id='word_1_523' title='bbox 3338 3379 3407 3432; x_wconf 82' lang='lat' dir='ltr'><strong><em>Et</em></strong></span> <span class='ocrx_word' id='word_1_524' title='bbox 3426 3394 3555 3448; x_wconf 67' lang='lat' dir='ltr'><strong><em>quae</em></strong></span> <span class='ocrx_word' id='word_1_525' title='bbox 3579 3380 3689 3434; x_wconf 84' lang='lat' dir='ltr'><strong><em>fuit</em></strong></span> 
     </span>
    </p>
   </div>
   <div class='ocr_carea' id='block_1_68' title="bbox 2042 3445 3684 3520">
    <p class='ocr_par' dir='ltr' id='par_1_68' title="bbox 2042 3445 3684 3520">
     <span class='ocr_line' id='line_1_72' title="bbox 2042 3445 3684 3520; baseline 0.003 -20"><span class='ocrx_word' id='word_1_526' title='bbox 2042 3445 2313 3520; x_wconf 78' lang='lat' dir='ltr'><strong><em>princeps</em></strong></span> <span class='ocrx_word' id='word_1_527' title='bbox 2360 3445 2679 3520; x_wconf 72' lang='lat' dir='ltr'><strong><em>multarum</em></strong></span> <span class='ocrx_word' id='word_1_528' title='bbox 2711 3445 3154 3520; x_wconf 79' lang='lat' dir='ltr'><strong><em>provinciarum</em></strong></span> <span class='ocrx_word' id='word_1_529' title='bbox 3188 3449 3245 3502; x_wconf 89' lang='lat' dir='ltr'><strong><em>in</em></strong></span> <span class='ocrx_word' id='word_1_530' title='bbox 3279 3445 3582 3520; x_wconf 75' lang='lat' dir='ltr'><strong><em>apostolis,</em></strong></span> <span class='ocrx_word' id='word_1_531' title='bbox 3616 3451 3684 3505; x_wconf 92' lang='lat' dir='ltr'><strong><em>de</em></strong></span> 
     </span>
    </p>
   </div>
   <div class='ocr_carea' id='block_1_69' title="bbox 2043 3516 3687 3593">
    <p class='ocr_par' dir='ltr' id='par_1_69' title="bbox 2043 3516 3687 3593">
     <span class='ocr_line' id='line_1_73' title="bbox 2043 3516 3687 3593; baseline 0.004 -23"><span class='ocrx_word' id='word_1_532' title='bbox 2043 3516 2257 3588; x_wconf 81' lang='lat' dir='ltr'><strong><em>quibus</em></strong></span> <span class='ocrx_word' id='word_1_533' title='bbox 2278 3517 2591 3573; x_wconf 87' lang='lat' dir='ltr'><strong><em>Psalmista</em></strong></span> <span class='ocrx_word' id='word_1_534' title='bbox 2611 3516 2776 3593; x_wconf 80' lang='lat' dir='ltr'><strong><em>dicit:</em></strong></span> <span class='ocrx_word' id='word_1_535' title='bbox 2804 3518 3106 3593; x_wconf 81' lang='lat' dir='ltr'><strong><em>Constitues</em></strong></span> <span class='ocrx_word' id='word_1_536' title='bbox 3121 3535 3210 3574; x_wconf 92' lang='lat' dir='ltr'><strong><em>eos</em></strong></span> <span class='ocrx_word' id='word_1_537' title='bbox 3229 3516 3687 3593; x_wconf 64' lang='lat' dir='ltr'><strong><em>principessuper</em></strong></span> 
     </span>
    </p>
   </div>
   <div class='ocr_carea' id='block_1_70' title="bbox 2042 3589 3686 3661">
    <p class='ocr_par' dir='ltr' id='par_1_70' title="bbox 2042 3589 3686 3661">
     <span class='ocr_line' id='line_1_74' title="bbox 2042 3589 3686 3661; baseline 0.002 -17"><span class='ocrx_word' id='word_1_538' title='bbox 2042 3604 2255 3661; x_wconf 87' lang='lat' dir='ltr'><strong><em>omnem</em></strong></span> <span class='ocrx_word' id='word_1_539' title='bbox 2288 3597 2509 3661; x_wconf 77' lang='lat' dir='ltr'><strong><em>terram,</em></strong></span> <span class='ocrx_word' id='word_1_540' title='bbox 2545 3589 2829 3661; x_wconf 86' lang='lat' dir='ltr'><strong><em>redigitur</em></strong></span> <span class='ocrx_word' id='word_1_541' title='bbox 2858 3591 2967 3645; x_wconf 90' lang='lat' dir='ltr'><strong><em>sub</em></strong></span> <span class='ocrx_word' id='word_1_542' title='bbox 2990 3591 3275 3645; x_wconf 89' lang='lat' dir='ltr'><strong><em>tributum</em></strong></span> <span class='ocrx_word' id='word_1_543' title='bbox 3298 3589 3530 3661; x_wconf 78' lang='lat' dir='ltr'><strong><em>diaboli,</em></strong></span> <span class='ocrx_word' id='word_1_544' title='bbox 3567 3589 3686 3648; x_wconf 77' lang='lat' dir='ltr'><strong><em>ser-</em></strong></span> 
     </span>
    </p>
   </div>
   <div class='ocr_carea' id='block_1_71' title="bbox 2043 3659 2454 3714">
    <p class='ocr_par' dir='ltr' id='par_1_71' title="bbox 2043 3659 2454 3714">
     <span class='ocr_line' id='line_1_75' title="bbox 2043 3659 2454 3714; baseline 0.002 -1"><span class='ocrx_word' id='word_1_545' title='bbox 2043 3660 2248 3714; x_wconf 85' lang='lat' dir='ltr'><strong><em>viendo</em></strong></span> <span class='ocrx_word' id='word_1_546' title='bbox 2279 3659 2454 3714; x_wconf 90' lang='lat' dir='ltr'><strong><em>vitiis.</em></strong></span> 
     </span>
    </p>
   </div>
   <div class='ocr_carea' id='block_1_72' title="bbox 2117 3729 3674 3805">
    <p class='ocr_par' dir='ltr' id='par_1_72' title="bbox 2117 3729 3674 3805">
     <span class='ocr_line' id='line_1_76' title="bbox 2117 3729 3674 3805; baseline -0.001 -18"><span class='ocrx_word' id='word_1_547' title='bbox 2117 3730 2268 3787; x_wconf 85' lang='lat' dir='ltr'><strong><em>Beth.</em></strong></span> <span class='ocrx_word' id='word_1_548' title='bbox 2315 3731 2458 3805; x_wconf 75' lang='lat' dir='ltr'><strong><em>Beth</em></strong></span> <span class='ocrx_word' id='word_1_549' title='bbox 2509 3729 2923 3805; x_wconf 79' lang='lat' dir='ltr'><strong><em>interpretatur</em></strong></span> <span class='ocrx_word' id='word_1_550' title='bbox 2953 3732 3159 3805; x_wconf 74' lang='lat' dir='ltr'><strong><em>domus.</em></strong></span> <span class='ocrx_word' id='word_1_551' title='bbox 3192 3731 3674 3805; x_wconf 80' lang='lat' dir='ltr'><strong><em>Significatillam</em></strong></span> 
     </span>
    </p>
   </div>
   <div class='ocr_carea' id='block_1_73' title="bbox 2043 3801 3680 3875">
    <p class='ocr_par' dir='ltr' id='par_1_73' title="bbox 2043 3801 3680 3875">
     <span class='ocr_line' id='line_1_77' title="bbox 2043 3801 3680 3875; baseline 0.001 -19"><span class='ocrx_word' id='word_1_552' title='bbox 2043 3801 2178 3857; x_wconf 89' lang='lat' dir='ltr'><strong><em>dom</em></strong></span> <span class='ocrx_word' id='word_1_553' title='bbox 2190 3818 2308 3875; x_wconf 85' lang='lat' dir='ltr'><strong><em>um,</em></strong></span> <span class='ocrx_word' id='word_1_554' title='bbox 2328 3802 2434 3857; x_wconf 89' lang='lat' dir='ltr'><strong><em>hoc</em></strong></span> <span class='ocrx_word' id='word_1_555' title='bbox 2451 3807 2560 3875; x_wconf 83' lang='lat' dir='ltr'><strong><em>est,</em></strong></span> <span class='ocrx_word' id='word_1_556' title='bbox 2578 3801 2803 3875; x_wconf 82' lang='lat' dir='ltr'><strong><em>plebem</em></strong></span> <span class='ocrx_word' id='word_1_557' title='bbox 2830 3803 3199 3875; x_wconf 86' lang='lat' dir='ltr'><strong><em>Israeliticam</em></strong></span> <span class='ocrx_word' id='word_1_558' title='bbox 3211 3848 3223 3872; x_wconf 89' lang='lat'><strong><em>,</em></strong></span> <span class='ocrx_word' id='word_1_559' title='bbox 3244 3801 3416 3875; x_wconf 70' lang='lat' dir='ltr'><strong><em>quam</em></strong></span> <span class='ocrx_word' id='word_1_560' title='bbox 3433 3802 3680 3875; x_wconf 76' lang='lat' dir='ltr'><strong><em>alloqui-</em></strong></span> 
     </span>
    </p>
   </div>
   <div class='ocr_carea' id='block_1_74' title="bbox 2046 3873 3687 3945">
    <p class='ocr_par' dir='ltr' id='par_1_74' title="bbox 2046 3873 3687 3945">
     <span class='ocr_line' id='line_1_78' title="bbox 2046 3873 3687 3945; baseline 0.002 -19"><span class='ocrx_word' id='word_1_561' title='bbox 2046 3877 2144 3927; x_wconf 88' lang='lat' dir='ltr'><strong><em>tur</em></strong></span> <span class='ocrx_word' id='word_1_562' title='bbox 2173 3873 2351 3928; x_wconf 87' lang='lat' dir='ltr'><strong><em>lsaias</em></strong></span> <span class='ocrx_word' id='word_1_563' title='bbox 2378 3873 2675 3944; x_wconf 88' lang='lat' dir='ltr'><strong><em>propheta,</em></strong></span> <span class='ocrx_word' id='word_1_564' title='bbox 2709 3873 2982 3944; x_wconf 89' lang='lat' dir='ltr'><strong><em>inquiens</em></strong></span> <span class='ocrx_word' id='word_1_565' title='bbox 3009 3892 3020 3929; x_wconf 92' lang='lat'><strong>:</strong></span> <span class='ocrx_word' id='word_1_566' title='bbox 3053 3873 3462 3944; x_wconf 17' lang='lat' dir='ltr'><strong><em>DomuspJacob,</em></strong></span> <span class='ocrx_word' id='word_1_567' title='bbox 3483 3873 3687 3945; x_wconf 77' lang='lat' dir='ltr'><strong><em>venite,</em></strong></span> 
     </span>
    </p>
   </div>
   <div class='ocr_carea' id='block_1_75' title="bbox 2045 3945 3694 4002">
    <p class='ocr_par' dir='ltr' id='par_1_75' title="bbox 2045 3945 3694 4002">
     <span class='ocr_line' id='line_1_79' title="bbox 2045 3945 3694 4002; baseline 0.001 -4"><span class='ocrx_word' id='word_1_568' title='bbox 2045 3951 2099 3999; x_wconf 88' lang='lat' dir='ltr'><strong><em>et</em></strong></span> <span class='ocrx_word' id='word_1_569' title='bbox 2115 3945 2456 3998; x_wconf 82' lang='lat' dir='ltr'><strong><em>ambulemus</em></strong></span> <span class='ocrx_word' id='word_1_570' title='bbox 2473 3947 2530 3998; x_wconf 87' lang='lat' dir='ltr'><strong><em>in</em></strong></span> <span class='ocrx_word' id='word_1_571' title='bbox 2549 3945 3010 4000; x_wconf 85' lang='lat' dir='ltr'><strong><em>lumineDomini.</em></strong></span> <span class='ocrx_word' id='word_1_572' title='bbox 3028 3946 3144 4000; x_wconf 87' lang='lat' dir='ltr'><strong><em>Ista</em></strong></span> <span class='ocrx_word' id='word_1_573' title='bbox 3162 3947 3371 4002; x_wconf 89' lang='lat' dir='ltr'><strong><em>domus</em></strong></span> <span class='ocrx_word' id='word_1_574' title='bbox 3388 3946 3694 4002; x_wconf 88' lang='lat' dir='ltr'><strong><em>Israelitici</em></strong></span> 
     </span>
    </p>
   </div>
   <div class='ocr_carea' id='block_1_76' title="bbox 2048 4015 3694 4087">
    <p class='ocr_par' dir='ltr' id='par_1_76' title="bbox 2048 4015 3694 4087">
     <span class='ocr_line' id='line_1_80' title="bbox 2048 4015 3694 4087; baseline 0.001 -17"><span class='ocrx_word' id='word_1_575' title='bbox 2048 4015 2246 4087; x_wconf 88' lang='lat' dir='ltr'><strong><em>populi</em></strong></span> <span class='ocrx_word' id='word_1_576' title='bbox 2277 4016 2508 4085; x_wconf 87' lang='lat' dir='ltr'><strong><em>plorans</em></strong></span> <span class='ocrx_word' id='word_1_577' title='bbox 2538 4016 2775 4085; x_wconf 89' lang='lat' dir='ltr'><strong><em>ploravit</em></strong></span> <span class='ocrx_word' id='word_1_578' title='bbox 2803 4017 2865 4070; x_wconf 89' lang='lat' dir='ltr'><strong><em>in</em></strong></span> <span class='ocrx_word' id='word_1_579' title='bbox 2894 4025 3066 4084; x_wconf 86' lang='lat' dir='ltr'><strong><em>nocte,</em></strong></span> <span class='ocrx_word' id='word_1_580' title='bbox 3118 4018 3258 4072; x_wconf 85' lang='lat' dir='ltr'><strong><em>dum</em></strong></span> <span class='ocrx_word' id='word_1_581' title='bbox 3289 4018 3605 4072; x_wconf 87' lang='lat' dir='ltr'><strong><em>duceretur</em></strong></span> <span class='ocrx_word' id='word_1_582' title='bbox 3634 4017 3694 4072; x_wconf 88' lang='lat' dir='ltr'><strong><em>in</em></strong></span> 
     </span>
    </p>
   </div>
   <div class='ocr_carea' id='block_1_77' title="bbox 2048 4086 3698 4160">
    <p class='ocr_par' dir='ltr' id='par_1_77' title="bbox 2048 4086 3698 4160">
     <span class='ocr_line' id='line_1_81' title="bbox 2048 4086 3698 4160; baseline 0.001 -18"><span class='ocrx_word' id='word_1_583' title='bbox 2048 4086 2442 4160; x_wconf 80' lang='lat' dir='ltr'><strong><em>captivitatem</em></strong></span> <span class='ocrx_word' id='word_1_584' title='bbox 2463 4103 2474 4140; x_wconf 91' lang='lat'><strong>:</strong></span> <span class='ocrx_word' id='word_1_585' title='bbox 2501 4095 2552 4141; x_wconf 88' lang='lat' dir='ltr'><strong><em>et</em></strong></span> <span class='ocrx_word' id='word_1_586' title='bbox 2573 4087 2830 4160; x_wconf 76' lang='lat' dir='ltr'><strong><em>lacrymx</em></strong></span> <span class='ocrx_word' id='word_1_587' title='bbox 2849 4089 2967 4160; x_wconf 84' lang='lat' dir='ltr'><strong><em>ejus</em></strong></span> <span class='ocrx_word' id='word_1_588' title='bbox 2988 4089 3047 4142; x_wconf 89' lang='lat' dir='ltr'><strong><em>in</em></strong></span> <span class='ocrx_word' id='word_1_589' title='bbox 3066 4090 3318 4160; x_wconf 86' lang='lat' dir='ltr'><strong><em>maxillis</em></strong></span> <span class='ocrx_word' id='word_1_590' title='bbox 3339 4090 3475 4160; x_wconf 88' lang='lat' dir='ltr'><strong><em>ejus.</em></strong></span> <span class='ocrx_word' id='word_1_591' title='bbox 3497 4093 3698 4153; x_wconf 86' lang='lat' dir='ltr'><strong><em>Quan-</em></strong></span> 
     </span>
    </p>
   </div>
   <div class='ocr_carea' id='block_1_78' title="bbox 1970 4156 3698 4243">
    <p class='ocr_par' dir='ltr' id='par_1_78' title="bbox 1970 4156 3698 4243">
     <span class='ocr_line' id='line_1_82' title="bbox 1970 4156 3698 4243; baseline 0.002 -31"><span class='ocrx_word' id='word_1_592' title='bbox 1970 4179 2016 4243; x_wconf 84' lang='lat' dir='ltr'><strong>B</strong></span> <span class='ocrx_word' id='word_1_593' title='bbox 2047 4156 2173 4240; x_wconf 57' lang='lat' dir='ltr'><strong><em>tuin</em></strong></span> <span class='ocrx_word' id='word_1_594' title='bbox 2206 4158 2274 4212; x_wconf 92' lang='lat' dir='ltr'><strong><em>ad</em></strong></span> <span class='ocrx_word' id='word_1_595' title='bbox 2310 4156 2560 4243; x_wconf 64' lang='lat' dir='ltr'><strong><em>litteram</em></strong></span> <span class='ocrx_word' id='word_1_596' title='bbox 2598 4156 2883 4243; x_wconf 69' lang='lat' dir='ltr'><strong><em>pertinet,</em></strong></span> <span class='ocrx_word' id='word_1_597' title='bbox 2938 4159 3067 4243; x_wconf 82' lang='lat' dir='ltr'><strong><em>ideo</em></strong></span> <span class='ocrx_word' id='word_1_598' title='bbox 3115 4159 3173 4243; x_wconf 46' lang='lat' dir='ltr'><strong><em>i‘n</em></strong></span> <span class='ocrx_word' id='word_1_599' title='bbox 3205 4156 3373 4242; x_wconf 78' lang='lat' dir='ltr'><strong><em>nocte</em></strong></span> <span class='ocrx_word' id='word_1_600' title='bbox 3402 4161 3698 4243; x_wconf 67' lang='lat' dir='ltr'><strong><em>plorabat2</em></strong></span> 
     </span>
    </p>
   </div>
   <div class='ocr_carea' id='block_1_79' title="bbox 2047 4228 3702 4301">
    <p class='ocr_par' dir='ltr' id='par_1_79' title="bbox 2047 4228 3702 4301">
     <span class='ocr_line' id='line_1_83' title="bbox 2047 4228 3702 4301; baseline 0.002 -18"><span class='ocrx_word' id='word_1_601' title='bbox 2047 4229 2184 4301; x_wconf 88' lang='lat' dir='ltr'><strong><em>quia</em></strong></span> <span class='ocrx_word' id='word_1_602' title='bbox 2216 4245 2331 4284; x_wconf 91' lang='lat' dir='ltr'><strong><em>non</em></strong></span> <span class='ocrx_word' id='word_1_603' title='bbox 2364 4228 2698 4301; x_wconf 79' lang='lat' dir='ltr'><strong><em>audebatin</em></strong></span> <span class='ocrx_word' id='word_1_604' title='bbox 2732 4229 2824 4284; x_wconf 90' lang='lat' dir='ltr'><strong><em>die</em></strong></span> <span class='ocrx_word' id='word_1_605' title='bbox 2855 4235 3090 4301; x_wconf 89' lang='lat' dir='ltr'><strong><em>propter</em></strong></span> <span class='ocrx_word' id='word_1_606' title='bbox 3109 4231 3376 4286; x_wconf 87' lang='lat' dir='ltr'><strong><em>dominos</em></strong></span> <span class='ocrx_word' id='word_1_607' title='bbox 3401 4228 3568 4301; x_wconf 77' lang='lat' dir='ltr'><strong><em>suos,</em></strong></span> <span class='ocrx_word' id='word_1_608' title='bbox 3595 4233 3702 4287; x_wconf 90' lang='lat' dir='ltr'><strong><em>sed</em></strong></span> 
     </span>
    </p>
   </div>
   <div class='ocr_carea' id='block_1_80' title="bbox 2047 4299 3703 4372">
    <p class='ocr_par' dir='ltr' id='par_1_80' title="bbox 2047 4299 3703 4372">
     <span class='ocr_line' id='line_1_84' title="bbox 2047 4299 3703 4372; baseline 0.004 -19"><span class='ocrx_word' id='word_1_609' title='bbox 2047 4299 2104 4372; x_wconf 76' lang='lat' dir='ltr'><strong><em>in</em></strong></span> <span class='ocrx_word' id='word_1_610' title='bbox 2127 4305 2293 4372; x_wconf 88' lang='lat' dir='ltr'><strong><em>nocte</em></strong></span> <span class='ocrx_word' id='word_1_611' title='bbox 2311 4317 2372 4372; x_wconf 88' lang='lat' dir='ltr'><strong><em>se</em></strong></span> <span class='ocrx_word' id='word_1_612' title='bbox 2395 4299 2808 4372; x_wconf 83' lang='lat' dir='ltr'><strong><em>consolabatur</em></strong></span> <span class='ocrx_word' id='word_1_613' title='bbox 2826 4299 3128 4372; x_wconf 79' lang='lat' dir='ltr'><strong><em>plorando.</em></strong></span> <span class='ocrx_word' id='word_1_614' title='bbox 3151 4303 3447 4366; x_wconf 87' lang='lat' dir='ltr'><strong><em>Quantum</em></strong></span> <span class='ocrx_word' id='word_1_615' title='bbox 3468 4299 3608 4358; x_wconf 79' lang='lat' dir='ltr'><strong><em>vero</em></strong></span> <span class='ocrx_word' id='word_1_616' title='bbox 3628 4303 3703 4359; x_wconf 88' lang='lat' dir='ltr'><strong><em>ad</em></strong></span> 
     </span>
    </p>
   </div>
   <div class='ocr_carea' id='block_1_81' title="bbox 2044 4369 3694 4445">
    <p class='ocr_par' dir='ltr' id='par_1_81' title="bbox 2044 4369 3694 4445">
     <span class='ocr_line' id='line_1_85' title="bbox 2044 4369 3694 4445; baseline 0.002 -21"><span class='ocrx_word' id='word_1_617' title='bbox 2044 4369 2307 4445; x_wconf 76' lang='lat' dir='ltr'><strong><em>altiorem</em></strong></span> <span class='ocrx_word' id='word_1_618' title='bbox 2339 4371 2784 4445; x_wconf 81' lang='lat' dir='ltr'><strong><em>intelligentiam</em></strong></span> <span class='ocrx_word' id='word_1_619' title='bbox 2817 4369 3085 4445; x_wconf 81' lang='lat' dir='ltr'><strong><em>pertinet,</em></strong></span> <span class='ocrx_word' id='word_1_620' title='bbox 3119 4373 3176 4426; x_wconf 89' lang='lat' dir='ltr'><strong><em>in</em></strong></span> <span class='ocrx_word' id='word_1_621' title='bbox 3209 4379 3376 4428; x_wconf 91' lang='lat' dir='ltr'><strong><em>nocte</em></strong></span> <span class='ocrx_word' id='word_1_622' title='bbox 3399 4373 3694 4445; x_wconf 81' lang='lat' dir='ltr'><strong><em>plorabat,</em></strong></span> 
     </span>
    </p>
   </div>
   <div class='ocr_carea' id='block_1_82' title="bbox 2044 4441 3702 4515">
    <p class='ocr_par' dir='ltr' id='par_1_82' title="bbox 2044 4441 3702 4515">
     <span class='ocr_line' id='line_1_86' title="bbox 2044 4441 3702 4515; baseline 0.002 -20"><span class='ocrx_word' id='word_1_623' title='bbox 2044 4441 2101 4515; x_wconf 88' lang='lat' dir='ltr'><strong><em>id</em></strong></span> <span class='ocrx_word' id='word_1_624' title='bbox 2135 4445 2242 4507; x_wconf 84' lang='lat' dir='ltr'><strong><em>est,</em></strong></span> <span class='ocrx_word' id='word_1_625' title='bbox 2261 4441 2337 4515; x_wconf 77' lang='lat' dir='ltr'><strong><em>in</em></strong></span> <span class='ocrx_word' id='word_1_626' title='bbox 2369 4441 2697 4514; x_wconf 80' lang='lat' dir='ltr'><strong><em>captivitate</em></strong></span> <span class='ocrx_word' id='word_1_627' title='bbox 2719 4448 2774 4498; x_wconf 85' lang='lat' dir='ltr'><strong><em>et</em></strong></span> <span class='ocrx_word' id='word_1_628' title='bbox 2795 4441 3191 4499; x_wconf 84' lang='lat' dir='ltr'><strong><em>tribulatiOne.</em></strong></span> <span class='ocrx_word' id='word_1_629' title='bbox 3224 4445 3294 4500; x_wconf 90' lang='lat' dir='ltr'><strong><em>Et</em></strong></span> <span class='ocrx_word' id='word_1_630' title='bbox 3311 4441 3468 4515; x_wconf 78' lang='lat' dir='ltr'><strong><em>quod</em></strong></span> <span class='ocrx_word' id='word_1_631' title='bbox 3492 4445 3590 4502; x_wconf 88' lang='lat' dir='ltr'><strong><em>bis</em></strong></span> <span class='ocrx_word' id='word_1_632' title='bbox 3610 4441 3702 4500; x_wconf 71' lang='lat' dir='ltr'><strong><em>di-</em></strong></span> 
     </span>
    </p>
   </div>
   <div class='ocr_carea' id='block_1_83' title="bbox 2043 4511 3704 4588">
    <p class='ocr_par' dir='ltr' id='par_1_83' title="bbox 2043 4511 3704 4588">
     <span class='ocr_line' id='line_1_87' title="bbox 2043 4511 3704 4588; baseline 0.004 -23"><span class='ocrx_word' id='word_1_633' title='bbox 2043 4511 2127 4565; x_wconf 88' lang='lat' dir='ltr'><strong><em>xit</em></strong></span> <span class='ocrx_word' id='word_1_634' title='bbox 2147 4527 2167 4588; x_wconf 87' lang='lat'><strong><em>_:</em></strong></span> <span class='ocrx_word' id='word_1_635' title='bbox 2189 4511 2724 4588; x_wconf 48' lang='lat' dir='ltr'><strong><em>plorans—ploravit,</em></strong></span> <span class='ocrx_word' id='word_1_636' title='bbox 2751 4521 3128 4588; x_wconf 87' lang='lat' dir='ltr'><strong><em>augmentum</em></strong></span> <span class='ocrx_word' id='word_1_637' title='bbox 3164 4511 3396 4586; x_wconf 67' lang='lat' dir='ltr'><strong><em>praestat</em></strong></span> <span class='ocrx_word' id='word_1_638' title='bbox 3427 4517 3704 4588; x_wconf 85' lang='lat' dir='ltr'><strong><em>repetitio</em></strong></span> 
     </span>
    </p>
   </div>
   <div class='ocr_carea' id='block_1_84' title="bbox 2043 4581 3706 4660">
    <p class='ocr_par' dir='ltr' id='par_1_84' title="bbox 2043 4581 3706 4660">
     <span class='ocr_line' id='line_1_88' title="bbox 2043 4581 3706 4660; baseline 0.005 -26"><span class='ocrx_word' id='word_1_639' title='bbox 2043 4581 2224 4660; x_wconf 67' lang='lat' dir='ltr'><strong><em>verbi.</em></strong></span> <span class='ocrx_word' id='word_1_640' title='bbox 2246 4581 2522 4660; x_wconf 62' lang='lat' dir='ltr'><strong><em>Laerynue</em></strong></span> <span class='ocrx_word' id='word_1_641' title='bbox 2538 4587 2654 4656; x_wconf 74' lang='lat' dir='ltr'><strong><em>eius</em></strong></span> <span class='ocrx_word' id='word_1_642' title='bbox 2674 4581 3229 4660; x_wconf 22' lang='lat' dir='ltr'><strong><em>inmajrimtllis‘ejus,</em></strong></span> <span class='ocrx_word' id='word_1_643' title='bbox 3246 4588 3298 4642; x_wconf 91' lang='lat' dir='ltr'><strong><em>id</em></strong></span> <span class='ocrx_word' id='word_1_644' title='bbox 3324 4592 3431 4654; x_wconf 89' lang='lat' dir='ltr'><strong><em>est,</em></strong></span> <span class='ocrx_word' id='word_1_645' title='bbox 3451 4581 3510 4641; x_wconf 78' lang='lat' dir='ltr'><strong><em>iri</em></strong></span> <span class='ocrx_word' id='word_1_646' title='bbox 3540 4589 3706 4660; x_wconf 47' lang='lat' dir='ltr'><strong><em>prin:</em></strong></span> 
     </span>
    </p>
   </div>
   <div class='ocr_carea' id='block_1_85' title="bbox 2043 4653 3705 4729">
    <p class='ocr_par' dir='ltr' id='par_1_85' title="bbox 2043 4653 3705 4729">
     <span class='ocr_line' id='line_1_89' title="bbox 2043 4653 3705 4729; baseline 0.004 -21"><span class='ocrx_word' id='word_1_647' title='bbox 2043 4653 2270 4729; x_wconf 87' lang='lat' dir='ltr'><strong><em>cipibus</em></strong></span> <span class='ocrx_word' id='word_1_648' title='bbox 2301 4653 2459 4729; x_wconf 83' lang='lat' dir='ltr'><strong><em>ejus;</em></strong></span> <span class='ocrx_word' id='word_1_649' title='bbox 2485 4653 2791 4729; x_wconf 85' lang='lat' dir='ltr'><strong><em>licetenim</em></strong></span> <span class='ocrx_word' id='word_1_650' title='bbox 2817 4673 3020 4712; x_wconf 90' lang='lat' dir='ltr'><strong><em>omnes</em></strong></span> <span class='ocrx_word' id='word_1_651' title='bbox 3041 4653 3356 4729; x_wconf 79' lang='lat' dir='ltr'><strong><em>plorarent,</em></strong></span> <span class='ocrx_word' id='word_1_652' title='bbox 3378 4653 3581 4714; x_wconf 73' lang='lat' dir='ltr'><strong><em>tamen</em></strong></span> <span class='ocrx_word' id='word_1_653' title='bbox 3613 4659 3705 4715; x_wconf 89' lang='lat' dir='ltr'><strong><em>illi</em></strong></span> 
     </span>
    </p>
   </div>
   <div class='ocr_carea' id='block_1_86' title="bbox 2043 4726 3706 4800">
    <p class='ocr_par' dir='ltr' id='par_1_86' title="bbox 2043 4726 3706 4800">
     <span class='ocr_line' id='line_1_90' title="bbox 2043 4726 3706 4800; baseline 0.002 -20"><span class='ocrx_word' id='word_1_654' title='bbox 2043 4726 2294 4781; x_wconf 80' lang='lat' dir='ltr'><strong><em>maxime</em></strong></span> <span class='ocrx_word' id='word_1_655' title='bbox 2317 4727 2414 4800; x_wconf 86' lang='lat' dir='ltr'><strong><em>qui</em></strong></span> <span class='ocrx_word' id='word_1_656' title='bbox 2439 4727 2740 4800; x_wconf 85' lang='lat' dir='ltr'><strong><em>scientiam</em></strong></span> <span class='ocrx_word' id='word_1_657' title='bbox 2767 4726 3075 4800; x_wconf 81' lang='lat' dir='ltr'><strong><em>habebant.</em></strong></span> <span class='ocrx_word' id='word_1_658' title='bbox 3101 4729 3233 4784; x_wconf 90' lang='lat' dir='ltr'><strong><em>Ideo</em></strong></span> <span class='ocrx_word' id='word_1_659' title='bbox 3256 4735 3448 4784; x_wconf 86' lang='lat' dir='ltr'><strong><em>autem</em></strong></span> <span class='ocrx_word' id='word_1_660' title='bbox 3473 4731 3706 4800; x_wconf 81' lang='lat' dir='ltr'><strong><em>princi-</em></strong></span> 
     </span>
    </p>
   </div>
   <div class='ocr_carea' id='block_1_87' title="bbox 2043 4798 3708 4872">
    <p class='ocr_par' dir='ltr' id='par_1_87' title="bbox 2043 4798 3708 4872">
     <span class='ocr_line' id='line_1_91' title="bbox 2043 4798 3708 4872; baseline 0.003 -20"><span class='ocrx_word' id='word_1_661' title='bbox 2043 4813 2144 4872; x_wconf 80' lang='lat' dir='ltr'><strong><em>pes</em></strong></span> <span class='ocrx_word' id='word_1_662' title='bbox 2173 4803 2231 4872; x_wconf 91' lang='lat' dir='ltr'><strong><em>e_t</em></strong></span> <span class='ocrx_word' id='word_1_663' title='bbox 2260 4798 2642 4872; x_wconf 80' lang='lat' dir='ltr'><strong><em>sapientiores</em></strong></span> <span class='ocrx_word' id='word_1_664' title='bbox 2674 4815 2775 4870; x_wconf 85' lang='lat' dir='ltr'><strong><em>per</em></strong></span> <span class='ocrx_word' id='word_1_665' title='bbox 2801 4798 3067 4855; x_wconf 87' lang='lat' dir='ltr'><strong><em>maxillas</em></strong></span> <span class='ocrx_word' id='word_1_666' title='bbox 3088 4798 3526 4872; x_wconf 80' lang='lat' dir='ltr'><strong><em>intelliguntur,</em></strong></span> <span class='ocrx_word' id='word_1_667' title='bbox 3555 4803 3708 4872; x_wconf 86' lang='lat' dir='ltr'><strong><em>quia</em></strong></span> 
     </span>
    </p>
   </div>
   <div class='ocr_carea' id='block_1_88' title="bbox 2043 4868 3706 4942">
    <p class='ocr_par' dir='ltr' id='par_1_88' title="bbox 2043 4868 3706 4942">
     <span class='ocr_line' id='line_1_92' title="bbox 2043 4868 3706 4942; baseline 0.004 -21"><span class='ocrx_word' id='word_1_668' title='bbox 2043 4868 2217 4942; x_wconf 76' lang='lat' dir='ltr'><strong><em>sicuti</em></strong></span> <span class='ocrx_word' id='word_1_669' title='bbox 2237 4886 2269 4923; x_wconf 90' lang='lat' dir='ltr'><strong><em>a</em></strong></span> <span class='ocrx_word' id='word_1_670' title='bbox 2293 4868 2541 4942; x_wconf 83' lang='lat' dir='ltr'><strong><em>maxillis</em></strong></span> <span class='ocrx_word' id='word_1_671' title='bbox 2563 4868 2729 4925; x_wconf 77' lang='lat' dir='ltr'><strong><em>cibus</em></strong></span> <span class='ocrx_word' id='word_1_672' title='bbox 2753 4872 2809 4924; x_wconf 88' lang='lat' dir='ltr'><strong><em>in</em></strong></span> <span class='ocrx_word' id='word_1_673' title='bbox 2837 4887 3047 4942; x_wconf 91' lang='lat' dir='ltr'><strong><em>corpus</em></strong></span> <span class='ocrx_word' id='word_1_674' title='bbox 3069 4868 3402 4927; x_wconf 73' lang='lat' dir='ltr'><strong><em>deducitur:</em></strong></span> <span class='ocrx_word' id='word_1_675' title='bbox 3433 4873 3514 4926; x_wconf 86' lang='lat' dir='ltr'><strong><em>ita</em></strong></span> <span class='ocrx_word' id='word_1_676' title='bbox 3541 4868 3604 4929; x_wconf 73' lang='lat' dir='ltr'><strong><em>et</em></strong></span> <span class='ocrx_word' id='word_1_677' title='bbox 3628 4875 3706 4929; x_wconf 87' lang='lat' dir='ltr'><strong><em>ab</em></strong></span> 
     </span>
    </p>
   </div>
   <div class='ocr_carea' id='block_1_89' title="bbox 2040 4939 3710 5014">
    <p class='ocr_par' dir='ltr' id='par_1_89' title="bbox 2040 4939 3710 5014">
     <span class='ocr_line' id='line_1_93' title="bbox 2040 4939 3710 5014; baseline 0.004 -20"><span class='ocrx_word' id='word_1_678' title='bbox 2040 4939 2156 4994; x_wconf 90' lang='lat' dir='ltr'><strong><em>illis</em></strong></span> <span class='ocrx_word' id='word_1_679' title='bbox 2187 4941 2445 5014; x_wconf 80' lang='lat' dir='ltr'><strong><em>doctrini</em></strong></span> <span class='ocrx_word' id='word_1_680' title='bbox 2467 4942 2814 4997; x_wconf 89' lang='lat' dir='ltr'><strong><em>descendere</em></strong></span> <span class='ocrx_word' id='word_1_681' title='bbox 2847 4939 3126 4997; x_wconf 79' lang='lat' dir='ltr'><strong><em>debuerat</em></strong></span> <span class='ocrx_word' id='word_1_682' title='bbox 3156 4943 3213 4997; x_wconf 93' lang='lat' dir='ltr'><strong><em>in</em></strong></span> <span class='ocrx_word' id='word_1_683' title='bbox 3240 4942 3542 5014; x_wconf 88' lang='lat' dir='ltr'><strong><em>populum.</em></strong></span> <span class='ocrx_word' id='word_1_684' title='bbox 3580 4947 3710 5000; x_wconf 84' lang='lat' dir='ltr'><strong><em>Non</em></strong></span> 
     </span>
    </p>
   </div>
   <div class='ocr_carea' id='block_1_90' title="bbox 2039 5013 3709 5085">
    <p class='ocr_par' dir='ltr' id='par_1_90' title="bbox 2039 5013 3709 5085">
     <span class='ocr_line' id='line_1_94' title="bbox 2039 5013 3709 5085; baseline 0.002 -18"><span class='ocrx_word' id='word_1_685' title='bbox 2039 5019 2114 5067; x_wconf 84' lang='lat' dir='ltr'><strong><em>est</em></strong></span> <span class='ocrx_word' id='word_1_686' title='bbox 2143 5013 2239 5085; x_wconf 82' lang='lat' dir='ltr'><strong><em>qui</em></strong></span> <span class='ocrx_word' id='word_1_687' title='bbox 2267 5013 2572 5085; x_wconf 76' lang='lat' dir='ltr'><strong><em>consoletur</em></strong></span> <span class='ocrx_word' id='word_1_688' title='bbox 2597 5029 2716 5067; x_wconf 90' lang='lat' dir='ltr'><strong><em>eam</em></strong></span> <span class='ocrx_word' id='word_1_689' title='bbox 2760 5029 2846 5085; x_wconf 8' lang='lat' dir='ltr'><strong><em>ex,</em></strong></span> <span class='ocrx_word' id='word_1_690' title='bbox 2872 5015 3127 5069; x_wconf 88' lang='lat' dir='ltr'><strong><em>omnibus</em></strong></span> <span class='ocrx_word' id='word_1_691' title='bbox 3177 5013 3361 5068; x_wconf 82' lang='lat' dir='ltr'><strong><em>charis</em></strong></span> <span class='ocrx_word' id='word_1_692' title='bbox 3409 5016 3531 5085; x_wconf 87' lang='lat' dir='ltr'><strong><em>ejus</em></strong></span> <span class='ocrx_word' id='word_1_693' title='bbox 3555 5033 3574 5068; x_wconf 93' lang='lat'><strong><em>:</em></strong></span> <span class='ocrx_word' id='word_1_694' title='bbox 3636 5032 3709 5071; x_wconf 84' lang='lat' dir='ltr'><strong><em>ex</em></strong></span> 
     </span>
    </p>
   </div>
   <div class='ocr_carea' id='block_1_91' title="bbox 2082 5082 3712 5157">
    <p class='ocr_par' dir='ltr' id='par_1_91' title="bbox 2082 5082 3712 5157">
     <span class='ocr_line' id='line_1_95' title="bbox 2082 5082 3712 5157; baseline 0.004 -21"><span class='ocrx_word' id='word_1_695' title='bbox 2082 5082 2337 5157; x_wconf 80' lang='lat' dir='ltr'><strong><em>rephetis</em></strong></span> <span class='ocrx_word' id='word_1_696' title='bbox 2376 5083 2660 5157; x_wconf 83' lang='lat' dir='ltr'><strong><em>videlicet,</em></strong></span> <span class='ocrx_word' id='word_1_697' title='bbox 2714 5083 2983 5157; x_wconf 65' lang='lat' dir='ltr'><strong><em>Regibus</em></strong></span> <span class='ocrx_word' id='word_1_698' title='bbox 3000 5090 3056 5139; x_wconf 92' lang='lat' dir='ltr'><strong><em>et</em></strong></span> <span class='ocrx_word' id='word_1_699' title='bbox 3084 5082 3507 5157; x_wconf 78' lang='lat' dir='ltr'><strong><em>sacerdotibus,</em></strong></span> <span class='ocrx_word' id='word_1_700' title='bbox 3560 5092 3712 5157; x_wconf 88' lang='lat' dir='ltr'><strong><em>post</em></strong></span> 
     </span>
    </p>
   </div>
   <div class='ocr_carea' id='block_1_92' title="bbox 2089 5154 3706 5228">
    <p class='ocr_par' dir='ltr' id='par_1_92' title="bbox 2089 5154 3706 5228">
     <span class='ocr_line' id='line_1_96' title="bbox 2089 5154 3706 5228; baseline 0.004 -20"><span class='ocrx_word' id='word_1_701' title='bbox 2089 5154 2268 5228; x_wconf 84' lang='lat' dir='ltr'><strong><em>omini</em></strong></span> <span class='ocrx_word' id='word_1_702' title='bbox 2292 5154 2713 5228; x_wconf 85' lang='lat' dir='ltr'><strong><em>ascensionem.</em></strong></span> <span class='ocrx_word' id='word_1_703' title='bbox 2730 5154 2858 5210; x_wconf 69' lang='lat' dir='ltr'><strong><em>Haec</em></strong></span> <span class='ocrx_word' id='word_1_704' title='bbox 2873 5155 3047 5211; x_wconf 88' lang='lat' dir='ltr'><strong><em>verba</em></strong></span> <span class='ocrx_word' id='word_1_705' title='bbox 3067 5156 3298 5228; x_wconf 90' lang='lat' dir='ltr'><strong><em>proprie</em></strong></span> <span class='ocrx_word' id='word_1_706' title='bbox 3321 5157 3393 5228; x_wconf 88' lang='lat' dir='ltr'><strong><em>ad</em></strong></span> <span class='ocrx_word' id='word_1_707' title='bbox 3417 5154 3706 5228; x_wconf 75' lang='lat' dir='ltr'><strong><em>ultimam</em></strong></span> 
     </span>
    </p>
   </div>
   <div class='ocr_carea' id='block_1_93' title="bbox 2037 5225 3703 5298">
    <p class='ocr_par' dir='ltr' id='par_1_93' title="bbox 2037 5225 3703 5298">
     <span class='ocr_line' id='line_1_97' title="bbox 2037 5225 3703 5298; baseline 0.004 -20"><span class='ocrx_word' id='word_1_708' title='bbox 2037 5225 2433 5298; x_wconf 77' lang='lat' dir='ltr'><strong><em>vastationem</em></strong></span> <span class='ocrx_word' id='word_1_709' title='bbox 2470 5227 2801 5298; x_wconf 68' lang='lat' dir='ltr'><strong><em>pertinent,</em></strong></span> <span class='ocrx_word' id='word_1_710' title='bbox 2831 5230 2961 5298; x_wconf 87' lang='lat' dir='ltr'><strong><em>post</em></strong></span> <span class='ocrx_word' id='word_1_711' title='bbox 2990 5225 3313 5297; x_wconf 49' lang='lat' dir='ltr'><strong><em>quam—non</em></strong></span> <span class='ocrx_word' id='word_1_712' title='bbox 3346 5227 3703 5285; x_wconf 88' lang='lat' dir='ltr'><strong><em>habuerunt</em></strong></span> 
     </span>
    </p>
   </div>
   <div class='ocr_carea' id='block_1_94' title="bbox 2039 5294 3704 5370">
    <p class='ocr_par' dir='ltr' id='par_1_94' title="bbox 2039 5294 3704 5370">
     <span class='ocr_line' id='line_1_98' title="bbox 2039 5294 3704 5370; baseline 0.005 -21"><span class='ocrx_word' id='word_1_713' title='bbox 2039 5294 2225 5370; x_wconf 86' lang='lat' dir='ltr'><strong><em>ullum</em></strong></span> <span class='ocrx_word' id='word_1_714' title='bbox 2250 5294 2596 5370; x_wconf 38' lang='lat' dir='ltr'><strong><em>princip—em.</em></strong></span> <span class='ocrx_word' id='word_1_715' title='bbox 2620 5297 2764 5353; x_wconf 88' lang='lat' dir='ltr'><strong><em>Nam</em></strong></span> <span class='ocrx_word' id='word_1_716' title='bbox 2791 5294 2849 5352; x_wconf 83' lang='lat' dir='ltr'><strong><em>iri</em></strong></span> <span class='ocrx_word' id='word_1_717' title='bbox 2877 5294 3199 5370; x_wconf 43' lang='lat' dir='ltr'><strong><em>Babilonios</em></strong></span> <span class='ocrx_word' id='word_1_718' title='bbox 3223 5299 3558 5370; x_wconf 83' lang='lat' dir='ltr'><strong><em>captivitate</em></strong></span> <span class='ocrx_word' id='word_1_719' title='bbox 3584 5301 3704 5356; x_wconf 83' lang='lat' dir='ltr'><strong><em>ha.-</em></strong></span> 
     </span>
    </p>
   </div>
   <div class='ocr_carea' id='block_1_95' title="bbox 2039 5367 3702 5440">
    <p class='ocr_par' dir='ltr' id='par_1_95' title="bbox 2039 5367 3702 5440">
     <span class='ocr_line' id='line_1_99' title="bbox 2039 5367 3702 5440; baseline 0.005 -20"><span class='ocrx_word' id='word_1_720' title='bbox 2039 5367 2292 5440; x_wconf 81' lang='lat' dir='ltr'><strong><em>buerunt</em></strong></span> <span class='ocrx_word' id='word_1_721' title='bbox 2311 5367 2600 5424; x_wconf 77' lang='lat' dir='ltr'><strong><em>Danielem</em></strong></span> <span class='ocrx_word' id='word_1_722' title='bbox 2621 5374 2677 5424; x_wconf 89' lang='lat' dir='ltr'><strong><em>et</em></strong></span> <span class='ocrx_word' id='word_1_723' title='bbox 2698 5370 2885 5425; x_wconf 91' lang='lat' dir='ltr'><strong><em>socios</em></strong></span> <span class='ocrx_word' id='word_1_724' title='bbox 2907 5367 3056 5440; x_wconf 80' lang='lat' dir='ltr'><strong><em>ejus,</em></strong></span> <span class='ocrx_word' id='word_1_725' title='bbox 3080 5367 3435 5425; x_wconf 80' lang='lat' dir='ltr'><strong><em>Ezechielem</em></strong></span> <span class='ocrx_word' id='word_1_726' title='bbox 3459 5375 3519 5426; x_wconf 89' lang='lat' dir='ltr'><strong><em>et</em></strong></span> <span class='ocrx_word' id='word_1_727' title='bbox 3539 5372 3702 5428; x_wconf 88' lang='lat' dir='ltr'><strong><em>alios</em></strong></span> 
     </span>
    </p>
   </div>
   <div class='ocr_carea' id='block_1_96' title="bbox 2039 5438 3697 5512">
    <p class='ocr_par' dir='ltr' id='par_1_96' title="bbox 2039 5438 3697 5512">
     <span class='ocr_line' id='line_1_100' title="bbox 2039 5438 3697 5512; baseline 0.004 -20"><span class='ocrx_word' id='word_1_728' title='bbox 2039 5438 2272 5494; x_wconf 90' lang='lat' dir='ltr'><strong><em>multos.</em></strong></span> <span class='ocrx_word' id='word_1_729' title='bbox 2323 5441 2515 5495; x_wconf 86' lang='lat' dir='ltr'><strong><em>Omnes</em></strong></span> <span class='ocrx_word' id='word_1_730' title='bbox 2543 5442 2710 5496; x_wconf 89' lang='lat' dir='ltr'><strong><em>amici</em></strong></span> <span class='ocrx_word' id='word_1_731' title='bbox 2745 5442 2880 5512; x_wconf 86' lang='lat' dir='ltr'><strong><em>ejus,</em></strong></span> <span class='ocrx_word' id='word_1_732' title='bbox 2931 5438 2986 5496; x_wconf 82' lang='lat' dir='ltr'><strong><em>id</em></strong></span> <span class='ocrx_word' id='word_1_733' title='bbox 3040 5446 3149 5511; x_wconf 89' lang='lat' dir='ltr'><strong><em>est,</em></strong></span> <span class='ocrx_word' id='word_1_734' title='bbox 3199 5457 3363 5512; x_wconf 87' lang='lat' dir='ltr'><strong><em>reges</em></strong></span> <span class='ocrx_word' id='word_1_735' title='bbox 3389 5443 3697 5512; x_wconf 88' lang='lat' dir='ltr'><strong><em>gentium,</em></strong></span> 
     </span>
    </p>
   </div>
   <div class='ocr_carea' id='block_1_97' title="bbox 1953 5509 3749 5611">
    <p class='ocr_par' dir='ltr' id='par_1_97' title="bbox 1953 5509 3749 5611">
     <span class='ocr_line' id='line_1_101' title="bbox 1953 5509 3749 5611; baseline 0.003 -47"><span class='ocrx_word' id='word_1_736' title='bbox 1953 5545 1995 5611; x_wconf 81' lang='lat' dir='ltr'>C</span> <span class='ocrx_word' id='word_1_737' title='bbox 2033 5515 2352 5611; x_wconf 60' lang='lat' dir='ltr'><strong><em>fpreuerunt</em></strong></span> <span class='ocrx_word' id='word_1_738' title='bbox 2377 5512 2670 5611; x_wconf 50' lang='lat' dir='ltr'><strong><em>eaméswe</em></strong></span> <span class='ocrx_word' id='word_1_739' title='bbox 2691 5509 3006 5611; x_wconf 40' lang='lat' dir='ltr'><strong><em>pnIOLpih‘ilo.</em></strong></span> <span class='ocrx_word' id='word_1_740' title='bbox 3021 5509 3453 5611; x_wconf 63' lang='lat' dir='ltr'><strong><em>reputaverunt,</em></strong></span> <span class='ocrx_word' id='word_1_741' title='bbox 3476 5518 3527 5569; x_wconf 87' lang='lat' dir='ltr'><strong><em>et</em></strong></span> <span class='ocrx_word' id='word_1_742' title='bbox 3546 5517 3702 5584; x_wconf 83' lang='lat' dir='ltr'><strong><em>facti</em></strong></span> <span class='ocrx_word' id='word_1_743' title='bbox 3745 5509 3749 5512; x_wconf 20' lang='grc' dir='ltr'>λ</span> 
     </span>
    </p>
   </div>
   <div class='ocr_carea' id='block_1_98' title="bbox 2028 5583 3697 5647">
    <p class='ocr_par' dir='ltr' id='par_1_98' title="bbox 2028 5583 3697 5647">
     <span class='ocr_line' id='line_1_102' title="bbox 2028 5583 3697 5647; baseline 0.004 -12"><span class='ocrx_word' id='word_1_744' title='bbox 2028 5590 2158 5636; x_wconf 87' lang='lat' dir='ltr'><strong><em>sunt</em></strong></span> <span class='ocrx_word' id='word_1_745' title='bbox 2174 5585 2227 5636; x_wconf 88' lang='lat' dir='ltr'><strong><em>ei</em></strong></span> <span class='ocrx_word' id='word_1_746' title='bbox 2242 5584 2473 5638; x_wconf 85' lang='lat' dir='ltr'><strong><em>inimici.</em></strong></span> <span class='ocrx_word' id='word_1_747' title='bbox 2491 5583 2549 5639; x_wconf 92' lang='lat' dir='ltr'><strong><em>Si</em></strong></span> <span class='ocrx_word' id='word_1_748' title='bbox 2565 5601 2694 5638; x_wconf 89' lang='lat' dir='ltr'><strong><em>vero</em></strong></span> <span class='ocrx_word' id='word_1_749' title='bbox 2708 5583 2778 5638; x_wconf 91' lang='lat' dir='ltr'><strong><em>ad</em></strong></span> <span class='ocrx_word' id='word_1_750' title='bbox 2796 5583 3110 5639; x_wconf 74' lang='lat' dir='ltr'><strong><em>Ecclesium</em></strong></span> <span class='ocrx_word' id='word_1_751' title='bbox 3130 5584 3456 5647; x_wconf 77' lang='lat' dir='ltr'><strong><em>referimus,</em></strong></span> <span class='ocrx_word' id='word_1_752' title='bbox 3472 5583 3697 5641; x_wconf 85' lang='lat' dir='ltr'><strong><em>omnes</em></strong></span> 
     </span>
    </p>
   </div>
   <div class='ocr_carea' id='block_1_99' title="bbox 2030 5652 3692 5726">
    <p class='ocr_par' dir='ltr' id='par_1_99' title="bbox 2030 5652 3692 5726">
     <span class='ocr_line' id='line_1_103' title="bbox 2030 5652 3692 5726; baseline 0.004 -20"><span class='ocrx_word' id='word_1_753' title='bbox 2030 5652 2217 5726; x_wconf 80' lang='lat' dir='ltr'><strong><em>angeli</em></strong></span> <span class='ocrx_word' id='word_1_754' title='bbox 2240 5655 2421 5708; x_wconf 88' lang='lat' dir='ltr'><strong><em>sancti</em></strong></span> <span class='ocrx_word' id='word_1_755' title='bbox 2443 5655 2613 5710; x_wconf 90' lang='lat' dir='ltr'><strong><em>amici</em></strong></span> <span class='ocrx_word' id='word_1_756' title='bbox 2633 5655 2778 5725; x_wconf 83' lang='lat' dir='ltr'><strong><em>ejus,</em></strong></span> <span class='ocrx_word' id='word_1_757' title='bbox 2802 5672 2902 5726; x_wconf 91' lang='lat' dir='ltr'><strong><em>pro</em></strong></span> <span class='ocrx_word' id='word_1_758' title='bbox 2925 5654 3106 5710; x_wconf 89' lang='lat' dir='ltr'><strong><em>nihilo</em></strong></span> <span class='ocrx_word' id='word_1_759' title='bbox 3123 5655 3484 5726; x_wconf 89' lang='lat' dir='ltr'><strong><em>deputabant</em></strong></span> <span class='ocrx_word' id='word_1_760' title='bbox 3520 5671 3692 5726; x_wconf 80' lang='lat' dir='ltr'><strong><em>eam,</em></strong></span> 
     </span>
    </p>
   </div>
   <div class='ocr_carea' id='block_1_100' title="bbox 319 5715 3694 5798">
    <p class='ocr_par' dir='ltr' id='par_1_100' title="bbox 319 5715 3694 5798">
     <span class='ocr_line' id='line_1_104' title="bbox 319 5715 3694 5798; baseline 0.003 -24"><span class='ocrx_word' id='word_1_761' title='bbox 319 5719 455 5774; x_wconf 81' lang='lat' dir='ltr'><strong><em>uota</em></strong></span> <span class='ocrx_word' id='word_1_762' title='bbox 482 5715 542 5771; x_wconf 90' lang='lat' dir='ltr'><strong><em>in</em></strong></span> <span class='ocrx_word' id='word_1_763' title='bbox 571 5718 964 5788; x_wconf 88' lang='lat' dir='ltr'><strong><em>captivitatem</em></strong></span> <span class='ocrx_word' id='word_1_764' title='bbox 989 5721 1157 5792; x_wconf 90' lang='lat' dir='ltr'><strong><em>quasi</em></strong></span> <span class='ocrx_word' id='word_1_765' title='bbox 1179 5721 1352 5778; x_wconf 88' lang='lat' dir='ltr'><strong><em>vidua</em></strong></span> <span class='ocrx_word' id='word_1_766' title='bbox 1373 5723 1502 5779; x_wconf 87' lang='lat' dir='ltr'><strong><em>fuit.</em></strong></span> <span class='ocrx_word' id='word_1_767' title='bbox 1535 5715 1644 5780; x_wconf 67' lang='lat' dir='ltr'><strong><em>Sed</em></strong></span> <span class='ocrx_word' id='word_1_768' title='bbox 1672 5742 1786 5780; x_wconf 90' lang='lat' dir='ltr'><strong><em>non</em></strong></span> <span class='ocrx_word' id='word_1_769' title='bbox 1811 5715 1919 5779; x_wconf 82' lang='lat' dir='ltr'><strong><em>fuit</em></strong></span> <span class='ocrx_word' id='word_1_770' title='bbox 2026 5715 2287 5780; x_wconf 65' lang='lat' dir='ltr'><strong><em>videntes</em></strong></span> <span class='ocrx_word' id='word_1_771' title='bbox 2317 5743 2444 5780; x_wconf 88' lang='lat' dir='ltr'><strong><em>eam</em></strong></span> <span class='ocrx_word' id='word_1_772' title='bbox 2476 5744 2509 5781; x_wconf 89' lang='lat' dir='ltr'><strong><em>a</em></strong></span> <span class='ocrx_word' id='word_1_773' title='bbox 2539 5715 2818 5782; x_wconf 38' lang='lat' dir='ltr'><strong><em>Creatore‘</em></strong></span> <span class='ocrx_word' id='word_1_774' title='bbox 2848 5743 2955 5783; x_wconf 90' lang='lat' dir='ltr'><strong><em>suo</em></strong></span> <span class='ocrx_word' id='word_1_775' title='bbox 2985 5743 3115 5783; x_wconf 89' lang='lat' dir='ltr'><strong><em>esse</em></strong></span> <span class='ocrx_word' id='word_1_776' title='bbox 3144 5715 3430 5798; x_wconf 82' lang='lat' dir='ltr'><strong><em>déjectam</em></strong></span> <span class='ocrx_word' id='word_1_777' title='bbox 3460 5744 3472 5782; x_wconf 87' lang='lat'>:</span> <span class='ocrx_word' id='word_1_778' title='bbox 3505 5732 3566 5782; x_wconf 88' lang='lat' dir='ltr'><strong><em>et</em></strong></span> <span class='ocrx_word' id='word_1_779' title='bbox 3599 5715 3694 5784; x_wconf 53' lang='lat' dir='ltr'><strong><em>vi;</em></strong></span> 
     </span>
    </p>
   </div>
  </div>
