  <div class='ocr_page' id='page_1' title='image "/cluster/home/n/w/nwhite01/storage/ocr_20150623/25/hvd.32044096580493/402.png"; bbox 0 0 3994 6188; ppageno 0'>
   <div class='ocr_carea' id='block_1_1' title="bbox 275 311 390 372">
    <p class='ocr_par' dir='ltr' id='par_1_1' title="bbox 275 311 390 372">
     <span class='ocr_line' id='line_1_1' title="bbox 275 311 390 372; baseline 0 0"><span class='ocrx_word' id='word_1_1' title='bbox 275 311 390 372; x_wconf 86' lang='grc'><strong>793</strong></span> 
     </span>
    </p>
   </div>
   <div class='ocr_carea' id='block_1_2' title="bbox 1085 303 2863 374">
    <p class='ocr_par' dir='ltr' id='par_1_2' title="bbox 1085 303 2863 374">
     <span class='ocr_line' id='line_1_2' title="bbox 1085 303 2863 374; baseline -0.004 -1"><span class='ocrx_word' id='word_1_2' title='bbox 1085 311 1324 374; x_wconf 86' lang='lat' dir='ltr'>INDEX</span> <span class='ocrx_word' id='word_1_3' title='bbox 1369 309 1640 372; x_wconf 82' lang='lat' dir='ltr'><strong>RERUM</strong></span> <span class='ocrx_word' id='word_1_4' title='bbox 1688 310 1789 369; x_wconf 89' lang='lat' dir='ltr'><strong>ET</strong></span> <span class='ocrx_word' id='word_1_5' title='bbox 1833 307 2270 371; x_wconf 81' lang='lat' dir='ltr'><strong>VERBORUM</strong></span> <span class='ocrx_word' id='word_1_6' title='bbox 2315 303 2863 368; x_wconf 84' lang='lat' dir='ltr'><strong>INSIGNIORUM.</strong></span> 
     </span>
    </p>
   </div>
   <div class='ocr_carea' id='block_1_3' title="bbox 3557 305 3674 368">
    <p class='ocr_par' dir='ltr' id='par_1_3' title="bbox 3557 305 3674 368">
     <span class='ocr_line' id='line_1_3' title="bbox 3557 305 3674 368; baseline 0.034 -4"><span class='ocrx_word' id='word_1_7' title='bbox 3557 305 3674 368; x_wconf 75' lang='lat'><strong>794</strong></span> 
     </span>
    </p>
   </div>
   <div class='ocr_carea' id='block_1_4' title="bbox 2385 491 3660 534">
    <p class='ocr_par' dir='ltr' id='par_1_4' title="bbox 2385 491 3660 534">
     <span class='ocr_line' id='line_1_4' title="bbox 2385 491 3660 534; baseline 0.002 -2"><span class='ocrx_word' id='word_1_8' title='bbox 2385 491 3660 534; x_wconf 43' lang='lat' dir='ltr'><strong>ﬂ</strong></span> 
     </span>
    </p>
   </div>
   <div class='ocr_carea' id='block_1_5' title="bbox 1599 718 2362 870">
    <p class='ocr_par' dir='ltr' id='par_1_5' title="bbox 1599 718 2362 870">
     <span class='ocr_line' id='line_1_5' title="bbox 1599 718 2362 870; baseline -0.004 0"><span class='ocrx_word' id='word_1_9' title='bbox 1599 718 2362 870; x_wconf 87' lang='lat' dir='ltr'>INDEX</span> 
     </span>
    </p>
   </div>
   <div class='ocr_carea' id='block_1_6' title="bbox 464 1040 3489 1112">
    <p class='ocr_par' dir='ltr' id='par_1_6' title="bbox 464 1040 3489 1112">
     <span class='ocr_line' id='line_1_6' title="bbox 464 1040 3489 1112; baseline 0 -8"><span class='ocrx_word' id='word_1_10' title='bbox 464 1045 739 1106; x_wconf 78' lang='lat' dir='ltr'><strong>BERUM</strong></span> <span class='ocrx_word' id='word_1_11' title='bbox 783 1047 885 1106; x_wconf 88' lang='lat' dir='ltr'><strong>ET</strong></span> <span class='ocrx_word' id='word_1_12' title='bbox 931 1046 1365 1108; x_wconf 73' lang='lat' dir='ltr'><strong>VERBOHUM</strong></span> <span class='ocrx_word' id='word_1_13' title='bbox 1415 1042 1933 1105; x_wconf 82' lang='lat' dir='ltr'><strong>INSIGNIORUM</strong></span> <span class='ocrx_word' id='word_1_14' title='bbox 1979 1042 2162 1112; x_wconf 67' lang='lat' dir='ltr'><strong>QUAE</strong></span> <span class='ocrx_word' id='word_1_15' title='bbox 2207 1043 2282 1100; x_wconf 88' lang='grc' dir='ltr'>ΙΝ</span> <span class='ocrx_word' id='word_1_16' title='bbox 2329 1042 2625 1112; x_wconf 84' lang='lat' dir='ltr'><strong>QUINTO</strong></span> <span class='ocrx_word' id='word_1_17' title='bbox 2671 1040 2998 1102; x_wconf 78' lang='lat' dir='ltr'><strong>OPERUM</strong></span> <span class='ocrx_word' id='word_1_18' title='bbox 3043 1042 3489 1104; x_wconf 82' lang='lat' dir='ltr'><strong>HIERUNYMI</strong></span> 
     </span>
    </p>
   </div>
   <div class='ocr_carea' id='block_1_7' title="bbox 1553 1149 2396 1211">
    <p class='ocr_par' dir='ltr' id='par_1_7' title="bbox 1553 1149 2396 1211">
     <span class='ocr_line' id='line_1_7' title="bbox 1553 1149 2396 1211; baseline -0.006 0"><span class='ocrx_word' id='word_1_19' title='bbox 1553 1150 1772 1211; x_wconf 87' lang='grc' dir='ltr'><strong>ΤΟΜΟ</strong></span> <span class='ocrx_word' id='word_1_20' title='bbox 1816 1149 2396 1210; x_wconf 80' lang='lat' dir='ltr'><strong>CONTINENTUB.</strong></span> 
     </span>
    </p>
   </div>
   <div class='ocr_carea' id='block_1_8' title="bbox 1069 1648 1128 1712">
    <p class='ocr_par' dir='ltr' id='par_1_8' title="bbox 1069 1648 1128 1712">
     <span class='ocr_line' id='line_1_8' title="bbox 1069 1648 1128 1712; baseline 0 0"><span class='ocrx_word' id='word_1_21' title='bbox 1069 1648 1128 1712; x_wconf 90' lang='lat' dir='ltr'><strong>A</strong></span> 
     </span>
    </p>
   </div>
   <div class='ocr_carea' id='block_1_9' title="bbox 344 1765 1920 1827">
    <p class='ocr_par' dir='ltr' id='par_1_9' title="bbox 344 1765 1920 1827">
     <span class='ocr_line' id='line_1_9' title="bbox 344 1765 1920 1827; baseline -0.003 -7"><span class='ocrx_word' id='word_1_22' title='bbox 344 1768 605 1820; x_wconf 79' lang='lat' dir='ltr'><strong>Abraham</strong></span> <span class='ocrx_word' id='word_1_23' title='bbox 637 1767 768 1818; x_wconf 99' lang='lat' dir='ltr'><strong>ﬁdes</strong></span> <span class='ocrx_word' id='word_1_24' title='bbox 811 1767 1231 1826; x_wconf 80' lang='lat' dir='ltr'><strong>commendatur,</strong></span> <span class='ocrx_word' id='word_1_25' title='bbox 1265 1771 1374 1818; x_wconf 90' lang='grc'>403.</span> <span class='ocrx_word' id='word_1_26' title='bbox 1423 1768 1690 1826; x_wconf 66' lang='lat' dir='ltr'><strong>Hebraeus,</strong></span> <span class='ocrx_word' id='word_1_27' title='bbox 1725 1765 1777 1815; x_wconf 89' lang='lat' dir='ltr'>id</span> <span class='ocrx_word' id='word_1_28' title='bbox 1825 1769 1920 1827; x_wconf 89' lang='lat' dir='ltr'><strong>est,</strong></span> 
     </span>
    </p>
   </div>
   <div class='ocr_carea' id='block_1_10' title="bbox 274 1831 876 1890">
    <p class='ocr_par' dir='ltr' id='par_1_10' title="bbox 274 1831 876 1890">
     <span class='ocr_line' id='line_1_10' title="bbox 274 1831 876 1890; baseline -0.007 -7"><span class='ocrx_word' id='word_1_29' title='bbox 274 1832 546 1889; x_wconf 90' lang='lat' dir='ltr'><strong>transitor,</strong></span> <span class='ocrx_word' id='word_1_30' title='bbox 576 1831 767 1890; x_wconf 90' lang='lat' dir='ltr'><strong>dictus,</strong></span> <span class='ocrx_word' id='word_1_31' title='bbox 798 1835 876 1881; x_wconf 86' lang='lat'><strong>65.</strong></span> 
     </span>
    </p>
   </div>
   <div class='ocr_carea' id='block_1_11' title="bbox 334 1892 1924 1956">
    <p class='ocr_par' dir='ltr' id='par_1_11' title="bbox 334 1892 1924 1956">
     <span class='ocr_line' id='line_1_11' title="bbox 334 1892 1924 1956; baseline -0.002 -13"><span class='ocrx_word' id='word_1_32' title='bbox 334 1895 574 1944; x_wconf 88' lang='lat' dir='ltr'><strong>Adorare</strong></span> <span class='ocrx_word' id='word_1_33' title='bbox 603 1893 818 1952; x_wconf 85' lang='lat' dir='ltr'><strong>cadens,</strong></span> <span class='ocrx_word' id='word_1_34' title='bbox 851 1892 980 1956; x_wconf 91' lang='lat' dir='ltr'><strong>quid</strong></span> <span class='ocrx_word' id='word_1_35' title='bbox 1002 1895 1025 1940; x_wconf 85' lang='lat'><strong>?</strong></span> <span class='ocrx_word' id='word_1_36' title='bbox 1053 1894 1163 1942; x_wconf 87' lang='lat'><strong>638.</strong></span> <span class='ocrx_word' id='word_1_37' title='bbox 1193 1892 1425 1942; x_wconf 88' lang='lat' dir='ltr'><strong>Adorare</strong></span> <span class='ocrx_word' id='word_1_38' title='bbox 1452 1905 1562 1942; x_wconf 90' lang='lat' dir='ltr'><strong>non</strong></span> <span class='ocrx_word' id='word_1_39' title='bbox 1584 1892 1703 1941; x_wconf 90' lang='lat' dir='ltr'><strong>licet</strong></span> <span class='ocrx_word' id='word_1_40' title='bbox 1723 1895 1924 1940; x_wconf 80' lang='lat' dir='ltr'><strong>statuas</strong></span> 
     </span>
    </p>
   </div>
   <div class='ocr_carea' id='block_1_12' title="bbox 269 1956 988 2019">
    <p class='ocr_par' dir='ltr' id='par_1_12' title="bbox 269 1956 988 2019">
     <span class='ocr_line' id='line_1_12' title="bbox 269 1956 988 2019; baseline -0.006 -12"><span class='ocrx_word' id='word_1_41' title='bbox 269 1961 323 2007; x_wconf 91' lang='lat' dir='ltr'><strong>et</strong></span> <span class='ocrx_word' id='word_1_42' title='bbox 352 1956 614 2019; x_wconf 77' lang='lat' dir='ltr'><strong>imagines</strong></span> <span class='ocrx_word' id='word_1_43' title='bbox 641 1970 852 2019; x_wconf 82' lang='lat' dir='ltr'><strong>regum,</strong></span> <span class='ocrx_word' id='word_1_44' title='bbox 879 1958 988 2019; x_wconf 83' lang='grc'>641.</span> 
     </span>
    </p>
   </div>
   <div class='ocr_carea' id='block_1_13' title="bbox 330 2017 1177 2078">
    <p class='ocr_par' dir='ltr' id='par_1_13' title="bbox 330 2017 1177 2078">
     <span class='ocr_line' id='line_1_13' title="bbox 330 2017 1177 2078; baseline -0.005 -9"><span class='ocrx_word' id='word_1_45' title='bbox 330 2020 451 2069; x_wconf 81' lang='lat' dir='ltr'><strong>Non</strong></span> <span class='ocrx_word' id='word_1_46' title='bbox 469 2017 813 2068; x_wconf 62' lang='lat' dir='ltr'><strong>&#39;Adulandum</strong></span> <span class='ocrx_word' id='word_1_47' title='bbox 842 2017 1036 2078; x_wconf 85' lang='lat' dir='ltr'><strong>impiis,</strong></span> <span class='ocrx_word' id='word_1_48' title='bbox 1069 2018 1177 2065; x_wconf 90' lang='lat'><strong>637.</strong></span> 
     </span>
    </p>
   </div>
   <div class='ocr_carea' id='block_1_14' title="bbox 336 2079 1922 2142">
    <p class='ocr_par' dir='ltr' id='par_1_14' title="bbox 336 2079 1922 2142">
     <span class='ocr_line' id='line_1_14' title="bbox 336 2079 1922 2142; baseline -0.002 -11"><span class='ocrx_word' id='word_1_49' title='bbox 336 2081 564 2131; x_wconf 90' lang='lat' dir='ltr'><strong>Adulter</strong></span> <span class='ocrx_word' id='word_1_50' title='bbox 582 2081 789 2140; x_wconf 90' lang='lat' dir='ltr'><strong>dicitur,</strong></span> <span class='ocrx_word' id='word_1_51' title='bbox 808 2080 901 2142; x_wconf 89' lang='lat' dir='ltr'><strong>qui</strong></span> <span class='ocrx_word' id='word_1_52' title='bbox 923 2083 1108 2128; x_wconf 88' lang='lat' dir='ltr'><strong>sancta</strong></span> <span class='ocrx_word' id='word_1_53' title='bbox 1127 2079 1302 2137; x_wconf 86' lang='lat' dir='ltr'><strong>violat,</strong></span> <span class='ocrx_word' id='word_1_54' title='bbox 1320 2083 1462 2128; x_wconf 88' lang='lat' dir='ltr'><strong>casta</strong></span> <span class='ocrx_word' id='word_1_55' title='bbox 1482 2079 1786 2141; x_wconf 78' lang='lat' dir='ltr'><strong>corrumpit,</strong></span> <span class='ocrx_word' id='word_1_56' title='bbox 1801 2082 1922 2138; x_wconf 90' lang='lat' dir='ltr'><strong>etc.,</strong></span> 
     </span>
    </p>
   </div>
   <div class='ocr_carea' id='block_1_15' title="bbox 329 2203 1640 2262">
    <p class='ocr_par' dir='ltr' id='par_1_15' title="bbox 329 2203 1640 2262">
     <span class='ocr_line' id='line_1_15' title="bbox 329 2203 1640 2262; baseline -0.002 -8"><span class='ocrx_word' id='word_1_57' title='bbox 329 2204 628 2254; x_wconf 68' lang='lat' dir='ltr'><strong>Ediﬁcatio</strong></span> <span class='ocrx_word' id='word_1_58' title='bbox 658 2205 770 2262; x_wconf 91' lang='lat' dir='ltr'><strong>Dei,</strong></span> <span class='ocrx_word' id='word_1_59' title='bbox 801 2206 914 2252; x_wconf 85' lang='lat'><strong>756.</strong></span> <span class='ocrx_word' id='word_1_60' title='bbox 938 2203 1233 2252; x_wconf 67' lang='lat' dir='ltr'><strong>zEdiﬁcatio</strong></span> <span class='ocrx_word' id='word_1_61' title='bbox 1263 2203 1477 2261; x_wconf 90' lang='lat' dir='ltr'><strong>diaboli,</strong></span> <span class='ocrx_word' id='word_1_62' title='bbox 1511 2203 1640 2252; x_wconf 92' lang='lat' dir='ltr'><strong>ibid.</strong></span> 
     </span>
    </p>
   </div>
   <div class='ocr_carea' id='block_1_16' title="bbox 333 2265 1796 2379">
    <p class='ocr_par' dir='ltr' id='par_1_16' title="bbox 333 2265 1796 2379">
     <span class='ocr_line' id='line_1_16' title="bbox 333 2265 1796 2379; baseline -0.001 -63"><span class='ocrx_word' id='word_1_63' title='bbox 333 2268 542 2379; x_wconf 49' lang='lat' dir='ltr'><strong>ﬁgpr</strong></span> <span class='ocrx_word' id='word_1_64' title='bbox 571 2267 874 2315; x_wconf 84' lang='lat' dir='ltr'><strong>sacerdotes</strong></span> <span class='ocrx_word' id='word_1_65' title='bbox 898 2266 1188 2315; x_wconf 77' lang='lat' dir='ltr'><strong>utebantur</strong></span> <span class='ocrx_word' id='word_1_66' title='bbox 1214 2265 1367 2315; x_wconf 85' lang='lat' dir='ltr'><strong>lineis</strong></span> <span class='ocrx_word' id='word_1_67' title='bbox 1397 2267 1647 2324; x_wconf 80' lang='lat' dir='ltr'><strong>vestibus,</strong></span> <span class='ocrx_word' id='word_1_68' title='bbox 1687 2268 1796 2315; x_wconf 89' lang='grc'>547.</span> 
     </span>
     <span class='ocr_line' id='line_1_17' title="bbox 415 2329 971 2379; baseline -0.004 -1"><span class='ocrx_word' id='word_1_69' title='bbox 415 2343 461 2378; x_wconf 93' lang='lat' dir='ltr'><strong>ia</strong></span> <span class='ocrx_word' id='word_1_70' title='bbox 483 2329 830 2379; x_wconf 84' lang='lat' dir='ltr'><strong>Jerosolvma.</strong></span> <span class='ocrx_word' id='word_1_71' title='bbox 863 2330 971 2377; x_wconf 90' lang='lat'><strong>891.</strong></span> 
     </span>
    </p>
   </div>
   <div class='ocr_carea' id='block_1_17' title="bbox 415 2329 971 2392">
    <p class='ocr_par' dir='ltr' id='par_1_17' title="bbox 415 2329 971 2392">
     <span class='ocr_line' id='line_1_18' title="bbox 415 2329 971 2392; baseline -0.005 -14"><span class='ocrx_word' id='word_1_72' title='bbox 415 2329 830 2392; x_wconf 35' lang='lat' dir='ltr'><strong>ia’Jerosolyma,</strong></span> <span class='ocrx_word' id='word_1_73' title='bbox 863 2330 971 2392; x_wconf 88' lang='lat'><strong>891.</strong></span> 
     </span>
    </p>
   </div>
   <div class='ocr_carea' id='block_1_18' title="bbox 333 2389 1734 2447">
    <p class='ocr_par' dir='ltr' id='par_1_18' title="bbox 333 2389 1734 2447">
     <span class='ocr_line' id='line_1_19' title="bbox 333 2389 1734 2447; baseline -0.004 -6"><span class='ocrx_word' id='word_1_74' title='bbox 333 2393 470 2442; x_wconf 68' lang='lat' dir='ltr'><strong>Eris</strong></span> <span class='ocrx_word' id='word_1_75' title='bbox 498 2389 721 2440; x_wconf 79' lang='lat' dir='ltr'><strong>materia</strong></span> <span class='ocrx_word' id='word_1_76' title='bbox 749 2391 951 2440; x_wconf 89' lang='lat' dir='ltr'><strong>cunctis</strong></span> <span class='ocrx_word' id='word_1_77' title='bbox 979 2389 1208 2439; x_wconf 85' lang='lat' dir='ltr'><strong>metallis</strong></span> <span class='ocrx_word' id='word_1_78' title='bbox 1233 2390 1469 2439; x_wconf 86' lang='lat' dir='ltr'><strong>vocalior</strong></span> <span class='ocrx_word' id='word_1_79' title='bbox 1497 2392 1592 2447; x_wconf 90' lang='lat' dir='ltr'><strong>est,</strong></span> <span class='ocrx_word' id='word_1_80' title='bbox 1624 2391 1734 2440; x_wconf 86' lang='grc'>465.</span> 
     </span>
    </p>
   </div>
   <div class='ocr_carea' id='block_1_19' title="bbox 336 2451 1925 2516">
    <p class='ocr_par' dir='ltr' id='par_1_19' title="bbox 336 2451 1925 2516">
     <span class='ocr_line' id='line_1_20' title="bbox 336 2451 1925 2516; baseline -0.001 -14"><span class='ocrx_word' id='word_1_81' title='bbox 336 2455 481 2503; x_wconf 68' lang='grc' dir='ltr'><strong>ΛΕιεε</strong></span> <span class='ocrx_word' id='word_1_82' title='bbox 513 2458 721 2502; x_wconf 89' lang='lat' dir='ltr'><strong>matura</strong></span> <span class='ocrx_word' id='word_1_83' title='bbox 749 2453 1007 2516; x_wconf 86' lang='lat' dir='ltr'><strong>perquirit</strong></span> <span class='ocrx_word' id='word_1_84' title='bbox 1034 2452 1289 2516; x_wconf 77' lang='lat' dir='ltr'><strong>prudens</strong></span> <span class='ocrx_word' id='word_1_85' title='bbox 1315 2451 1611 2508; x_wconf 90' lang='lat' dir='ltr'><strong>consilium,</strong></span> <span class='ocrx_word' id='word_1_86' title='bbox 1661 2453 1738 2500; x_wconf 88' lang='lat'><strong>78.</strong></span> <span class='ocrx_word' id='word_1_87' title='bbox 1785 2451 1925 2500; x_wconf 67' lang='lat' dir='ltr'><strong>ditas</strong></span> 
     </span>
    </p>
   </div>
   <div class='ocr_carea' id='block_1_20' title="bbox 273 2515 1636 2571">
    <p class='ocr_par' dir='ltr' id='par_1_20' title="bbox 273 2515 1636 2571">
     <span class='ocr_line' id='line_1_21' title="bbox 273 2515 1636 2571; baseline -0.002 -6"><span class='ocrx_word' id='word_1_88' title='bbox 273 2521 484 2565; x_wconf 86' lang='lat' dir='ltr'><strong>matura</strong></span> <span class='ocrx_word' id='word_1_89' title='bbox 516 2529 722 2566; x_wconf 89' lang='lat' dir='ltr'><strong>errores</strong></span> <span class='ocrx_word' id='word_1_90' title='bbox 751 2515 1124 2564; x_wconf 64' lang='lat' dir='ltr'><strong>adolescentia:</strong></span> <span class='ocrx_word' id='word_1_91' title='bbox 1157 2515 1495 2571; x_wconf 91' lang='lat' dir='ltr'><strong>condemnat,</strong></span> <span class='ocrx_word' id='word_1_92' title='bbox 1528 2517 1636 2563; x_wconf 92' lang='grc'>457.</span> 
     </span>
    </p>
   </div>
   <div class='ocr_carea' id='block_1_21' title="bbox 334 2577 1916 2638">
    <p class='ocr_par' dir='ltr' id='par_1_21' title="bbox 334 2577 1916 2638">
     <span class='ocr_line' id='line_1_22' title="bbox 334 2577 1916 2638; baseline -0.002 -11"><span class='ocrx_word' id='word_1_93' title='bbox 334 2579 634 2628; x_wconf 73' lang='grc' dir='ltr'><strong>ΔΞιει-ηῑιειῑὶ</strong></span> <span class='ocrx_word' id='word_1_94' title='bbox 664 2591 823 2626; x_wconf 89' lang='lat' dir='ltr'><strong>omne</strong></span> <span class='ocrx_word' id='word_1_95' title='bbox 854 2581 1066 2635; x_wconf 82' lang='lat' dir='ltr'><strong>tempus</strong></span> <span class='ocrx_word' id='word_1_96' title='bbox 1095 2581 1479 2638; x_wconf 90' lang='lat' dir='ltr'><strong>comparatum,</strong></span> <span class='ocrx_word' id='word_1_97' title='bbox 1511 2577 1670 2626; x_wconf 86' lang='lat' dir='ltr'><strong>breve</strong></span> <span class='ocrx_word' id='word_1_98' title='bbox 1688 2579 1784 2634; x_wconf 90' lang='lat' dir='ltr'><strong>est,</strong></span> <span class='ocrx_word' id='word_1_99' title='bbox 1807 2578 1916 2626; x_wconf 88' lang='lat'><strong>359.</strong></span> 
     </span>
    </p>
   </div>
   <div class='ocr_carea' id='block_1_22' title="bbox 331 2641 1320 2702">
    <p class='ocr_par' dir='ltr' id='par_1_22' title="bbox 331 2641 1320 2702">
     <span class='ocr_line' id='line_1_23' title="bbox 331 2641 1320 2702; baseline -0.002 -12"><span class='ocrx_word' id='word_1_100' title='bbox 331 2641 600 2702; x_wconf 67' lang='lat' dir='ltr'><strong>Ethiopia</strong></span> <span class='ocrx_word' id='word_1_101' title='bbox 627 2641 803 2689; x_wconf 77' lang='lat' dir='ltr'><strong>vicina</strong></span> <span class='ocrx_word' id='word_1_102' title='bbox 832 2643 912 2688; x_wconf 91' lang='lat' dir='ltr'><strong>est</strong></span> <span class='ocrx_word' id='word_1_103' title='bbox 937 2641 1181 2702; x_wconf 67' lang='lat' dir='ltr'><strong>Egypto,</strong></span> <span class='ocrx_word' id='word_1_104' title='bbox 1212 2643 1320 2688; x_wconf 87' lang='grc'><strong>356.</strong></span> 
     </span>
    </p>
   </div>
   <div class='ocr_carea' id='block_1_23' title="bbox 331 2698 1919 2765">
    <p class='ocr_par' dir='ltr' id='par_1_23' title="bbox 331 2698 1919 2765">
     <span class='ocr_line' id='line_1_24' title="bbox 331 2698 1919 2765; baseline -0.003 -13"><span class='ocrx_word' id='word_1_105' title='bbox 331 2698 618 2752; x_wconf 80' lang='lat' dir='ltr'><strong>Alexandri</strong></span> <span class='ocrx_word' id='word_1_106' title='bbox 646 2703 820 2765; x_wconf 81' lang='lat' dir='ltr'><strong>Magni</strong></span> <span class='ocrx_word' id='word_1_107' title='bbox 839 2698 1088 2764; x_wconf 58' lang='lat' dir='ltr'><strong>regnu&#39;n&#39;i,</strong></span> <span class='ocrx_word' id='word_1_108' title='bbox 1114 2715 1209 2765; x_wconf 83' lang='lat' dir='ltr'><strong>cur</strong></span> <span class='ocrx_word' id='word_1_109' title='bbox 1239 2704 1482 2750; x_wconf 63' lang='lat' dir='ltr'><strong>aeneum?</strong></span> <span class='ocrx_word' id='word_1_110' title='bbox 1503 2703 1612 2750; x_wconf 81' lang='grc'>634.</span> <span class='ocrx_word' id='word_1_111' title='bbox 1635 2698 1919 2765; x_wconf 54' lang='lat' dir='ltr'><strong>Alexandri</strong></span> 
     </span>
    </p>
   </div>
   <div class='ocr_carea' id='block_1_24' title="bbox 269 2762 1918 2828">
    <p class='ocr_par' dir='ltr' id='par_1_24' title="bbox 269 2762 1918 2828">
     <span class='ocr_line' id='line_1_25' title="bbox 269 2762 1918 2828; baseline -0.002 -14"><span class='ocrx_word' id='word_1_112' title='bbox 269 2765 445 2828; x_wconf 70' lang='lat' dir='ltr'><strong>Magni</strong></span> <span class='ocrx_word' id='word_1_113' title='bbox 478 2765 710 2828; x_wconf 67' lang='lat' dir='ltr'><strong>victoriae</strong></span> <span class='ocrx_word' id='word_1_114' title='bbox 734 2762 793 2828; x_wconf 56' lang='lat' dir='ltr'><strong>Et</strong></span> <span class='ocrx_word' id='word_1_115' title='bbox 821 2762 981 2828; x_wconf 71' lang='lat' dir='ltr'><strong>mors,</strong></span> <span class='ocrx_word' id='word_1_116' title='bbox 1011 2765 1119 2828; x_wconf 77' lang='lat'><strong>703.</strong></span> <span class='ocrx_word' id='word_1_117' title='bbox 1146 2763 1275 2828; x_wconf 82' lang='lat' dir='ltr'><strong>Ejus</strong></span> <span class='ocrx_word' id='word_1_118' title='bbox 1293 2777 1643 2828; x_wconf 81' lang='lat' dir='ltr'><strong>successores,</strong></span> <span class='ocrx_word' id='word_1_119' title='bbox 1668 2762 1918 2828; x_wconf 33' lang='grc' dir='ltr'><strong>Δι’ὀὶιῄ-γεξέ</strong></span> 
     </span>
    </p>
   </div>
   <div class='ocr_carea' id='block_1_25' title="bbox 269 2825 1920 2889">
    <p class='ocr_par' dir='ltr' id='par_1_25' title="bbox 269 2825 1920 2889">
     <span class='ocr_line' id='line_1_26' title="bbox 269 2825 1920 2889; baseline -0.002 -13"><span class='ocrx_word' id='word_1_120' title='bbox 269 2825 673 2876; x_wconf 70' lang='grc' dir='ltr'><strong>ΙοίΑιεκδΠᾱτὶ</strong></span> <span class='ocrx_word' id='word_1_121' title='bbox 693 2827 932 2883; x_wconf 83' lang='lat' dir='ltr'><strong>victoria,</strong></span> <span class='ocrx_word' id='word_1_122' title='bbox 957 2828 1066 2889; x_wconf 87' lang='lat'><strong>668.</strong></span> <span class='ocrx_word' id='word_1_123' title='bbox 1096 2825 1394 2875; x_wconf 72' lang='lat' dir='ltr'><strong>Alexander</strong></span> <span class='ocrx_word' id='word_1_124' title='bbox 1412 2827 1608 2889; x_wconf 84' lang='lat' dir='ltr'><strong>Tyrum</strong></span> <span class='ocrx_word' id='word_1_125' title='bbox 1631 2825 1840 2874; x_wconf 86' lang='lat' dir='ltr'><strong>obsedit</strong></span> <span class='ocrx_word' id='word_1_126' title='bbox 1867 2827 1920 2873; x_wconf 90' lang='lat' dir='ltr'><strong>et</strong></span> 
     </span>
    </p>
   </div>
   <div class='ocr_carea' id='block_1_26' title="bbox 270 2887 1588 2951">
    <p class='ocr_par' dir='ltr' id='par_1_26' title="bbox 270 2887 1588 2951">
     <span class='ocr_line' id='line_1_27' title="bbox 270 2887 1588 2951; baseline -0.002 -13"><span class='ocrx_word' id='word_1_127' title='bbox 270 2890 425 2951; x_wconf 89' lang='lat' dir='ltr'><strong>cepit,</strong></span> <span class='ocrx_word' id='word_1_128' title='bbox 458 2893 568 2939; x_wconf 89' lang='grc'><strong>305.</strong></span> <span class='ocrx_word' id='word_1_129' title='bbox 598 2889 743 2938; x_wconf 88' lang='lat' dir='ltr'><strong>Idem</strong></span> <span class='ocrx_word' id='word_1_130' title='bbox 775 2890 989 2937; x_wconf 89' lang='lat' dir='ltr'><strong>Darium</strong></span> <span class='ocrx_word' id='word_1_131' title='bbox 1019 2888 1145 2936; x_wconf 86' lang='lat' dir='ltr'><strong>vicit</strong></span> <span class='ocrx_word' id='word_1_132' title='bbox 1173 2889 1228 2936; x_wconf 92' lang='lat' dir='ltr'><strong>in</strong></span> <span class='ocrx_word' id='word_1_133' title='bbox 1259 2890 1428 2951; x_wconf 84' lang='lat' dir='ltr'><strong>Lycia,</strong></span> <span class='ocrx_word' id='word_1_134' title='bbox 1456 2887 1588 2936; x_wconf 79' lang='lat' dir='ltr'><strong>ibid.</strong></span> 
     </span>
    </p>
   </div>
   <div class='ocr_carea' id='block_1_27' title="bbox 267 2951 1915 3062">
    <p class='ocr_par' dir='ltr' id='par_1_27' title="bbox 267 2951 1915 3062">
     <span class='ocr_line' id='line_1_28' title="bbox 267 2951 1915 3062; baseline -0.002 -62"><span class='ocrx_word' id='word_1_135' title='bbox 267 2951 591 3062; x_wconf 43' lang='lat' dir='ltr'><strong>dﬁlienigja</strong></span> <span class='ocrx_word' id='word_1_136' title='bbox 619 2965 675 3000; x_wconf 87' lang='lat' dir='ltr'><strong>se</strong></span> <span class='ocrx_word' id='word_1_137' title='bbox 704 2951 872 3014; x_wconf 89' lang='lat' dir='ltr'><strong>parcit</strong></span> <span class='ocrx_word' id='word_1_138' title='bbox 906 2952 1043 3000; x_wconf 91' lang='lat' dir='ltr'><strong>Deus</strong></span> <span class='ocrx_word' id='word_1_139' title='bbox 1065 2954 1280 3013; x_wconf 90' lang='lat' dir='ltr'><strong>propter</strong></span> <span class='ocrx_word' id='word_1_140' title='bbox 1309 2951 1575 3014; x_wconf 90' lang='lat' dir='ltr'><strong>propriam</strong></span> <span class='ocrx_word' id='word_1_141' title='bbox 1605 2952 1915 2999; x_wconf 90' lang='lat' dir='ltr'><strong>mansuetu-</strong></span> 
     </span>
     <span class='ocr_line' id='line_1_29' title="bbox 301 3027 609 3062; baseline -0.006 0"><span class='ocrx_word' id='word_1_142' title='bbox 301 3027 467 3062; x_wconf 88' lang='lat' dir='ltr'><strong>inem.</strong></span> <span class='ocrx_word' id='word_1_143' title='bbox 595 3048 609 3060; x_wconf 97' lang='lat'><strong>.</strong></span> 
     </span>
    </p>
   </div>
   <div class='ocr_carea' id='block_1_28' title="bbox 301 3015 609 3071">
    <p class='ocr_par' dir='ltr' id='par_1_28' title="bbox 301 3015 609 3071">
     <span class='ocr_line' id='line_1_30' title="bbox 301 3015 609 3071; baseline -0.006 -8"><span class='ocrx_word' id='word_1_144' title='bbox 301 3015 467 3071; x_wconf 89' lang='lat' dir='ltr'><strong>inem,</strong></span> <span class='ocrx_word' id='word_1_145' title='bbox 500 3015 609 3062; x_wconf 88' lang='grc'>877.</span> 
     </span>
    </p>
   </div>
   <div class='ocr_carea' id='block_1_29' title="bbox 328 3073 1917 3138">
    <p class='ocr_par' dir='ltr' id='par_1_29' title="bbox 328 3073 1917 3138">
     <span class='ocr_line' id='line_1_31' title="bbox 328 3073 1917 3138; baseline -0.001 -15"><span class='ocrx_word' id='word_1_146' title='bbox 328 3077 445 3126; x_wconf 78' lang='lat' dir='ltr'><strong>Non</strong></span> <span class='ocrx_word' id='word_1_147' title='bbox 477 3075 794 3138; x_wconf 80' lang='lat' dir='ltr'><strong>intelligitur</strong></span> <span class='ocrx_word' id='word_1_148' title='bbox 821 3073 1089 3136; x_wconf 82' lang='lat' dir='ltr'><strong>quomodo</strong></span> <span class='ocrx_word' id='word_1_149' title='bbox 1114 3073 1305 3138; x_wconf 86' lang='lat' dir='ltr'><strong>Altare,</strong></span> <span class='ocrx_word' id='word_1_150' title='bbox 1340 3074 1395 3122; x_wconf 93' lang='lat' dir='ltr'><strong>in</strong></span> <span class='ocrx_word' id='word_1_151' title='bbox 1417 3087 1521 3137; x_wconf 86' lang='lat' dir='ltr'><strong>quo</strong></span> <span class='ocrx_word' id='word_1_152' title='bbox 1543 3073 1680 3135; x_wconf 88' lang='lat' dir='ltr'><strong>ignis</strong></span> <span class='ocrx_word' id='word_1_153' title='bbox 1700 3087 1917 3124; x_wconf 81' lang='lat' dir='ltr'><strong>succen-</strong></span> 
     </span>
    </p>
   </div>
   <div class='ocr_carea' id='block_1_30' title="bbox 266 3136 1407 3198">
    <p class='ocr_par' dir='ltr' id='par_1_30' title="bbox 266 3136 1407 3198">
     <span class='ocr_line' id='line_1_32' title="bbox 266 3136 1407 3198; baseline -0.002 -12"><span class='ocrx_word' id='word_1_154' title='bbox 266 3137 479 3188; x_wconf 87' lang='lat' dir='ltr'><strong>dendus</strong></span> <span class='ocrx_word' id='word_1_155' title='bbox 507 3143 638 3195; x_wconf 88' lang='lat' dir='ltr'><strong>erat,</strong></span> <span class='ocrx_word' id='word_1_156' title='bbox 661 3136 799 3185; x_wconf 80' lang='lat' dir='ltr'><strong>nihil</strong></span> <span class='ocrx_word' id='word_1_157' title='bbox 828 3137 893 3185; x_wconf 91' lang='lat' dir='ltr'><strong>ab</strong></span> <span class='ocrx_word' id='word_1_158' title='bbox 924 3150 986 3184; x_wconf 91' lang='lat' dir='ltr'><strong>eo</strong></span> <span class='ocrx_word' id='word_1_159' title='bbox 1015 3137 1267 3198; x_wconf 89' lang='lat' dir='ltr'><strong>patiatur,</strong></span> <span class='ocrx_word' id='word_1_160' title='bbox 1297 3138 1407 3186; x_wconf 95' lang='lat'><strong>503.</strong></span> 
     </span>
    </p>
   </div>
   <div class='ocr_carea' id='block_1_31' title="bbox 331 3198 1240 3262">
    <p class='ocr_par' dir='ltr' id='par_1_31' title="bbox 331 3198 1240 3262">
     <span class='ocr_line' id='line_1_33' title="bbox 331 3198 1240 3262; baseline -0.007 -11"><span class='ocrx_word' id='word_1_161' title='bbox 331 3200 608 3252; x_wconf 80' lang='lat' dir='ltr'><strong>Anathoth</strong></span> <span class='ocrx_word' id='word_1_162' title='bbox 637 3199 764 3262; x_wconf 90' lang='lat' dir='ltr'><strong>quid</strong></span> <span class='ocrx_word' id='word_1_163' title='bbox 801 3198 1062 3262; x_wconf 83' lang='lat' dir='ltr'><strong>signiﬁcet</strong></span> <span class='ocrx_word' id='word_1_164' title='bbox 1082 3200 1106 3262; x_wconf 73' lang='lat'><strong>7</strong></span> <span class='ocrx_word' id='word_1_165' title='bbox 1131 3201 1240 3262; x_wconf 84' lang='grc'>816.</span> 
     </span>
    </p>
   </div>
   <div class='ocr_carea' id='block_1_32' title="bbox 326 3259 1910 3323">
    <p class='ocr_par' dir='ltr' id='par_1_32' title="bbox 326 3259 1910 3323">
     <span class='ocr_line' id='line_1_34' title="bbox 326 3259 1910 3323; baseline -0.002 -12"><span class='ocrx_word' id='word_1_166' title='bbox 326 3262 514 3323; x_wconf 79' lang='lat' dir='ltr'><strong>Angeli</strong></span> <span class='ocrx_word' id='word_1_167' title='bbox 526 3259 687 3310; x_wconf 76' lang='lat' dir='ltr'><strong>rebus</strong></span> <span class='ocrx_word' id='word_1_168' title='bbox 698 3259 946 3310; x_wconf 85' lang='lat' dir='ltr'><strong>omnibus</strong></span> <span class='ocrx_word' id='word_1_169' title='bbox 958 3259 1707 3323; x_wconf 67' lang='lat' dir='ltr'><strong>praesident,818.Angelorum</strong></span> <span class='ocrx_word' id='word_1_170' title='bbox 1721 3260 1910 3319; x_wconf 84' lang='lat' dir='ltr'><strong>ofﬁcia,</strong></span> 
     </span>
    </p>
   </div>
   <div class='ocr_carea' id='block_1_33' title="bbox 264 3322 1912 3385">
    <p class='ocr_par' dir='ltr' id='par_1_33' title="bbox 264 3322 1912 3385">
     <span class='ocr_line' id='line_1_35' title="bbox 264 3322 1912 3385; baseline -0.002 -11"><span class='ocrx_word' id='word_1_171' title='bbox 264 3326 376 3374; x_wconf 89' lang='lat'><strong>669.</strong></span> <span class='ocrx_word' id='word_1_172' title='bbox 407 3322 642 3382; x_wconf 84' lang='lat' dir='ltr'><strong>Quatuor</strong></span> <span class='ocrx_word' id='word_1_173' title='bbox 673 3323 875 3385; x_wconf 88' lang='lat' dir='ltr'><strong>angelis</strong></span> <span class='ocrx_word' id='word_1_174' title='bbox 905 3322 1218 3385; x_wconf 83' lang='lat' dir='ltr'><strong>principalia</strong></span> <span class='ocrx_word' id='word_1_175' title='bbox 1245 3335 1413 3384; x_wconf 86' lang='lat' dir='ltr'><strong>regna</strong></span> <span class='ocrx_word' id='word_1_176' title='bbox 1454 3323 1749 3382; x_wconf 90' lang='lat' dir='ltr'><strong>commissa,</strong></span> <span class='ocrx_word' id='word_1_177' title='bbox 1803 3327 1912 3373; x_wconf 87' lang='lat'><strong>663.</strong></span> 
     </span>
    </p>
   </div>
   <div class='ocr_carea' id='block_1_34' title="bbox 262 3385 1914 3449">
    <p class='ocr_par' dir='ltr' id='par_1_34' title="bbox 262 3385 1914 3449">
     <span class='ocr_line' id='line_1_36' title="bbox 262 3385 1914 3449; baseline -0.001 -14"><span class='ocrx_word' id='word_1_178' title='bbox 262 3387 602 3449; x_wconf 87' lang='lat' dir='ltr'><strong>Apostropha</strong></span> <span class='ocrx_word' id='word_1_179' title='bbox 621 3386 688 3434; x_wconf 90' lang='lat' dir='ltr'><strong>ad</strong></span> <span class='ocrx_word' id='word_1_180' title='bbox 708 3385 956 3449; x_wconf 82' lang='lat' dir='ltr'><strong>angelum</strong></span> <span class='ocrx_word' id='word_1_181' title='bbox 978 3385 1272 3449; x_wconf 70' lang='lat' dir='ltr'><strong>custodem,</strong></span> <span class='ocrx_word' id='word_1_182' title='bbox 1290 3386 1397 3433; x_wconf 89' lang='lat'><strong>889.</strong></span> <span class='ocrx_word' id='word_1_183' title='bbox 1419 3385 1605 3449; x_wconf 81' lang='lat' dir='ltr'><strong>Angeli</strong></span> <span class='ocrx_word' id='word_1_184' title='bbox 1619 3385 1698 3432; x_wconf 88' lang='lat' dir='ltr'><strong>Dii</strong></span> <span class='ocrx_word' id='word_1_185' title='bbox 1719 3386 1914 3449; x_wconf 71' lang='lat' dir='ltr'><strong>smpius</strong></span> 
     </span>
    </p>
   </div>
   <div class='ocr_carea' id='block_1_35' title="bbox 264 3400 1911 3518">
    <p class='ocr_par' dir='ltr' id='par_1_35' title="bbox 264 3400 1911 3518">
     <span class='ocr_line' id='line_1_37' title="bbox 264 3400 1911 3495; baseline -0.001 -60"><span class='ocrx_word' id='word_1_186' title='bbox 264 3400 602 3449; x_wconf 76' lang='lat' dir='ltr'><strong>Apostropna</strong></span> <span class='ocrx_word' id='word_1_187' title='bbox 621 3400 688 3434; x_wconf 89' lang='lat' dir='ltr'><strong>aa</strong></span> <span class='ocrx_word' id='word_1_188' title='bbox 708 3400 956 3448; x_wconf 89' lang='lat' dir='ltr'><strong>angeium</strong></span> <span class='ocrx_word' id='word_1_189' title='bbox 978 3400 1272 3440; x_wconf 81' lang='lat' dir='ltr'><strong>cuswaem,</strong></span> <span class='ocrx_word' id='word_1_190' title='bbox 1290 3400 1397 3433; x_wconf 75' lang='lat'><strong>889.</strong></span> <span class='ocrx_word' id='word_1_191' title='bbox 1419 3400 1605 3495; x_wconf 59' lang='lat' dir='ltr'><strong>anﬁeu</strong></span> <span class='ocrx_word' id='word_1_192' title='bbox 1619 3400 1698 3432; x_wconf 85' lang='grc' dir='ltr'><strong>υιι</strong></span> <span class='ocrx_word' id='word_1_193' title='bbox 1719 3400 1911 3448; x_wconf 73' lang='grc' dir='ltr'><strong>εωριυε</strong></span> 
     </span>
     <span class='ocr_line' id='line_1_38' title="bbox 264 3447 1911 3518; baseline -0.001 -20"><span class='ocrx_word' id='word_1_194' title='bbox 264 3453 664 3518; x_wconf 68' lang='lat' dir='ltr'><strong>nuncupantur,</strong></span> <span class='ocrx_word' id='word_1_195' title='bbox 686 3450 794 3518; x_wconf 78' lang='grc'>643.</span> <span class='ocrx_word' id='word_1_196' title='bbox 819 3447 1092 3518; x_wconf 76' lang='lat' dir='ltr'><strong>Imitamur</strong></span> <span class='ocrx_word' id='word_1_197' title='bbox 1111 3447 1423 3518; x_wconf 53' lang='lat' dir='ltr'><strong>angelorum</strong></span> <span class='ocrx_word' id='word_1_198' title='bbox 1449 3449 1504 3496; x_wconf 84' lang='lat' dir='ltr'><strong>of</strong></span> <span class='ocrx_word' id='word_1_199' title='bbox 1526 3447 1639 3504; x_wconf 81' lang='lat' dir='ltr'><strong>‘cia,</strong></span> <span class='ocrx_word' id='word_1_200' title='bbox 1663 3449 1772 3497; x_wconf 89' lang='grc'>647.</span> <span class='ocrx_word' id='word_1_201' title='bbox 1793 3448 1911 3497; x_wconf 82' lang='lat' dir='ltr'><strong>Mali</strong></span> 
     </span>
    </p>
   </div>
   <div class='ocr_carea' id='block_1_36' title="bbox 263 3510 1365 3572">
    <p class='ocr_par' dir='ltr' id='par_1_36' title="bbox 263 3510 1365 3572">
     <span class='ocr_line' id='line_1_39' title="bbox 263 3510 1365 3572; baseline -0.005 -11"><span class='ocrx_word' id='word_1_202' title='bbox 263 3512 443 3572; x_wconf 84' lang='lat' dir='ltr'><strong>angeli</strong></span> <span class='ocrx_word' id='word_1_203' title='bbox 475 3511 752 3560; x_wconf 85' lang='lat' dir='ltr'><strong>tormentis</strong></span> <span class='ocrx_word' id='word_1_204' title='bbox 782 3510 1222 3572; x_wconf 65' lang='lat' dir='ltr'><strong>prmpositisunt,</strong></span> <span class='ocrx_word' id='word_1_205' title='bbox 1255 3510 1365 3558; x_wconf 88' lang='lat'><strong>362.</strong></span> 
     </span>
    </p>
   </div>
   <div class='ocr_carea' id='block_1_37' title="bbox 326 3526 1912 3634">
    <p class='ocr_par' dir='ltr' id='par_1_37' title="bbox 326 3526 1912 3634">
     <span class='ocr_line' id='line_1_40' title="bbox 326 3526 1365 3572; baseline -0.004 -12"><span class='ocrx_word' id='word_1_206' title='bbox 326 3531 330 3560; x_wconf 85' lang='grc' dir='ltr'><strong>Ι</strong></span> <span class='ocrx_word' id='word_1_207' title='bbox 376 3526 443 3560; x_wconf 73' lang='lat' dir='ltr'><strong>Cll</strong></span> <span class='ocrx_word' id='word_1_208' title='bbox 475 3526 752 3560; x_wconf 80' lang='lat' dir='ltr'><strong>tormentis</strong></span> <span class='ocrx_word' id='word_1_209' title='bbox 782 3526 1049 3572; x_wconf 70' lang='lat' dir='ltr'><strong>prEBPOSlU</strong></span> <span class='ocrx_word' id='word_1_210' title='bbox 1081 3526 1222 3566; x_wconf 78' lang='lat' dir='ltr'><strong>sunt,</strong></span> <span class='ocrx_word' id='word_1_211' title='bbox 1256 3526 1365 3558; x_wconf 68' lang='grc' dir='ltr'><strong>ουκ.</strong></span> 
     </span>
     <span class='ocr_line' id='line_1_41' title="bbox 326 3526 1912 3634; baseline -0.001 -11"><span class='ocrx_word' id='word_1_212' title='bbox 326 3526 536 3624; x_wconf 50' lang='lat' dir='ltr'><strong>ﬁnimus</strong></span> <span class='ocrx_word' id='word_1_213' title='bbox 557 3586 705 3634; x_wconf 64' lang='lat' dir='ltr'><strong>pura:</strong></span> <span class='ocrx_word' id='word_1_214' title='bbox 735 3587 767 3620; x_wconf 87' lang='lat' dir='ltr'><strong>a</strong></span> <span class='ocrx_word' id='word_1_215' title='bbox 797 3573 905 3620; x_wconf 92' lang='lat' dir='ltr'><strong>Deo</strong></span> <span class='ocrx_word' id='word_1_216' title='bbox 933 3571 1178 3628; x_wconf 76' lang='lat' dir='ltr'><strong>conditae,</strong></span> <span class='ocrx_word' id='word_1_217' title='bbox 1211 3573 1326 3634; x_wconf 80' lang='lat'><strong>257.</strong></span> <span class='ocrx_word' id='word_1_218' title='bbox 1351 3570 1682 3627; x_wconf 90' lang='lat' dir='ltr'><strong>Animarum,</strong></span> <span class='ocrx_word' id='word_1_219' title='bbox 1703 3585 1823 3634; x_wconf 68' lang='lat' dir='ltr'><strong>quis</strong></span> <span class='ocrx_word' id='word_1_220' title='bbox 1846 3571 1912 3622; x_wconf 91' lang='lat' dir='ltr'><strong>de</strong></span> 
     </span>
    </p>
   </div>
   <div class='ocr_carea' id='block_1_38' title="bbox 259 3633 1910 3691">
    <p class='ocr_par' dir='ltr' id='par_1_38' title="bbox 259 3633 1910 3691">
     <span class='ocr_line' id='line_1_42' title="bbox 259 3633 1910 3691; baseline -0.002 -6"><span class='ocrx_word' id='word_1_221' title='bbox 259 3636 544 3686; x_wconf 82' lang='lat' dir='ltr'><strong>sanctitate</strong></span> <span class='ocrx_word' id='word_1_222' title='bbox 562 3633 801 3691; x_wconf 79' lang='lat' dir='ltr'><strong>pristina</strong></span> <span class='ocrx_word' id='word_1_223' title='bbox 829 3639 1165 3691; x_wconf 91' lang='lat' dir='ltr'><strong>corruerunt,</strong></span> <span class='ocrx_word' id='word_1_224' title='bbox 1195 3633 1416 3682; x_wconf 87' lang='lat' dir='ltr'><strong>vastitas</strong></span> <span class='ocrx_word' id='word_1_225' title='bbox 1446 3637 1498 3682; x_wconf 91' lang='lat' dir='ltr'><strong>et</strong></span> <span class='ocrx_word' id='word_1_226' title='bbox 1540 3633 1768 3690; x_wconf 90' lang='lat' dir='ltr'><strong>miseria,</strong></span> <span class='ocrx_word' id='word_1_227' title='bbox 1806 3637 1910 3683; x_wconf 89' lang='lat'><strong>171.</strong></span> 
     </span>
    </p>
   </div>
   <div class='ocr_carea' id='block_1_39' title="bbox 256 3695 1914 3759">
    <p class='ocr_par' dir='ltr' id='par_1_39' title="bbox 256 3695 1914 3759">
     <span class='ocr_line' id='line_1_43' title="bbox 256 3695 1914 3759; baseline -0.002 -12"><span class='ocrx_word' id='word_1_228' title='bbox 256 3699 468 3747; x_wconf 79' lang='lat' dir='ltr'><strong>Animm</strong></span> <span class='ocrx_word' id='word_1_229' title='bbox 490 3695 700 3746; x_wconf 77' lang='lat' dir='ltr'><strong>fceditas</strong></span> <span class='ocrx_word' id='word_1_230' title='bbox 721 3709 843 3745; x_wconf 91' lang='lat' dir='ltr'><strong>cum</strong></span> <span class='ocrx_word' id='word_1_231' title='bbox 867 3695 1200 3759; x_wconf 80' lang='lat' dir='ltr'><strong>adulteratin</strong></span> <span class='ocrx_word' id='word_1_232' title='bbox 1222 3696 1367 3757; x_wconf 89' lang='lat' dir='ltr'><strong>vitia,</strong></span> <span class='ocrx_word' id='word_1_233' title='bbox 1389 3699 1498 3746; x_wconf 88' lang='lat'><strong>267.</strong></span> <span class='ocrx_word' id='word_1_234' title='bbox 1520 3696 1707 3745; x_wconf 86' lang='lat' dir='ltr'><strong>Anima</strong></span> <span class='ocrx_word' id='word_1_235' title='bbox 1729 3697 1914 3759; x_wconf 84' lang='lat' dir='ltr'><strong>tripar-</strong></span> 
     </span>
    </p>
   </div>
   <div class='ocr_carea' id='block_1_40' title="bbox 258 3757 1289 3830">
    <p class='ocr_par' dir='ltr' id='par_1_40' title="bbox 258 3757 1289 3830">
     <span class='ocr_line' id='line_1_44' title="bbox 258 3757 1289 3830; baseline -0.003 -21"><span class='ocrx_word' id='word_1_236' title='bbox 258 3761 376 3830; x_wconf 78' lang='lat' dir='ltr'><strong>tita,</strong></span> <span class='ocrx_word' id='word_1_237' title='bbox 409 3763 518 3808; x_wconf 87' lang='lat'><strong>898.</strong></span> <span class='ocrx_word' id='word_1_238' title='bbox 553 3760 762 3830; x_wconf 44' lang='lat' dir='ltr'><strong>Animas.</strong></span> <span class='ocrx_word' id='word_1_239' title='bbox 790 3757 1151 3830; x_wconf 70' lang='lat' dir='ltr'><strong>pulchritudo,</strong></span> <span class='ocrx_word' id='word_1_240' title='bbox 1180 3760 1289 3808; x_wconf 90' lang='lat'><strong>951.</strong></span> 
     </span>
    </p>
   </div>
   <div class='ocr_carea' id='block_1_41' title="bbox 322 3820 1060 3870">
    <p class='ocr_par' dir='ltr' id='par_1_41' title="bbox 322 3820 1060 3870">
     <span class='ocr_line' id='line_1_45' title="bbox 322 3820 1060 3870; baseline -0.001 0"><span class='ocrx_word' id='word_1_241' title='bbox 322 3824 511 3870; x_wconf 85' lang='lat' dir='ltr'><strong>Annus</strong></span> <span class='ocrx_word' id='word_1_242' title='bbox 540 3821 681 3870; x_wconf 89' lang='lat' dir='ltr'><strong>unde</strong></span> <span class='ocrx_word' id='word_1_243' title='bbox 713 3820 948 3869; x_wconf 79' lang='lat' dir='ltr'><strong>dicitur?</strong></span> <span class='ocrx_word' id='word_1_244' title='bbox 985 3824 1060 3869; x_wconf 89' lang='lat'><strong>11.</strong></span> 
     </span>
    </p>
   </div>
   <div class='ocr_carea' id='block_1_42' title="bbox 332 3880 1914 3939">
    <p class='ocr_par' dir='ltr' id='par_1_42' title="bbox 332 3880 1914 3939">
     <span class='ocr_line' id='line_1_46' title="bbox 332 3880 1914 3939; baseline -0.001 -7"><span class='ocrx_word' id='word_1_245' title='bbox 332 3883 702 3939; x_wconf 80' lang='lat' dir='ltr'><strong>Antichristus,</strong></span> <span class='ocrx_word' id='word_1_246' title='bbox 731 3882 1040 3931; x_wconf 73' lang='lat' dir='ltr'><strong>.ludaeorum</strong></span> <span class='ocrx_word' id='word_1_247' title='bbox 1069 3881 1322 3939; x_wconf 89' lang='lat' dir='ltr'><strong>Christus,</strong></span> <span class='ocrx_word' id='word_1_248' title='bbox 1352 3881 1462 3930; x_wconf 91' lang='grc'>468.</span> <span class='ocrx_word' id='word_1_249' title='bbox 1505 3880 1650 3931; x_wconf 90' lang='lat' dir='ltr'><strong>Sicut</strong></span> <span class='ocrx_word' id='word_1_250' title='bbox 1676 3881 1914 3931; x_wconf 87' lang='lat' dir='ltr'><strong>Christus</strong></span> 
     </span>
    </p>
   </div>
   <div class='ocr_carea' id='block_1_43' title="bbox 263 3943 1913 4008">
    <p class='ocr_par' dir='ltr' id='par_1_43' title="bbox 263 3943 1913 4008">
     <span class='ocr_line' id='line_1_47' title="bbox 263 3943 1913 4008; baseline -0.001 -14"><span class='ocrx_word' id='word_1_251' title='bbox 263 3949 479 4008; x_wconf 83' lang='lat' dir='ltr'><strong>sanctos</strong></span> <span class='ocrx_word' id='word_1_252' title='bbox 503 3945 690 3994; x_wconf 85' lang='lat' dir='ltr'><strong>habuit</strong></span> <span class='ocrx_word' id='word_1_253' title='bbox 718 3945 775 3993; x_wconf 93' lang='lat' dir='ltr'><strong>in</strong></span> <span class='ocrx_word' id='word_1_254' title='bbox 793 3949 1000 4008; x_wconf 88' lang='lat' dir='ltr'><strong>typum,</strong></span> <span class='ocrx_word' id='word_1_255' title='bbox 1023 3943 1498 4008; x_wconf 77' lang='lat' dir='ltr'><strong>sicAntichristus,</strong></span> <span class='ocrx_word' id='word_1_256' title='bbox 1519 3943 1913 4008; x_wconf 25' lang='lat' dir='ltr'><strong>715.‘Superbia</strong></span> 
     </span>
    </p>
   </div>
   <div class='ocr_carea' id='block_1_44' title="bbox 256 4005 1908 4070">
    <p class='ocr_par' dir='ltr' id='par_1_44' title="bbox 256 4005 1908 4070">
     <span class='ocr_line' id='line_1_48' title="bbox 256 4005 1908 4070; baseline 0.001 -14"><span class='ocrx_word' id='word_1_257' title='bbox 256 4007 565 4058; x_wconf 72' lang='lat' dir='ltr'><strong>Antichristi</strong></span> <span class='ocrx_word' id='word_1_258' title='bbox 595 4008 650 4056; x_wconf 92' lang='lat' dir='ltr'><strong>in</strong></span> <span class='ocrx_word' id='word_1_259' title='bbox 681 4021 788 4070; x_wconf 93' lang='lat' dir='ltr'><strong>quo</strong></span> <span class='ocrx_word' id='word_1_260' title='bbox 819 4005 1008 4070; x_wconf 82' lang='lat' dir='ltr'><strong>posita,</strong></span> <span class='ocrx_word' id='word_1_261' title='bbox 1042 4005 1350 4070; x_wconf 21' lang='lat' dir='ltr'><strong>ibid.4.\1iilti</strong></span> <span class='ocrx_word' id='word_1_262' title='bbox 1381 4019 1448 4054; x_wconf 81' lang='lat' dir='ltr'><strong>ex</strong></span> <span class='ocrx_word' id='word_1_263' title='bbox 1477 4005 1672 4054; x_wconf 89' lang='lat' dir='ltr'><strong>nostris</strong></span> <span class='ocrx_word' id='word_1_264' title='bbox 1702 4005 1908 4069; x_wconf 88' lang='lat' dir='ltr'><strong>putant,</strong></span> 
     </span>
    </p>
   </div>
   <div class='ocr_carea' id='block_1_45' title="bbox 257 4068 1570 4127">
    <p class='ocr_par' dir='ltr' id='par_1_45' title="bbox 257 4068 1570 4127">
     <span class='ocr_line' id='line_1_49' title="bbox 257 4068 1570 4127; baseline -0.001 -8"><span class='ocrx_word' id='word_1_265' title='bbox 257 4071 550 4119; x_wconf 88' lang='lat' dir='ltr'><strong>Domitium</strong></span> <span class='ocrx_word' id='word_1_266' title='bbox 581 4068 847 4118; x_wconf 79' lang='lat' dir='ltr'><strong>Neronem</strong></span> <span class='ocrx_word' id='word_1_267' title='bbox 878 4068 991 4117; x_wconf 84' lang='lat' dir='ltr'><strong>fore</strong></span> <span class='ocrx_word' id='word_1_268' title='bbox 1025 4068 1428 4127; x_wconf 88' lang='lat' dir='ltr'><strong>Antichristum,</strong></span> <span class='ocrx_word' id='word_1_269' title='bbox 1461 4071 1570 4118; x_wconf 88' lang='lat'><strong>715.</strong></span> 
     </span>
    </p>
   </div>
   <div class='ocr_carea' id='block_1_46' title="bbox 315 4131 1054 4190">
    <p class='ocr_par' dir='ltr' id='par_1_46' title="bbox 315 4131 1054 4190">
     <span class='ocr_line' id='line_1_50' title="bbox 315 4131 1054 4190; baseline -0.004 -9"><span class='ocrx_word' id='word_1_270' title='bbox 315 4132 587 4190; x_wconf 83' lang='lat' dir='ltr'><strong>Antilogia</strong></span> <span class='ocrx_word' id='word_1_271' title='bbox 617 4131 914 4190; x_wconf 89' lang='lat' dir='ltr'><strong>conciliata,</strong></span> <span class='ocrx_word' id='word_1_272' title='bbox 947 4133 1054 4180; x_wconf 88' lang='grc'>577.</span> 
     </span>
    </p>
   </div>
   <div class='ocr_carea' id='block_1_47' title="bbox 315 4191 1910 4256">
    <p class='ocr_par' dir='ltr' id='par_1_47' title="bbox 315 4191 1910 4256">
     <span class='ocr_line' id='line_1_51' title="bbox 315 4191 1910 4256; baseline 0 -14"><span class='ocrx_word' id='word_1_273' title='bbox 315 4191 625 4256; x_wconf 15' lang='lat' dir='ltr'><strong>Antiochus,</strong></span> <span class='ocrx_word' id='word_1_274' title='bbox 639 4193 962 4256; x_wconf 86' lang='lat' dir='ltr'><strong>Philopator,</strong></span> <span class='ocrx_word' id='word_1_275' title='bbox 989 4193 1098 4242; x_wconf 79' lang='grc'>674.</span> <span class='ocrx_word' id='word_1_276' title='bbox 1116 4191 1424 4256; x_wconf 77' lang='lat' dir='ltr'><strong>Judmorum</strong></span> <span class='ocrx_word' id='word_1_277' title='bbox 1447 4205 1570 4254; x_wconf 88' lang='lat' dir='ltr'><strong>pars</strong></span> <span class='ocrx_word' id='word_1_278' title='bbox 1591 4191 1910 4242; x_wconf 84' lang='lat' dir='ltr'><strong>Antiochum</strong></span> 
     </span>
    </p>
   </div>
   <div class='ocr_carea' id='block_1_48' title="bbox 255 4254 1911 4318">
    <p class='ocr_par' dir='ltr' id='par_1_48' title="bbox 255 4254 1911 4318">
     <span class='ocr_line' id='line_1_52' title="bbox 255 4254 1911 4318; baseline -0.001 -13"><span class='ocrx_word' id='word_1_279' title='bbox 255 4257 550 4305; x_wconf 87' lang='lat' dir='ltr'><strong>concitavit</strong></span> <span class='ocrx_word' id='word_1_280' title='bbox 567 4255 631 4304; x_wconf 91' lang='lat' dir='ltr'><strong>ad</strong></span> <span class='ocrx_word' id='word_1_281' title='bbox 651 4254 1096 4318; x_wconf 84' lang='lat' dir='ltr'><strong>persecutionem,</strong></span> <span class='ocrx_word' id='word_1_282' title='bbox 1117 4256 1199 4318; x_wconf 63' lang='grc'><strong>49.</strong></span> <span class='ocrx_word' id='word_1_283' title='bbox 1218 4254 1511 4318; x_wconf 77' lang='lat' dir='ltr'><strong>Antiochus</strong></span> <span class='ocrx_word' id='word_1_284' title='bbox 1527 4255 1673 4317; x_wconf 90' lang='lat' dir='ltr'><strong>cupit</strong></span> <span class='ocrx_word' id='word_1_285' title='bbox 1688 4257 1911 4317; x_wconf 86' lang='lat' dir='ltr'><strong>spoliare</strong></span> 
     </span>
    </p>
   </div>
   <div class='ocr_carea' id='block_1_49' title="bbox 255 4316 1913 4381">
    <p class='ocr_par' dir='ltr' id='par_1_49' title="bbox 255 4316 1913 4381">
     <span class='ocr_line' id='line_1_53' title="bbox 255 4316 1913 4381; baseline -0.001 -14"><span class='ocrx_word' id='word_1_286' title='bbox 255 4316 736 4381; x_wconf 75' lang='lat' dir='ltr'><strong>templanianie,</strong></span> <span class='ocrx_word' id='word_1_287' title='bbox 761 4321 868 4366; x_wconf 70' lang='lat'><strong>6&#39;25.</strong></span> <span class='ocrx_word' id='word_1_288' title='bbox 894 4319 1035 4381; x_wconf 71' lang='lat' dir='ltr'><strong>Mors</strong></span> <span class='ocrx_word' id='word_1_289' title='bbox 1054 4316 1310 4381; x_wconf 83' lang='lat' dir='ltr'><strong>ejusdem,</strong></span> <span class='ocrx_word' id='word_1_290' title='bbox 1335 4317 1460 4381; x_wconf 82' lang='lat' dir='ltr'><strong>ibid.</strong></span> <span class='ocrx_word' id='word_1_291' title='bbox 1479 4316 1770 4381; x_wconf 74' lang='lat' dir='ltr'><strong>AntiOchus</strong></span> <span class='ocrx_word' id='word_1_292' title='bbox 1792 4333 1913 4381; x_wconf 87' lang='lat' dir='ltr'><strong>pro-</strong></span> 
     </span>
    </p>
   </div>
   <div class='ocr_carea' id='block_1_50' title="bbox 253 4377 1505 4443">
    <p class='ocr_par' dir='ltr' id='par_1_50' title="bbox 253 4377 1505 4443">
     <span class='ocr_line' id='line_1_54' title="bbox 253 4377 1505 4443; baseline -0.002 -14"><span class='ocrx_word' id='word_1_293' title='bbox 253 4377 384 4443; x_wconf 70' lang='lat' dir='ltr'><strong>pter</strong></span> <span class='ocrx_word' id='word_1_294' title='bbox 404 4379 533 4442; x_wconf 89' lang='lat' dir='ltr'><strong>quid</strong></span> <span class='ocrx_word' id='word_1_295' title='bbox 565 4381 800 4443; x_wconf 86' lang='lat' dir='ltr'><strong>punitus.</strong></span> <span class='ocrx_word' id='word_1_296' title='bbox 833 4381 942 4429; x_wconf 88' lang='grc'>719.</span> <span class='ocrx_word' id='word_1_297' title='bbox 972 4377 1346 4443; x_wconf 75' lang='lat' dir='ltr'><strong>Eju_s__luxuria,</strong></span> <span class='ocrx_word' id='word_1_298' title='bbox 1379 4378 1505 4426; x_wconf 86' lang='lat' dir='ltr'><strong>ibid.</strong></span> 
     </span>
    </p>
   </div>
   <div class='ocr_carea' id='block_1_51' title="bbox 313 4440 1910 4504">
    <p class='ocr_par' dir='ltr' id='par_1_51' title="bbox 313 4440 1910 4504">
     <span class='ocr_line' id='line_1_55' title="bbox 313 4440 1910 4504; baseline 0.001 -14"><span class='ocrx_word' id='word_1_299' title='bbox 313 4440 438 4500; x_wconf 77' lang='grc' dir='ltr'><strong>Οιιῖ</strong></span> <span class='ocrx_word' id='word_1_300' title='bbox 451 4443 518 4490; x_wconf 90' lang='lat' dir='ltr'><strong>ab</strong></span> <span class='ocrx_word' id='word_1_301' title='bbox 547 4440 813 4504; x_wconf 85' lang='lat' dir='ltr'><strong>Apostolis</strong></span> <span class='ocrx_word' id='word_1_302' title='bbox 842 4455 870 4490; x_wconf 91' lang='lat' dir='ltr'><strong>e</strong></span> <span class='ocrx_word' id='word_1_303' title='bbox 899 4440 1034 4490; x_wconf 84' lang='lat' dir='ltr'><strong>mari</strong></span> <span class='ocrx_word' id='word_1_304' title='bbox 1066 4440 1320 4490; x_wconf 90' lang='lat' dir='ltr'><strong>liberatus</strong></span> <span class='ocrx_word' id='word_1_305' title='bbox 1340 4444 1437 4501; x_wconf 90' lang='lat' dir='ltr'><strong>est,</strong></span> <span class='ocrx_word' id='word_1_306' title='bbox 1463 4455 1584 4491; x_wconf 90' lang='lat' dir='ltr'><strong>eum</strong></span> <span class='ocrx_word' id='word_1_307' title='bbox 1607 4443 1661 4490; x_wconf 91' lang='lat' dir='ltr'><strong>in</strong></span> <span class='ocrx_word' id='word_1_308' title='bbox 1686 4442 1910 4492; x_wconf 91' lang='lat' dir='ltr'><strong>collibus</strong></span> 
     </span>
    </p>
   </div>
   <div class='ocr_carea' id='block_1_52' title="bbox 253 4504 842 4563">
    <p class='ocr_par' dir='ltr' id='par_1_52' title="bbox 253 4504 842 4563">
     <span class='ocr_line' id='line_1_56' title="bbox 253 4504 842 4563; baseline -0.002 -10"><span class='ocrx_word' id='word_1_309' title='bbox 253 4505 499 4554; x_wconf 80' lang='lat' dir='ltr'><strong>habitare</strong></span> <span class='ocrx_word' id='word_1_310' title='bbox 530 4504 701 4563; x_wconf 89' lang='lat' dir='ltr'><strong>decet,</strong></span> <span class='ocrx_word' id='word_1_311' title='bbox 733 4506 842 4553; x_wconf 89' lang='lat'><strong>857.</strong></span> 
     </span>
    </p>
   </div>
   <div class='ocr_carea' id='block_1_53' title="bbox 312 4564 1906 4629">
    <p class='ocr_par' dir='ltr' id='par_1_53' title="bbox 312 4564 1906 4629">
     <span class='ocr_line' id='line_1_57' title="bbox 312 4564 1906 4629; baseline 0 -13"><span class='ocrx_word' id='word_1_312' title='bbox 312 4569 476 4629; x_wconf 90' lang='lat' dir='ltr'><strong>Aqua</strong></span> <span class='ocrx_word' id='word_1_313' title='bbox 509 4566 628 4628; x_wconf 91' lang='lat' dir='ltr'><strong>gelu</strong></span> <span class='ocrx_word' id='word_1_314' title='bbox 660 4564 1169 4629; x_wconf 71' lang='lat' dir='ltr'><strong>constrictadicitur</strong></span> <span class='ocrx_word' id='word_1_315' title='bbox 1197 4564 1340 4627; x_wconf 92' lang='lat' dir='ltr'><strong>apud</strong></span> <span class='ocrx_word' id='word_1_316' title='bbox 1365 4565 1580 4629; x_wconf 67' lang='lat' dir='ltr'><strong>Graecos</strong></span> <span class='ocrx_word' id='word_1_317' title='bbox 1610 4566 1906 4629; x_wconf 79' lang='lat' dir='ltr'><strong>crystallus,</strong></span> 
     </span>
    </p>
   </div>
   <div class='ocr_carea' id='block_1_54' title="bbox 253 4627 1905 4691">
    <p class='ocr_par' dir='ltr' id='par_1_54' title="bbox 253 4627 1905 4691">
     <span class='ocr_line' id='line_1_58' title="bbox 253 4627 1905 4691; baseline 0.001 -13"><span class='ocrx_word' id='word_1_318' title='bbox 253 4631 330 4678; x_wconf 82' lang='lat'><strong>20.</strong></span> <span class='ocrx_word' id='word_1_319' title='bbox 363 4627 532 4691; x_wconf 66' lang='lat' dir='ltr'><strong>Aquis</strong></span> <span class='ocrx_word' id='word_1_320' title='bbox 555 4628 825 4690; x_wconf 90' lang='lat' dir='ltr'><strong>quomodo</strong></span> <span class='ocrx_word' id='word_1_321' title='bbox 854 4629 908 4676; x_wconf 90' lang='lat' dir='ltr'><strong>in</strong></span> <span class='ocrx_word' id='word_1_322' title='bbox 957 4627 1156 4676; x_wconf 88' lang='lat' dir='ltr'><strong>bonam</strong></span> <span class='ocrx_word' id='word_1_323' title='bbox 1187 4632 1240 4676; x_wconf 89' lang='lat' dir='ltr'><strong>et</strong></span> <span class='ocrx_word' id='word_1_324' title='bbox 1276 4627 1467 4676; x_wconf 88' lang='lat' dir='ltr'><strong>malam</strong></span> <span class='ocrx_word' id='word_1_325' title='bbox 1520 4627 1725 4689; x_wconf 82' lang='lat' dir='ltr'><strong>partem</strong></span> <span class='ocrx_word' id='word_1_326' title='bbox 1771 4631 1905 4679; x_wconf 92' lang='lat' dir='ltr'><strong>acci-</strong></span> 
     </span>
    </p>
   </div>
   <div class='ocr_carea' id='block_1_55' title="bbox 253 4693 638 4753">
    <p class='ocr_par' dir='ltr' id='par_1_55' title="bbox 253 4693 638 4753">
     <span class='ocr_line' id='line_1_59' title="bbox 253 4693 638 4753; baseline -0.003 -13"><span class='ocrx_word' id='word_1_327' title='bbox 253 4693 497 4753; x_wconf 88' lang='lat' dir='ltr'><strong>piuntur,</strong></span> <span class='ocrx_word' id='word_1_328' title='bbox 529 4693 638 4742; x_wconf 89' lang='lat'><strong>587.</strong></span> 
     </span>
    </p>
   </div>
   <div class='ocr_carea' id='block_1_56' title="bbox 309 4751 1908 4816">
    <p class='ocr_par' dir='ltr' id='par_1_56' title="bbox 309 4751 1908 4816">
     <span class='ocr_line' id='line_1_60' title="bbox 309 4751 1908 4816; baseline 0.001 -14"><span class='ocrx_word' id='word_1_329' title='bbox 309 4754 513 4816; x_wconf 87' lang='lat' dir='ltr'><strong>Aquila</strong></span> <span class='ocrx_word' id='word_1_330' title='bbox 541 4754 679 4802; x_wconf 89' lang='lat' dir='ltr'><strong>inter</strong></span> <span class='ocrx_word' id='word_1_331' title='bbox 707 4765 831 4801; x_wconf 89' lang='lat' dir='ltr'><strong>aves</strong></span> <span class='ocrx_word' id='word_1_332' title='bbox 859 4764 1084 4814; x_wconf 89' lang='lat' dir='ltr'><strong>regnum</strong></span> <span class='ocrx_word' id='word_1_333' title='bbox 1117 4753 1279 4808; x_wconf 89' lang='lat' dir='ltr'><strong>tenet,</strong></span> <span class='ocrx_word' id='word_1_334' title='bbox 1313 4752 1449 4801; x_wconf 88' lang='lat' dir='ltr'><strong>sicut</strong></span> <span class='ocrx_word' id='word_1_335' title='bbox 1479 4751 1561 4800; x_wconf 91' lang='lat' dir='ltr'><strong>leo</strong></span> <span class='ocrx_word' id='word_1_336' title='bbox 1600 4751 1738 4801; x_wconf 86' lang='lat' dir='ltr'><strong>inter</strong></span> <span class='ocrx_word' id='word_1_337' title='bbox 1789 4754 1908 4803; x_wconf 86' lang='lat' dir='ltr'><strong>bes-</strong></span> 
     </span>
    </p>
   </div>
   <div class='ocr_carea' id='block_1_57' title="bbox 254 4816 523 4873">
    <p class='ocr_par' dir='ltr' id='par_1_57' title="bbox 254 4816 523 4873">
     <span class='ocr_line' id='line_1_61' title="bbox 254 4816 523 4873; baseline -0.011 -9"><span class='ocrx_word' id='word_1_338' title='bbox 254 4816 375 4873; x_wconf 85' lang='lat' dir='ltr'><strong>tias,</strong></span> <span class='ocrx_word' id='word_1_339' title='bbox 408 4818 523 4866; x_wconf 83' lang='grc'>664.</span> 
     </span>
    </p>
   </div>
   <div class='ocr_carea' id='block_1_58' title="bbox 313 4874 1220 4937">
    <p class='ocr_par' dir='ltr' id='par_1_58' title="bbox 313 4874 1220 4937">
     <span class='ocr_line' id='line_1_62' title="bbox 313 4874 1220 4937; baseline -0.002 -13"><span class='ocrx_word' id='word_1_340' title='bbox 313 4879 505 4926; x_wconf 76' lang='lat' dir='ltr'><strong>Arabia</strong></span> <span class='ocrx_word' id='word_1_341' title='bbox 537 4875 777 4925; x_wconf 86' lang='lat' dir='ltr'><strong>abundat</strong></span> <span class='ocrx_word' id='word_1_342' title='bbox 807 4874 1074 4937; x_wconf 82' lang='lat' dir='ltr'><strong>gregibus,</strong></span> <span class='ocrx_word' id='word_1_343' title='bbox 1111 4876 1220 4923; x_wconf 89' lang='grc'>317.</span> 
     </span>
    </p>
   </div>
   <div class='ocr_carea' id='block_1_59' title="bbox 312 4938 1173 4994">
    <p class='ocr_par' dir='ltr' id='par_1_59' title="bbox 312 4938 1173 4994">
     <span class='ocr_line' id='line_1_63' title="bbox 312 4938 1173 4994; baseline -0.005 -5"><span class='ocrx_word' id='word_1_344' title='bbox 312 4941 557 4989; x_wconf 87' lang='lat' dir='ltr'><strong>Arabum</strong></span> <span class='ocrx_word' id='word_1_345' title='bbox 588 4938 764 4987; x_wconf 88' lang='lat' dir='ltr'><strong>insula</strong></span> <span class='ocrx_word' id='word_1_346' title='bbox 793 4941 1030 4994; x_wconf 82' lang='lat' dir='ltr'><strong>notatur,</strong></span> <span class='ocrx_word' id='word_1_347' title='bbox 1063 4939 1173 4986; x_wconf 89' lang='lat'><strong>309.</strong></span> 
     </span>
    </p>
   </div>
   <div class='ocr_carea' id='block_1_60' title="bbox 312 4999 1904 5058">
    <p class='ocr_par' dir='ltr' id='par_1_60' title="bbox 312 4999 1904 5058">
     <span class='ocr_line' id='line_1_64' title="bbox 312 4999 1904 5058; baseline 0.001 -8"><span class='ocrx_word' id='word_1_348' title='bbox 312 5002 563 5052; x_wconf 82' lang='lat' dir='ltr'><strong>Liberum</strong></span> <span class='ocrx_word' id='word_1_349' title='bbox 584 5001 873 5050; x_wconf 89' lang='lat' dir='ltr'><strong>Arbitrium</strong></span> <span class='ocrx_word' id='word_1_350' title='bbox 905 5000 959 5048; x_wconf 90' lang='lat' dir='ltr'><strong>in</strong></span> <span class='ocrx_word' id='word_1_351' title='bbox 980 4999 1247 5057; x_wconf 90' lang='lat' dir='ltr'><strong>omnibus,</strong></span> <span class='ocrx_word' id='word_1_352' title='bbox 1271 5001 1379 5058; x_wconf 90' lang='lat'><strong>395,</strong></span> <span class='ocrx_word' id='word_1_353' title='bbox 1401 5003 1506 5056; x_wconf 79' lang='grc'>885,</span> <span class='ocrx_word' id='word_1_354' title='bbox 1533 5004 1638 5051; x_wconf 90' lang='grc'>892.</span> <span class='ocrx_word' id='word_1_355' title='bbox 1661 5003 1904 5052; x_wconf 87' lang='lat' dir='ltr'><strong>Liberum</strong></span> 
     </span>
    </p>
   </div>
   <div class='ocr_carea' id='block_1_61' title="bbox 254 5061 1563 5124">
    <p class='ocr_par' dir='ltr' id='par_1_61' title="bbox 254 5061 1563 5124">
     <span class='ocr_line' id='line_1_65' title="bbox 254 5061 1563 5124; baseline 0.001 -14"><span class='ocrx_word' id='word_1_356' title='bbox 254 5062 484 5114; x_wconf 88' lang='lat' dir='ltr'><strong>hominis</strong></span> <span class='ocrx_word' id='word_1_357' title='bbox 514 5063 792 5112; x_wconf 88' lang='lat' dir='ltr'><strong>arbitrium</strong></span> <span class='ocrx_word' id='word_1_358' title='bbox 824 5075 944 5112; x_wconf 92' lang='lat' dir='ltr'><strong>cum</strong></span> <span class='ocrx_word' id='word_1_359' title='bbox 975 5061 1311 5124; x_wconf 72' lang='lat' dir='ltr'><strong>przescientia</strong></span> <span class='ocrx_word' id='word_1_360' title='bbox 1343 5063 1455 5122; x_wconf 88' lang='lat' dir='ltr'><strong>Dei,</strong></span> <span class='ocrx_word' id='word_1_361' title='bbox 1486 5065 1563 5111; x_wconf 79' lang='grc'><strong>24.</strong></span> 
     </span>
    </p>
   </div>
   <div class='ocr_carea' id='block_1_62' title="bbox 310 5125 958 5198">
    <p class='ocr_par' dir='ltr' id='par_1_62' title="bbox 310 5125 958 5198">
     <span class='ocr_line' id='line_1_66' title="bbox 310 5125 958 5198; baseline -0.005 -23"><span class='ocrx_word' id='word_1_362' title='bbox 310 5127 489 5198; x_wconf 76' lang='lat' dir='ltr'><strong>Argus</strong></span> <span class='ocrx_word' id='word_1_363' title='bbox 517 5125 850 5198; x_wconf 67' lang='lat' dir='ltr'><strong>centoculus,</strong></span> <span class='ocrx_word' id='word_1_364' title='bbox 883 5127 958 5173; x_wconf 89' lang='grc'><strong>17.</strong></span> 
     </span>
    </p>
   </div>
   <div class='ocr_carea' id='block_1_63' title="bbox 311 5187 1906 5253">
    <p class='ocr_par' dir='ltr' id='par_1_63' title="bbox 311 5187 1906 5253">
     <span class='ocr_line' id='line_1_67' title="bbox 311 5187 1906 5253; baseline 0.002 -16"><span class='ocrx_word' id='word_1_365' title='bbox 311 5187 631 5253; x_wconf 73' lang='lat' dir='ltr'><strong>Arianorum</strong></span> <span class='ocrx_word' id='word_1_366' title='bbox 659 5187 883 5253; x_wconf 66' lang='lat' dir='ltr'><strong>haeresis</strong></span> <span class='ocrx_word' id='word_1_367' title='bbox 913 5188 1148 5253; x_wconf 86' lang='lat' dir='ltr'><strong>notatur,</strong></span> <span class='ocrx_word' id='word_1_368' title='bbox 1178 5187 1286 5234; x_wconf 91' lang='lat'><strong>670.</strong></span> <span class='ocrx_word' id='word_1_369' title='bbox 1317 5187 1484 5236; x_wconf 88' lang='lat' dir='ltr'><strong>Locus</strong></span> <span class='ocrx_word' id='word_1_370' title='bbox 1530 5187 1906 5253; x_wconf 88' lang='lat' dir='ltr'><strong>intelligendus</strong></span> 
     </span>
    </p>
   </div>
   <div class='ocr_carea' id='block_1_64' title="bbox 255 5249 1015 5313">
    <p class='ocr_par' dir='ltr' id='par_1_64' title="bbox 255 5249 1015 5313">
     <span class='ocr_line' id='line_1_68' title="bbox 255 5249 1015 5313; baseline -0.001 -15"><span class='ocrx_word' id='word_1_371' title='bbox 255 5252 316 5300; x_wconf 86' lang='lat' dir='ltr'><strong>de</strong></span> <span class='ocrx_word' id='word_1_372' title='bbox 350 5251 563 5301; x_wconf 85' lang='lat' dir='ltr'><strong>Arianis</strong></span> <span class='ocrx_word' id='word_1_373' title='bbox 592 5249 877 5313; x_wconf 79' lang='lat' dir='ltr'><strong>episcOpis,</strong></span> <span class='ocrx_word' id='word_1_374' title='bbox 907 5251 1015 5298; x_wconf 79' lang='grc'>545.</span> 
     </span>
    </p>
   </div>
   <div class='ocr_carea' id='block_1_65' title="bbox 312 5311 1543 5386">
    <p class='ocr_par' dir='ltr' id='par_1_65' title="bbox 312 5311 1543 5386">
     <span class='ocr_line' id='line_1_69' title="bbox 312 5311 1543 5386; baseline -0.006 -22"><span class='ocrx_word' id='word_1_375' title='bbox 312 5311 900 5386; x_wconf 35' lang='lat' dir='ltr'><strong>Arrog‘antiza‘iuga,‘et</strong></span> <span class='ocrx_word' id='word_1_376' title='bbox 927 5311 1218 5386; x_wconf 67' lang='lat' dir='ltr'><strong>gratiarum</strong></span> <span class='ocrx_word' id='word_1_377' title='bbox 1247 5311 1402 5367; x_wconf 88' lang='lat' dir='ltr'><strong>actio,</strong></span> <span class='ocrx_word' id='word_1_378' title='bbox 1435 5313 1543 5386; x_wconf 56' lang='grc' dir='ltr'><strong>631Σ</strong></span> 
     </span>
    </p>
   </div>
   <div class='ocr_carea' id='block_1_66' title="bbox 313 5374 1571 5436">
    <p class='ocr_par' dir='ltr' id='par_1_66' title="bbox 313 5374 1571 5436">
     <span class='ocr_line' id='line_1_70' title="bbox 313 5374 1571 5436; baseline -0.003 -10"><span class='ocrx_word' id='word_1_379' title='bbox 313 5374 563 5427; x_wconf 61' lang='lat' dir='ltr'><strong>Avaritia</strong></span> <span class='ocrx_word' id='word_1_380' title='bbox 591 5374 781 5426; x_wconf 85' lang='lat' dir='ltr'><strong>vitium</strong></span> <span class='ocrx_word' id='word_1_381' title='bbox 807 5374 1029 5425; x_wconf 89' lang='lat' dir='ltr'><strong>damnat</strong></span> <span class='ocrx_word' id='word_1_382' title='bbox 1056 5374 1430 5436; x_wconf 86' lang='lat' dir='ltr'><strong>Hieronymus,</strong></span> <span class='ocrx_word' id='word_1_383' title='bbox 1463 5375 1571 5423; x_wconf 86' lang='lat'><strong>283.</strong></span> 
     </span>
    </p>
   </div>
   <div class='ocr_carea' id='block_1_67' title="bbox 1048 5509 1100 5573">
    <p class='ocr_par' dir='ltr' id='par_1_67' title="bbox 1048 5509 1100 5573">
     <span class='ocr_line' id='line_1_71' title="bbox 1048 5509 1100 5573; baseline 0 0"><span class='ocrx_word' id='word_1_384' title='bbox 1048 5509 1100 5573; x_wconf 91' lang='lat' dir='ltr'><strong>B</strong></span> 
     </span>
    </p>
   </div>
   <div class='ocr_carea' id='block_1_68' title="bbox 308 5639 1896 5715">
    <p class='ocr_par' dir='ltr' id='par_1_68' title="bbox 308 5639 1896 5715">
     <span class='ocr_line' id='line_1_72' title="bbox 308 5639 1896 5715; baseline 0.003 -25"><span class='ocrx_word' id='word_1_385' title='bbox 308 5641 429 5715; x_wconf 75' lang='lat' dir='ltr'><strong>Baal</strong></span> <span class='ocrx_word' id='word_1_386' title='bbox 458 5644 634 5715; x_wconf 70' lang='lat' dir='ltr'><strong>statua</strong></span> <span class='ocrx_word' id='word_1_387' title='bbox 652 5642 941 5694; x_wconf 87' lang='lat' dir='ltr'><strong>vocabatur</strong></span> <span class='ocrx_word' id='word_1_388' title='bbox 960 5639 1162 5692; x_wconf 91' lang='lat' dir='ltr'><strong>idolum</strong></span> <span class='ocrx_word' id='word_1_389' title='bbox 1183 5640 1308 5701; x_wconf 90' lang='lat' dir='ltr'><strong>Zeli,</strong></span> <span class='ocrx_word' id='word_1_390' title='bbox 1331 5643 1503 5705; x_wconf 91' lang='lat' dir='ltr'><strong>posita</strong></span> <span class='ocrx_word' id='word_1_391' title='bbox 1535 5645 1649 5693; x_wconf 88' lang='lat' dir='ltr'><strong>erat</strong></span> <span class='ocrx_word' id='word_1_392' title='bbox 1669 5643 1735 5694; x_wconf 87' lang='lat' dir='ltr'><strong>ad</strong></span> <span class='ocrx_word' id='word_1_393' title='bbox 1758 5645 1896 5695; x_wconf 87' lang='lat' dir='ltr'><strong>viam</strong></span> 
     </span>
    </p>
   </div>
   <div class='ocr_carea' id='block_1_69' title="bbox 253 5703 1582 5833">
    <p class='ocr_par' dir='ltr' id='par_1_69' title="bbox 253 5703 1582 5833">
     <span class='ocr_line' id='line_1_73' title="bbox 253 5703 1348 5819; baseline 0.003 -65"><span class='ocrx_word' id='word_1_394' title='bbox 253 5703 545 5819; x_wconf 43' lang='lat' dir='ltr'><strong>Acgiaiionis,</strong></span> <span class='ocrx_word' id='word_1_395' title='bbox 577 5707 654 5755; x_wconf 88' lang='grc'><strong>84.</strong></span> <span class='ocrx_word' id='word_1_396' title='bbox 1332 5703 1348 5705; x_wconf 67' lang='grc'><strong><em>“</em></strong></span> 
     </span>
     <span class='ocr_line' id='line_1_74' title="bbox 415 5765 1582 5833; baseline -0.002 -13"><span class='ocrx_word' id='word_1_397' title='bbox 415 5767 660 5833; x_wconf 82' lang='lat' dir='ltr'><strong>ylonium</strong></span> <span class='ocrx_word' id='word_1_398' title='bbox 687 5781 875 5833; x_wconf 82' lang='lat' dir='ltr'><strong>regum</strong></span> <span class='ocrx_word' id='word_1_399' title='bbox 905 5781 1000 5821; x_wconf 90' lang='lat' dir='ltr'><strong>cur</strong></span> <span class='ocrx_word' id='word_1_400' title='bbox 1025 5766 1194 5819; x_wconf 64' lang='lat' dir='ltr'><strong>leaena</strong></span> <span class='ocrx_word' id='word_1_401' title='bbox 1223 5765 1440 5829; x_wconf 89' lang='lat' dir='ltr'><strong>dictum,</strong></span> <span class='ocrx_word' id='word_1_402' title='bbox 1473 5769 1582 5818; x_wconf 83' lang='grc'>644.</span> 
     </span>
    </p>
   </div>
   <div class='ocr_carea' id='block_1_70' title="bbox 2095 1640 3680 1707">
    <p class='ocr_par' dir='ltr' id='par_1_70' title="bbox 2095 1640 3680 1707">
     <span class='ocr_line' id='line_1_75' title="bbox 2095 1640 3680 1707; baseline 0.003 -16"><span class='ocrx_word' id='word_1_403' title='bbox 2095 1640 2366 1707; x_wconf 80' lang='lat' dir='ltr'><strong>Balthasar</strong></span> <span class='ocrx_word' id='word_1_404' title='bbox 2385 1655 2476 1707; x_wconf 76' lang='lat' dir='ltr'><strong>rex</strong></span> <span class='ocrx_word' id='word_1_405' title='bbox 2497 1655 2608 1707; x_wconf 85' lang='lat' dir='ltr'><strong>non</strong></span> <span class='ocrx_word' id='word_1_406' title='bbox 2635 1641 2733 1692; x_wconf 83' lang='lat' dir='ltr'><strong>fuit</strong></span> <span class='ocrx_word' id='word_1_407' title='bbox 2751 1641 3413 1707; x_wconf 16' lang='lat' dir='ltr'><strong>ﬁiiusiNabuchodonosor,</strong></span> <span class='ocrx_word' id='word_1_408' title='bbox 3429 1650 3511 1698; x_wconf 84' lang='lat'><strong>651</strong></span> <span class='ocrx_word' id='word_1_409' title='bbox 3525 1647 3680 1706; x_wconf 91' lang='lat' dir='ltr'><strong>.Quid</strong></span> 
     </span>
    </p>
   </div>
   <div class='ocr_carea' id='block_1_71' title="bbox 2034 1703 3215 1777">
    <p class='ocr_par' dir='ltr' id='par_1_71' title="bbox 2034 1703 3215 1777">
     <span class='ocr_line' id='line_1_76' title="bbox 2034 1703 3215 1777; baseline 0.003 -25"><span class='ocrx_word' id='word_1_410' title='bbox 2034 1703 2603 1777; x_wconf 51' lang='lat' dir='ltr'><strong>scribitdosephusnde</strong></span> <span class='ocrx_word' id='word_1_411' title='bbox 2635 1719 2757 1777; x_wconf 81' lang='lat' dir='ltr'><strong>rege</strong></span> <span class='ocrx_word' id='word_1_412' title='bbox 2788 1705 3215 1777; x_wconf 38' lang='lat' dir='ltr'><strong>Bal.tha_sar,.65-6.</strong></span> 
     </span>
    </p>
   </div>
   <div class='ocr_carea' id='block_1_72' title="bbox 2098 1767 3682 1836">
    <p class='ocr_par' dir='ltr' id='par_1_72' title="bbox 2098 1767 3682 1836">
     <span class='ocr_line' id='line_1_77' title="bbox 2098 1767 3682 1836; baseline 0.006 -21"><span class='ocrx_word' id='word_1_413' title='bbox 2098 1767 2438 1836; x_wconf 65' lang='lat' dir='ltr'><strong>Baptiaantur</strong></span> <span class='ocrx_word' id='word_1_414' title='bbox 2467 1767 2554 1836; x_wconf 86' lang='lat' dir='ltr'><strong>alii</strong></span> <span class='ocrx_word' id='word_1_415' title='bbox 2576 1767 2839 1836; x_wconf 76' lang='lat' dir='ltr'><strong>baptismo</strong></span> <span class='ocrx_word' id='word_1_416' title='bbox 2871 1769 3025 1836; x_wconf 79' lang='lat' dir='ltr'><strong>ignis.</strong></span> <span class='ocrx_word' id='word_1_417' title='bbox 3049 1769 3136 1836; x_wconf 86' lang='lat' dir='ltr'><strong>alii</strong></span> <span class='ocrx_word' id='word_1_418' title='bbox 3161 1771 3427 1836; x_wconf 76' lang='lat' dir='ltr'><strong>Baptismo</strong></span> <span class='ocrx_word' id='word_1_419' title='bbox 3457 1772 3682 1836; x_wconf 87' lang='lat' dir='ltr'><strong>Spiritus</strong></span> 
     </span>
    </p>
   </div>
   <div class='ocr_carea' id='block_1_73' title="bbox 2033 1829 3680 1896">
    <p class='ocr_par' dir='ltr' id='par_1_73' title="bbox 2033 1829 3680 1896">
     <span class='ocr_line' id='line_1_78' title="bbox 2033 1829 3680 1896; baseline 0.007 -20"><span class='ocrx_word' id='word_1_420' title='bbox 2033 1829 2220 1896; x_wconf 68' lang='lat' dir='ltr'><strong>sancti,</strong></span> <span class='ocrx_word' id='word_1_421' title='bbox 2255 1832 2362 1896; x_wconf 83' lang='lat'><strong>868.</strong></span> <span class='ocrx_word' id='word_1_422' title='bbox 2389 1829 2791 1896; x_wconf 58' lang='lat' dir='ltr'><strong>biundamurin</strong></span> <span class='ocrx_word' id='word_1_423' title='bbox 2822 1829 3136 1896; x_wconf 76' lang='lat' dir='ltr'><strong>baptismate</strong></span> <span class='ocrx_word' id='word_1_424' title='bbox 3169 1829 3271 1896; x_wconf 79' lang='lat' dir='ltr'><strong>ﬁde</strong></span> <span class='ocrx_word' id='word_1_425' title='bbox 3299 1829 3510 1896; x_wconf 66' lang='lat' dir='ltr'><strong>Christi,</strong></span> <span class='ocrx_word' id='word_1_426' title='bbox 3569 1840 3680 1887; x_wconf 86' lang='grc'>441.</span> 
     </span>
    </p>
   </div>
   <div class='ocr_carea' id='block_1_74' title="bbox 2031 1892 3679 1961">
    <p class='ocr_par' dir='ltr' id='par_1_74' title="bbox 2031 1892 3679 1961">
     <span class='ocr_line' id='line_1_79' title="bbox 2031 1892 3679 1961; baseline 0.007 -22"><span class='ocrx_word' id='word_1_427' title='bbox 2031 1892 2209 1940; x_wconf 85' lang='lat' dir='ltr'><strong>Gratia</strong></span> <span class='ocrx_word' id='word_1_428' title='bbox 2224 1892 2468 1961; x_wconf 80' lang='lat' dir='ltr'><strong>salutaris</strong></span> <span class='ocrx_word' id='word_1_429' title='bbox 2489 1892 2735 1961; x_wconf 75' lang='lat' dir='ltr'><strong>baptismi</strong></span> <span class='ocrx_word' id='word_1_430' title='bbox 2746 1893 3065 1944; x_wconf 86' lang='lat' dir='ltr'><strong>ostenditur.</strong></span> <span class='ocrx_word' id='word_1_431' title='bbox 3080 1894 3334 1944; x_wconf 83' lang='lat' dir='ltr'><strong>588.Nihil</strong></span> <span class='ocrx_word' id='word_1_432' title='bbox 3349 1897 3404 1945; x_wconf 90' lang='lat' dir='ltr'><strong>in</strong></span> <span class='ocrx_word' id='word_1_433' title='bbox 3417 1892 3679 1961; x_wconf 83' lang='lat' dir='ltr'><strong>baptismo</strong></span> 
     </span>
    </p>
   </div>
   <div class='ocr_carea' id='block_1_75' title="bbox 2033 1955 2736 2012">
    <p class='ocr_par' dir='ltr' id='par_1_75' title="bbox 2033 1955 2736 2012">
     <span class='ocr_line' id='line_1_80' title="bbox 2033 1955 2736 2012; baseline 0.001 -10"><span class='ocrx_word' id='word_1_434' title='bbox 2033 1955 2471 2003; x_wconf 75' lang='lat' dir='ltr'><strong>committendum</strong></span> <span class='ocrx_word' id='word_1_435' title='bbox 2503 1959 2597 2012; x_wconf 89' lang='lat' dir='ltr'><strong>est,</strong></span> <span class='ocrx_word' id='word_1_436' title='bbox 2629 1957 2736 2004; x_wconf 77' lang='grc'>949.</span> 
     </span>
    </p>
   </div>
   <div class='ocr_carea' id='block_1_76' title="bbox 2095 2016 2950 2074">
    <p class='ocr_par' dir='ltr' id='par_1_76' title="bbox 2095 2016 2950 2074">
     <span class='ocr_line' id='line_1_81' title="bbox 2095 2016 2950 2074; baseline 0.002 -11"><span class='ocrx_word' id='word_1_437' title='bbox 2095 2017 2342 2065; x_wconf 87' lang='lat' dir='ltr'><strong>Basilides</strong></span> <span class='ocrx_word' id='word_1_438' title='bbox 2371 2016 2671 2074; x_wconf 64' lang='lat' dir='ltr'><strong>haereticus,</strong></span> <span class='ocrx_word' id='word_1_439' title='bbox 2703 2018 2810 2074; x_wconf 87' lang='grc'>784,</span> <span class='ocrx_word' id='word_1_440' title='bbox 2843 2019 2950 2066; x_wconf 89' lang='grc'>818.</span> 
     </span>
    </p>
   </div>
   <div class='ocr_carea' id='block_1_77' title="bbox 2096 2079 3280 2136">
    <p class='ocr_par' dir='ltr' id='par_1_77' title="bbox 2096 2079 3280 2136">
     <span class='ocr_line' id='line_1_82' title="bbox 2096 2079 3280 2136; baseline 0.001 -9"><span class='ocrx_word' id='word_1_441' title='bbox 2096 2080 2278 2128; x_wconf 68' lang='grc' dir='ltr'><strong>Βδὼω</strong></span> <span class='ocrx_word' id='word_1_442' title='bbox 2309 2079 2468 2128; x_wconf 89' lang='lat' dir='ltr'><strong>decor</strong></span> <span class='ocrx_word' id='word_1_443' title='bbox 2500 2079 2755 2128; x_wconf 90' lang='lat' dir='ltr'><strong>indicium</strong></span> <span class='ocrx_word' id='word_1_444' title='bbox 2791 2085 2870 2128; x_wconf 92' lang='lat' dir='ltr'><strong>est</strong></span> <span class='ocrx_word' id='word_1_445' title='bbox 2893 2079 3174 2136; x_wconf 87' lang='lat' dir='ltr'><strong>virilitatis.</strong></span> <span class='ocrx_word' id='word_1_446' title='bbox 3200 2082 3280 2130; x_wconf 87' lang='grc'><strong>49.</strong></span> 
     </span>
    </p>
   </div>
   <div class='ocr_carea' id='block_1_78' title="bbox 2093 2142 3677 2252">
    <p class='ocr_par' dir='ltr' id='par_1_78' title="bbox 2093 2142 3677 2252">
     <span class='ocr_line' id='line_1_83' title="bbox 2093 2142 3677 2252; baseline 0.006 -63"><span class='ocrx_word' id='word_1_447' title='bbox 2093 2142 2387 2252; x_wconf 47' lang='lat' dir='ltr'><strong>Barboaiiqgu</strong></span> <span class='ocrx_word' id='word_1_448' title='bbox 2395 2157 2444 2190; x_wconf 90' lang='lat' dir='ltr'><strong>m</strong></span> <span class='ocrx_word' id='word_1_449' title='bbox 2459 2156 2683 2204; x_wconf 89' lang='lat' dir='ltr'><strong>corpora</strong></span> <span class='ocrx_word' id='word_1_450' title='bbox 2695 2143 2948 2191; x_wconf 81' lang='lat' dir='ltr'><strong>Romanis</strong></span> <span class='ocrx_word' id='word_1_451' title='bbox 2961 2143 3262 2206; x_wconf 87' lang='lat' dir='ltr'><strong>corporibus</strong></span> <span class='ocrx_word' id='word_1_452' title='bbox 3273 2145 3498 2197; x_wconf 90' lang='lat' dir='ltr'><strong>rectiora</strong></span> <span class='ocrx_word' id='word_1_453' title='bbox 3511 2152 3677 2212; x_wconf 84' lang='lat' dir='ltr'><strong>erant,</strong></span> 
     </span>
     <span class='ocr_line' id='line_1_84' title="bbox 2093 2217 2381 2252; baseline 0 -1"><span class='ocrx_word' id='word_1_454' title='bbox 2093 2217 2198 2252; x_wconf 77' lang='lat' dir='ltr'><strong>lare</strong></span> <span class='ocrx_word' id='word_1_455' title='bbox 2226 2239 2235 2250; x_wconf 85' lang='lat'><strong>.</strong></span> <span class='ocrx_word' id='word_1_456' title='bbox 2371 2241 2381 2251; x_wconf 92' lang='lat'><strong>.</strong></span> 
     </span>
    </p>
   </div>
   <div class='ocr_carea' id='block_1_79' title="bbox 2033 2209 2381 2266">
    <p class='ocr_par' dir='ltr' id='par_1_79' title="bbox 2033 2209 2381 2266">
     <span class='ocr_line' id='line_1_85' title="bbox 2033 2209 2381 2266; baseline 0 -15"><span class='ocrx_word' id='word_1_457' title='bbox 2033 2217 2198 2266; x_wconf 88' lang='lat' dir='ltr'><strong>quare</strong></span> <span class='ocrx_word' id='word_1_458' title='bbox 2221 2209 2244 2250; x_wconf 86' lang='lat'>?</span> <span class='ocrx_word' id='word_1_459' title='bbox 2277 2209 2381 2252; x_wconf 89' lang='grc'>147.</span> 
     </span>
    </p>
   </div>
   <div class='ocr_carea' id='block_1_80' title="bbox 2095 2265 3322 2327">
    <p class='ocr_par' dir='ltr' id='par_1_80' title="bbox 2095 2265 3322 2327">
     <span class='ocr_line' id='line_1_86' title="bbox 2095 2265 3322 2327; baseline 0.002 -13"><span class='ocrx_word' id='word_1_460' title='bbox 2095 2266 2442 2314; x_wconf 86' lang='lat' dir='ltr'><strong>Beatitudinis</strong></span> <span class='ocrx_word' id='word_1_461' title='bbox 2470 2265 2605 2323; x_wconf 90' lang='lat' dir='ltr'><strong>ﬁnis,</strong></span> <span class='ocrx_word' id='word_1_462' title='bbox 2638 2279 2956 2326; x_wconf 79' lang='lat' dir='ltr'><strong>cognoscere</strong></span> <span class='ocrx_word' id='word_1_463' title='bbox 2991 2268 3175 2327; x_wconf 90' lang='lat' dir='ltr'><strong>Deum,</strong></span> <span class='ocrx_word' id='word_1_464' title='bbox 3213 2270 3322 2318; x_wconf 89' lang='grc'>460.</span> 
     </span>
    </p>
   </div>
   <div class='ocr_carea' id='block_1_81' title="bbox 2094 2327 3328 2390">
    <p class='ocr_par' dir='ltr' id='par_1_81' title="bbox 2094 2327 3328 2390">
     <span class='ocr_line' id='line_1_87' title="bbox 2094 2327 3328 2390; baseline 0.002 -14"><span class='ocrx_word' id='word_1_465' title='bbox 2094 2329 2239 2376; x_wconf 90' lang='lat' dir='ltr'><strong>Beati</strong></span> <span class='ocrx_word' id='word_1_466' title='bbox 2261 2329 2351 2390; x_wconf 85' lang='lat' dir='ltr'><strong>qui</strong></span> <span class='ocrx_word' id='word_1_467' title='bbox 2386 2332 2600 2390; x_wconf 89' lang='lat' dir='ltr'><strong>propter</strong></span> <span class='ocrx_word' id='word_1_468' title='bbox 2623 2327 2882 2390; x_wconf 83' lang='lat' dir='ltr'><strong>justitiam</strong></span> <span class='ocrx_word' id='word_1_469' title='bbox 2913 2335 3187 2386; x_wconf 85' lang='lat' dir='ltr'><strong>vexantur,</strong></span> <span class='ocrx_word' id='word_1_470' title='bbox 3218 2333 3328 2379; x_wconf 88' lang='lat'><strong>755.</strong></span> 
     </span>
    </p>
   </div>
   <div class='ocr_carea' id='block_1_82' title="bbox 2094 2341 3678 2452">
    <p class='ocr_par' dir='ltr' id='par_1_82' title="bbox 2094 2341 3678 2452">
     <span class='ocr_line' id='line_1_88' title="bbox 2095 2341 3328 2437; baseline 0.002 -61"><span class='ocrx_word' id='word_1_471' title='bbox 2095 2341 2239 2376; x_wconf 75' lang='lat' dir='ltr'><strong>beati</strong></span> <span class='ocrx_word' id='word_1_472' title='bbox 2261 2341 2351 2437; x_wconf 45' lang='grc' dir='ltr'><strong>Ἕω</strong></span> <span class='ocrx_word' id='word_1_473' title='bbox 2386 2341 2600 2390; x_wconf 77' lang='lat' dir='ltr'><strong>propter</strong></span> <span class='ocrx_word' id='word_1_474' title='bbox 2623 2341 2882 2390; x_wconf 75' lang='lat' dir='ltr'><strong>Justitiam</strong></span> <span class='ocrx_word' id='word_1_475' title='bbox 2913 2341 3187 2386; x_wconf 86' lang='lat' dir='ltr'><strong>vexantur,</strong></span> <span class='ocrx_word' id='word_1_476' title='bbox 3218 2341 3328 2379; x_wconf 81' lang='lat'><strong>755.</strong></span> 
     </span>
     <span class='ocr_line' id='line_1_89' title="bbox 2094 2390 3678 2452; baseline 0.006 -14"><span class='ocrx_word' id='word_1_477' title='bbox 2094 2391 2229 2438; x_wconf 90' lang='lat' dir='ltr'><strong>Belis</strong></span> <span class='ocrx_word' id='word_1_478' title='bbox 2252 2391 2282 2437; x_wconf 78' lang='grc' dir='ltr'><strong>ἰ(</strong></span> <span class='ocrx_word' id='word_1_479' title='bbox 2307 2391 2470 2447; x_wconf 90' lang='lat' dir='ltr'><strong>olum,</strong></span> <span class='ocrx_word' id='word_1_480' title='bbox 2492 2391 2826 2452; x_wconf 89' lang='lat' dir='ltr'><strong>Assyriorum</strong></span> <span class='ocrx_word' id='word_1_481' title='bbox 2848 2390 3034 2451; x_wconf 84' lang='lat' dir='ltr'><strong>religio</strong></span> <span class='ocrx_word' id='word_1_482' title='bbox 3051 2397 3179 2446; x_wconf 87' lang='lat' dir='ltr'><strong>erat,</strong></span> <span class='ocrx_word' id='word_1_483' title='bbox 3203 2395 3312 2442; x_wconf 80' lang='grc'>264.</span> <span class='ocrx_word' id='word_1_484' title='bbox 3336 2393 3483 2444; x_wconf 87' lang='lat' dir='ltr'><strong>Hanc</strong></span> <span class='ocrx_word' id='word_1_485' title='bbox 3500 2411 3678 2446; x_wconf 86' lang='lat' dir='ltr'><strong>conse-</strong></span> 
     </span>
    </p>
   </div>
   <div class='ocr_carea' id='block_1_83' title="bbox 2032 2453 3371 2513">
    <p class='ocr_par' dir='ltr' id='par_1_83' title="bbox 2032 2453 3371 2513">
     <span class='ocr_line' id='line_1_90' title="bbox 2032 2453 3371 2513; baseline 0.001 -13"><span class='ocrx_word' id='word_1_486' title='bbox 2032 2453 2198 2500; x_wconf 91' lang='lat' dir='ltr'><strong>cravit</strong></span> <span class='ocrx_word' id='word_1_487' title='bbox 2221 2453 2386 2500; x_wconf 85' lang='lat' dir='ltr'><strong>Ninus</strong></span> <span class='ocrx_word' id='word_1_488' title='bbox 2407 2453 2462 2500; x_wconf 92' lang='lat' dir='ltr'><strong>in</strong></span> <span class='ocrx_word' id='word_1_489' title='bbox 2493 2453 2749 2501; x_wconf 88' lang='lat' dir='ltr'><strong>honorem</strong></span> <span class='ocrx_word' id='word_1_490' title='bbox 2773 2455 2932 2513; x_wconf 87' lang='lat' dir='ltr'><strong>patris</strong></span> <span class='ocrx_word' id='word_1_491' title='bbox 2967 2455 3045 2501; x_wconf 91' lang='lat' dir='ltr'><strong>sui</strong></span> <span class='ocrx_word' id='word_1_492' title='bbox 3068 2455 3216 2512; x_wconf 87' lang='lat' dir='ltr'><strong>Belis,</strong></span> <span class='ocrx_word' id='word_1_493' title='bbox 3242 2454 3371 2502; x_wconf 81' lang='lat' dir='ltr'><strong>ibidi</strong></span> 
     </span>
    </p>
   </div>
   <div class='ocr_carea' id='block_1_84' title="bbox 2092 2515 3680 2582">
    <p class='ocr_par' dir='ltr' id='par_1_84' title="bbox 2092 2515 3680 2582">
     <span class='ocr_line' id='line_1_91' title="bbox 2092 2515 3680 2582; baseline 0.006 -20"><span class='ocrx_word' id='word_1_494' title='bbox 2092 2515 2257 2582; x_wconf 86' lang='lat' dir='ltr'><strong>Quem</strong></span> <span class='ocrx_word' id='word_1_495' title='bbox 2279 2529 2372 2582; x_wconf 80' lang='lat' dir='ltr'><strong>per</strong></span> <span class='ocrx_word' id='word_1_496' title='bbox 2393 2516 2653 2564; x_wconf 85' lang='lat' dir='ltr'><strong>Beneﬁcia</strong></span> <span class='ocrx_word' id='word_1_497' title='bbox 2675 2529 2784 2564; x_wconf 90' lang='lat' dir='ltr'><strong>non</strong></span> <span class='ocrx_word' id='word_1_498' title='bbox 2800 2515 3161 2578; x_wconf 89' lang='lat' dir='ltr'><strong>intelligimus,</strong></span> <span class='ocrx_word' id='word_1_499' title='bbox 3186 2518 3447 2568; x_wconf 89' lang='lat' dir='ltr'><strong>sentimus</strong></span> <span class='ocrx_word' id='word_1_500' title='bbox 3462 2533 3558 2582; x_wconf 92' lang='lat' dir='ltr'><strong>per</strong></span> <span class='ocrx_word' id='word_1_501' title='bbox 3577 2524 3680 2571; x_wconf 86' lang='lat' dir='ltr'><strong>tor-</strong></span> 
     </span>
    </p>
   </div>
   <div class='ocr_carea' id='block_1_85' title="bbox 2036 2581 2342 2634">
    <p class='ocr_par' dir='ltr' id='par_1_85' title="bbox 2036 2581 2342 2634">
     <span class='ocr_line' id='line_1_92' title="bbox 2036 2581 2342 2634; baseline 0 -10"><span class='ocrx_word' id='word_1_502' title='bbox 2036 2581 2231 2634; x_wconf 88' lang='lat' dir='ltr'><strong>menta,</strong></span> <span class='ocrx_word' id='word_1_503' title='bbox 2263 2581 2342 2626; x_wconf 91' lang='lat'><strong>79.</strong></span> 
     </span>
    </p>
   </div>
   <div class='ocr_carea' id='block_1_86' title="bbox 2094 2638 3413 2702">
    <p class='ocr_par' dir='ltr' id='par_1_86' title="bbox 2094 2638 3413 2702">
     <span class='ocr_line' id='line_1_93' title="bbox 2094 2638 3413 2702; baseline 0.002 -15"><span class='ocrx_word' id='word_1_504' title='bbox 2094 2640 2318 2688; x_wconf 89' lang='lat' dir='ltr'><strong>Berosus</strong></span> <span class='ocrx_word' id='word_1_505' title='bbox 2349 2639 2556 2702; x_wconf 91' lang='lat' dir='ltr'><strong>scripsit</strong></span> <span class='ocrx_word' id='word_1_506' title='bbox 2580 2638 2854 2702; x_wconf 85' lang='lat' dir='ltr'><strong>historiam</strong></span> <span class='ocrx_word' id='word_1_507' title='bbox 2884 2639 3273 2692; x_wconf 67' lang='lat' dir='ltr'><strong>Chaldaeorum.</strong></span> <span class='ocrx_word' id='word_1_508' title='bbox 3304 2643 3413 2690; x_wconf 89' lang='grc'>651.</span> 
     </span>
    </p>
   </div>
   <div class='ocr_carea' id='block_1_87' title="bbox 2092 2701 3675 2767">
    <p class='ocr_par' dir='ltr' id='par_1_87' title="bbox 2092 2701 3675 2767">
     <span class='ocr_line' id='line_1_94' title="bbox 2092 2701 3675 2767; baseline 0.006 -18"><span class='ocrx_word' id='word_1_509' title='bbox 2092 2701 2513 2767; x_wconf 76' lang='lat' dir='ltr'><strong>QuiBestiarum</strong></span> <span class='ocrx_word' id='word_1_510' title='bbox 2538 2701 2887 2767; x_wconf 59' lang='lat' dir='ltr'><strong>diversarum</strong></span> <span class='ocrx_word' id='word_1_511' title='bbox 2927 2707 3206 2753; x_wconf 88' lang='lat' dir='ltr'><strong>assumunt</strong></span> <span class='ocrx_word' id='word_1_512' title='bbox 3252 2703 3531 2767; x_wconf 86' lang='lat' dir='ltr'><strong>imagines,</strong></span> <span class='ocrx_word' id='word_1_513' title='bbox 3568 2709 3675 2758; x_wconf 87' lang='lat'><strong>136.</strong></span> 
     </span>
    </p>
   </div>
   <div class='ocr_carea' id='block_1_88' title="bbox 2093 2762 3019 2826">
    <p class='ocr_par' dir='ltr' id='par_1_88' title="bbox 2093 2762 3019 2826">
     <span class='ocr_line' id='line_1_95' title="bbox 2093 2762 3019 2826; baseline 0.003 -18"><span class='ocrx_word' id='word_1_514' title='bbox 2093 2763 2390 2826; x_wconf 82' lang='lat' dir='ltr'><strong>Bethsaida,</strong></span> <span class='ocrx_word' id='word_1_515' title='bbox 2426 2762 2554 2826; x_wconf 91' lang='lat' dir='ltr'><strong>quid</strong></span> <span class='ocrx_word' id='word_1_516' title='bbox 2585 2764 2885 2825; x_wconf 85' lang='lat' dir='ltr'><strong>signiﬁcet?</strong></span> <span class='ocrx_word' id='word_1_517' title='bbox 2913 2767 3019 2814; x_wconf 86' lang='grc'>339.</span> 
     </span>
    </p>
   </div>
   <div class='ocr_carea' id='block_1_89' title="bbox 2093 2825 3675 2887">
    <p class='ocr_par' dir='ltr' id='par_1_89' title="bbox 2093 2825 3675 2887">
     <span class='ocr_line' id='line_1_96' title="bbox 2093 2825 3675 2887; baseline 0.006 -15"><span class='ocrx_word' id='word_1_518' title='bbox 2093 2825 2238 2874; x_wconf 87' lang='lat' dir='ltr'><strong>Bona</strong></span> <span class='ocrx_word' id='word_1_519' title='bbox 2266 2840 2392 2874; x_wconf 89' lang='lat' dir='ltr'><strong>vera</strong></span> <span class='ocrx_word' id='word_1_520' title='bbox 2420 2825 2528 2874; x_wconf 87' lang='lat' dir='ltr'><strong>non</strong></span> <span class='ocrx_word' id='word_1_521' title='bbox 2575 2831 2873 2874; x_wconf 89' lang='lat' dir='ltr'><strong>nascuntur</strong></span> <span class='ocrx_word' id='word_1_522' title='bbox 2902 2827 2956 2874; x_wconf 92' lang='lat' dir='ltr'><strong>in</strong></span> <span class='ocrx_word' id='word_1_523' title='bbox 2989 2826 3266 2877; x_wconf 91' lang='lat' dir='ltr'><strong>maledicta</strong></span> <span class='ocrx_word' id='word_1_524' title='bbox 3296 2831 3454 2887; x_wconf 89' lang='lat' dir='ltr'><strong>terra,</strong></span> <span class='ocrx_word' id='word_1_525' title='bbox 3483 2831 3575 2880; x_wconf 93' lang='lat' dir='ltr'><strong>sed</strong></span> <span class='ocrx_word' id='word_1_526' title='bbox 3620 2832 3675 2881; x_wconf 94' lang='lat' dir='ltr'><strong>in</strong></span> 
     </span>
    </p>
   </div>
   <div class='ocr_carea' id='block_1_90' title="bbox 2027 2887 3673 2954">
    <p class='ocr_par' dir='ltr' id='par_1_90' title="bbox 2027 2887 3673 2954">
     <span class='ocr_line' id='line_1_97' title="bbox 2027 2887 3673 2954; baseline 0.005 -19"><span class='ocrx_word' id='word_1_527' title='bbox 2027 2887 2182 2954; x_wconf 79' lang='lat' dir='ltr'><strong>cmio,</strong></span> <span class='ocrx_word' id='word_1_528' title='bbox 2215 2891 2322 2954; x_wconf 87' lang='lat'><strong>859.</strong></span> <span class='ocrx_word' id='word_1_529' title='bbox 2350 2889 2465 2954; x_wconf 85' lang='lat' dir='ltr'><strong>Non</strong></span> <span class='ocrx_word' id='word_1_530' title='bbox 2488 2890 2671 2954; x_wconf 84' lang='lat' dir='ltr'><strong>statim</strong></span> <span class='ocrx_word' id='word_1_531' title='bbox 2686 2889 2945 2954; x_wconf 78' lang='lat' dir='ltr'><strong>sequitur,</strong></span> <span class='ocrx_word' id='word_1_532' title='bbox 2971 2893 3027 2938; x_wconf 91' lang='lat' dir='ltr'><strong>ut</strong></span> <span class='ocrx_word' id='word_1_533' title='bbox 3053 2890 3195 2954; x_wconf 85' lang='lat' dir='ltr'><strong>quod</strong></span> <span class='ocrx_word' id='word_1_534' title='bbox 3219 2891 3421 2939; x_wconf 90' lang='lat' dir='ltr'><strong>Bonum</strong></span> <span class='ocrx_word' id='word_1_535' title='bbox 3447 2905 3555 2942; x_wconf 94' lang='lat' dir='ltr'><strong>non</strong></span> <span class='ocrx_word' id='word_1_536' title='bbox 3577 2899 3673 2954; x_wconf 91' lang='lat' dir='ltr'><strong>est,</strong></span> 
     </span>
    </p>
   </div>
   <div class='ocr_carea' id='block_1_91' title="bbox 2027 2950 3672 3016">
    <p class='ocr_par' dir='ltr' id='par_1_91' title="bbox 2027 2950 3672 3016">
     <span class='ocr_line' id='line_1_98' title="bbox 2027 2950 3672 3016; baseline 0.004 -18"><span class='ocrx_word' id='word_1_537' title='bbox 2027 2950 2224 3016; x_wconf 69' lang='lat' dir='ltr'><strong>malum</strong></span> <span class='ocrx_word' id='word_1_538' title='bbox 2256 2953 2339 3016; x_wconf 82' lang='lat' dir='ltr'><strong>sit,</strong></span> <span class='ocrx_word' id='word_1_539' title='bbox 2385 2953 2494 2999; x_wconf 89' lang='lat'><strong>231.</strong></span> <span class='ocrx_word' id='word_1_540' title='bbox 2536 2951 2675 3016; x_wconf 79' lang='lat' dir='ltr'><strong>Boni</strong></span> <span class='ocrx_word' id='word_1_541' title='bbox 2705 2950 2946 3012; x_wconf 83' lang='lat' dir='ltr'><strong>indigent</strong></span> <span class='ocrx_word' id='word_1_542' title='bbox 2991 2951 3204 3002; x_wconf 85' lang='lat' dir='ltr'><strong>assiduo</strong></span> <span class='ocrx_word' id='word_1_543' title='bbox 3230 2958 3574 3016; x_wconf 66' lang='lat' dir='ltr'><strong>praeceptore,</strong></span> <span class='ocrx_word' id='word_1_544' title='bbox 3597 2950 3672 3006; x_wconf 76' lang='grc'><strong>34.</strong></span> 
     </span>
    </p>
   </div>
   <div class='ocr_carea' id='block_1_92' title="bbox 2029 3012 2635 3069">
    <p class='ocr_par' dir='ltr' id='par_1_92' title="bbox 2029 3012 2635 3069">
     <span class='ocr_line' id='line_1_99' title="bbox 2029 3012 2635 3069; baseline 0 -9"><span class='ocrx_word' id='word_1_545' title='bbox 2029 3012 2247 3060; x_wconf 90' lang='lat' dir='ltr'><strong>Unionis</strong></span> <span class='ocrx_word' id='word_1_546' title='bbox 2277 3013 2495 3069; x_wconf 89' lang='lat' dir='ltr'><strong>bonum,</strong></span> <span class='ocrx_word' id='word_1_547' title='bbox 2527 3015 2635 3063; x_wconf 90' lang='lat'><strong>960.</strong></span> 
     </span>
    </p>
   </div>
   <div class='ocr_carea' id='block_1_93' title="bbox 2087 3075 3455 3137">
    <p class='ocr_par' dir='ltr' id='par_1_93' title="bbox 2087 3075 3455 3137">
     <span class='ocr_line' id='line_1_100' title="bbox 2087 3075 3455 3137; baseline 0.002 -15"><span class='ocrx_word' id='word_1_548' title='bbox 2087 3075 2304 3122; x_wconf 88' lang='lat' dir='ltr'><strong>Bonitas</strong></span> <span class='ocrx_word' id='word_1_549' title='bbox 2333 3079 2515 3124; x_wconf 87' lang='lat' dir='ltr'><strong>nostra</strong></span> <span class='ocrx_word' id='word_1_550' title='bbox 2543 3090 2605 3123; x_wconf 83' lang='lat' dir='ltr'><strong>ex</strong></span> <span class='ocrx_word' id='word_1_551' title='bbox 2641 3077 2764 3128; x_wconf 90' lang='lat' dir='ltr'><strong>Deo.</strong></span> <span class='ocrx_word' id='word_1_552' title='bbox 2801 3077 3016 3137; x_wconf 88' lang='lat' dir='ltr'><strong>peccata</strong></span> <span class='ocrx_word' id='word_1_553' title='bbox 3045 3089 3109 3124; x_wconf 85' lang='lat' dir='ltr'><strong>ex</strong></span> <span class='ocrx_word' id='word_1_554' title='bbox 3140 3077 3312 3137; x_wconf 90' lang='lat' dir='ltr'><strong>nobis,</strong></span> <span class='ocrx_word' id='word_1_555' title='bbox 3346 3079 3455 3128; x_wconf 89' lang='lat'><strong>865.</strong></span> 
     </span>
    </p>
   </div>
   <div class='ocr_carea' id='block_1_94' title="bbox 2025 3137 3674 3247">
    <p class='ocr_par' dir='ltr' id='par_1_94' title="bbox 2025 3137 3674 3247">
     <span class='ocr_line' id='line_1_101' title="bbox 2025 3137 3674 3247; baseline 0.005 -63"><span class='ocrx_word' id='word_1_556' title='bbox 2025 3137 2359 3247; x_wconf 50' lang='lat' dir='ltr'><strong>9[Britannia</strong></span> <span class='ocrx_word' id='word_1_557' title='bbox 2389 3142 2442 3186; x_wconf 91' lang='lat' dir='ltr'><strong>et</strong></span> <span class='ocrx_word' id='word_1_558' title='bbox 2469 3137 2783 3187; x_wconf 87' lang='lat' dir='ltr'><strong>Mauritania</strong></span> <span class='ocrx_word' id='word_1_559' title='bbox 2816 3143 3052 3200; x_wconf 91' lang='lat' dir='ltr'><strong>tempore</strong></span> <span class='ocrx_word' id='word_1_560' title='bbox 3081 3139 3322 3202; x_wconf 87' lang='lat' dir='ltr'><strong>Origenis</strong></span> <span class='ocrx_word' id='word_1_561' title='bbox 3345 3141 3674 3204; x_wconf 69' lang='lat' dir='ltr'><strong>Christiane,</strong></span> 
     </span>
    </p>
   </div>
   <div class='ocr_carea' id='block_1_95' title="bbox 2084 3261 3040 3326">
    <p class='ocr_par' dir='ltr' id='par_1_95' title="bbox 2084 3261 3040 3326">
     <span class='ocr_line' id='line_1_102' title="bbox 2084 3261 3040 3326; baseline 0.004 -18"><span class='ocrx_word' id='word_1_562' title='bbox 2084 3261 2279 3325; x_wconf 87' lang='lat' dir='ltr'><strong>Byssus</strong></span> <span class='ocrx_word' id='word_1_563' title='bbox 2308 3261 2545 3311; x_wconf 90' lang='lat' dir='ltr'><strong>nascitur</strong></span> <span class='ocrx_word' id='word_1_564' title='bbox 2579 3263 2634 3310; x_wconf 92' lang='lat' dir='ltr'><strong>in</strong></span> <span class='ocrx_word' id='word_1_565' title='bbox 2662 3262 2904 3326; x_wconf 69' lang='lat' dir='ltr'><strong>Egypto,</strong></span> <span class='ocrx_word' id='word_1_566' title='bbox 2931 3265 3040 3312; x_wconf 91' lang='lat'><strong>306.</strong></span> 
     </span>
    </p>
   </div>
   <div class='ocr_carea' id='block_1_96' title="bbox 2817 3364 2867 3426">
    <p class='ocr_par' dir='ltr' id='par_1_96' title="bbox 2817 3364 2867 3426">
     <span class='ocr_line' id='line_1_103' title="bbox 2817 3364 2867 3426; baseline 0 0"><span class='ocrx_word' id='word_1_567' title='bbox 2817 3364 2867 3426; x_wconf 78' lang='grc' dir='ltr'>Ο</span> 
     </span>
    </p>
   </div>
   <div class='ocr_carea' id='block_1_97' title="bbox 2085 3465 3510 3528">
    <p class='ocr_par' dir='ltr' id='par_1_97' title="bbox 2085 3465 3510 3528">
     <span class='ocr_line' id='line_1_104' title="bbox 2085 3465 3510 3528; baseline 0.003 -15"><span class='ocrx_word' id='word_1_568' title='bbox 2085 3466 2324 3514; x_wconf 75' lang='lat' dir='ltr'><strong>Cmsarea</strong></span> <span class='ocrx_word' id='word_1_569' title='bbox 2354 3465 2596 3528; x_wconf 88' lang='lat' dir='ltr'><strong>Philippi,</strong></span> <span class='ocrx_word' id='word_1_570' title='bbox 2628 3465 2786 3515; x_wconf 90' lang='lat' dir='ltr'><strong>hodie</strong></span> <span class='ocrx_word' id='word_1_571' title='bbox 2817 3467 3120 3528; x_wconf 87' lang='lat' dir='ltr'><strong>appellatur</strong></span> <span class='ocrx_word' id='word_1_572' title='bbox 3150 3468 3367 3524; x_wconf 88' lang='lat' dir='ltr'><strong>Paneas,</strong></span> <span class='ocrx_word' id='word_1_573' title='bbox 3397 3470 3510 3518; x_wconf 92' lang='lat'><strong>317.</strong></span> 
     </span>
    </p>
   </div>
   <div class='ocr_carea' id='block_1_98' title="bbox 2084 3528 3413 3592">
    <p class='ocr_par' dir='ltr' id='par_1_98' title="bbox 2084 3528 3413 3592">
     <span class='ocr_line' id='line_1_105' title="bbox 2084 3528 3413 3592; baseline 0.002 -18"><span class='ocrx_word' id='word_1_574' title='bbox 2084 3528 2336 3592; x_wconf 62' lang='lat' dir='ltr'><strong>Ciesaries</strong></span> <span class='ocrx_word' id='word_1_575' title='bbox 2366 3533 2417 3577; x_wconf 90' lang='lat' dir='ltr'><strong>et</strong></span> <span class='ocrx_word' id='word_1_576' title='bbox 2446 3529 2606 3592; x_wconf 84' lang='lat' dir='ltr'><strong>barba</strong></span> <span class='ocrx_word' id='word_1_577' title='bbox 2636 3529 2898 3578; x_wconf 86' lang='lat' dir='ltr'><strong>virilitatis</strong></span> <span class='ocrx_word' id='word_1_578' title='bbox 2930 3529 3183 3578; x_wconf 89' lang='lat' dir='ltr'><strong>indicium</strong></span> <span class='ocrx_word' id='word_1_579' title='bbox 3215 3533 3312 3592; x_wconf 88' lang='lat' dir='ltr'><strong>est,</strong></span> <span class='ocrx_word' id='word_1_580' title='bbox 3335 3532 3413 3580; x_wconf 89' lang='grc'><strong>49.</strong></span> 
     </span>
    </p>
   </div>
   <div class='ocr_carea' id='block_1_99' title="bbox 2084 3590 2957 3646">
    <p class='ocr_par' dir='ltr' id='par_1_99' title="bbox 2084 3590 2957 3646">
     <span class='ocr_line' id='line_1_106' title="bbox 2084 3590 2957 3646; baseline 0.002 -10"><span class='ocrx_word' id='word_1_581' title='bbox 2084 3590 2348 3646; x_wconf 76' lang='lat' dir='ltr'><strong>Clialdtea,</strong></span> <span class='ocrx_word' id='word_1_582' title='bbox 2382 3594 2520 3638; x_wconf 89' lang='lat' dir='ltr'><strong>terra</strong></span> <span class='ocrx_word' id='word_1_583' title='bbox 2546 3591 2814 3639; x_wconf 70' lang='lat' dir='ltr'><strong>Chanaan&#39;</strong></span> <span class='ocrx_word' id='word_1_584' title='bbox 2850 3593 2957 3640; x_wconf 90' lang='lat'><strong>170.</strong></span> 
     </span>
    </p>
   </div>
   <div class='ocr_carea' id='block_1_100' title="bbox 2084 3652 2620 3714">
    <p class='ocr_par' dir='ltr' id='par_1_100' title="bbox 2084 3652 2620 3714">
     <span class='ocr_line' id='line_1_107' title="bbox 2084 3652 2620 3714; baseline 0.002 -15"><span class='ocrx_word' id='word_1_585' title='bbox 2084 3652 2317 3714; x_wconf 64' lang='lat' dir='ltr'><strong>Chaldaei</strong></span> <span class='ocrx_word' id='word_1_586' title='bbox 2348 3653 2439 3714; x_wconf 88' lang='lat' dir='ltr'><strong>qui</strong></span> <span class='ocrx_word' id='word_1_587' title='bbox 2459 3653 2484 3698; x_wconf 75' lang='lat'><strong>7</strong></span> <span class='ocrx_word' id='word_1_588' title='bbox 2514 3656 2620 3702; x_wconf 86' lang='lat'><strong>890.</strong></span> 
     </span>
    </p>
   </div>
   <div class='ocr_carea' id='block_1_101' title="bbox 2083 3713 3481 3774">
    <p class='ocr_par' dir='ltr' id='par_1_101' title="bbox 2083 3713 3481 3774">
     <span class='ocr_line' id='line_1_108' title="bbox 2083 3713 3481 3774; baseline 0 -12"><span class='ocrx_word' id='word_1_589' title='bbox 2083 3713 2226 3762; x_wconf 80' lang='lat' dir='ltr'><strong>Calix</strong></span> <span class='ocrx_word' id='word_1_590' title='bbox 2257 3713 2516 3774; x_wconf 85' lang='lat' dir='ltr'><strong>supplicii,</strong></span> <span class='ocrx_word' id='word_1_591' title='bbox 2549 3719 2600 3763; x_wconf 92' lang='lat' dir='ltr'><strong>et</strong></span> <span class='ocrx_word' id='word_1_592' title='bbox 2629 3713 2763 3763; x_wconf 81' lang='lat' dir='ltr'><strong>calix</strong></span> <span class='ocrx_word' id='word_1_593' title='bbox 2794 3713 3198 3771; x_wconf 87' lang='lat' dir='ltr'><strong>benedictionis,</strong></span> <span class='ocrx_word' id='word_1_594' title='bbox 3231 3716 3340 3773; x_wconf 86' lang='grc'>822,</span> <span class='ocrx_word' id='word_1_595' title='bbox 3373 3717 3481 3764; x_wconf 88' lang='grc'>829.</span> 
     </span>
    </p>
   </div>
   <div class='ocr_carea' id='block_1_102' title="bbox 2085 3776 3338 3839">
    <p class='ocr_par' dir='ltr' id='par_1_102' title="bbox 2085 3776 3338 3839">
     <span class='ocr_line' id='line_1_109' title="bbox 2085 3776 3338 3839; baseline 0.002 -17"><span class='ocrx_word' id='word_1_596' title='bbox 2085 3777 2157 3839; x_wconf 90' lang='lat' dir='ltr'><strong>De</strong></span> <span class='ocrx_word' id='word_1_597' title='bbox 2190 3776 2446 3839; x_wconf 84' lang='lat' dir='ltr'><strong>Cainbyse</strong></span> <span class='ocrx_word' id='word_1_598' title='bbox 2477 3776 2597 3839; x_wconf 88' lang='lat' dir='ltr'><strong>Cyri</strong></span> <span class='ocrx_word' id='word_1_599' title='bbox 2629 3776 2736 3825; x_wconf 87' lang='lat' dir='ltr'><strong>ﬁlio</strong></span> <span class='ocrx_word' id='word_1_600' title='bbox 2766 3777 2892 3839; x_wconf 88' lang='lat' dir='ltr'><strong>quid</strong></span> <span class='ocrx_word' id='word_1_601' title='bbox 2924 3776 3151 3825; x_wconf 88' lang='lat' dir='ltr'><strong>traditur</strong></span> <span class='ocrx_word' id='word_1_602' title='bbox 3177 3776 3202 3824; x_wconf 81' lang='lat'><strong>7</strong></span> <span class='ocrx_word' id='word_1_603' title='bbox 3230 3779 3338 3826; x_wconf 88' lang='lat'><strong>352.</strong></span> 
     </span>
    </p>
   </div>
   <div class='ocr_carea' id='block_1_103' title="bbox 2083 3838 2694 3895">
    <p class='ocr_par' dir='ltr' id='par_1_103' title="bbox 2083 3838 2694 3895">
     <span class='ocr_line' id='line_1_110' title="bbox 2083 3838 2694 3895; baseline 0 -10"><span class='ocrx_word' id='word_1_604' title='bbox 2083 3838 2288 3886; x_wconf 83' lang='lat' dir='ltr'><strong>Cancer</strong></span> <span class='ocrx_word' id='word_1_605' title='bbox 2316 3838 2551 3895; x_wconf 84' lang='lat' dir='ltr'><strong>morbus,</strong></span> <span class='ocrx_word' id='word_1_606' title='bbox 2585 3840 2694 3887; x_wconf 90' lang='lat'><strong>927.</strong></span> 
     </span>
    </p>
   </div>
   <div class='ocr_carea' id='block_1_104' title="bbox 2083 3899 3668 3963">
    <p class='ocr_par' dir='ltr' id='par_1_104' title="bbox 2083 3899 3668 3963">
     <span class='ocr_line' id='line_1_111' title="bbox 2083 3899 3668 3963; baseline 0.001 -15"><span class='ocrx_word' id='word_1_607' title='bbox 2083 3900 2424 3963; x_wconf 85' lang='lat' dir='ltr'><strong>Cantantium</strong></span> <span class='ocrx_word' id='word_1_608' title='bbox 2458 3900 2639 3963; x_wconf 87' lang='lat' dir='ltr'><strong>laudes</strong></span> <span class='ocrx_word' id='word_1_609' title='bbox 2671 3900 2879 3948; x_wconf 92' lang='lat' dir='ltr'><strong>Domini</strong></span> <span class='ocrx_word' id='word_1_610' title='bbox 2911 3899 3144 3963; x_wconf 85' lang='lat' dir='ltr'><strong>dignitas</strong></span> <span class='ocrx_word' id='word_1_611' title='bbox 3173 3903 3224 3949; x_wconf 91' lang='lat' dir='ltr'><strong>et</strong></span> <span class='ocrx_word' id='word_1_612' title='bbox 3251 3899 3525 3963; x_wconf 84' lang='lat' dir='ltr'><strong>perfectio,</strong></span> <span class='ocrx_word' id='word_1_613' title='bbox 3559 3904 3668 3952; x_wconf 87' lang='grc'>490.</span> 
     </span>
    </p>
   </div>
   <div class='ocr_carea' id='block_1_105' title="bbox 2082 3959 3284 4025">
    <p class='ocr_par' dir='ltr' id='par_1_105' title="bbox 2082 3959 3284 4025">
     <span class='ocr_line' id='line_1_112' title="bbox 2082 3959 3284 4025; baseline 0.002 -15"><span class='ocrx_word' id='word_1_614' title='bbox 2082 3962 2276 4023; x_wconf 86' lang='lat' dir='ltr'><strong>Capitis</strong></span> <span class='ocrx_word' id='word_1_615' title='bbox 2306 3962 2591 4025; x_wconf 84' lang='lat' dir='ltr'><strong>calvitium,</strong></span> <span class='ocrx_word' id='word_1_616' title='bbox 2631 3962 2806 4011; x_wconf 90' lang='lat' dir='ltr'><strong>luctus</strong></span> <span class='ocrx_word' id='word_1_617' title='bbox 2838 3966 2917 4012; x_wconf 88' lang='lat' dir='ltr'><strong>est</strong></span> <span class='ocrx_word' id='word_1_618' title='bbox 2946 3959 3175 4025; x_wconf 81' lang='lat' dir='ltr'><strong>signum,</strong></span> <span class='ocrx_word' id='word_1_619' title='bbox 3206 3959 3284 4013; x_wconf 78' lang='lat'><strong>73.</strong></span> 
     </span>
    </p>
   </div>
   <div class='ocr_carea' id='block_1_106' title="bbox 2083 4024 2689 4083">
    <p class='ocr_par' dir='ltr' id='par_1_106' title="bbox 2083 4024 2689 4083">
     <span class='ocr_line' id='line_1_113' title="bbox 2083 4024 2689 4083; baseline 0.003 -11"><span class='ocrx_word' id='word_1_620' title='bbox 2083 4025 2308 4072; x_wconf 90' lang='lat' dir='ltr'><strong>Castitas</strong></span> <span class='ocrx_word' id='word_1_621' title='bbox 2338 4024 2552 4083; x_wconf 88' lang='lat' dir='ltr'><strong>diaboli,</strong></span> <span class='ocrx_word' id='word_1_622' title='bbox 2581 4028 2689 4074; x_wconf 81' lang='grc'>947.</span> 
     </span>
    </p>
   </div>
   <div class='ocr_carea' id='block_1_107' title="bbox 2082 4087 3144 4150">
    <p class='ocr_par' dir='ltr' id='par_1_107' title="bbox 2082 4087 3144 4150">
     <span class='ocr_line' id='line_1_114' title="bbox 2082 4087 3144 4150; baseline 0.002 -18"><span class='ocrx_word' id='word_1_623' title='bbox 2082 4087 2264 4150; x_wconf 81' lang='lat' dir='ltr'><strong>Catina</strong></span> <span class='ocrx_word' id='word_1_624' title='bbox 2293 4091 2493 4150; x_wconf 85' lang='lat' dir='ltr'><strong>auctor,</strong></span> <span class='ocrx_word' id='word_1_625' title='bbox 2525 4091 2578 4135; x_wconf 90' lang='lat' dir='ltr'><strong>et</strong></span> <span class='ocrx_word' id='word_1_626' title='bbox 2606 4087 2723 4150; x_wconf 89' lang='lat' dir='ltr'><strong>ejus</strong></span> <span class='ocrx_word' id='word_1_627' title='bbox 2752 4087 3035 4144; x_wconf 90' lang='lat' dir='ltr'><strong>sententia,</strong></span> <span class='ocrx_word' id='word_1_628' title='bbox 3069 4087 3144 4134; x_wconf 88' lang='lat'><strong>12.</strong></span> 
     </span>
    </p>
   </div>
   <div class='ocr_carea' id='block_1_108' title="bbox 2082 4148 2584 4206">
    <p class='ocr_par' dir='ltr' id='par_1_108' title="bbox 2082 4148 2584 4206">
     <span class='ocr_line' id='line_1_115' title="bbox 2082 4148 2584 4206; baseline 0.002 -10"><span class='ocrx_word' id='word_1_629' title='bbox 2082 4148 2308 4206; x_wconf 85' lang='lat' dir='ltr'><strong>Chobar,</strong></span> <span class='ocrx_word' id='word_1_630' title='bbox 2339 4149 2465 4206; x_wconf 90' lang='lat' dir='ltr'><strong>quid</strong></span> <span class='ocrx_word' id='word_1_631' title='bbox 2486 4152 2508 4197; x_wconf 82' lang='lat'><strong>7</strong></span> <span class='ocrx_word' id='word_1_632' title='bbox 2539 4154 2584 4199; x_wconf 88' lang='lat'><strong>5.</strong></span> 
     </span>
    </p>
   </div>
   <div class='ocr_carea' id='block_1_109' title="bbox 2082 4209 3608 4274">
    <p class='ocr_par' dir='ltr' id='par_1_109' title="bbox 2082 4209 3608 4274">
     <span class='ocr_line' id='line_1_116' title="bbox 2082 4209 3608 4274; baseline 0.004 -17"><span class='ocrx_word' id='word_1_633' title='bbox 2082 4209 2386 4274; x_wconf 81' lang='lat' dir='ltr'><strong>Ciiodchod,</strong></span> <span class='ocrx_word' id='word_1_634' title='bbox 2419 4211 2545 4274; x_wconf 89' lang='lat' dir='ltr'><strong>quid</strong></span> <span class='ocrx_word' id='word_1_635' title='bbox 2579 4211 2858 4274; x_wconf 86' lang='lat' dir='ltr'><strong>signiﬁcet,</strong></span> <span class='ocrx_word' id='word_1_636' title='bbox 2892 4210 3062 4259; x_wconf 91' lang='lat' dir='ltr'><strong>nescit</strong></span> <span class='ocrx_word' id='word_1_637' title='bbox 3091 4211 3465 4274; x_wconf 82' lang='lat' dir='ltr'><strong>Hieronymus,</strong></span> <span class='ocrx_word' id='word_1_638' title='bbox 3497 4213 3608 4263; x_wconf 91' lang='lat'><strong>313.</strong></span> 
     </span>
    </p>
   </div>
   <div class='ocr_carea' id='block_1_110' title="bbox 2081 4273 3669 4336">
    <p class='ocr_par' dir='ltr' id='par_1_110' title="bbox 2081 4273 3669 4336">
     <span class='ocr_line' id='line_1_117' title="bbox 2081 4273 3669 4336; baseline 0.003 -16"><span class='ocrx_word' id='word_1_639' title='bbox 2081 4273 2360 4336; x_wconf 84' lang='lat' dir='ltr'><strong>Christiani</strong></span> <span class='ocrx_word' id='word_1_640' title='bbox 2382 4273 2478 4322; x_wconf 81' lang='lat' dir='ltr'><strong>soli</strong></span> <span class='ocrx_word' id='word_1_641' title='bbox 2498 4274 2745 4336; x_wconf 89' lang='lat' dir='ltr'><strong>polluunt</strong></span> <span class='ocrx_word' id='word_1_642' title='bbox 2766 4287 2964 4322; x_wconf 87' lang='lat' dir='ltr'><strong>nomen</strong></span> <span class='ocrx_word' id='word_1_643' title='bbox 2987 4274 3216 4333; x_wconf 91' lang='lat' dir='ltr'><strong>Domini,</strong></span> <span class='ocrx_word' id='word_1_644' title='bbox 3237 4273 3346 4324; x_wconf 84' lang='lat'><strong>523.</strong></span> <span class='ocrx_word' id='word_1_645' title='bbox 3369 4275 3669 4335; x_wconf 87' lang='lat' dir='ltr'><strong>Christiani,</strong></span> 
     </span>
    </p>
   </div>
   <div class='ocr_carea' id='block_1_111' title="bbox 2021 4335 3138 4397">
    <p class='ocr_par' dir='ltr' id='par_1_111' title="bbox 2021 4335 3138 4397">
     <span class='ocr_line' id='line_1_118' title="bbox 2021 4335 3138 4397; baseline 0.001 -14"><span class='ocrx_word' id='word_1_646' title='bbox 2021 4348 2114 4383; x_wconf 91' lang='lat' dir='ltr'><strong>cur</strong></span> <span class='ocrx_word' id='word_1_647' title='bbox 2143 4337 2198 4382; x_wconf 90' lang='lat' dir='ltr'><strong>in</strong></span> <span class='ocrx_word' id='word_1_648' title='bbox 2230 4335 2511 4397; x_wconf 84' lang='lat' dir='ltr'><strong>Scripturis</strong></span> <span class='ocrx_word' id='word_1_649' title='bbox 2539 4337 2709 4385; x_wconf 71' lang='grc' dir='ltr'><strong>,Ιιιάωί</strong></span> <span class='ocrx_word' id='word_1_650' title='bbox 2731 4335 2998 4396; x_wconf 89' lang='lat' dir='ltr'><strong>dicuntur,</strong></span> <span class='ocrx_word' id='word_1_651' title='bbox 3031 4339 3138 4384; x_wconf 89' lang='lat'><strong>871.</strong></span> 
     </span>
    </p>
   </div>
   <div class='ocr_carea' id='block_1_112' title="bbox 2081 4397 3670 4461">
    <p class='ocr_par' dir='ltr' id='par_1_112' title="bbox 2081 4397 3670 4461">
     <span class='ocr_line' id='line_1_119' title="bbox 2081 4397 3670 4461; baseline 0.001 -15"><span class='ocrx_word' id='word_1_652' title='bbox 2081 4397 2272 4461; x_wconf 83' lang='lat' dir='ltr'><strong>Christi</strong></span> <span class='ocrx_word' id='word_1_653' title='bbox 2302 4398 2596 4448; x_wconf 88' lang='lat' dir='ltr'><strong>imitatores</strong></span> <span class='ocrx_word' id='word_1_654' title='bbox 2625 4402 2790 4461; x_wconf 67' lang='lat' dir='ltr'><strong>petra)</strong></span> <span class='ocrx_word' id='word_1_655' title='bbox 2821 4402 2960 4456; x_wconf 92' lang='lat' dir='ltr'><strong>sunt,</strong></span> <span class='ocrx_word' id='word_1_656' title='bbox 2986 4401 3094 4447; x_wconf 89' lang='lat'><strong>858.</strong></span> <span class='ocrx_word' id='word_1_657' title='bbox 3113 4397 3352 4446; x_wconf 84' lang='lat' dir='ltr'><strong>Christus</strong></span> <span class='ocrx_word' id='word_1_658' title='bbox 3372 4411 3492 4461; x_wconf 85' lang='lat' dir='ltr'><strong>cum</strong></span> <span class='ocrx_word' id='word_1_659' title='bbox 3514 4398 3670 4461; x_wconf 88' lang='lat' dir='ltr'><strong>adve-</strong></span> 
     </span>
    </p>
   </div>
   <div class='ocr_carea' id='block_1_113' title="bbox 2020 4459 3670 4522">
    <p class='ocr_par' dir='ltr' id='par_1_113' title="bbox 2020 4459 3670 4522">
     <span class='ocr_line' id='line_1_120' title="bbox 2020 4459 3670 4522; baseline 0.001 -15"><span class='ocrx_word' id='word_1_660' title='bbox 2020 4459 2115 4516; x_wconf 92' lang='lat' dir='ltr'><strong>nit,</strong></span> <span class='ocrx_word' id='word_1_661' title='bbox 2136 4459 2396 4508; x_wconf 85' lang='lat' dir='ltr'><strong>adventus</strong></span> <span class='ocrx_word' id='word_1_662' title='bbox 2415 4462 2581 4522; x_wconf 84' lang='lat' dir='ltr'><strong>ipsius</strong></span> <span class='ocrx_word' id='word_1_663' title='bbox 2602 4459 2845 4510; x_wconf 71' lang='lat' dir='ltr'><strong>aJudmis</strong></span> <span class='ocrx_word' id='word_1_664' title='bbox 2863 4461 3285 4521; x_wconf 83' lang='lat' dir='ltr'><strong>exspectabatur,</strong></span> <span class='ocrx_word' id='word_1_665' title='bbox 3305 4462 3412 4522; x_wconf 87' lang='grc'>804.</span> <span class='ocrx_word' id='word_1_666' title='bbox 3433 4459 3670 4509; x_wconf 87' lang='lat' dir='ltr'><strong>Christus</strong></span> 
     </span>
    </p>
   </div>
   <div class='ocr_carea' id='block_1_114' title="bbox 2021 4521 3668 4584">
    <p class='ocr_par' dir='ltr' id='par_1_114' title="bbox 2021 4521 3668 4584">
     <span class='ocr_line' id='line_1_121' title="bbox 2021 4521 3668 4584; baseline 0.002 -15"><span class='ocrx_word' id='word_1_667' title='bbox 2021 4536 2142 4570; x_wconf 88' lang='lat' dir='ltr'><strong>cum</strong></span> <span class='ocrx_word' id='word_1_668' title='bbox 2173 4521 2408 4582; x_wconf 80' lang='lat' dir='ltr'><strong>advenit,</strong></span> <span class='ocrx_word' id='word_1_669' title='bbox 2438 4521 2750 4572; x_wconf 77' lang='lat' dir='ltr'><strong>mortiﬁcata</strong></span> <span class='ocrx_word' id='word_1_670' title='bbox 2781 4527 2863 4571; x_wconf 91' lang='lat' dir='ltr'><strong>est</strong></span> <span class='ocrx_word' id='word_1_671' title='bbox 2892 4527 3049 4579; x_wconf 86' lang='lat' dir='ltr'><strong>terra,</strong></span> <span class='ocrx_word' id='word_1_672' title='bbox 3081 4526 3133 4570; x_wconf 91' lang='lat' dir='ltr'><strong>et</strong></span> <span class='ocrx_word' id='word_1_673' title='bbox 3163 4521 3410 4584; x_wconf 86' lang='lat' dir='ltr'><strong>quando?</strong></span> <span class='ocrx_word' id='word_1_674' title='bbox 3432 4526 3536 4578; x_wconf 90' lang='lat'><strong>808,</strong></span> <span class='ocrx_word' id='word_1_675' title='bbox 3558 4526 3668 4572; x_wconf 91' lang='lat'><strong>809.</strong></span> 
     </span>
    </p>
   </div>
   <div class='ocr_carea' id='block_1_115' title="bbox 2021 4583 3670 4646">
    <p class='ocr_par' dir='ltr' id='par_1_115' title="bbox 2021 4583 3670 4646">
     <span class='ocr_line' id='line_1_122' title="bbox 2021 4583 3670 4646; baseline 0 -14"><span class='ocrx_word' id='word_1_676' title='bbox 2021 4584 2276 4632; x_wconf 90' lang='lat' dir='ltr'><strong>Divinitas</strong></span> <span class='ocrx_word' id='word_1_677' title='bbox 2289 4591 2498 4646; x_wconf 87' lang='lat' dir='ltr'><strong>separat</strong></span> <span class='ocrx_word' id='word_1_678' title='bbox 2513 4585 2776 4634; x_wconf 89' lang='lat' dir='ltr'><strong>Christum</strong></span> <span class='ocrx_word' id='word_1_679' title='bbox 2792 4600 2822 4634; x_wconf 92' lang='lat' dir='ltr'><strong>a</strong></span> <span class='ocrx_word' id='word_1_680' title='bbox 2835 4586 3038 4633; x_wconf 90' lang='lat' dir='ltr'><strong>cunctis</strong></span> <span class='ocrx_word' id='word_1_681' title='bbox 3049 4583 3411 4632; x_wconf 84' lang='lat' dir='ltr'><strong>creaturarum</strong></span> <span class='ocrx_word' id='word_1_682' title='bbox 3423 4583 3670 4646; x_wconf 81' lang='lat' dir='ltr'><strong>substan-</strong></span> 
     </span>
    </p>
   </div>
   <div class='ocr_carea' id='block_1_116' title="bbox 2020 4645 3668 4705">
    <p class='ocr_par' dir='ltr' id='par_1_116' title="bbox 2020 4645 3668 4705">
     <span class='ocr_line' id='line_1_123' title="bbox 2020 4645 3668 4705; baseline 0.001 -12"><span class='ocrx_word' id='word_1_683' title='bbox 2020 4647 2120 4703; x_wconf 89' lang='lat' dir='ltr'><strong>tiis,</strong></span> <span class='ocrx_word' id='word_1_684' title='bbox 2144 4649 2252 4696; x_wconf 88' lang='lat'><strong>537.</strong></span> <span class='ocrx_word' id='word_1_685' title='bbox 2276 4645 2420 4695; x_wconf 81' lang='lat' dir='ltr'><strong>Idem</strong></span> <span class='ocrx_word' id='word_1_686' title='bbox 2445 4648 2671 4705; x_wconf 85' lang='lat' dir='ltr'><strong>infusus,</strong></span> <span class='ocrx_word' id='word_1_687' title='bbox 2696 4651 2746 4696; x_wconf 91' lang='lat' dir='ltr'><strong>et</strong></span> <span class='ocrx_word' id='word_1_688' title='bbox 2767 4648 3118 4695; x_wconf 86' lang='lat' dir='ltr'><strong>circumfusus</strong></span> <span class='ocrx_word' id='word_1_689' title='bbox 3135 4646 3402 4703; x_wconf 86' lang='lat' dir='ltr'><strong>omnibus,</strong></span> <span class='ocrx_word' id='word_1_690' title='bbox 3426 4645 3668 4694; x_wconf 82' lang='lat' dir='ltr'><strong>ibid.Rex</strong></span> 
     </span>
    </p>
   </div>
   <div class='ocr_carea' id='block_1_117' title="bbox 2021 4708 3666 4771">
    <p class='ocr_par' dir='ltr' id='par_1_117' title="bbox 2021 4708 3666 4771">
     <span class='ocr_line' id='line_1_124' title="bbox 2021 4708 3666 4771; baseline 0 -15"><span class='ocrx_word' id='word_1_691' title='bbox 2021 4713 2100 4757; x_wconf 89' lang='lat' dir='ltr'><strong>est</strong></span> <span class='ocrx_word' id='word_1_692' title='bbox 2129 4713 2181 4756; x_wconf 94' lang='lat' dir='ltr'><strong>et</strong></span> <span class='ocrx_word' id='word_1_693' title='bbox 2211 4713 2406 4768; x_wconf 84' lang='lat' dir='ltr'><strong>pastor,</strong></span> <span class='ocrx_word' id='word_1_694' title='bbox 2434 4713 2542 4758; x_wconf 78' lang='grc'>439.</span> <span class='ocrx_word' id='word_1_695' title='bbox 2574 4712 2631 4757; x_wconf 88' lang='lat' dir='ltr'><strong>In</strong></span> <span class='ocrx_word' id='word_1_696' title='bbox 2655 4723 2716 4758; x_wconf 91' lang='lat' dir='ltr'><strong>eo</strong></span> <span class='ocrx_word' id='word_1_697' title='bbox 2737 4710 3158 4771; x_wconf 89' lang='lat' dir='ltr'><strong>recapitulantur</strong></span> <span class='ocrx_word' id='word_1_698' title='bbox 3185 4708 3378 4771; x_wconf 86' lang='lat' dir='ltr'><strong>omnia,</strong></span> <span class='ocrx_word' id='word_1_699' title='bbox 3412 4711 3518 4756; x_wconf 87' lang='grc'>474.</span> <span class='ocrx_word' id='word_1_700' title='bbox 3540 4709 3666 4756; x_wconf 88' lang='lat' dir='ltr'><strong>Tam</strong></span> 
     </span>
    </p>
   </div>
   <div class='ocr_carea' id='block_1_118' title="bbox 2017 4770 3668 4834">
    <p class='ocr_par' dir='ltr' id='par_1_118' title="bbox 2017 4770 3668 4834">
     <span class='ocr_line' id='line_1_125' title="bbox 2017 4770 3668 4834; baseline 0.001 -18"><span class='ocrx_word' id='word_1_701' title='bbox 2017 4771 2247 4834; x_wconf 82' lang='lat' dir='ltr'><strong>veniens</strong></span> <span class='ocrx_word' id='word_1_702' title='bbox 2272 4771 2336 4819; x_wconf 90' lang='lat' dir='ltr'><strong>ad</strong></span> <span class='ocrx_word' id='word_1_703' title='bbox 2361 4785 2476 4826; x_wconf 90' lang='lat' dir='ltr'><strong>nos,</strong></span> <span class='ocrx_word' id='word_1_704' title='bbox 2499 4785 2655 4834; x_wconf 82' lang='lat' dir='ltr'><strong>quam</strong></span> <span class='ocrx_word' id='word_1_705' title='bbox 2677 4773 2741 4820; x_wconf 90' lang='lat' dir='ltr'><strong>ad</strong></span> <span class='ocrx_word' id='word_1_706' title='bbox 2765 4770 2999 4820; x_wconf 67' lang='lat' dir='ltr'><strong>coalestia</strong></span> <span class='ocrx_word' id='word_1_707' title='bbox 3017 4770 3403 4834; x_wconf 87' lang='lat' dir='ltr'><strong>conscendens,</strong></span> <span class='ocrx_word' id='word_1_708' title='bbox 3427 4784 3526 4834; x_wconf 86' lang='lat' dir='ltr'><strong>sua</strong></span> <span class='ocrx_word' id='word_1_709' title='bbox 3541 4784 3668 4834; x_wconf 85' lang='lat' dir='ltr'><strong>usus</strong></span> 
     </span>
    </p>
   </div>
   <div class='ocr_carea' id='block_1_119' title="bbox 2019 4832 3664 4896">
    <p class='ocr_par' dir='ltr' id='par_1_119' title="bbox 2019 4832 3664 4896">
     <span class='ocr_line' id='line_1_126' title="bbox 2019 4832 3664 4896; baseline 0.001 -16"><span class='ocrx_word' id='word_1_710' title='bbox 2019 4838 2099 4882; x_wconf 88' lang='lat' dir='ltr'><strong>est</strong></span> <span class='ocrx_word' id='word_1_711' title='bbox 2112 4832 2484 4896; x_wconf 85' lang='lat' dir='ltr'><strong>libertate,576.</strong></span> <span class='ocrx_word' id='word_1_712' title='bbox 2501 4832 2800 4896; x_wconf 86' lang='lat' dir='ltr'><strong>Baptizatus</strong></span> <span class='ocrx_word' id='word_1_713' title='bbox 2817 4839 2897 4882; x_wconf 84' lang='lat' dir='ltr'><strong>est</strong></span> <span class='ocrx_word' id='word_1_714' title='bbox 2907 4847 3048 4882; x_wconf 91' lang='lat' dir='ltr'><strong>anno</strong></span> <span class='ocrx_word' id='word_1_715' title='bbox 3066 4833 3236 4882; x_wconf 57' lang='lat' dir='ltr'><strong>astatis</strong></span> <span class='ocrx_word' id='word_1_716' title='bbox 3248 4847 3358 4896; x_wconf 63' lang='lat' dir='ltr'><strong>sua:</strong></span> <span class='ocrx_word' id='word_1_717' title='bbox 3374 4833 3664 4896; x_wconf 85' lang='lat' dir='ltr'><strong>trigesimo,</strong></span> 
     </span>
    </p>
   </div>
   <div class='ocr_carea' id='block_1_120' title="bbox 2017 4894 3665 4958">
    <p class='ocr_par' dir='ltr' id='par_1_120' title="bbox 2017 4894 3665 4958">
     <span class='ocr_line' id='line_1_127' title="bbox 2017 4894 3665 4958; baseline 0 -14"><span class='ocrx_word' id='word_1_718' title='bbox 2017 4899 2124 4944; x_wconf 79' lang='grc'>518.</span> <span class='ocrx_word' id='word_1_719' title='bbox 2154 4895 2419 4956; x_wconf 85' lang='lat' dir='ltr'><strong>Baptisma</strong></span> <span class='ocrx_word' id='word_1_720' title='bbox 2438 4896 2552 4956; x_wconf 88' lang='lat' dir='ltr'><strong>ejus</strong></span> <span class='ocrx_word' id='word_1_721' title='bbox 2565 4894 2848 4958; x_wconf 74' lang='lat' dir='ltr'><strong>(mintadie</strong></span> <span class='ocrx_word' id='word_1_722' title='bbox 2866 4897 3125 4954; x_wconf 87' lang='lat' dir='ltr'><strong>Januarii,</strong></span> <span class='ocrx_word' id='word_1_723' title='bbox 3143 4909 3249 4943; x_wconf 92' lang='lat' dir='ltr'><strong>non</strong></span> <span class='ocrx_word' id='word_1_724' title='bbox 3268 4894 3380 4943; x_wconf 87' lang='lat' dir='ltr'><strong>dies</strong></span> <span class='ocrx_word' id='word_1_725' title='bbox 3395 4894 3665 4952; x_wconf 82' lang='lat' dir='ltr'><strong>Natalis,6.</strong></span> 
     </span>
    </p>
   </div>
   <div class='ocr_carea' id='block_1_121' title="bbox 2017 4958 3662 5018">
    <p class='ocr_par' dir='ltr' id='par_1_121' title="bbox 2017 4958 3662 5018">
     <span class='ocr_line' id='line_1_128' title="bbox 2017 4958 3662 5018; baseline -0.001 -12"><span class='ocrx_word' id='word_1_726' title='bbox 2017 4958 2256 5006; x_wconf 89' lang='lat' dir='ltr'><strong>Christus</strong></span> <span class='ocrx_word' id='word_1_727' title='bbox 2275 4971 2444 5018; x_wconf 86' lang='lat' dir='ltr'><strong>agnus</strong></span> <span class='ocrx_word' id='word_1_728' title='bbox 2459 4958 2831 5006; x_wconf 81' lang='lat' dir='ltr'><strong>immaculatiis</strong></span> <span class='ocrx_word' id='word_1_729' title='bbox 2852 4964 2903 5005; x_wconf 77' lang='lat' dir='ltr'><strong>et</strong></span> <span class='ocrx_word' id='word_1_730' title='bbox 2923 4958 3220 5014; x_wconf 84' lang='lat' dir='ltr'><strong>anniculus,</strong></span> <span class='ocrx_word' id='word_1_731' title='bbox 3235 4960 3341 5006; x_wconf 88' lang='lat'><strong>580.</strong></span> <span class='ocrx_word' id='word_1_732' title='bbox 3359 4959 3662 5006; x_wconf 86' lang='lat' dir='ltr'><strong>Sacramen-</strong></span> 
     </span>
    </p>
   </div>
   <div class='ocr_carea' id='block_1_122' title="bbox 2016 5020 3663 5082">
    <p class='ocr_par' dir='ltr' id='par_1_122' title="bbox 2016 5020 3663 5082">
     <span class='ocr_line' id='line_1_129' title="bbox 2016 5020 3663 5082; baseline 0 -13"><span class='ocrx_word' id='word_1_733' title='bbox 2016 5025 2129 5069; x_wconf 89' lang='lat' dir='ltr'><strong>tuni</strong></span> <span class='ocrx_word' id='word_1_734' title='bbox 2146 5021 2383 5082; x_wconf 88' lang='lat' dir='ltr'><strong>corporis</strong></span> <span class='ocrx_word' id='word_1_735' title='bbox 2405 5023 2456 5068; x_wconf 86' lang='lat' dir='ltr'><strong>et</strong></span> <span class='ocrx_word' id='word_1_736' title='bbox 2475 5022 2747 5074; x_wconf 67' lang='lat' dir='ltr'><strong>sanguinis</strong></span> <span class='ocrx_word' id='word_1_737' title='bbox 2768 5021 2956 5068; x_wconf 85' lang='lat' dir='ltr'><strong>Christi</strong></span> <span class='ocrx_word' id='word_1_738' title='bbox 2979 5020 3285 5082; x_wconf 85' lang='lat' dir='ltr'><strong>instituitur,</strong></span> <span class='ocrx_word' id='word_1_739' title='bbox 3310 5021 3417 5069; x_wconf 82' lang='grc'>498.</span> <span class='ocrx_word' id='word_1_740' title='bbox 3443 5021 3663 5069; x_wconf 89' lang='lat' dir='ltr'><strong>Descen-</strong></span> 
     </span>
    </p>
   </div>
   <div class='ocr_carea' id='block_1_123' title="bbox 2015 5081 3660 5146">
    <p class='ocr_par' dir='ltr' id='par_1_123' title="bbox 2015 5081 3660 5146">
     <span class='ocr_line' id='line_1_130' title="bbox 2015 5081 3660 5146; baseline -0.001 -16"><span class='ocrx_word' id='word_1_741' title='bbox 2015 5082 2094 5146; x_wconf 83' lang='lat' dir='ltr'><strong>dit</strong></span> <span class='ocrx_word' id='word_1_742' title='bbox 2115 5083 2177 5130; x_wconf 83' lang='lat' dir='ltr'><strong>ad</strong></span> <span class='ocrx_word' id='word_1_743' title='bbox 2201 5083 2470 5146; x_wconf 81' lang='lat' dir='ltr'><strong>fornacem</strong></span> <span class='ocrx_word' id='word_1_744' title='bbox 2496 5083 2706 5146; x_wconf 85' lang='lat' dir='ltr'><strong>inferni,</strong></span> <span class='ocrx_word' id='word_1_745' title='bbox 2731 5086 2836 5132; x_wconf 82' lang='grc'>643.</span> <span class='ocrx_word' id='word_1_746' title='bbox 2862 5083 3088 5146; x_wconf 86' lang='lat' dir='ltr'><strong>Sanguis</strong></span> <span class='ocrx_word' id='word_1_747' title='bbox 3108 5081 3560 5146; x_wconf 84' lang='lat' dir='ltr'><strong>Christi,pretium</strong></span> <span class='ocrx_word' id='word_1_748' title='bbox 3583 5097 3660 5146; x_wconf 77' lang='lat' dir='ltr'><strong>re-</strong></span> 
     </span>
    </p>
   </div>
   <div class='ocr_carea' id='block_1_124' title="bbox 2017 5144 3660 5207">
    <p class='ocr_par' dir='ltr' id='par_1_124' title="bbox 2017 5144 3660 5207">
     <span class='ocr_line' id='line_1_131' title="bbox 2017 5144 3660 5207; baseline -0.001 -14"><span class='ocrx_word' id='word_1_749' title='bbox 2017 5144 2358 5207; x_wconf 89' lang='lat' dir='ltr'><strong>demptionis.</strong></span> <span class='ocrx_word' id='word_1_750' title='bbox 2381 5147 2489 5193; x_wconf 77' lang='lat'><strong>571.</strong></span> <span class='ocrx_word' id='word_1_751' title='bbox 2512 5145 2751 5194; x_wconf 87' lang='lat' dir='ltr'><strong>Salvator</strong></span> <span class='ocrx_word' id='word_1_752' title='bbox 2777 5144 3326 5202; x_wconf 77' lang='lat' dir='ltr'><strong>omniumhominum,</strong></span> <span class='ocrx_word' id='word_1_753' title='bbox 3351 5144 3578 5207; x_wconf 84' lang='lat' dir='ltr'><strong>maxime</strong></span> <span class='ocrx_word' id='word_1_754' title='bbox 3602 5145 3660 5192; x_wconf 90' lang='lat' dir='ltr'><strong>ﬁ-</strong></span> 
     </span>
    </p>
   </div>
   <div class='ocr_carea' id='block_1_125' title="bbox 2015 5206 3661 5270">
    <p class='ocr_par' dir='ltr' id='par_1_125' title="bbox 2015 5206 3661 5270">
     <span class='ocr_line' id='line_1_132' title="bbox 2015 5206 3661 5270; baseline -0.001 -14"><span class='ocrx_word' id='word_1_755' title='bbox 2015 5206 2232 5263; x_wconf 84' lang='lat' dir='ltr'><strong>delium.</strong></span> <span class='ocrx_word' id='word_1_756' title='bbox 2253 5208 2361 5254; x_wconf 82' lang='lat'><strong>572.</strong></span> <span class='ocrx_word' id='word_1_757' title='bbox 2384 5207 2640 5255; x_wconf 89' lang='lat' dir='ltr'><strong>Carnibus</strong></span> <span class='ocrx_word' id='word_1_758' title='bbox 2661 5208 2775 5269; x_wconf 89' lang='lat' dir='ltr'><strong>ejus</strong></span> <span class='ocrx_word' id='word_1_759' title='bbox 2792 5208 3001 5266; x_wconf 90' lang='lat' dir='ltr'><strong>alimur,</strong></span> <span class='ocrx_word' id='word_1_760' title='bbox 3027 5211 3080 5256; x_wconf 91' lang='lat' dir='ltr'><strong>et</strong></span> <span class='ocrx_word' id='word_1_761' title='bbox 3097 5207 3212 5270; x_wconf 86' lang='lat' dir='ltr'><strong>ejus</strong></span> <span class='ocrx_word' id='word_1_762' title='bbox 3231 5206 3491 5270; x_wconf 90' lang='lat' dir='ltr'><strong>sanguine</strong></span> <span class='ocrx_word' id='word_1_763' title='bbox 3517 5210 3661 5270; x_wconf 85' lang='lat' dir='ltr'><strong>pota-</strong></span> 
     </span>
    </p>
   </div>
   <div class='ocr_carea' id='block_1_126' title="bbox 2014 5269 3664 5332">
    <p class='ocr_par' dir='ltr' id='par_1_126' title="bbox 2014 5269 3664 5332">
     <span class='ocr_line' id='line_1_133' title="bbox 2014 5269 3664 5332; baseline 0 -14"><span class='ocrx_word' id='word_1_764' title='bbox 2014 5283 2152 5326; x_wconf 86' lang='lat' dir='ltr'><strong>inur,</strong></span> <span class='ocrx_word' id='word_1_765' title='bbox 2175 5272 2283 5332; x_wconf 83' lang='lat'><strong>571.</strong></span> <span class='ocrx_word' id='word_1_766' title='bbox 2306 5270 2471 5318; x_wconf 90' lang='lat' dir='ltr'><strong>Nemo</strong></span> <span class='ocrx_word' id='word_1_767' title='bbox 2485 5273 2654 5332; x_wconf 83' lang='lat' dir='ltr'><strong>potest</strong></span> <span class='ocrx_word' id='word_1_768' title='bbox 2668 5270 2917 5332; x_wconf 86' lang='lat' dir='ltr'><strong>mysteria</strong></span> <span class='ocrx_word' id='word_1_769' title='bbox 2929 5270 3044 5332; x_wconf 84' lang='lat' dir='ltr'><strong>ejus</strong></span> <span class='ocrx_word' id='word_1_770' title='bbox 3061 5269 3594 5332; x_wconf 36' lang='lat' dir='ltr'><strong>passionis,’corporis</strong></span> <span class='ocrx_word' id='word_1_771' title='bbox 3610 5272 3664 5318; x_wconf 89' lang='lat' dir='ltr'><strong>et</strong></span> 
     </span>
    </p>
   </div>
   <div class='ocr_carea' id='block_1_127' title="bbox 2012 5329 3662 5396">
    <p class='ocr_par' dir='ltr' id='par_1_127' title="bbox 2012 5329 3662 5396">
     <span class='ocr_line' id='line_1_134' title="bbox 2012 5329 3662 5396; baseline 0 -16"><span class='ocrx_word' id='word_1_772' title='bbox 2012 5331 2290 5396; x_wconf 87' lang='lat' dir='ltr'><strong>sanguinis</strong></span> <span class='ocrx_word' id='word_1_773' title='bbox 2318 5346 2413 5396; x_wconf 86' lang='lat' dir='ltr'><strong>pro</strong></span> <span class='ocrx_word' id='word_1_774' title='bbox 2461 5329 2737 5396; x_wconf 77' lang='lat' dir='ltr'><strong>majestate</strong></span> <span class='ocrx_word' id='word_1_775' title='bbox 2784 5333 2857 5396; x_wconf 85' lang='lat' dir='ltr'><strong>rei</strong></span> <span class='ocrx_word' id='word_1_776' title='bbox 2907 5329 3243 5396; x_wconf 76' lang='lat' dir='ltr'><strong>cognoscere,</strong></span> <span class='ocrx_word' id='word_1_777' title='bbox 3270 5333 3383 5396; x_wconf 73' lang='lat'><strong>537.</strong></span> <span class='ocrx_word' id='word_1_778' title='bbox 3423 5329 3662 5396; x_wconf 77' lang='lat' dir='ltr'><strong>Christus</strong></span> 
     </span>
    </p>
   </div>
   <div class='ocr_carea' id='block_1_128' title="bbox 2009 5393 3661 5456">
    <p class='ocr_par' dir='ltr' id='par_1_128' title="bbox 2009 5393 3661 5456">
     <span class='ocr_line' id='line_1_135' title="bbox 2009 5393 3661 5456; baseline 0.001 -15"><span class='ocrx_word' id='word_1_779' title='bbox 2009 5393 2381 5456; x_wconf 71' lang='grc' dir='ltr'><strong>αὐτόαγιασμός,</strong></span> <span class='ocrx_word' id='word_1_780' title='bbox 2415 5396 2523 5443; x_wconf 76' lang='lat'><strong>797.</strong></span> <span class='ocrx_word' id='word_1_781' title='bbox 2547 5395 2784 5443; x_wconf 77' lang='lat' dir='ltr'><strong>Christus</strong></span> <span class='ocrx_word' id='word_1_782' title='bbox 2805 5393 3226 5453; x_wconf 65' lang='grc' dir='ltr'><strong>αὐτοδιῆαιοπύνη,</strong></span> <span class='ocrx_word' id='word_1_783' title='bbox 3259 5393 3388 5443; x_wconf 77' lang='lat' dir='ltr'><strong>ibid.</strong></span> <span class='ocrx_word' id='word_1_784' title='bbox 3423 5393 3661 5443; x_wconf 83' lang='lat' dir='ltr'><strong>Christus</strong></span> 
     </span>
    </p>
   </div>
   <div class='ocr_carea' id='block_1_129' title="bbox 2009 5456 3659 5520">
    <p class='ocr_par' dir='ltr' id='par_1_129' title="bbox 2009 5456 3659 5520">
     <span class='ocr_line' id='line_1_136' title="bbox 2009 5456 3659 5520; baseline 0.001 -16"><span class='ocrx_word' id='word_1_785' title='bbox 2009 5456 2374 5518; x_wconf 77' lang='grc' dir='ltr'><strong>αὐτουπομονή,</strong></span> <span class='ocrx_word' id='word_1_786' title='bbox 2388 5456 2521 5520; x_wconf 80' lang='lat' dir='ltr'><strong>ibid.</strong></span> <span class='ocrx_word' id='word_1_787' title='bbox 2546 5457 2781 5506; x_wconf 87' lang='lat' dir='ltr'><strong>Christus</strong></span> <span class='ocrx_word' id='word_1_788' title='bbox 2802 5457 2979 5506; x_wconf 81' lang='lat' dir='ltr'><strong>deficit</strong></span> <span class='ocrx_word' id='word_1_789' title='bbox 3000 5459 3053 5506; x_wconf 90' lang='lat' dir='ltr'><strong>in</strong></span> <span class='ocrx_word' id='word_1_790' title='bbox 3071 5456 3524 5516; x_wconf 74' lang='lat' dir='ltr'><strong>niailedicentibus,</strong></span> <span class='ocrx_word' id='word_1_791' title='bbox 3542 5470 3659 5520; x_wconf 87' lang='lat' dir='ltr'><strong>pro-</strong></span> 
     </span>
    </p>
   </div>
   <div class='ocr_carea' id='block_1_130' title="bbox 2009 5519 3656 5592">
    <p class='ocr_par' dir='ltr' id='par_1_130' title="bbox 2009 5519 3656 5592">
     <span class='ocr_line' id='line_1_137' title="bbox 2009 5519 3656 5592; baseline -0.001 -23"><span class='ocrx_word' id='word_1_792' title='bbox 2009 5521 2113 5570; x_wconf 83' lang='lat' dir='ltr'><strong>ficit</strong></span> <span class='ocrx_word' id='word_1_793' title='bbox 2130 5521 2181 5592; x_wconf 80' lang='lat' dir='ltr'><strong>in</strong></span> <span class='ocrx_word' id='word_1_794' title='bbox 2205 5519 2664 5592; x_wconf 82' lang='lat' dir='ltr'><strong>henedicentibus,</strong></span> <span class='ocrx_word' id='word_1_795' title='bbox 2681 5522 2789 5568; x_wconf 79' lang='grc'>847.</span> <span class='ocrx_word' id='word_1_796' title='bbox 2812 5521 3050 5569; x_wconf 84' lang='lat' dir='ltr'><strong>Christus</strong></span> <span class='ocrx_word' id='word_1_797' title='bbox 3066 5520 3340 5592; x_wconf 71' lang='lat' dir='ltr'><strong>descendit</strong></span> <span class='ocrx_word' id='word_1_798' title='bbox 3360 5531 3571 5592; x_wconf 79' lang='lat' dir='ltr'><strong>quoque</strong></span> <span class='ocrx_word' id='word_1_799' title='bbox 3590 5520 3656 5592; x_wconf 74' lang='lat' dir='ltr'><strong>ad</strong></span> 
     </span>
    </p>
   </div>
   <div class='ocr_carea' id='block_1_131' title="bbox 2009 5582 3656 5644">
    <p class='ocr_par' dir='ltr' id='par_1_131' title="bbox 2009 5582 3656 5644">
     <span class='ocr_line' id='line_1_138' title="bbox 2009 5582 3656 5644; baseline -0.001 -12"><span class='ocrx_word' id='word_1_800' title='bbox 2009 5587 2240 5640; x_wconf 89' lang='lat' dir='ltr'><strong>sanctos,</strong></span> <span class='ocrx_word' id='word_1_801' title='bbox 2272 5586 2558 5644; x_wconf 85' lang='lat' dir='ltr'><strong>antequam</strong></span> <span class='ocrx_word' id='word_1_802' title='bbox 2590 5596 2782 5644; x_wconf 91' lang='lat' dir='ltr'><strong>corpus</strong></span> <span class='ocrx_word' id='word_1_803' title='bbox 2814 5587 3126 5640; x_wconf 91' lang='lat' dir='ltr'><strong>assumeret,</strong></span> <span class='ocrx_word' id='word_1_804' title='bbox 3150 5586 3258 5632; x_wconf 82' lang='lat'><strong>801.</strong></span> <span class='ocrx_word' id='word_1_805' title='bbox 3283 5582 3518 5630; x_wconf 88' lang='lat' dir='ltr'><strong>Christus</strong></span> <span class='ocrx_word' id='word_1_806' title='bbox 3539 5582 3656 5632; x_wconf 86' lang='lat' dir='ltr'><strong>reli-</strong></span> 
     </span>
    </p>
   </div>
   <div class='ocr_carea' id='block_1_132' title="bbox 2007 5645 3657 5708">
    <p class='ocr_par' dir='ltr' id='par_1_132' title="bbox 2007 5645 3657 5708">
     <span class='ocr_line' id='line_1_139' title="bbox 2007 5645 3657 5708; baseline -0.001 -14"><span class='ocrx_word' id='word_1_807' title='bbox 2007 5647 2123 5708; x_wconf 89' lang='lat' dir='ltr'><strong>quit</strong></span> <span class='ocrx_word' id='word_1_808' title='bbox 2153 5659 2247 5708; x_wconf 86' lang='lat' dir='ltr'><strong>pro</strong></span> <span class='ocrx_word' id='word_1_809' title='bbox 2278 5645 2431 5693; x_wconf 86' lang='lat' dir='ltr'><strong>nobis</strong></span> <span class='ocrx_word' id='word_1_810' title='bbox 2461 5645 2639 5708; x_wconf 87' lang='lat' dir='ltr'><strong>omnia</strong></span> <span class='ocrx_word' id='word_1_811' title='bbox 2658 5659 2769 5702; x_wconf 90' lang='lat' dir='ltr'><strong>sua,</strong></span> <span class='ocrx_word' id='word_1_812' title='bbox 2802 5645 2926 5694; x_wconf 84' lang='lat' dir='ltr'><strong>ibid.</strong></span> <span class='ocrx_word' id='word_1_813' title='bbox 2949 5645 3215 5695; x_wconf 91' lang='lat' dir='ltr'><strong>Christum</strong></span> <span class='ocrx_word' id='word_1_814' title='bbox 3242 5645 3493 5708; x_wconf 87' lang='lat' dir='ltr'><strong>relinquit</strong></span> <span class='ocrx_word' id='word_1_815' title='bbox 3512 5645 3657 5708; x_wconf 74' lang='lat' dir='ltr'><strong>quis~</strong></span> 
     </span>
    </p>
   </div>
   <div class='ocr_carea' id='block_1_133' title="bbox 2003 5706 3652 5825">
    <p class='ocr_par' dir='ltr' id='par_1_133' title="bbox 2003 5706 3652 5825">
     <span class='ocr_line' id='line_1_140' title="bbox 2005 5706 3650 5781; baseline -0.001 -24"><span class='ocrx_word' id='word_1_816' title='bbox 2005 5706 2124 5771; x_wconf 81' lang='lat' dir='ltr'><strong>quis</strong></span> <span class='ocrx_word' id='word_1_817' title='bbox 2142 5706 2340 5781; x_wconf 79' lang='lat' dir='ltr'><strong>peccat,</strong></span> <span class='ocrx_word' id='word_1_818' title='bbox 2356 5709 2467 5756; x_wconf 87' lang='lat'><strong>797.</strong></span> <span class='ocrx_word' id='word_1_819' title='bbox 2480 5707 2748 5757; x_wconf 89' lang='lat' dir='ltr'><strong>Christum</strong></span> <span class='ocrx_word' id='word_1_820' title='bbox 2763 5710 2912 5772; x_wconf 89' lang='lat' dir='ltr'><strong>sequi</strong></span> <span class='ocrx_word' id='word_1_821' title='bbox 2933 5722 3214 5772; x_wconf 89' lang='lat' dir='ltr'><strong>possumus</strong></span> <span class='ocrx_word' id='word_1_822' title='bbox 3233 5706 3434 5772; x_wconf 78' lang='lat' dir='ltr'><strong>absque</strong></span> <span class='ocrx_word' id='word_1_823' title='bbox 3452 5706 3650 5780; x_wconf 74' lang='lat' dir='ltr'><strong>labore,</strong></span> 
     </span>
     <span class='ocr_line' id='line_1_141' title="bbox 2003 5769 3652 5825; baseline -0.002 -4"><span class='ocrx_word' id='word_1_824' title='bbox 2003 5773 2112 5822; x_wconf 88' lang='lat'><strong>799.</strong></span> <span class='ocrx_word' id='word_1_825' title='bbox 2146 5771 2384 5822; x_wconf 89' lang='lat' dir='ltr'><strong>Christus</strong></span> <span class='ocrx_word' id='word_1_826' title='bbox 2413 5769 2695 5823; x_wconf 86' lang='lat' dir='ltr'><strong>thesaurus</strong></span> <span class='ocrx_word' id='word_1_827' title='bbox 2724 5771 3118 5825; x_wconf 84' lang='lat' dir='ltr'><strong>thesaurorum.</strong></span> <span class='ocrx_word' id='word_1_828' title='bbox 3141 5775 3249 5824; x_wconf 89' lang='lat'><strong>800.</strong></span> <span class='ocrx_word' id='word_1_829' title='bbox 3273 5772 3370 5822; x_wconf 91' lang='lat' dir='ltr'><strong>Pro</strong></span> <span class='ocrx_word' id='word_1_830' title='bbox 3401 5772 3652 5822; x_wconf 79' lang='lat' dir='ltr'><strong>varietate</strong></span> 
     </span>
    </p>
   </div>
   <div class='ocr_carea' id='block_1_134' title="bbox 2101 5807 3249 5834">
    <p class='ocr_par' dir='ltr' id='par_1_134' title="bbox 2101 5807 3249 5834">
     <span class='ocr_line' id='line_1_142' title="bbox 2101 5807 3249 5834; baseline 0.001 -13"><span class='ocrx_word' id='word_1_831' title='bbox 2101 5808 2112 5821; x_wconf 77' lang='grc' dir='ltr'><strong>ο</strong></span> <span class='ocrx_word' id='word_1_832' title='bbox 2147 5807 2384 5822; x_wconf 72' lang='grc' dir='ltr'>υμιιυνυιυ</span> <span class='ocrx_word' id='word_1_833' title='bbox 2417 5807 2622 5822; x_wconf 66' lang='grc' dir='ltr'><strong>νμυυυιιι</strong></span> <span class='ocrx_word' id='word_1_834' title='bbox 2637 5807 2695 5823; x_wconf 73' lang='lat' dir='ltr'><strong>uu</strong></span> <span class='ocrx_word' id='word_1_835' title='bbox 2728 5807 2998 5825; x_wconf 68' lang='grc' dir='ltr'><strong>ιι-ινυυιιιιυι</strong></span> <span class='ocrx_word' id='word_1_836' title='bbox 3012 5807 3118 5834; x_wconf 65' lang='grc' dir='ltr'><strong>ιιι-ιι,</strong></span> <span class='ocrx_word' id='word_1_837' title='bbox 3141 5807 3249 5824; x_wconf 79' lang='grc' dir='ltr'><strong>υνυο</strong></span> 
     </span>
    </p>
   </div>
  </div>
