3994 6188
249 288 370 351 809
1560 340 1562 342 τ
1728 294 1826 356 PB

2071 294 2170 356 [0.
3529 295 3648 363 810

1459 632 2437 774 ΡΒλἘΕΑΤΙΟ.

327 983 398 1041 In
453 982 784 1043 duodecim
829 983 1098 1044 minores
1142 983 1484 1062 prOphetas
1527 984 2130 1044 Commentariorum
2189 984 2410 1063 viginti
2465 985 2678 1059 libros,
2732 1005 2891 1064 quos
2941 1004 3166 1066 nempe
3223 993 3392 1062 sunt,
3451 994 3642 1068 quot-

249 1098 367 1158 que
427 1081 679 1140 fuerunt
733 1080 847 1140 abs
914 1081 1294 1159 Hieronymo
1339 1079 1703 1152 elucubrati,
1775 1085 1979 1140 tomus
2034 1081 2150 1141 iste
2206 1081 2268 1140 in
2291 1082 2428 1160 ejus
2484 1082 2820 1159 partitione
2877 1102 3141 1162 operum
3213 1091 3428 1145 sextus
3477 1104 3646 1146 com-

247 1177 566 1256 plectitur.
599 1181 872 1238 Tantum
929 1178 1008 1238 ab
1075 1178 1196 1238 hac
1251 1177 1407 1236 illud
1464 1177 1740 1255 excipias
1800 1179 2158 1238 recensione
2207 1178 2473 1259 Speciem
2535 1179 2967 1241 Commentarii
3010 1182 3073 1241 in
3126 1181 3410 1255 Abdiam,
3472 1185 3644 1262 quod

245 1293 373 1335 sua:
432 1275 718 1335 facturus
792 1276 1162 1336 eruditionis
1235 1274 1605 1354 periculum,
1682 1276 1744 1333 in
1826 1274 2216 1336 adolescentia
2274 1289 2637 1357 provocatus
2705 1277 2922 1338 ardore
2995 1288 3049 1339 et
3116 1279 3309 1340 studio
3373 1279 3646 1360 Scriptu-

246 1391 457 1431 rarum
516 1372 964 1432 adumbravit:
1013 1372 1413 1450 postmodum
1474 1371 1725 1447 ingenio
1758 1389 1869 1450 per
1913 1377 2162 1431 aetatem
2211 1374 2410 1450 magis
2457 1373 2741 1446 subacto,
2790 1374 3023 1434 delevit
3066 1375 3220 1453 ipse,
3279 1394 3356 1436 ex
3385 1376 3646 1455 ejusque

243 1470 437 1528 animi
493 1471 804 1529 sententia
879 1470 1012 1547 jam
1045 1469 1150 1528 diu
1185 1469 1333 1529 olim
1367 1468 1700 1528 intercidit.
1765 1471 1919 1528 Nam
1982 1471 2151 1548 quod
2201 1470 2280 1530 ab
2321 1470 2418 1530 his
2469 1470 2625 1531 alios
2682 1478 3017 1532 autumant
3063 1473 3231 1532 docti
3267 1473 3407 1550 viri,
3452 1474 3644 1535 Tille-

244 1567 520 1626 montius
576 1585 654 1626 ex
709 1585 908 1645 eoque
987 1567 1407 1640 Martianmus,
1476 1566 1752 1626 extitisse
1837 1566 2152 1626 Breviores
2235 1569 2293 1626 in
2377 1567 2675 1628 duodecim
2748 1569 3080 1649 Prophetas
3152 1568 3640 1645 Commentarios,

241 1683 399 1743 quos
455 1664 552 1723 vel
620 1665 754 1742 ipse
808 1665 872 1725 S.
921 1667 1152 1725 Doctor
1181 1671 1398 1742 postea
1447 1664 1776 1742 respuerit,
1838 1683 1980 1724 cum
2029 1665 2196 1724 idem
2253 1683 2412 1743 opus
2469 1666 2743 1725 uberiori
2800 1672 2895 1726 est
2953 1667 3200 1727 calamo
3247 1674 3636 1746 persecutus,

243 1761 340 1822 vel
400 1761 648 1840 sequior
697 1767 848 1822 aetas
903 1761 1069 1821 ultro
1113 1780 1298 1840 passa
1354 1761 1433 1822 sit
1480 1761 1772 1820 interire:
1836 1780 1950 1822 nos
2006 1764 2069 1820 in
2102 1763 2410 1840 generalis
2466 1764 2853 1850 pr’tefationis
2912 1769 3088 1842 parte
3146 1764 3346 1826 altera
3375 1764 3507 1842 (ubi
3562 1766 3641 1827 de

242 1858 603 1936 hujusmodi
647 1859 1011 1938 Hieronymi
1079 1858 1326 1936 scriptis
1354 1858 1616 1936 egimus,
1691 1876 1833 1935 quae
1889 1859 2217 1918 doctorum
2289 1858 2616 1919 hominum
2669 1859 2907 1938 judicio
2963 1860 3346 1921 intercidisse
3396 1867 3641 1942 tempo-

238 1975 379 2015 rum
452 1955 684 2035 injuria
754 1955 1217 2029 existimantur,
1280 1948 1460 2016 nobis
1528 1956 1881 2016 econtrario
1944 1973 2290 2035 numquam
2353 1957 2634 2018 existisse
2705 1975 3073 2036 persuasum
3158 1949 3274 2038 est)
3321 1958 3401 2018 ab
3469 1961 3645 2022 omni

237 2053 518 2112 veritatis
572 2053 779 2131 specie
832 2052 1173 2113 abhorrere
1230 2053 1691 2125 contendimus,
1752 2053 2058 2132 bonisque
2115 2055 2342 2132 opinor
2397 2056 2784 2132 argumentis
2823 2055 2912 2116 ita
2941 2055 3262 2128 evicimus,
3321 2061 3392 2116 ut
3435 2057 3647 2119 nulius

236 2150 616 2210 dubitationi
680 2151 856 2210 locus
928 2150 1118 2210 videri
1193 2151 1468 2230 reliquus
1535 2151 1749 2228 possit.
1822 2153 2113 2211 Errorem
2171 2152 2442 2212 diximus
2543 2171 2620 2214 ex
2675 2172 2752 2214 eo
2821 2160 3065 2228 natum,
3124 2154 3297 2234 quod
3353 2156 3641 2234 putarint

240 2245 466 2308 eruditi
534 2247 674 2319 viri,
745 2247 1001 2325 quando
1069 2265 1134 2308 se
1206 2247 1293 2307 ait
1337 2249 1397 2307 S.
1475 2249 1706 2308 Doctor
1776 2248 1838 2307 in
1881 2246 2187 2309 duodecim
2230 2249 2563 2329 Prophetas
2631 2251 2870 2329 aliquid
2941 2269 3071 2312 esse
3115 2258 3637 2326 commentatum,

240 2345 519 2422 singulos
562 2362 890 2422 quousque
960 2343 1187 2404 debere
1256 2344 1546 2421 intelligi,
1619 2344 1848 2422 quibus
1929 2346 2414 2424 interpretandis
2479 2364 2735 2426 operam
2779 2365 2959 2407 suam
3017 2348 3407 2408 collocarit:
3494 2367 3640 2410 cum

238 2441 593 2501 econtrario
635 2435 825 2500 ἅπλῶς
870 2441 976 2500 ille
1031 2441 1332 2501 duodecim
1390 2441 1722 2520 Prophetas
1779 2443 2129 2514 nominans,
2192 2462 2335 2504 eum
2396 2445 2649 2523 proprie
2704 2444 2982 2516 Librum,
3061 2444 3212 2522 quid
3261 2444 3348 2504 sic
3416 2445 3640 2506 inscri-

237 2540 430 2608 bitur,
465 2537 864 2598 intellexerit.
903 2537 1124 2597 Allatis
1181 2537 1268 2596 ibi
1323 2537 1386 2596 in
1431 2537 1594 2597 hanc
1652 2556 1780 2597 rem
1842 2539 1969 2600 sive
2025 2541 2415 2612 testimoniis,
2477 2542 2606 2601 sive
2662 2541 2984 2618 exemplis,
3040 2541 3160 2600 hac
3198 2540 3451 2600 demum
3488 2559 3639 2601 sane

235 2636 630 2696 luculentum
681 2636 939 2696 accedat
993 2634 1308 2695 corollarii
1354 2634 1494 2694 loco
1528 2653 1602 2694 ex
1659 2636 1921 2715 Dialogo
1981 2645 2200 2698 contra
2254 2639 2703 2710 Luciferianos,
2760 2657 2934 2697 num.
2969 2641 3032 2710 ὃ,
3091 2637 3199 2696 ubi
3229 2640 3385 2699 Osee
3428 2638 3638 2698 locum

234 2732 408 2792 hunc
465 2733 844 2810 singularem
912 2751 988 2792 ex
1045 2751 1186 2810 cap.
1245 2749 1308 2791 1x
1343 2731 1712 2792 laudaturus
1767 2733 1828 2793 S.
1890 2735 2122 2793 Pater:
2186 2734 2504 2814 Sacriﬁcia
2560 2754 2761 2794 eorum
2821 2743 3122 2814 tamquam
3173 2735 3352 2813 panis
3397 2733 3639 2794 luctus:

235 2831 447 2891 Omnes
516 2831 628 2910 qui
688 2829 1052 2891 manducant
1133 2849 1222 2900 ea,
1310 2829 1888 2904 cantaminabuntur,
1978 2830 2099 2892 hoc
2176 2833 2284 2902 ait,
2368 2832 2432 2891 in
2490 2848 2792 2892 nuonscm
2844 2831 3152 2912 prophetis
3207 2830 3475 2890 inveniri
3528 2830 3636 2910 (a).

230 2930 498 2998 Caetera,
545 2947 622 2987 ne
669 2933 878 2987 actum
937 2945 1147 3005 agam,
1209 2946 1285 2987 ex
1340 2927 1597 2987 laudata
1650 2928 1926 3005 generali
1981 2929 2371 3008 praefatione,
2406 2949 2579 2990 num.
2614 2931 2714 3001 29,
2761 2929 2813 2988 si
2871 2928 3029 2988 tanti
3088 2933 3255 3001 sunt,
3307 2927 3524 2990 malim
3569 2933 3639 2988 ut

231 3034 507 3106 repetas.
989 3020 991 3022 ’
1777 3034 1783 3039 ’

312 3125 520 3197 Nunc,
573 3127 641 3181 ut
687 3121 763 3181 de
792 3121 890 3182 his
946 3121 1152 3182 dicam
1184 3106 1681 3195 Commeritariis,
1719 3140 1876 3200 quos
1933 3129 2141 3184 tomus
2190 3122 2293 3184 hic
2339 3123 2616 3197 exhibet,
2677 3129 2867 3202 atque
2899 3123 3080 3183 unice
3111 3123 3178 3184 S.
3211 3125 3443 3182 Doctor
3499 3119 3636 3180 elu-

229 3219 546 3293 cubravit,
607 3219 820 3278 mirari
874 3219 995 3278 hoc
1051 3220 1324 3297 primum
1382 3220 1572 3292 subit,
1606 3239 1748 3279 cum
1808 3221 1931 3280 sint
2004 3240 2218 3281 amnes
2275 3221 2354 3281 ab
2415 3239 2537 3282 uno
2595 3227 2851 3281 auctore
2909 3219 3220 3292 adornati,
3283 3219 3630 3295 eademque

234 3317 482 3378 ratione
539 3316 1055 3400 splendidissimis
1131 3336 1207 3376 ex
1265 3335 1450 3377 omne
1512 3317 1888 3395 antiquitate
1947 3319 2269 3379 sententiis
2323 3319 2402 3378 ad
2479 3319 2760 3378 nativum
2819 3317 3158 3395 Scripturaa
3225 3334 3475 3377 sensum
3533 3314 3633 3373 in-

231 3414 674 3492 vestigandum
731 3414 962 3488 referti,
1029 3414 1136 3474 alii
1193 3420 1409 3476 tamen
1469 3420 1769 3492 prmstare
1820 3415 1958 3474 aliis
2015 3416 2369 3488 videantur,
2450 3415 2818 3492 meliorique
2875 3414 3045 3492 apud
3073 3413 3336 3472 lectores
3381 3412 3638 3470 fortuna

233 3515 352 3573 uti.
412 3515 576 3573 Sunt
644 3512 752 3589 qui
808 3530 913 3572 eos
983 3512 1175 3572 velint
1243 3512 1484 3571 caeteris
1523 3512 1918 3586 antecellere,
1977 3514 2085 3590 qui
2140 3518 2442 3590 Aggaeum
2500 3513 3034 3589 interpretantur;
3084 3508 3222 3568 aliis
3292 3504 3640 3583 elegantior

231 3608 469 3670 Naumi
529 3608 835 3686 expositio
893 3607 1142 3680 dicitur,
1187 3627 1377 3686 quam
1434 3607 1567 3687 ipse
1617 3613 1851 3669 Auctor
1908 3609 1970 3668 in
2019 3610 2262 3677 Abdiaa,
2317 3616 2380 3668 et
2434 3607 2779 3680 Abacuchi,
2841 3615 2904 3666 et
2960 3604 3300 3684 Sophonize
3355 3600 3643 3678 Prologis

231 3706 479 3767 laudat.
538 3706 682 3766 Hzec
729 3706 880 3765 item
929 3705 1006 3766 de
1064 3724 1254 3766 causa
1312 3705 1419 3765 alii
1476 3708 1630 3766 Osee
1691 3705 2225 3784 explanationem,
2284 3712 2503 3782 utpote
2535 3722 2724 3782 quam
2783 3704 2844 3762 in
2887 3702 3060 3762 Joele
3091 3707 3153 3761 et
3207 3705 3439 3761 Amoso
3471 3715 3644 3757 com-

237 3803 520 3874 mendet,
583 3802 840 3880 reliquis
896 3803 1265 3880 prteferunt.
1351 3805 1484 3880 Ego
1569 3803 1619 3861 si
1689 3801 1854 3862 hanc
1923 3802 2121 3862 iniero
2189 3801 2704 3880 disputationem,
2763 3798 2965 3876 deque
3043 3797 3227 3856 unius
3282 3792 3649 3874 praestantia

238 3899 676 3960 contenderim
728 3900 1092 3959 facturusne
1147 3918 1356 3978 operte
1430 3899 1698 3978 pretium
1758 3900 1897 3972 sim,
1955 3918 2070 3959 nec
2126 3899 2276 3959 satis
2334 3899 2482 3973 scio,
2547 3916 2660 3957 nec
2718 3897 2769 3956 si
2837 3896 3055 3968 sciam,
3138 3894 3344 3954 dicere
3395 3891 3645 3952 ausim:

239 3996 480 4076 quippe
537 3997 646 4074 qui
701 4004 764 4056 et
820 4015 1068 4057 summa
1123 4016 1341 4057 omnes
1400 4017 1539 4058 cum
1591 3997 1899 4075 dignitate
1955 4003 2120 4057 stare
2175 3997 2450 4067 videam,
2509 4001 2570 4055 et
2626 3994 2836 4053 malim
2902 3992 3256 4053 econtrario
3311 3987 3654 4068 legentium

238 4095 491 4154 animos
548 4094 626 4153 ad
675 4094 816 4172 ipsa
868 4095 1096 4154 acriter
1155 4095 1418 4165 intendi,
1470 4113 1610 4174 quas
1670 4095 2023 4164 divinarum
2072 4095 2136 4154 in
2185 4095 2336 4172 ipsis
2392 4094 2714 4153 literarum
2764 4107 3055 4170 veras-que
3104 4087 3426 4167 sapientiae
3474 4084 3653 4145 insti-

240 4198 386 4252 tuta
433 4189 852 4251 continentur.
900 4193 1193 4251 Attamen
1241 4192 1489 4252 silentio
1537 4191 1694 4252 illud
1742 4190 2252 4271 praetereundum
2300 4209 2424 4251 non
2479 4190 2581 4261 sit,
2614 4188 2784 4266 quod
2830 4184 3308 4248 Commentariis
3337 4183 3399 4244 in
3429 4185 3657 4245 Jonam

241 4294 505 4350 sanctus
561 4289 949 4366 Augustinus
1005 4295 1249 4349 tantum
1317 4289 1720 4349 tribuendum
1780 4289 2043 4368 putavit,
2104 4294 2175 4348 ut
2227 4285 2458 4348 nedum
2503 4304 2736 4364 magna
2767 4285 2911 4346 illos
2966 4285 3290 4345 voluntate
3345 4279 3661 4360 complec-

237 4392 506 4460 teretur,
539 4385 648 4446 sed
695 4391 758 4446 et
787 4404 990 4464 nuper
1051 4393 1286 4447 exortae
1344 4387 1830 4464 Pelagianorum
1888 4386 2117 4446 haeresi
2175 4387 2357 4464 quasi
2416 4383 2894 4464 propugnacula
2944 4397 3288 4458 murosque
3331 4376 3658 4438 tutissimae

240 4484 397 4544 ﬁdei
454 4489 589 4543 tota
640 4482 1021 4543 conﬁdentia
1097 4488 1466 4561 opponeret.
1554 4484 1805 4544 Peccati
1875 4483 2200 4562 originalis
2257 4482 2637 4543 catholicum
2699 4481 2932 4558 dogma
3004 4475 3380 4538 testimoniis
3437 4467 3661 4533 exinde

241 4581 464 4658 petitis
514 4581 822 4660 insigniter
885 4580 1276 4640 constabiliri
1332 4581 1494 4641 datis
1538 4580 1859 4659 Epistolis,
1921 4599 2079 4658 quas
2129 4586 2192 4641 et
2222 4599 2337 4640 nos
2393 4581 2558 4639 inter
2626 4574 3147 4654 Hieronymiadas
3209 4570 3653 4640 recensuimus,

243 4696 376 4737 non
411 4677 606 4738 semel
638 4677 954 4756 professus
1010 4684 1125 4738 est.
1187 4679 1383 4740 Multo
1417 4685 1628 4738 autem
1689 4677 2068 4738 luculentius
2123 4677 2238 4737 lib.
2300 4693 2393 4748 111,
2455 4677 2532 4734 de
2561 4676 2973 4734 Peccatorum
3031 4669 3268 4729 meritis
3325 4673 3388 4728 et
3441 4664 3662 4726 remis-

241 4774 427 4834 sione
483 4794 544 4833 n.
610 4777 757 4832 12.:
807 4774 992 4847 Illud,
1053 4775 1258 4853 inquit
1328 4775 1467 4847 scio,
1529 4773 1687 4853 quod
1743 4775 1916 4834 etiam
1975 4773 2045 4833 S.
2110 4772 2534 4852 Hieronymus,
2593 4771 2707 4850 qui
2745 4768 3030 4848 hodieque
3079 4769 3141 4826 in
3195 4765 3411 4825 litteris
3462 4762 3665 4823 Eccle-

240 4871 512 4930 siasticis
555 4890 682 4929 cum
745 4869 1082 4930 excellentis
1125 4871 1408 4930 doctrina:
1463 4870 1631 4948 fama
1689 4890 1760 4930 ac
1815 4869 2016 4929 labore
2070 4879 2353 4940 versatur,
2415 4868 2492 4928 ad
2545 4867 2830 4948 quasdam
2883 4863 3190 4924 solvendas
3229 4864 3290 4922 in
3344 4861 3465 4921 suis
3495 4858 3665 4920 libris

244 4969 628 5046 quzestiones,
693 4967 870 5027 etiam
928 4967 1034 5027 hoc
1091 4969 1474 5026 certissimum
1560 4965 1798 5026 adhibet
1878 4967 2003 5026 sine
2055 4967 2179 5026 ulla
2237 4964 2658 5045 disceptatione
2738 4962 3139 5022 documentum
3184 4980 3206 5020 :
3264 4977 3401 5019 nam
3459 4958 3518 5016 in
3573 4975 3663 5029 eo,

248 5065 423 5145 quod
477 5066 538 5124 in
579 5063 795 5124 Jonam
848 5063 1197 5145 prophetam
1256 5065 1494 5145 scripsit
1549 5063 2007 5135 Commentario,
2070 5082 2198 5122 cum
2256 5061 2333 5120 od
2387 5081 2515 5120 eum
2564 5061 2810 5120 venisset
2865 5058 3078 5130 locum,
3152 5055 3258 5114 ubi
3322 5071 3665 5114 commemo-

244 5174 477 5223 rantur
533 5163 708 5222 etiam
757 5163 1010 5242 parvuli
1048 5163 1286 5242 jejunio
1346 5163 1671 5243 castigati:
1727 5161 1950 5239 Major,
2010 5161 2205 5241 inquit
2261 5166 2417 5220 tetas
2487 5158 2726 5237 incipit,
2787 5163 2850 5217 et
2933 5172 3131 5232 usque
3204 5153 3284 5213 ad
3355 5152 3663 5211 minorem

247 5261 575 5339 pervenit.
647 5259 869 5319 Nullus
924 5261 1088 5320 enim
1146 5261 1382 5339 absque
1441 5266 1722 5338 peccato,
1758 5277 1871 5319 nec
1930 5259 1980 5318 si
2011 5259 2198 5318 unius
2227 5259 2478 5336 quidem
2511 5257 2634 5316 diei
2687 5254 2874 5314 fuerit
2904 5253 3032 5312 vita
3061 5251 3218 5330 ejus,
3254 5257 3317 5310 et
3372 5265 3667 5310 numera-

247 5357 421 5417 biles
471 5356 620 5416 anni
652 5356 794 5417 vitze
826 5358 1015 5418 illius.
1053 5359 1121 5417 oi
1168 5359 1332 5418 enim
1390 5358 1586 5417 stellae
1646 5375 1770 5417 non
1829 5363 1976 5416 sunt
2019 5356 2284 5436 mundae,
2304 5356 2367 5415 in
2399 5359 2738 5433 conspectu
2769 5351 2905 5424 Dei,
2937 5355 3177 5428 quanto
3213 5347 3412 5426 magis
3441 5345 3667 5410 vermis

248 5460 320 5516 et
369 5453 663 5534 putredo,
716 5459 778 5513 et
824 5454 891 5515 hi
933 5455 1042 5536 qui
1086 5462 1343 5534 peccato
1402 5454 1775 5515 offendentis
1841 5454 2042 5514 Adam
2100 5459 2392 5516 tenentur
2447 5449 2722 5512 obnoxii.
2797 5447 2976 5510 Hunc
3029 5445 3426 5508 doctissimum
3476 5443 3669 5506 virum

327 5587 414 5658 (α)
445 5585 591 5643 Vide
617 5587 796 5644 etiam
827 5588 1049 5661 prestat.
1085 5587 1582 5662 interpretationis
1611 5601 1679 5644 ex
1709 5586 1968 5644 Hebraeo.

592 5713 858 5784 ΡΑι-ιιοι..
903 5714 1085 5781 XXV.

3273 5707 3467 5810 εδ⁹
