3994 6188
340 286 460 347 811
1818 294 1917 355 PR

2164 294 2260 356 [Ο.
3623 292 3741 357 812

341 419 402 478 si
432 416 618 497 facile
672 419 1042 500 interrogare
1094 421 1403 502 possimus,
1476 442 1652 503 quam
1711 424 1920 485 multos
1977 427 2279 507 utriusque
2326 426 2542 506 lingua
2588 425 2930 488 divinarum
2990 426 3445 507 Scripturarum
3510 432 3743 488 tracta-

345 525 495 576 tores
551 525 607 576 et
682 516 1168 579 Christianarum
1223 518 1690 601 disputationum
1745 524 2060 602 scriptores
2101 534 2599 597 commemoraret,
2651 525 2764 605 qui
2798 544 2915 585 non
2971 524 3159 598 aliud,
3193 543 3267 585 ex
3324 543 3438 604 quo
3515 523 3746 586 Christi

343 611 647 692 Ecclesia,
660 622 745 673 est
797 616 1131 688 constituta,
1177 627 1502 692 senserunt,
1575 638 1688 679 non
1742 618 1915 679 aliud
1980 639 2017 680 a
2058 619 2390 700 majoribus
2457 629 2832 701 acceperunt,
2890 639 3006 680 non
3073 620 3248 681 aliud
3299 621 3548 701 posteris
3623 630 3752 681 tra-

343 707 673 771 diderunt?
720 712 957 785 Quibus
1012 715 1266 793 gemina
1320 715 1457 776 hac
1511 722 1657 777 sunt
1725 717 1887 777 libro
1945 718 2149 796 primo
2200 724 2419 779 contra
2484 718 2832 790 Julianum,
2902 736 3041 796 cap.
3105 721 3188 777 '7:
3266 716 3389 779 Nec
3460 716 3749 779 Sanctum

340 804 797 887 Hieronymum,
885 811 995 892 qui
1052 811 1362 893 presbyter
1418 812 1560 892 fuit.
1606 813 2081 874 contemnendum
2124 814 2477 876 arbitreris:
2534 815 2645 893 qui
2711 813 2915 875 Graco
2978 824 3066 878 et.
3114 813 3329 874 Latino
3412 815 3655 894 insuper
3696 823 3751 874 et

339 901 637 971 Hebraico
695 905 942 967 eruditis
1002 909 1255 989 eloquio,
1298 929 1373 970 ex
1446 909 1809 971 Occidentali
1858 911 1942 971 ad
1997 911 2356 972 Orientalem
2427 912 2715 972 transiens
2782 910 3140 985 Ecclesiam,
3204 912 3265 970 in
3319 910 3463 971 locis
3524 912 3749 971 sanctis

341 1012 520 1081 atque
575 1003 638 1063 in
693 1003 906 1065 litteris
946 1007 1134 1067 sacris
1161 1026 1342 1087 usque
1387 1007 1468 1068 ad
1515 1006 1870 1088 decrepitam
1940 1010 2092 1070 vixit
2137 1019 2387 1082 atatem,
2454 1028 2758 1089 omnesque
2840 1008 2931 1069 vel
2963 1027 3112 1088 pcne
3171 1027 3386 1085 omnes,
3455 1008 3569 1089 qui
3606 1017 3749 1068 ante

342 1097 510 1159 illum
556 1099 796 1182 aliquid
861 1120 935 1162 ex
994 1113 1247 1184 utraque
1309 1113 1487 1184 parte
1554 1104 1712 1165 orbis
1768 1105 1836 1166 de
1891 1104 2161 1166 doctrina
2229 1106 2647 1167 Ecclesiastica
2688 1107 3066 1184 scripserant,
3138 1104 3327 1184 legit;
3393 1123 3496 1165 nec
3554 1104 3746 1166 aliam

341 1193 565 1273 defhac
616 1216 681 1257 re
738 1200 923 1259 tenuit
982 1201 1783 1281 prompsitque.{sententiam
1816 1221 1838 1270 ;
1892 1203 2002 1283 qui
2052 1221 2182 1262 cum
2238 1211 2555 1284 exponeret
2613 1208 2828 1263 Jonam
2878 1200 3258 1283 prophetam,
3331 1201 3744 1282 appertissinw

340 1290 503 1353 dixit
530 1313 551 1353 :
600 1294 981 1374 Quodjfetiam
1016 1298 1266 1378 parvuli
1313 1300 1550 1379 pec'cato
1604 1298 1949 1379 o/fendentis
2001 1297 2232 1361 Adam'
2273 1309 2605 1360 tenerentur
2673 1299 2936 1360 obnoxii.
3001 1299 3245 1359 Placuit
3301 1316 3448 1359 vero
3517 1297 3743 1360 isthac

337 1390 740 1468 proposuisse
794 1392 1423 1473 tantaﬁjauctoritatis
1478 1396 1857 1469 testimonia,
1904 1401 1974 1456 ut
2015 1396 2067 1456 si
2110 1396 2262 1474 quid
2318 1396 2426 1457 alii
2482 1396 2985 1476 Hieronymiana
3043 1395 3261 1475 gloria
3308 1396 3539 1469 amuli,
3599 1401 3733 1456 tum

335 1492 600 1561 veteres,
644 1506 787 1548 cum
846 1492 1242 1568 recentiores,
1317 1493 1727 1571 obganniant,
1772 1494 1835 1553 in
1884 1493 2058 1553 nullo
2090 1512 2289 1572 ponas
2339 1493 2721 1566 discrimine,
2754 1500 2819 1553 et
2888 1492 3079 1553 surda
3125 1510 3275 1553 aure
3306 1498 3732 1572 pertranseas.

335 1586 513 1645 Certe
588 1587 870 1661 Ruﬁnus,
920 1593 990 1649 ut
1045 1608 1187 1649 eum
1260 1589 1362 1650 hic
1419 1590 1670 1650 interim
1728 1591 1804 1651 de
1848 1591 2102 1652 nomine
2160 1592 2494 1664 adducam,
2535 1592 2643 1670 qui
2700 1596 2877 1651 tanta
2905 1590 3236 1651 inimicitia
3295 1590 3494 1669 magis
3536 1589 3742 1651 incla-

332 1683 480 1757 ruit,
533 1701 641 1746 seu
700 1684 1260 1765 verius'iincertus)
1302 1693 1523 1748 auctor
1577 1687 1722 1748 libri
1776 1688 1841 1747 in
1886 1691 2131 1762 Oseam,
2206 1691 2315 1768 qui
2373 1690 2595 1750 Ruﬁno
2651 1688 3077 1767 subjungitur,
3137 1706 3278 1749 cum
3327 1688 3417 1748 ait
3472 1688 3539 1747 in
3570 1688 3746 1749 hisce

332 1782 841 1860 Commentariis:
868 1783 933 1842 in
978 1784 1252 1845 minores
1293 1785 1638 1863 prophetas
1689 1790 1891 1845 totum
1934 1785 1998 1845 in
2043 1804 2116 1845 eo
2165 1786 2350 1846 fuisse
2407 1786 2876 1866 Hieronymum,
2941 1790 3012 1846 ut
3066 1785 3325 1859 alienas,
3373 1784 3730 1864 pracipue-

337 1897 462 1957 que
539 1879 824 1957 Origenis
891 1880 1461 1960 interpretationes,
1498 1881 1991 1961 traditionesque
2059 1882 2467 1944 Hebraeorum
2526 1888 2921 1960 congereret,
2980 1882 3135 1943 nihil
3210 1882 3279 1942 de
3332 1880 3745 1963 perquirenda

330 1979 742 2055 consequentia
798 1978 1190 2039 sollicitum:
1239 1979 1513 2058 seipsum
1564 1980 1763 2058 magis
1806 1980 2166 2040 invidentia
2199 1982 2457 2040 crimine
2515 1981 2979 2053 condemnavit,
3053 1999 3245 2058 quam
3279 1983 3341 2041 S.
3394 1980 3734 2041 Doctorem

331 2074 741 2136 obtrectando
785 2075 1037 2137 laserit.
1084 2076 1243 2147 Quid
1288 2076 1605 2137 enimvero
1666 2083 1780 2153 est,
1839 2077 2011 2156 quod
2060 2078 2257 2156 magis
2309 2079 2688 2157 Hieronymo
2747 2077 2921 2138 cordi
2974 2078 3185 2150 fuerit,
3228 2095 3418 2156 quam
3462 2082 3534 2137 ut
3576 2077 3734 2156 ipsa

328 2171 647 2250 allegoria
678 2192 806 2234 una
846 2173 1116 2235 invicem
1176 2174 1333 2234 serie
1380 2181 1803 2248 necterentur,
1858 2181 2047 2253 atque
2116 2177 2197 2246 ad
2253 2175 2531 2236 historia
2577 2175 2905 2236 veritatem
2962 2180 3186 2254 sponte
3244 2192 3359 2234 sua
3404 2173 3735 2235 ﬂuerent?

327 2268 489 2342 Quin
547 2289 689 2331 eum
745 2270 961 2331 videas
1012 2270 1318 2331 sexcentis
1369 2271 1524 2332 locis
1572 2291 1699 2332 non
1755 2272 1879 2332 alia
1939 2273 2017 2333 de
2072 2290 2261 2333 causa
2326 2272 2561 2333 alienas
2617 2272 3056 2352 expositiones,
3121 2289 3312 2350 quam
3383 2270 3553 2349 quod
3610 2277 3728 2331 aut

322 2366 639 2447 prioribus
708 2374 817 2430 aut
861 2368 1385 2447 consequentibus
1427 2387 1551 2428 non
1604 2369 1753 2429 satis
1804 2374 1949 2448 apte
2011 2369 2429 2448 jungerentur
2483 2387 2796 2448 respuere.
2851 2372 2983 2430 Hoc
3039 2369 3337 2429 nimirum
3385 2374 3515 2428 tam
3548 2386 3721 2448 sape

321 2467 494 2543 facit,
542 2473 612 2529 ut
650 2468 789 2546 ipsa
816 2466 1160 2528 illustriora
1189 2466 1329 2528 loca
1370 2466 1633 2527 strictim
1678 2467 1838 2527 velle
1881 2468 2320 2546 perstringere,
2370 2466 2641 2528 hominis
2670 2467 2830 2527 foret
2872 2466 3004 2526 otio
3035 2464 3352 2525 abutentis
3383 2482 3522 2524 suo.

400 2566 623 2628 Melius
666 2571 879 2626 autem
928 2563 994 2624 id
1039 2582 1230 2643 quam
1273 2564 1515 2624 ratione
1558 2564 1690 2623 ulla
1734 2564 1878 2636 alia,
1915 2564 2195 2642 legendis
2249 2564 2554 2625 hiscemet
2606 2563 2851 2642 scriptis
2897 2562 3262 2640 intelligas:
3323 2579 3593 2641 quorum
3646 2567 3721 2623 ut

320 2664 595 2723 fructum
662 2662 826 2723 lectu
884 2660 1165 2722 debitum
1225 2660 1467 2721 facilius
1523 2661 1853 2739 percipias,
1928 2661 2200 2740 primum
2259 2661 2612 2734 historiam,
2673 2666 2743 2721 ut
2782 2660 2873 2721 ita
2926 2660 3154 2732 dicam,
3200 2665 3581 2739 atatemque
3641 2661 3723 2720 de

320 2778 495 2821 more
551 2776 904 2839 exponam:
979 2757 1228 2835 hocque
1284 2758 1490 2835 ipsum
1521 2757 1755 2818 laboris
1811 2757 1934 2817 mei
1985 2758 2313 2836 pramium
2363 2764 2596 2837 petam,
2659 2763 2727 2818 ut
2768 2757 2938 2836 quod
2995 2762 3214 2836 postea
3241 2774 3595 2834 exposuero
3629 2757 3714 2818 ab

318 2858 457 2937 ipso
500 2857 677 2936 prius
705 2857 908 2917 discas
951 2861 1227 2928 auctore,
1276 2855 1385 2933 qui
1439 2855 1807 2933 prafatione
1861 2855 2005 2915 libri
2059 2856 2228 2915 tertii
2284 2857 2350 2916 in
2397 2859 2591 2918 Amos
2647 2855 2727 2915 ad
2794 2854 3269 2915 Pammachium
3325 2872 3457 2913 rem
3514 2859 3720 2916 totam

320 2971 437 3034 per
508 2952 791 3031 singulas
857 2958 1067 3031 partes
1135 2952 1225 3012 ita
1296 2952 1643 3012 edisseruit.
1692 2951 2064 3031 Prapostera
2116 2951 2342 3027 ordine,
2399 2963 2574 3033 atque
2615 2952 2883 3031 confusa,
2945 2950 3244 3012 duodecim
3293 2949 3723 3031 prophetarum

319 3071 465 3134 opus
517 3059 574 3112 et
599 3052 896 3130 capimus,
944 3058 999 3109 et
1055 3047 1289 3110 Christo
1331 3049 1675 3129 adjuvante,
1734 3044 2163 3130 complebimus.
2200 3048 2334 3111 Non
2393 3052 2542 3110 enim
2607 3070 2646 3111 a
2697 3051 2895 3131 primo
2949 3068 3131 3130 usque
3199 3047 3280 3111 ad
3331 3049 3714 3111 novissimum

221 3165 228 3171 ‘
308 3150 501 3231 juxta
556 3146 817 3208 ordinem
877 3167 990 3227 quo
1023 3146 1348 3226 leguntur:
1395 3145 1497 3207 sed
1535 3156 1604 3206 ut
1640 3149 1961 3226 potuimus,
2020 3156 2095 3219 et,
2147 3157 2212 3207 ut
2259 3146 2460 3227 rogati
2503 3167 2724 3220 sumus,
2773 3148 2859 3209 ita
2895 3166 2987 3208 eos
3033 3146 3441 3207 disseruimus.
3493 3145 3717 3238 Naum,

321 3246 659 3319 Michceam,
692 3244 1079 3326 Sophoniam,
1112 3253 1169 3304 et
1196 3250 1480 3325 Aggaum
1506 3246 1703 3324 primo
1734 3240 1898 3316 φιλο-η

2140 3263 2216 3304 ιις
2245 3245 2454 3306 Paulos
2482 3246 2724 3326 ejusque
2754 3244 2898 3326 ﬁlia
2929 3244 3250 3305 Eustochio
3294 3242 3717 3320 προσεφώνησα;

312 3343 562 3405 secundo
614 3345 676 3404 in
730 3342 972 3404 Abacuc
1026 3340 1170 3402 duos
1226 3341 1409 3401 libros
1445 3341 1787 3403 Chromatio
1818 3341 2186 3424 Aquileiensi
2223 3344 2487 3424 episcopo
2518 3342 2848 3423 delegavi;
2904 3342 3098 3416 tertio,
3158 3350 3292 3422 post
3348 3340 3523 3422 longi
3569 3351 3717 3404 tem-

307 3443 481 3523 poris
535 3439 863 3514 silentium,
922 3436 1179 3500 Abdiam
1248 3447 1306 3499 et
1351 3437 1563 3499 Jonam
1617 3438 1729 3499 tibi
1782 3440 2105 3520 imperanti
2155 3439 2444 3501 edisserui
2472 3462 2495 3502 .·
2547 3441 2837 3521 praesenti
2886 3457 3066 3513 anno,
3128 3440 3235 3519 qui
3277 3439 3440 3499 sexti
3483 3440 3714 3502 Consu-

310 3550 469 3610 latus
509 3546 772 3610 Arcadii
817 3546 1098 3626 Augusti,
1155 3555 1211 3605 et
1279 3546 1480 3606 Anitii
1531 3545 1720 3606 Probi
1758 3546 1935 3625 fastis
1988 3566 2194 3607 nomen
2252 3548 2546 3628 imposuit,
2635 3547 2947 3627 Exuperio
3010 3545 3356 3607 Tholosana
3425 3546 3717 3606 Ecclesia

309 3647 605 3728 Pontiﬁci
631 3644 1019 3717 Zachariam,
1081 3653 1138 3704 et
1192 3642 1447 3725 ejusdem
1491 3642 1656 3703 urbis
1714 3643 2009 3705 Minervio
2050 3656 2106 3706 et
2158 3645 2506 3707 Alexandro
2559 3644 2878 3718 monachis,
2940 3642 3307 3706 Malachiam
3353 3643 3710 3725 prophetam

311 3747 737 3826 interpretatus
803 3762 953 3804 sum.
1027 3741 1363 3823 Statimque
1420 3760 1725 3802 recurrere
1792 3742 1874 3802 ad
1932 3743 2308 3823 principium
2362 3743 2701 3818 voluminis,
2764 3741 2902 3802 Osee
2957 3750 3015 3801 et
3065 3741 3203 3802 Joel
3267 3752 3320 3803 et
3371 3741 3543 3802 Amos
3601 3740 3719 3800 tibi

318 3860 540 3923 negare
591 3861 711 3902 non
760 3841 950 3923 potui.
1009 3842 1141 3900 Hoc
1188 3839 1324 3917 jam
1380 3838 1598 3900 ordine
1655 3840 2016 3913 constituto,
2097 3840 2459 3920 expeditum
2537 3840 2638 3914 sit,
2698 3839 2826 3900 suis
2908 3857 3423 3918 unumquemque
3476 3838 3712 3925 librum

320 3938 710 4018 temporibus
790 3937 1130 4015 assignare.
1188 3939 1426 4015 Nempe
1482 3942 1776 4015 quatuor,
1838 3955 1995 4015 quos
2051 3938 2257 4015 primo
2337 3937 2475 3999 loco
2559 3935 2865 4011 nominat,
2927 3936 2990 3996 in
3050 3939 3278 4012 Naum,
3350 3935 3713 4011 Michaam,

309 4035 700 4114 Sophoniam
755 4040 819 4095 et
875 4021 1200 4113 Aggaum',
1269 4033 1804 4112 quemadmodum
1860 4040 1922 4095 et
1964 4035 2221 4112 quintus
2261 4035 2327 4094 in
2368 4035 2621 4095 Abacuc
2704 4053 2870 4095 anno
2935 4034 3346 4111 nonagesimo
3431 4034 3714 4094 secundo

308 4150 501 4212 supra
542 4130 1047 4192 trecentesimum
1094 4130 1414 4208 afﬁigendi
1456 4136 1640 4191 sunt:
1688 4131 1878 4209 idque
1920 4132 2279 4210 persuadet,
2325 4150 2492 4210 qua,
2540 4150 2758 4193 eorum
2803 4131 2883 4192 sit
2924 4128 3245 4211 postremo
3287 4130 3426 4192 loco
3473 4130 3716 4192 mentio

304 4230 371 4291 in
416 4227 738 4307 Catalogo,
786 4246 973 4307 quem
1021 4227 1211 4287 fuisse
1259 4227 1379 4287 hoc
1421 4228 1557 4306 ipso
1628 4246 1794 4289 anno
1853 4247 1890 4288 a
1932 4229 1994 4289 S.
2044 4231 2310 4290 Doctore
2379 4230 2784 4302 adornatum,
2837 4228 2996 4289 nihil
3039 4234 3128 4289 est
3174 4227 3462 4288 dubium.
3509 4228 3713 4288 Paulo

308 4331 543 4401 autem,
618 4326 788 4406 quod
860 4329 923 4387 et
965 4329 1186 4386 notatu
1243 4324 1504 4403 dignum
1575 4331 1686 4400 est,
1773 4326 1853 4386 ab
1897 4344 1971 4386 eo
2055 4344 2241 4404 quem
2287 4326 2573 4405 superius
2624 4327 2940 4406 exposuit,
3025 4326 3272 4387 diverso
3342 4325 3446 4385 hic
3489 4325 3716 4386 ordine

306 4429 731 4498 recensentur,
808 4423 1064 4504 Scripsi,
1123 4423 1211 4484 ait
1281 4422 1339 4482 in
1422 4421 1729 4484 Michaam
1798 4423 2319 4504 Explanotionum
2406 4423 2589 4484 libros
2658 4424 2817 4485 duos.
2872 4424 2947 4484 In
3033 4422 3398 4506 Saphaniam
3484 4422 3713 4483 librum

306 4542 511 4585 unum.
544 4521 619 4585 In
674 4520 875 4584 Naum
947 4520 1159 4581 librum
1229 4541 1432 4581 unum.
1482 4519 1558 4581 In
1609 4520 1839 4582 Abacuc
1909 4521 2090 4582 libros
2143 4520 2307 4582 duos.
2382 4521 2455 4583 In
2510 4524 2801 4602 Aggaum
2848 4520 3062 4582 librum
3124 4542 3363 4583 unum:
3403 4519 3716 4601 multaque

305 4619 439 4682 alia
470 4619 541 4681 de
567 4638 741 4701 opere
761 4617 1108 4701 prophetali
1129 4638 1285 4679 nunc
1315 4616 1498 4679 habeo
1530 4619 1591 4678 in
1619 4618 1905 4690 manibus,
1954 4627 2012 4680 et
2050 4618 2293 4679 necdum
2354 4618 2593 4700 expleta
2620 4630 2776 4680 sunt.

383 4720 537 4779 Tres
565 4716 857 4796 equidem
911 4717 1108 4777 ferme
1140 4716 1370 4777 adhinc
1414 4734 1613 4777 annos
1672 4716 1809 4777 aliis
1852 4716 2161 4777 distentus
2222 4716 2747 4797 occupationibus
2802 4718 3053 4796 incepto
3111 4715 3452 4778 abstinuit:
3502 4734 3715 4795 neque

300 4816 468 4879 enim
538 4820 683 4877 ante
742 4814 1245 4876 trecentesimum
1307 4814 1782 4892 nonagesimum
1827 4814 2186 4893 septimum,
2247 4816 2450 4888 Jona,
2507 4833 2665 4894 quos
2710 4815 2892 4876 tertio
2935 4815 3076 4876 loco
3136 4819 3462 4886 memorat,
3518 4814 3714 4874 Com-

302 4914 648 4989 mentariis,
696 4912 977 4974 admovit
1012 4931 1291 4974 manum.
1342 4911 1540 4991 Hujus
1584 4930 1837 4992 quoque
1883 4913 1970 4973 rei
2011 4912 2075 4972 in
2122 4913 2385 4992 prologo
2430 4912 2605 4975 testis
2648 4912 2888 4973 accedit
2942 4911 3078 4991 ipse
3122 4912 3307 4990 longe
3336 4909 3712 4990 locupletis-

300 5013 537 5074 simus:
621 5010 985 5084 Triennium,
1059 5010 1372 5088 inquiens,
1461 5010 1700 5069 circiter
1748 5009 1946 5090 ﬂuxit,
2017 5019 2331 5089 postquam
2386 5010 2645 5090 quinque
2693 5009 3012 5090 prophetas
3071 5010 3493 5088 interpretatus
3547 5027 3712 5084 sum,

302 5109 635 5185 Michaam,
668 5107 893 5182 Naum,
955 5107 1216 5184 Abacuc,
1280 5104 1668 5187 Sophoniam,
1732 5107 2026 5188 Aggaum
2047 5127 2072 5183 ;
2100 5118 2151 5167 et
2210 5106 2332 5167 alio
2357 5124 2532 5188 apere
2602 5104 2862 5166 detentus
2909 5126 3025 5166 non
3051 5105 3228 5186 potui
3254 5104 3492 5186 implere
3545 5104 3720 5185 quod

302 5227 610 5289 caperam.
643 5209 805 5268 Tum
848 5200 1044 5268 Paulo
1089 5205 1386 5267 inferius:
1460 5203 1659 5284 Igitur
1732 5214 1895 5265 tanto
1948 5212 2081 5285 post
2141 5212 2416 5285 tempore,
2480 5202 2657 5284 quasi
2706 5201 2962 5283 quodam
3004 5202 3402 5283 postliminio,
3462 5221 3500 5262 a
3546 5200 3714 5263 Jona

324 5303 742 5389 nterpretandi
787 5324 949 5365 sumo
992 5303 1375 5384 principium.
1452 5303 1622 5362 Idem
1708 5304 2058 5374 conﬁrmat,
2108 5320 2250 5362 cum
2297 5320 2373 5361 ex
2441 5301 2535 5361 his
2578 5319 2718 5378 qua
2764 5300 3003 5361 interea
3051 5300 3201 5360 dum
3246 5298 3517 5378 scripsit,
3552 5298 3721 5379 Epi-

303 5406 568 5489 taphium
624 5420 876 5484 quoque
945 5399 1275 5482 Nepotiani
1354 5406 1681 5473 memorat,
1767 5399 1894 5460 sive
1963 5399 2305 5478 Epistolam
2364 5400 2425 5458 in
2506 5403 2719 5457 nostra
2801 5397 3161 5458 recensione
3220 5397 3321 5471 60,
3370 5414 3561 5474 quam
3621 5396 3717 5459 ad

301 5504 588 5588 proxime
643 5498 983 5580 superioris
1038 5497 1187 5558 anni
1246 5497 1520 5577 priorem
1605 5502 1848 5575 partem
1925 5496 2271 5557 certissime
2333 5495 2664 5575 pertinere,
2738 5512 2851 5554 suo
2902 5494 3041 5555 loco
3112 5493 3513 5555 ostesdimus.
3576 5495 3717 5557 Nec

300 5616 629 5695 moramur
681 5597 839 5663 adeo
882 5593 1377 5679 Tillemontium,
1442 5594 1552 5681 qui
1622 5593 2048 5661 testimonium
2102 5593 2260 5658 illud
2329 5591 2646 5673 sollicitat,
2706 5596 2770 5656 et
2820 5597 2890 5658 ut
2947 5591 3173 5671 minus,
3236 5589 3717 5679 quadriennium
