3960 6172
162 219 281 280 813
1637 225 1726 285 ΡΗ

2005 229 2074 286 Ο.
3434 233 3562 294 814

158 371 274 430 pro
325 355 579 413 triennio
627 355 1094 416 rescribendum
1171 356 1516 429 contendit,
1568 357 2053 418 reclamantibus
2104 376 2226 417 una
2301 359 2591 419 omnibus
2636 378 2785 421 mss.
2847 361 3153 439 editisque
3220 362 3416 438 libris,
3491 369 3554 425 et

156 449 325 529 quod
387 450 584 527 pluris
632 459 747 524 est,
809 460 980 514 recta
1025 455 1162 531 ipsa
1213 459 1567 532 temporum
1611 455 1876 514 ratione.
1931 454 2096 514 Satis
2141 454 2390 515 abunde
2439 456 2601 517 hanc
2631 459 3093 518 confutavimus
3122 459 3551 536 conjecturam

154 546 558 608 eruditissimi
615 551 1000 627 czeteroquin
1058 551 1198 623 viri,
1250 557 1312 611 et
1368 551 1462 610 cui
1533 570 1780 611 summa
1854 552 2064 611 omnia
2139 553 2491 626 tribuimus,
2562 556 2640 614 ad
2711 555 3115 634 epistolarum
3199 556 3261 614 in
3337 563 3553 618 nostra

150 645 512 704 recensione
584 649 658 704 57
733 653 793 706 et
854 649 933 706 60
995 648 1486 725 Chronologicas
1558 651 1771 708 Notas.
1835 648 2228 726 Quamquam
2289 650 2458 709 aliud
2517 653 2994 729 prmtermittere
3055 671 3180 712 non
3259 671 3543 730 possum,

149 742 317 819 quod
375 741 552 801 illum
613 761 687 802 ex
735 750 1171 822 praeconcepta
1240 745 1532 822 opinione
1594 745 1657 804 in
1709 763 1982 805 errorem
2041 747 2357 807 induxisse
2404 747 2608 820 video,
2676 769 2816 809 cum
2867 751 2946 810 ad
2977 750 3313 830 Sophoniaa
3358 758 3550 830 caput

149 838 403 898 tertium
466 839 707 899 laudari
783 841 895 901 abs
952 843 1334 920 Hieronymo
1385 843 1881 903 Commentarios
1937 843 2000 902 in
2056 844 2279 904 Jonam
2342 847 2685 907 contendit.
2746 849 3027 925 Cumque
3094 866 3219 908 non
3274 848 3542 923 dubitet,

147 935 335 994 hosce
378 935 503 994 illis
547 938 924 1014 posteriores
967 957 1123 1011 esse,
1168 938 1362 998 immo
1407 939 1547 1016 plus
1611 958 1791 1017 aequo
1863 940 2048 1000 etiam
2102 941 2407 1002 disserat:
2466 949 2534 1002 ut
2577 944 2654 1002 ab
2704 944 2823 1004 hac
2873 965 2937 1004 se
3003 945 3296 1023 expediat
3377 946 3544 1006 difﬁ-

142 1032 397 1107 cultate,
454 1033 760 1095 Breviores
820 1035 966 1096 alios
1016 1034 1519 1109 Commemtarios,
1584 1056 1742 1115 quos
1792 1057 1984 1116 supra
2029 1040 2415 1099 ostendimus
2461 1060 2773 1120 nusquam
2822 1043 3150 1114 exstitisse,
3223 1043 3309 1102 ibi
3360 1044 3542 1122 quasi

141 1129 341 1207 digito
400 1132 607 1192 notari
655 1133 763 1204 ait,
816 1133 1062 1212 hocque
1109 1134 1228 1192 sibi
1277 1139 1456 1212 putat
1502 1134 1880 1212 palmarium
1930 1135 2240 1196 invenisse
2290 1139 2608 1214 quomodo
2663 1158 2821 1217 opus
2869 1146 3200 1213 astrueret,
3257 1147 3538 1215 auctore,

141 1233 207 1286 ut
255 1225 381 1286 sibi
425 1227 694 1300 videtur,
740 1228 1143 1308 ﬁdejubente.
1197 1233 1278 1289 At
1319 1248 1466 1289 vero
1515 1230 1667 1290 nihil
1713 1250 1950 1305 eorum,
2014 1251 2154 1310 quae
2218 1232 2333 1291 sibi
2374 1233 2575 1312 fingit,
2637 1253 2709 1294 eo
2764 1235 2927 1311 loco,
2985 1241 3095 1296 aut
3142 1235 3321 1295 ullibi
3375 1237 3544 1297 inve-

141 1324 293 1383 nias.
333 1326 494 1396 Quin
529 1327 880 1386 econtrario
911 1346 1053 1387 cum
1087 1327 1318 1405 passim
1349 1327 1438 1387 ibi
1465 1329 1642 1388 Jonaa
1676 1328 2032 1388 testimonia
2067 1348 2176 1407 pro
2211 1347 2275 1389 rc
2301 1335 2450 1390 nata
2478 1331 2693 1392 laudet
2749 1336 2814 1394 S.
2864 1334 3072 1400 Pater,
3125 1333 3365 1394 nullam
3424 1352 3542 1395 nec

137 1422 328 1482 verbo
358 1429 546 1482 tenus
577 1424 688 1484 abs
713 1442 778 1484 se
829 1425 1120 1484 adornati
1167 1425 1232 1483 in
1281 1443 1423 1484 eum
1473 1425 1847 1503 prophetam
1898 1427 2345 1486 Commentarii
2404 1429 2784 1489 mentionem
2832 1430 3100 1508 ingerit:
3151 1437 3370 1509 estque
3421 1431 3540 1492 hoc

139 1521 341 1598 ipsum
375 1520 690 1580 silentium
727 1522 1134 1582 exsufﬂandae
1166 1521 1257 1581 illi
1287 1522 1569 1599 opinioni
1598 1522 2019 1582 utilissimum.
2056 1524 2360 1583 Caeterum
2403 1531 2472 1585 ut
2501 1525 2580 1585 ad
2612 1527 2972 1602 genuinam,
3028 1545 3154 1604 qua
3203 1527 3280 1588 de
3335 1546 3539 1588 sermo

137 1623 268 1678 erat
303 1617 820 1696 explanationem
849 1619 1027 1679 Jonm
1058 1618 1331 1691 redeam,
1382 1619 1554 1678 illam
1607 1637 1811 1696 neque
1859 1620 2054 1679 serius
2101 1639 2175 1680 eo
2224 1639 2407 1698 quem
2459 1622 2752 1695 diximus,
2809 1625 3218 1701 nonagesimo
3266 1624 3537 1702 septimo

136 1734 326 1793 supra
355 1715 860 1776 trecentesimum
894 1733 1060 1776 anno
1091 1716 1340 1776 differre
1365 1717 1604 1794 patitur
1633 1717 1898 1776 alterum
1930 1717 2198 1794 ejusmet
2238 1719 2300 1777 S.
2359 1720 2564 1778 Patris
2623 1720 3046 1780 testimonium
3100 1721 3163 1780 in
3214 1722 3540 1783 Commen-

135 1812 302 1871 tariis
332 1812 400 1871 in
433 1811 712 1872 Mattbasi
743 1817 933 1889 caput
963 1812 1427 1872 duodecimum.
1461 1812 1549 1872 De
1579 1818 1704 1885 hoc,
1737 1813 1942 1891 inquit
1965 1814 2165 1891 (signo
2198 1814 2432 1874 scilicet
2460 1815 2657 1894 Jonas)
2687 1815 2919 1896 plemus
2967 1817 3031 1876 in
3091 1816 3539 1878 Commentariis

135 1909 292 1970 Jonw
320 1908 626 1990 prophetaa
656 1909 1099 1988 dispulavzmus.
1141 1909 1390 1969 Scilicet
1422 1909 1578 1968 nihil
1607 1916 1700 1969 est
1729 1910 2010 1986 dubium,
2039 1918 2097 1970 et
2129 1930 2240 1971 suo
2272 1931 2386 1971 nos
2415 1912 2551 1972 loco
2582 1913 2943 1973 certissimis
2971 1915 3363 1992 argumentis
3384 1933 3533 1993 pro-

137 2008 445 2068 babimus.
482 2009 546 2067 S.
581 2009 913 2068 Doctorem
944 2007 1024 2067 ad
1056 2006 1326 2067 medium
1360 2006 1745 2084 insequentis
1776 2008 1926 2068 anni
1957 2009 2074 2070 398
2105 2009 2472 2070 Matthaeum
2505 2028 2616 2087 per
2645 2029 2835 2089 quam
2866 2017 3246 2091 properante
3288 2011 3532 2073 calamo

139 2104 515 2183 exposuisse.

209 2201 738 2282 Explanationem
769 2201 986 2262 Abdiaa
1017 2201 1296 2262 huicmet
1323 2221 1512 2275 anno,
1562 2203 1663 2263 cui
1693 2203 2188 2264 Commentarios
2235 2203 2298 2264 in
2345 2206 2594 2279 Jonam,
2655 2206 2794 2284 pari
2850 2224 3158 2267 consensu
3214 2205 3536 2267 ascribunt

144 2301 400 2372 cruditi,
459 2300 608 2378 quin
668 2300 858 2360 etiam
916 2299 1015 2359 his
1060 2299 1235 2359 illam
1296 2299 1515 2360 ordine
1592 2319 1664 2359 ac
1731 2302 2032 2380 temporis
2098 2303 2520 2380 praerogativa
2585 2305 2970 2381 praecessisse
3026 2309 3380 2365 autumant.
3444 2307 3535 2364 Ac

133 2399 446 2458 rationem
499 2397 778 2476 quidem,
828 2417 970 2476 quae
1019 2397 1225 2475 prima
1267 2397 1472 2456 fronte
1520 2397 1865 2457 certissima
1914 2399 2221 2470 videatur,
2271 2417 2347 2460 ex
2395 2400 2532 2479 ipso
2580 2407 2893 2478 repetunt.
2944 2401 3310 2480 Hieronymi
3361 2401 3535 2462 testi-

133 2495 370 2566 monio,
405 2495 573 2573 quod
637 2494 823 2554 modo
884 2493 1281 2554 laudavimus
1348 2513 1380 2553 e
1438 2495 1806 2572 praefatione
1849 2496 2454 2557 Commentariorum
2512 2497 2575 2556 in
2634 2503 2860 2558 Amos:
2929 2497 3123 2557 Tertio
3174 2507 3308 2578 post
3373 2497 3544 2576 longi

154 2593 414 2672 emporis
486 2590 781 2651 silentium
838 2589 1095 2651 Abdiam
1155 2600 1210 2650 et
1261 2591 1471 2651 Jonam
1532 2590 1644 2651 tibi
1691 2593 2013 2672 Imperanti
2063 2591 2362 2652 edz'sserui.
2414 2593 2826 2654 Nihilosecius
2884 2594 3078 2654 multo
3140 2594 3293 2654 mihi
3354 2593 3538 2655 aliter

130 2708 500 2768 persuasum
535 2695 649 2762 est,
694 2707 767 2748 ac
823 2707 977 2767 pace
1036 2689 1300 2750 dixerim
1357 2694 1624 2767 receptm
1680 2689 1870 2767 vulgo
1927 2690 2273 2763 sententiae,
2321 2695 2567 2750 tantum
2634 2690 2833 2760 abest,
2867 2693 2938 2750 ut
2985 2695 3288 2772 σνγχρόνυς
3346 2691 3536 2751 hasce

130 2794 341 2865 putem
403 2787 898 2858 lucubrationes,
973 2786 1124 2865 quin
1192 2788 1399 2866 potius
1485 2787 1771 2859 alteram,
1830 2787 1957 2847 sive
2041 2806 2179 2864 quae
2236 2787 2500 2847 Abdiam
2558 2787 2873 2865 explanat,
2929 2788 3176 2865 integro
3231 2789 3532 2849 recentio-

132 2902 256 2943 rem
335 2902 468 2943 esse
516 2883 698 2942 velim
759 2883 1210 2962 quinquennio.
1283 2885 1359 2942 Et
1423 2902 1571 2943 vero
1641 2883 1869 2958 dicam,
1929 2901 2041 2942 cur
2095 2901 2219 2942 non
2279 2883 2357 2943 sit
2402 2884 2492 2943 illi
2549 2884 2906 2945 testimonio
2968 2885 3523 2962 acquiescendum,

132 2987 236 3042 aut
267 2988 436 3042 certe
489 2999 617 3058 qua
671 2981 751 3041 sit
803 2980 1165 3059 acceptione
1196 2981 1662 3060 explicandum.
1721 2983 1876 3040 Nam
1909 2982 2326 3059 Hieronymus
2370 3000 2484 3059 par
2512 2981 2679 3041 istud
2739 2982 3187 3060 prophetarum
3237 2981 3351 3043 sub
3402 3000 3531 3043 una

129 3079 396 3157 jungens
455 3078 840 3153 recensione,
903 3097 1027 3139 non
1107 3097 1232 3156 quo
1291 3083 1630 3156 utrumque
1686 3097 1850 3138 anno
1908 3079 2288 3156 exposuerit,
2348 3079 2455 3138 sed
2523 3097 2713 3156 quem
2769 3079 2907 3156 ipsi,
2972 3078 3189 3140 habito
3246 3079 3323 3138 ad
3380 3079 3529 3138 reli-

135 3195 400 3253 quorum
434 3175 945 3253 explanationem
999 3182 1303 3252 respectu,
1357 3175 1664 3247 ordinem,
1699 3175 1826 3234 sive
1856 3175 2063 3234 locum
2115 3174 2493 3247 obtinerent,
2543 3175 2828 3236 docuisse
2885 3175 3104 3236 voluit.
3167 3174 3298 3236 Sub
3353 3175 3541 3236 tertia

132 3272 327 3350 igitur
352 3273 513 3332 serie
571 3290 644 3332 ac
700 3271 893 3332 veluti
952 3272 1148 3331 classe
1204 3270 1390 3342 locat,
1445 3271 1636 3349 idque
1696 3277 1763 3331 ut
1812 3271 2228 3346 verissimum,
2289 3272 2379 3332 ita
2435 3278 2496 3332 et
2525 3273 2848 3351 proposito
2909 3292 3022 3333 suo
3075 3273 3226 3334 satis
3281 3272 3534 3334 abunde

137 3369 289 3430 fuit:
328 3388 535 3448 neque
586 3369 749 3429 enim
804 3375 959 3446 quot
1002 3387 1308 3429 annorum
1359 3369 1617 3447 periodo
1664 3369 1878 3429 classis
1923 3369 2058 3447 ipsa
2107 3369 2491 3442 definiretur,
2551 3371 2758 3431 dicere
2819 3371 3214 3443 instituerat;
3289 3376 3352 3430 et
3398 3387 3543 3430 cum

143 3468 244 3538 ait,
301 3476 439 3548 post
497 3466 662 3546 longi
704 3476 982 3546 tempores
1041 3466 1334 3528 silentium
1395 3466 1640 3526 duobus
1695 3465 1866 3525 hisce
1923 3464 2248 3544 prophetis
2305 3466 2790 3544 interpretandis
2839 3466 3192 3526 admovisse
3252 3483 3539 3536 manum,

144 3565 457 3642 integrum
507 3563 728 3623 lectori
787 3562 1062 3640 reliquit,
1124 3563 1342 3635 immo,
1404 3563 1454 3621 si
1513 3562 1663 3640 quid
1725 3561 1927 3635 video,
1991 3581 2115 3621 non
2174 3563 2435 3624 obscure
2480 3563 2710 3635 innuit,
2770 3563 3027 3640 longum
3087 3563 3242 3622 illud
3299 3561 3554 3621 tametsi

148 3662 363 3722 incerti
424 3660 726 3739 temporis
785 3660 1081 3738 spatium,
1144 3659 1408 3719 necdum
1465 3659 1544 3718 ab
1603 3659 1679 3718 iis
1733 3677 1891 3736 quos
1949 3659 2225 3718 secunda
2271 3659 2467 3718 classe
2515 3659 2843 3730 recensuit,
2895 3660 3004 3719 sed
3049 3659 3214 3719 inter
3267 3658 3550 3736 ipsorum

147 3759 406 3820 invicem
466 3757 922 3838 prophetarum
977 3757 1155 3817 Jonaa
1235 3755 1582 3834 Abdiaaque
1654 3755 2108 3834 expositionem
2154 3762 2401 3833 putare.
2482 3756 2770 3815 Profecto
2839 3773 2951 3815 nec
3026 3756 3106 3815 ad
3182 3744 3558 3832 Hieronymi

151 3857 402 3934 quidem
429 3862 524 3917 est
584 3861 881 3927 mentem,
945 3854 1111 3932 quod
1177 3853 1448 3914 triennio
1507 3852 1925 3924 concluditur,
1961 3852 2219 3930 longum
2279 3859 2562 3930 tempus;
2624 3852 2784 3912 bene
2841 3870 3010 3924 vero,
3042 3853 3093 3912 si
3142 3851 3311 3930 quod
3341 3850 3552 3930 posui-

153 3972 305 4029 mus,
356 3954 539 4029 illud,
599 3958 662 4012 et
715 3952 1133 4030 quinquenni,
1186 3951 1357 4030 quod
1424 3949 1680 4028 insuper
1751 3948 2100 4009 intercessit
2172 3949 2250 4008 ab
2323 3949 2505 4019 Jona,
2578 3947 2851 4026 spatium
2938 3967 3066 4009 una
3129 3946 3550 4026 computavit.

159 4049 421 4111 Proinde
478 4067 594 4110 nec
656 4049 874 4110 debuit
930 4052 993 4110 S.
1043 4051 1229 4109 Pater
1274 4049 1337 4108 in
1393 4047 1550 4108 duas
1606 4053 1943 4124 utramque
2019 4046 2520 4106 lucubrationem
2579 4046 2807 4106 classes
2862 4046 3199 4125 dispertiri,
3253 4047 3317 4105 in
3375 4062 3554 4106 suam

155 4165 463 4226 quamque
512 4165 627 4224 pro
678 4146 982 4224 temporis
1035 4145 1281 4205 ratione
1342 4144 1660 4215 tribuens;
1722 4160 1869 4204 nam
1929 4143 2045 4202 etsi
2103 4143 2370 4203 multum
2426 4143 2589 4203 inter
2643 4161 2708 4202 se
2757 4147 2942 4204 aetate
2972 4143 3224 4215 distent,
3285 4142 3440 4220 quin
3501 4147 3566 4202 et

157 4243 350 4322 major
399 4243 480 4302 ab
536 4244 698 4304 Jona
754 4242 835 4301 ad
878 4241 1172 4314 Abdiam,
1223 4258 1414 4318 quam
1467 4258 1503 4300 a
1553 4239 1858 4319 superiori
1901 4239 2096 4300 classe
2153 4241 2237 4300 ad
2294 4240 2500 4318 ipsum
2542 4241 2769 4300 Jonam
2818 4240 3222 4300 interstitium
3263 4239 3382 4300 sit:
3419 4257 3564 4299 con-

160 4341 314 4401 sulto
344 4347 557 4401 tamen
590 4359 716 4401 una
773 4339 1226 4418 comprehendi
1256 4339 1434 4410 serie,
1499 4356 1642 4398 cum
1676 4355 1800 4397 non
1872 4336 2029 4397 alios
2087 4337 2427 4416 prophetas
2491 4343 2622 4398 tota
2667 4337 2778 4397 illa
2833 4337 3098 4416 pertodo
3146 4336 3333 4397 fuerit
3380 4335 3572 4395 inter-

161 4445 453 4514 pretatus,
519 4438 758 4516 hosque
815 4437 985 4515 ipsos
1053 4436 1162 4496 uni
1239 4434 1569 4512 eidemque
1628 4433 2048 4495 Pammachio
2131 4434 2534 4512 inscripserit.
2589 4437 2718 4494 Hoc
2774 4439 3150 4513 praenotato.
3228 4432 3338 4510 qui
3397 4449 3561 4490 unus

163 4535 360 4595 fuerat
387 4534 693 4594 instituta:
724 4532 1462 4613 disputationisscopus,
1522 4551 1647 4591 non
1699 4530 1823 4591 alia
1869 4529 1947 4591 de
1993 4549 2182 4592 causa
2231 4531 2500 4592 Abdiam
2533 4531 2913 4592 recensendo
2948 4527 3316 4610 prmposuit,
3376 4544 3568 4605 quam

164 4632 323 4706 quod
357 4632 474 4691 sibi
505 4632 907 4692 succedentes
966 4630 1308 4709 prophetas
1363 4629 1444 4688 ad
1500 4628 1837 4706 Scripturac
1893 4627 2147 4688 obvium
2206 4627 2406 4704 magis
2475 4626 2759 4687 ordinem
2818 4625 3212 4687 memoravit.
3268 4622 3568 4700 Alioquin

165 4725 302 4788 huic
355 4730 634 4807 primum
681 4727 1038 4788 existimare
1071 4725 1449 4805 impendisse
1487 4743 1768 4804 operam,
1831 4746 2034 4807 neque
2094 4744 2206 4804 per
2266 4725 2657 4784 adversarias
2710 4724 2982 4784 rationes
3026 4723 3191 4783 licet.
3251 4719 3413 4792 Quid
3472 4719 3571 4779 his

168 4840 375 4904 nempe
409 4825 642 4886 clarius
671 4831 765 4885 est
792 4825 998 4885 verbis
1070 4824 1333 4902 prologo
1401 4823 1460 4880 in
1519 4822 1723 4901 ipsum
1795 4825 2022 4886 Jonam
2059 4843 2073 4882 ε
2115 4823 2301 4884 Tanto
2342 4830 2474 4900 post
2538 4831 2792 4899 tempore
2847 4840 2883 4881 a
2935 4820 3094 4880 Jona
3126 4814 3575 4896 interpretandi

169 4923 708 5002 sumoprincipium
742 4922 774 4977 γ
841 4919 1005 4998 Nigil
1037 4926 1130 4980 est
1158 4920 1349 4998 igitur
1397 4937 1522 4996 quo
1584 4921 1861 4998 vulgaris
1918 4920 2302 4982 innitebatur
2357 4917 2767 4979 fundamento
2837 4917 3182 4990 sententia;
3237 4914 3373 4992 jam
3441 4928 3573 4990 qua

171 5009 240 5075 de
289 5036 473 5079 causa
527 5037 642 5079 nos
697 5017 1153 5096 quinquennio,
1213 5017 1341 5076 sive
1398 5016 1476 5076 ad
1535 5035 1770 5078 annum
1831 5037 2026 5098 usque
2079 5015 2768 5096 quadringentesimum
2815 5014 3067 5076 tertium
3117 5013 3307 5072 hosce
3360 5011 3548 5071 Com-

178 5116 500 5177 mentarios
568 5115 975 5194 protelamus,
1050 5113 1465 5193 aperiendum
1534 5120 1647 5174 est.
1708 5117 1996 5177 Palmare
2064 5118 2507 5192 argumentum
2563 5112 2889 5191 ipsiusmet
2946 5109 3218 5170 auctoris
3272 5104 3562 5187 praefatio

175 5209 228 5268 in
280 5211 440 5272 hunc
491 5212 717 5272 librum
779 5212 1140 5292 suppeditat
1195 5229 1270 5270 ex
1303 5228 1508 5270 rerum
1570 5229 1724 5288 quas
1783 5219 1997 5274 narrat
2026 5212 2204 5272 serie.
2241 5211 2362 5270 Sed
2392 5210 2476 5269 ait
2507 5209 2586 5269 ab
2631 5227 2704 5269 eo
2737 5215 3018 5287 tempore
3068 5224 3192 5284 quo
3241 5203 3565 5284 specimen

181 5305 348 5387 hujus
443 5311 894 5370 Commentarii
955 5311 1014 5369 ia
1087 5307 1476 5368 adolescentia
1535 5314 1906 5384 tentaverat,
1965 5310 2212 5389 triginta
2294 5307 2432 5387 jam
2483 5324 2666 5366 annos
2735 5306 2800 5364 in
2851 5305 2968 5365 Dei
3013 5321 3186 5384 opere
3241 5321 3312 5363 ac
3367 5299 3579 5360 labore

179 5407 440 5468 sudasse:
515 5407 796 5488 illudque
865 5410 1072 5487 ipsum
1136 5413 1380 5485 tempus
1450 5406 1636 5484 quale
1695 5407 1903 5483 fuerit,
1973 5406 2234 5468 inferius
2290 5403 2594 5475 declarat,
2666 5402 2902 5484 quando
2972 5400 3210 5481 egressi,
3253 5397 3575 5478 inquiens,

181 5505 253 5564 mi
295 5503 663 5580 Pammachi,
708 5503 962 5566 scholam
1025 5503 1349 5582 rhetorum,
1409 5501 1639 5568 diverso
1679 5504 1874 5569 studio
1940 5504 2316 5590 ferebamur:
2365 5498 2600 5585 quando
2661 5519 2766 5585 ego
2825 5509 2882 5563 et
2922 5496 3279 5565 Heliodorus
3347 5491 3585 5588 charis-3
