3964 6184
361 445 483 515 829

1176 444 1932 517 COMMENTARIORUM
1976 442 2055 510 IN
2101 441 2324 511 OSEE.
2371 446 2522 512 LIB.
2571 450 2617 513 l.
2664 445 2835 513 CAP.
2882 444 2960 513 II.

3653 447 3776 514 830

366 583 602 658 Christi,
635 588 691 642 et
740 603 855 643 non
887 584 1174 659 recipiens
1214 588 1617 643 auctoritatem
1652 587 1781 643 novi
1810 587 2008 642 Testa-
2039 585 2094 650 Α
2124 590 2181 642 et
2207 586 2661 643 misericordiam
2691 586 3171 659 consecuta,quia
3190 600 3355 642 soror
3370 588 3471 643 tua
3494 592 3602 643 est.
3627 590 3771 646 Cum

368 676 574 741 menti,
604 676 707 731 sed
741 675 810 731 de
842 694 1085 732 numero
1138 676 1621 743 circumcisionis,
1656 675 2020 749 responderit

366 762 520 818 ﬁlios
541 763 697 819 Juda
717 768 772 820 et
794 764 945 821 ﬁlios
986 765 1161 821 Israel
1184 766 1332 820 duas
1380 766 1569 822 tribus
1599 782 1808 821 sonare
1838 769 1892 821 et
1920 765 2019 819 de-

365 870 513 918 cem,
546 852 617 908 de
648 852 863 925 quibus
895 855 1095 910 crebro
1126 855 1404 923 diximus,
1436 861 1492 911 et
1542 856 1601 910 in
1656 855 1767 911 hoc
1811 856 2018 910 dantes

362 942 752 1009 manus,nihil
777 943 911 998 ﬁdei
937 947 1146 998 nostrae
1169 960 1376 999 nocere
1402 944 1883 999 monstrabimus.
1909 944 2016 998 Sed

364 1035 677 1103 postquam
702 1030 874 1086 fuerit
894 1048 1175 1087 numerus
1190 1032 1443 1097 ﬁliorum
1464 1031 1639 1087 Israel
1655 1032 1821 1104 quasi
1845 1048 2019 1087 arena

363 1119 549 1174 maris
571 1119 631 1173 in
651 1124 765 1174 toto
798 1120 936 1174 orbe
957 1121 1280 1193 dispersus,
1314 1125 1371 1177 et
1396 1138 1628 1177 omnem
1654 1120 2018 1192 supputatio-

362 1224 497 1263 nem
517 1207 720 1264 vicerit
738 1208 938 1282 populi
959 1210 1439 1275 multitudo,tunc
1464 1210 1702 1265 habebit
1722 1208 2017 1264 licentiam

364 1295 570 1363 Israel,
604 1298 706 1369 qui
750 1297 921 1353 hodie
966 1316 1196 1370 quoque
1238 1300 1500 1371 captivus
1526 1303 1695 1364 est,et
1726 1298 1825 1370 qui
1856 1298 2019 1371 prius

358 1384 672 1441 dicebatur
733 1387 955 1458 absque
1008 1387 1433 1458 misericordia,
1480 1391 1537 1443 et
1582 1405 1698 1443 non
1767 1386 2018 1458 pepulus

362 1490 556 1541 meus,
593 1491 727 1529 cum
751 1475 983 1531 duabus
1011 1476 1300 1543 tribubus,
1333 1476 1391 1531 id
1411 1482 1516 1547 est,
1547 1476 1701 1532 Juda
1730 1481 1786 1531 et
1814 1475 2016 1546 Benja-

361 1562 768 1634 min,quarum
786 1581 999 1636 magna
1018 1582 1154 1637 pars
1176 1565 1237 1620 in
1263 1565 1557 1621 Christum
1576 1564 1838 1631 credidit,
1870 1564 2018 1619 inire

361 1651 834 1719 concordiam,ut
854 1653 1198 1725 corporibus
1230 1659 1527 1726 separatos
1542 1655 1753 1727 jungat
1776 1654 1940 1720 ﬁdes,
1963 1655 2020 1707 et

360 1756 551 1795 unum
585 1740 696 1795 sibi
727 1746 904 1814 caput
932 1748 1151 1814 ponant
1179 1747 1237 1798 et
1270 1743 1700 1815 principem,de
1729 1759 1844 1814 quo
1875 1740 2017 1797 scri-

357 1829 483 1902 psit
501 1829 769 1885 Ezechiel
794 1846 806 1885 :
834 1835 903 1887 Et
923 1834 1186 1904 princeps
1214 1850 1358 1888 unus
1384 1835 1444 1887 in
1464 1833 1642 1888 medio
1671 1849 1883 1899 eorum,
1912 1833 2018 1885 Da-

2127 676 2281 732 enim
2304 676 2605 732 intraverit
2634 676 2932 748 plenitudo
2981 676 3264 749 gentium,
3297 679 3438 731 tunc
3467 677 3660 733 omnis
3694 678 3773 733 Is-

2129 764 2246 823 rael
2268 765 2464 821 salvus
2495 766 2593 821 ﬁet
2616 768 2788 835 (Rom.
2818 784 2898 829 x1,
2930 766 3042 837 25).
3078 769 3196 820 Hoc
3246 765 3399 821 idem
3446 765 3616 821 nobis
3637 783 3776 838 prae-

2128 855 2363 928 cipitur,
2389 871 2461 910 ne
2501 855 2802 911 haereticos
2832 854 3068 927 penitus
3090 855 3490 926 desperemus,
3524 855 3625 911 sed
3648 872 3776 927 pru-

2128 959 2403 999 voeemus
2433 944 2502 999 ad
2533 943 2971 1016 poenitentiam:
3023 948 3079 998 et
3099 943 3331 999 illorum
3364 942 3613 1000 salutem
3644 960 3774 1017 ger-

2129 1032 2429 1088 manitatis
2459 1037 2731 1104 optemus
2763 1032 2991 1087 affectu.
3436 1096 3443 1103 Ι

2200 1122 2384 1194 (Vers.
2418 1126 2471 1190 2,
2515 1122 2594 1193 3.)
2639 1121 2886 1177 Judicate
2926 1125 3162 1176 matrem
3207 1124 3465 1190 vestram,
3508 1121 3774 1193 judicatc,

2127 1214 2387 1283 quoniam
2437 1212 2555 1282 ipsa
2591 1227 2702 1265 non
2742 1228 2884 1266 uxor
2901 1226 3042 1281 mea,
3074 1219 3125 1265 et
3145 1226 3239 1281 ego
3261 1227 3371 1266 non
3390 1212 3477 1265 vir
3494 1210 3610 1282 ejus
3632 1228 3650 1264 :
3673 1227 3777 1265 au-

2125 1301 2268 1371 ferat
2313 1302 2705 1371 fornication'es
2751 1315 2877 1353 suas
2923 1316 2955 1353 a
2974 1298 3123 1369 facie
3142 1316 3263 1367 sua,
3295 1307 3347 1355 et
3372 1299 3652 1354 adulteria
3678 1316 3779 1355 sua

2126 1388 2193 1444 dc
2219 1389 2393 1443 medio
2423 1387 2652 1444 uberum
2672 1404 2895 1443 suorum
2912 1407 2932 1443 :
2952 1404 3021 1444 ne
3045 1390 3189 1459 forte
3208 1389 3505 1459 exspoliem
3526 1405 3648 1444 eam
3670 1405 3778 1444 nu-

2126 1476 2274 1544 dam,
2307 1482 2356 1533 et
2385 1480 2627 1533 statuam
2644 1494 2767 1532 eam
2808 1477 3107 1532 secundum
3133 1477 3279 1533 diem
3306 1478 3615 1533 nativitatis
3634 1493 3775 1536 suae.

2127 1567 2267 1622 LXX
2307 1585 2319 1623 :
2366 1568 2711 1623 Judicamini
2769 1584 2893 1622 cum
2937 1570 3119 1622 matre
3168 1570 3365 1637 vestra,
3419 1567 3776 1639 judicamini,

2126 1658 2257 1728 quia
2288 1656 2408 1712 haec
2436 1672 2542 1711 non
2562 1671 2707 1711 uxor
2722 1664 2923 1722 mea,et
2942 1672 3036 1727 ego
3057 1671 3166 1711 non
3188 1657 3276 1711 vir
3293 1657 3428 1728 ejus,
3455 1660 3505 1711 et
3528 1659 3779 1729 auferam

2123 1746 2545 1813 fornicationem
2567 1747 2682 1816 ejus
2704 1762 2737 1799 a
2766 1745 2914 1818 facie
2934 1747 3131 1813 mea,et
3147 1745 3422 1801 adulteria
3443 1746 3560 1817 ejus
3577 1745 3643 1801 de
3661 1762 3778 1801 me-

2127 1833 2216 1889 dio
2238 1834 2466 1890 uberum
2492 1834 2685 1889 illius:
2717 1837 2777 1888 ut
2798 1834 3097 1905 exspoliem
3124 1849 3246 1888 eam
3289 1833 3513 1899 nudam,
3543 1837 3595 1890 et
3621 1836 3777 1890 resti-

355 1919 457 1974 vid
483 1935 676 1974 servus
708 1936 877 1991 meus,
921 1924 973 1975 et
1022 1923 1494 1977 resuscitabuntur
1521 1924 1679 1994 quasi
1723 1922 1789 1976 ab
1822 1921 2020 1990 inferis
2051 1953 2100 2018 Β
2128 1926 2290 1977 tuam
2319 1939 2440 1977 eam
2466 1924 2633 1995 juxta
2660 1922 2806 1977 diem
2851 1923 3160 1978 nativitatis
3204 1939 3334 1977 suae.
3366 1922 3679 1995 Hucusque
3706 1922 3778 1977 ad

354 2008 571 2063 mortui
599 2008 812 2079 (Ezech.
840 2026 1032 2078 xxxxv,
1066 2010 1177 2078 24),
1208 2011 1359 2066 Juda
1388 2009 1608 2066 scilicet
1633 2014 1691 2066 et
1720 2008 1895 2066 Israel
1921 2008 2018 2081 qui

360 2096 424 2152 in
476 2096 821 2152 inﬁdelitate
869 2097 1084 2153 mortui
1134 2101 1319 2154 erant.
1352 2099 1421 2153 Et
1468 2099 1589 2154 haec
1628 2097 1823 2154 omnia
1856 2100 2016 2168 ﬁent,

364 2184 505 2259 quia
534 2202 787 2258 magnus
813 2191 902 2242 est
924 2187 1047 2242 dies
1070 2188 1314 2244 seminis
1349 2186 1579 2260 Dci,qui
1604 2189 2020 2261 interpretatur

368 2272 635 2330 Christus.
671 2279 752 2329 Ex
794 2292 911 2347 quo
950 2274 1293 2348 perpicuum
1335 2281 1443 2345 est,
1478 2277 1607 2333 ideo
1647 2277 1707 2332 in
1750 2282 1887 2350 typo
1906 2277 2017 2332 Na-

374 2362 512 2418 both
547 2364 654 2432 [ΑΙ.
699 2364 993 2435 Nabutha]
1042 2364 1363 2421 Jezraelitis
1387 2365 1734 2436 sanguinem
1783 2382 2021 2438 praeces-

361 2451 605 2519 sisse,ut
620 2452 834 2508 veritas
856 2453 1246 2525 compleretur
1275 2455 1334 2509 in
1358 2454 1607 2510 Christo.
1644 2455 1707 2510 In
1730 2455 1839 2509 hoc
1860 2454 2017 2509 enim

365 2546 421 2595 et
442 2558 557 2596 non
578 2541 639 2596 in
657 2540 754 2598 illo
778 2558 1026 2615 magnus
1047 2547 1137 2597 est
1153 2543 1278 2598 dies
1297 2543 1540 2611 Jezrael,
1565 2544 1635 2599 de
1656 2560 1770 2614 quo
1783 2542 2015 2598 dicitur.

366 2631 488 2685 Haec
516 2635 594 2686 est
625 2630 750 2686 dies
779 2648 943 2703 quam
970 2633 1100 2703 fecit
1131 2633 1435 2688 Dominus:
1482 2632 1816 2689 exsultemus
1844 2640 1894 2688 et
1924 2633 2020 2689 lae-

366 2726 546 2775 temur
576 2721 637 2774 in
666 2736 731 2775 ea
760 2721 939 2792 (Psal.
971 2738 1139 2791 cxvn,
1170 2721 1282 2793 24).
1317 2721 1816 2793 Interpretationis
1840 2721 2020 2776 tertiae

366 2824 545 2880 quam
580 2808 973 2881 suscepimus,
1003 2808 1178 2864 Israel
1212 2810 1269 2864 in
1302 2808 1612 2880 haereticis,
1641 2810 1790 2865 Juda
1820 2810 1878 2864 in
1910 2811 2021 2865 Ec-

364 2896 556 2952 clesia:
616 2897 957 2953 hominibus
1004 2898 1383 2971 exponendis,
1417 2898 1511 2954 hic
1552 2915 1761 2954 sensus
1790 2903 1915 2955 est:
1950 2898 2023 2955 Ut

365 2991 681 3058 postquam
703 2987 991 3043 Dominus
1007 2986 1066 3041 in
1091 2985 1353 3042 claritate
1379 3004 1488 3042 sua
1508 2987 1729 3043 venerit
1749 2991 2021 3060 regnatu-

368 3074 560 3142 rus,hi
596 3074 699 3147 qui
721 3078 855 3130 ante
905 3077 1281 3143 vocabantur,
1317 3093 1431 3130 non
1465 3076 1718 3149 populus
1749 3076 1897 3147 ejus,
1926 3093 2020 3132 vo-

366 3167 579 3219 centur
608 3164 711 3218 ﬁlii
750 3164 844 3219 Dei
876 3164 1121 3221 viventis
1153 3181 1165 3219 :
1200 3181 1334 3220 cum
1381 3165 1566 3230 Judze,
1598 3164 1656 3220 id
1688 3169 1795 3232 est,
1829 3165 2019 3221 Eccle-

367 3252 464 3308 sia:
514 3252 617 3309 Dei
643 3252 859 3308 fuerint
908 3252 1183 3325 copulati,
1217 3258 1272 3308 et
1302 3271 1485 3309 unum
1519 3258 1695 3325 caput
1725 3254 2020 3310 Christum

365 3340 702 3411 habuerint,
753 3346 810 3396 et
847 3321 1219 3397 ascenderint
1257 3343 1328 3397 de
1369 3346 1540 3408 terra,
1573 3321 1629 3397 id
1664 3346 1772 3408 est,
1806 3342 1875 3397 de
1903 3346 2019 3397 ier-
2052 3321 2096 3387 (ἶ

370 3430 525 3487 renis
557 3430 833 3486 sensibus
858 3434 917 3485 et
949 3430 1281 3486 humilitate
1316 3430 1544 3496 litterae,
1576 3434 1632 3485 et
1661 3430 2025 3503 susceperint

368 3535 652 3592 magnum
673 3519 829 3576 diem
845 3519 1091 3577 seminis
1114 3519 1229 3575 Dei.
1254 3520 1360 3575 Pro
1392 3517 1490 3573 οὐκ
1509 3516 1648 3588 ἠλεη
1661 3519 1880 3591 μὲνη,ίᾶ
1913 3523 2022 3589 est,

369 3609 568 3683 absque
593 3608 994 3675 misericordia,
1026 3607 1086 3663 in
1117 3608 1473 3680 quibusdam
1507 3609 1692 3663 fertur
1736 3609 2024 3681 exempla-

368 3696 921 3771 τὶὺυε,ἠγαπημὲνη,
954 3694 1178 3764 οὐκ,13
1200 3697 1257 3752 id
1283 3701 1505 3762 est,non
1537 3698 1746 3753 dilecta
1776 3697 1873 3769 (a).
1909 3698 2022 3753 Sed

369 3787 594 3843 veriora
619 3789 760 3842 sunt
789 3785 1163 3859 exemplaria,
1196 3803 1324 3858 quae
1354 3785 1592 3854 habent,
1624 3787 1831 3858 absque
1854 3789 2021 3842 mise-

370 3876 713 3938 ricordiam;
755 3875 1009 3932 maxime
1042 3875 1182 3948 quia
1207 3876 1275 3931 ad
1306 3874 1741 3931 distinctionem
1766 3875 2016 3943 Israelis,

370 3965 461 4021 cui
491 3981 609 4020 non
644 3963 1159 4020 misereturinfert
1192 3968 1340 4020 Deus
1373 3981 1386 4019 :
1421 3964 1611 4019 Domm
1663 3969 1848 4020 autem
1878 3967 2021 4022 Juda

369 4055 690 4110 miserebor.

439 4142 601 4215 (Cap.
628 4142 698 4198 ΙΙ.
720 4173 790 4183 -
822 4142 979 4199 Vers.
1006 4142 1081 4214 1.)
1115 4143 1287 4198 Dicite
1312 4142 1580 4213 fratribus
1606 4143 1814 4211 vestris,
1843 4160 2017 4216 popu-

373 4232 455 4287 lus
495 4248 672 4300 meus,
711 4235 761 4287 et
807 4234 986 4288 sorori
1013 4236 1225 4301 vestrze,
1256 4232 1687 4288 misericordiam
1739 4240 2017 4289 consecuta

370 4320 479 4393 [ΔΙ.
520 4322 864 4392 consecuta].
924 4320 1094 4377 LXX:
1145 4322 1323 4377 Dicite
1365 4322 1534 4391 fratri
1563 4336 1755 4392 vestro,
1784 4323 2019 4395 papulas

372 4426 542 4476 meus,
570 4413 625 4464 et
652 4412 839 4466 sorori
864 4412 1518 4474 vestrae,misericordiam
1546 4415 1849 4468 consecuta.
1875 4412 2020 4479 Quia

374 4514 626 4572 magnus
638 4503 729 4554 est
744 4499 870 4554 dies
888 4498 1132 4565 Jezrael,
1156 4499 1214 4553 in
1238 4500 1549 4571 qquudas
1562 4505 1619 4555 et
1632 4501 1806 4556 Israel
1833 4518 2015 4557 unum

371 4586 672 4644 habebunt
690 4587 1040 4660 principem,
1070 4592 1127 4643 et
1159 4605 1528 4661 nequaquam
1551 4589 1776 4645 dicetur
1799 4590 2015 4659 Israeli,

2131 2009 2307 2066 Israel
2339 2009 2644 2082 populum,
2695 2010 2807 2066 hoc
2862 2016 2969 2081 est,
3019 2011 3219 2065 decem
3248 2010 3437 2066 tribus
3468 2026 3661 2066 sermo
3692 2010 3779 2065 di-

2128 2104 2323 2156 rectus
2354 2105 2463 2155 est.
2495 2100 2661 2156 Nunc
2692 2099 2941 2155 alterum
2963 2103 3140 2172 caput
3169 2098 3396 2172 incipit,
3421 2103 3478 2155 et
3517 2098 3778 2172 praecipi-

2129 2180 2225 2244 tu'r
2255 2188 2413 2254 ﬁliis,
2447 2189 2503 2244 id
2533 2193 2641 2256 est,
2677 2187 2913 2262 populo,
2945 2192 3012 2244 ut
3032 2188 3233 2244 ineant
3249 2187 3543 2259 judicium
3573 2189 3779 2244 adver-

2129 2295 2262 2334 sum
2297 2284 2541 2332 matrem
2576 2294 2767 2348 suam,
2802 2293 2927 2349 quae
2950 2294 3048 2333 eos
3073 2276 3295 2350 genuit,
3329 2293 3457 2349 quae
3489 2277 3560 2332 de
3591 2293 3779 2333 merc-

2127 2366 2270 2421 trice
2312 2382 2459 2421 uxor
2511 2366 2735 2437 effecta,
2770 2381 2963 2421 mores
2994 2364 3272 2436 pristinos
3298 2382 3413 2421 non
3436 2364 3692 2437 reliquit,
3724 2368 3782 2422 et

2128 2471 2364 2510 rursum
2392 2454 2674 2509 fornicata
2720 2458 2809 2509 est
2830 2470 2964 2509 cum
2988 2453 3351 2509 amatoribus
3373 2452 3517 2509 suis.
3551 2454 3623 2509 Et
3650 2453 3780 2510 vide

2129 2542 2499 2599 clementiam
2522 2541 2648 2597 viri.
2668 2543 2799 2598 Jam
2824 2541 3128 2614 repudiata
3150 2545 3259 2610 est,
3281 2543 3407 2613 jam
3434 2541 3779 2614 abjectaest,

2130 2634 2232 2687 14
2272 2633 2398 2702 jam
2451 2632 2503 2687 ei
2552 2631 2783 2687 locutus
2813 2636 2902 2687 est
2927 2648 2941 2686 :
2975 2633 3100 2688 Haec
3126 2646 3237 2686 non
3266 2647 3408 2686 uxor
3433 2647 3578 2702 mea,
3608 2634 3660 2686 et
3687 2647 3781 2703 ego

2131 2738 2239 2777 non
2260 2723 2348 2776 vir
2377 2722 2496 2793 ejus
2516 2739 2534 2775 :
2565 2723 2762 2775 tamen
2816 2719 3074 2792 praecipit
3104 2719 3260 2787 ﬁliis,
3294 2724 3360 2775 ut
3407 2736 3778 2793 nequaquam

2131 2811 2202 2865 ad
2236 2827 2473 2866 uxorem
2501 2808 2682 2882 patris
2707 2810 2782 2881 (b)
2814 2826 2990 2881 quam
3019 2808 3118 2865 ille
3147 2809 3392 2876 dimisit,
3425 2810 3526 2865 sed
3555 2810 3628 2865 ad
3661 2826 3780 2865 ma-

2128 2902 2277 2955 trem
2310 2917 2476 2955 suam
2526 2899 2844 2970 loquantur
2882 2915 3008 2970 quae
3055 2915 3156 2954 eos
3174 2898 3406 2978 genuit.
3442 2901 3781 2969 Loquantur

2131 2992 2326 3044 autem
2372 2989 2444 3043 ad
2468 2987 2863 3061 paenitentiam
2886 2993 3283 3059 provocantes,
3320 2991 3384 3042 ut
3413 2987 3639 3043 auferat
3660 2988 3778 3043 for—

2131 3078 2451 3133 nicationes
2496 3095 2530 3132 a
2575 3076 2718 3131 facie
2762 3094 2889 3145 sua,
2923 3080 2980 3132 et
3029 3075 3313 3132 adulteria
3349 3093 3459 3132 sua
3488 3076 3558 3131 de
3590 3075 3779 3131 medio

2133 3168 2380 3223 uberum
2412 3183 2676 3222 suorum.
2702 3166 3036 3221 Fornicaria
3055 3168 3164 3233 est,
3189 3182 3313 3238 qua:
3346 3182 3479 3221 cum
3512 3164 3782 3238 pluribus

2133 3256 2458 3329 copulatur.
2512 3256 2811 3324 Adultera,
2865 3272 2992 3328 quae
3041 3272 3227 3310 unum
3256 3256 3448 3311 virum
3483 3255 3779 3323 deserens,

2133 3344 2297 3401 alteri
2331 3344 2622 3417 jungitur.
2670 3346 2929 3410 Quorum
2978 3348 3295 3415 utrumque
3338 3347 3428 3399 est
3455 3344 3781 3417 Synagoga,

2135 3451 2261 3506 quae
2313 3433 2362 3489 si
2422 3433 2813 3506 permanserit
2862 3434 2922 3487 in
2975 3431 3355 3489 fornicatione
3385 3436 3442 3487 et
3474 3432 3782 3503 adulterio,

2135 3539 2204 3577 au
2218 3523 2359 3578 feret
2378 3522 2450 3576 ab
2473 3538 2541 3576 ea
2563 3525 2714 3576 Deus
2740 3524 2960 3576 vestem
3000 3524 3059 3575 et
3078 3523 3420 3575 ornamenta
3459 3535 3587 3592 qua:
3609 3520 3783 3575 dede-

2134 3614 2242 3665 rat.
2277 3613 2354 3664 De
2384 3608 2595 3681 quibus
2617 3607 2819 3664 scribit
2860 3606 3119 3663 Ezechiel
3143 3625 3156 3663 :
3202 3609 3264 3662 In
3291 3608 3379 3663 die
3407 3607 3620 3678 quando
3649 3610 3785 3664 nata

2131 3713 2320 3769 es,non
2353 3699 2665 3767 ligaverunt
2691 3697 2969 3752 mamilius
3001 3700 3207 3766 tuas,et
3232 3697 3347 3752 sate
3376 3712 3486 3751 non
3504 3711 3560 3752 es
3576 3697 3741 3751 salita
3762 3715 3781 3752 :

2131 3796 2181 3844 et
2214 3788 2448 3842 transivi
2463 3789 2644 3858 perte,
2674 3792 2724 3840 et
2755 3786 2943 3840 inveni
2972 3788 3023 3840 te
3052 3784 3337 3856 nudam,et
3364 3784 3784 3856 deturpatam,et

2130 3891 2472 3948 conspersam
2522 3877 2582 3929 in
2623 3875 2890 3946 sanguine
2938 3873 3151 3945 (Ezech.
3212 3889 3327 3939 xvr,
3357 3873 3413 3940 4,
3444 3872 3521 3944 5).
3553 3872 3625 3927 Et
3653 3876 3786 3945 post

2129 3964 2434 4038 paululum
2462 3980 2474 4019 :
2499 3963 2662 4020 Indui
2682 3971 2731 4018 te
2761 3963 2979 4035 byssino
2999 3969 3051 4017 et
3067 3961 3435 4028 subtilibus,et
3456 3969 3785 4017 ornamenta

2128 4055 2495 4126 circumposui
2524 4053 2645 4117 tibi,
2693 4060 2744 4108 et
2770 4051 2896 4107 dedi
2940 4052 3196 4107 annilius
3224 4052 3373 4106 circa
3396 4067 3591 4106 manus
3639 4058 3781 4120 tuas,

2127 4149 2179 4201 et
2202 4144 2407 4199 monile
2432 4145 2580 4198 circa
2608 4140 2821 4197 collum
2868 4146 3048 4195 tuum.
3081 4143 3213 4196 Haec
3232 4143 3373 4195 tunc
3402 4138 3454 4195 ei
3478 4139 3641 4196 dedit
3660 4156 3783 4195 ma-

2128 4233 2276 4289 ritus
2296 4231 2689 4304 largissimus,
2723 4230 2957 4303 quando
3005 4228 3409 4286 invenitillam
3442 4228 3502 4283 in
3534 4233 3784 4302 Egypto

2127 4320 2467 4379 idololatriae
2510 4319 2755 4375 libidine
2811 4322 3252 4391 constupratam
3284 4322 3340 4375 et
3368 4317 3782 4374 divaricantem

2128 4410 2403 4471 omnibus
2452 4409 2627 4482 pedes
2675 4424 2833 4464 suos.
2866 4408 2935 4462 Et
2985 4424 3144 4462 nunc
3176 4406 3587 4472 comminatur,
3624 4405 3673 4461 si
3706 4406 3777 4461 ad

2125 4500 2317 4555 virum
2340 4515 2514 4556 suum
2535 4496 3115 4563 nolueritreverti,ita
3127 4511 3255 4551 eam
3279 4494 3536 4549 futuram
3558 4493 3784 4565 absque

2128 4589 2244 4645 Deo
2296 4588 2363 4661 (c)
2410 4591 2467 4643 et
2494 4587 2638 4653 viro,
2671 4586 2822 4641 sicut
2853 4585 3017 4657 prius
3066 4584 3125 4639 in
3178 4586 3415 4654 Egypto
3459 4582 3667 4637 fuerat.
3701 4582 3783 4638 Ne

372 4693 483 4732 non
507 4675 765 4749 populus
805 4693 1002 4732 meus:
1038 4676 1138 4732 sed
1172 4677 1495 4733 econtrario
1525 4679 1887 4733 vocabuntur
1918 4679 2018 4733 ﬁlii
2051 4686 2096 4750 D
2129 4694 2360 4749 semper
2383 4674 2596 4747 triplici
2646 4672 3052 4745 explanatione
3097 4671 3410 4727 tendamus
3460 4669 3779 4739 volumina,

371 4767 467 4822 Dei
489 4766 773 4822 viventis:
807 4765 1045 4831 idcirco,
1067 4783 1100 4820 o
1123 4765 1391 4821 homines
1412 4766 1600 4823 tribus
1629 4767 1803 4834 Juda,
1837 4768 2017 4825 nolite

370 4856 679 4929 desperare
700 4855 897 4911 decem
921 4855 1180 4910 tribuum
1206 4855 1476 4923 salutem,
1509 4857 1607 4911 sed
1632 4873 1729 4911 eas
1760 4857 2018 4929 quotidie

370 4950 424 5001 et
444 4960 716 5000 sermone
735 4947 792 4999 et
806 4948 936 5000 voto
957 4948 1013 4999 et
1038 4942 1248 4999 litteris
1288 4945 1356 4999 ad
1391 4945 1789 5016 pcenitentiam
1814 4963 2015 5018 provo-

370 5039 514 5103 cate,
552 5033 693 5106 quia
716 5033 892 5088 frater
918 5037 1110 5089 vester
1125 5032 1495 5104 appellantur
1512 5038 1568 5089 et
1589 5050 1784 5089 soror:
1818 5034 2014 5103 frater,

369 5138 436 5179 ex
455 5139 523 5179 eo
542 5122 699 5195 quod
730 5121 966 5190 dicitur,
994 5120 1234 5194 populus
1262 5138 1444 5177 meus:
1469 5139 1651 5191 soror,
1685 5139 1751 5178 ex
1773 5140 1838 5179 eo
1860 5124 2015 5195 quod

371 5210 759 5285 appellantur,
787 5211 1227 5266 misericordiam
1253 5215 1559 5266 consecuta.
1588 5211 1798 5268 Aliter:
1824 5212 1927 5276 Qui
1959 5212 2017 5266 in

368 5301 664 5356 Christum
698 5299 955 5368 creditis,
989 5303 1046 5355 et
1074 5299 1215 5356 estis
1245 5303 1364 5356 tam
1398 5316 1466 5355 ex
1494 5300 1712 5355 Judazis
1743 5317 1917 5373 quam
1951 5317 2019 5357 ex

369 5390 667 5462 gentibus,
699 5389 873 5445 dicite
916 5387 1329 5454 fractisramis,
1362 5393 1417 5444 et
1445 5389 1623 5461 priori
1649 5390 1882 5462 populo,
1918 5391 2015 5462 qui

368 5480 669 5551 projectus
695 5482 818 5533 est:
852 5479 1105 5550 pepulus
1134 5494 1321 5544 meus,
1355 5479 1492 5550 quia
1531 5478 1708 5535 frater
1737 5483 1876 5536 tuus
1905 5485 2015 5551 est,

434 5639 513 5709 (a)
544 5636 803 5693 Alteram
833 5637 1162 5708 lectionem,
1195 5639 1336 5704 sive,
1360 5645 1543 5695 etnon
1574 5639 1828 5695 dilectam
1855 5639 2017 5695 dilec-

366 5711 504 5775 tam,
539 5710 775 5783 praefert
820 5715 882 5783 β.
943 5709 1175 5783 Βοᾳιοιῂ
1208 5709 1378 5783 epist.
1441 5712 1563 5779 120,
1608 5711 1680 5783 ad
1716 5710 2015 5768 lledibiam

370 5779 575 5851 quaest.
611 5781 696 5836 10.
727 5779 975 5855 Vulgata
1003 5781 1180 5839 simul
1213 5779 1527 5855 utramque
1557 5782 1787 5840 retinet.

2125 4767 2235 4823 hoc
2258 4781 2386 4820 raro
2408 4763 2787 4820 admonuisse
2822 4761 3098 4831 sufﬁciat,
3131 4776 3261 4832 quae
3289 4760 3446 4815 dicta
3475 4763 3614 4815 sunt
3644 4774 3780 4814 con-

2124 4854 2319 4910 venire
2342 4857 2399 4909 et
2417 4851 2631 4907 Judmis
2678 4850 3030 4923 negantibus
3051 4848 3374 4914 Christum,
3408 4852 3466 4903 et
3496 4846 3782 4903 haereticis

2128 4944 2301 4999 ﬁdem
2348 4940 2584 4997 Domini
2644 4937 3148 5011 relinquentibus:
3189 4952 3439 5008 quorum
3477 4935 3781 4992 fornicatio

2126 5031 2357 5104 proprie
2407 5032 2558 5086 inter
2607 5029 2789 5084 ubera
2817 5032 2925 5091 est,
2958 5030 3015 5081 et
3038 5025 3097 5081 in
3128 5025 3375 5081 artiﬁcio
3406 5023 3694 5081 idolorum
3726 5028 3783 5080 et

2125 5119 2419 5175 variorum
2461 5118 2800 5190 dogmatum
2856 5115 3026 5169 corde
3058 5114 3454 5186 versatur,qui
3488 5116 3781 5170 reverten-

2126 5213 2223 5265 tur
2242 5209 2312 5264 ad
2336 5208 2491 5263 diem
2514 5206 2835 5262 nativitatis
2875 5220 3014 5270 sum,
3049 5207 3114 5258 ut
3137 5202 3187 5258 si
3212 5219 3326 5257 non
3350 5201 3571 5275 egerint
3597 5200 3778 5274 poeni-

2124 5298 2389 5365 tentiam,
2423 5295 2673 5352 ethnicis
2703 5299 3133 5365 comparentur.

2196 5387 2259 5442 Et
2286 5403 2487 5460 ponam
2518 5402 2637 5440 eam
2692 5384 2848 5455 quasi
2896 5380 3271 5447 solitudinem,
3313 5388 3364 5436 et
3392 5384 3632 5436 statuam
3659 5396 3779 5436 eam

2125 5477 2272 5532 velut
2304 5484 2507 5532 terram
2540 5474 2770 5540 inviam,
2801 5480 2852 5528 et
2883 5472 3213 5534 interﬁciam
3243 5486 3364 5525 eam
3392 5471 3488 5525 siti
3506 5468 3698 5542 [Vulg
3720 5471 3777 5524 in

2176 5638 2274 5721 _(b)
2306 5638 2401 5721 Sic
2432 5634 2678 5692 Palatini
2701 5633 2919 5689 habent
2951 5648 3093 5687 mss.
3127 5634 3307 5687 Antea
3342 5634 3466 5688 erat
3495 5647 3658 5704 quem
3686 5630 3785 5687 ille

2125 5709 2510 5853 diﬁﬂitiose
2530 5778 2771 5855 quidam
2795 5776 2927 5834 libri
2949 5777 3146 5848 absque
3173 5775 3280 5833 Deo
3310 5791 3434 5832 vero
3461 5778 3512 5832 et
3541 5780 3782 5832 (eterna.
