3994 6188
203 257 319 321 837

1042 255 1786 323 COMMENTARIORUM
1832 248 1910 318 ΙΝ
1956 255 2178 319 OSEE.
2224 250 2372 317 LIB.
2408 257 2432 317 Ι
2475 255 2647 318 CAP.
2681 252 2758 315 II.

3481 253 3600 319 838

201 393 360 447 vallis
403 389 857 447 conturbationis.
891 391 1191 462 Simulque
1238 397 1294 446 et
1323 393 1380 445 in
1425 392 1534 446 hoc
1567 389 1838 462 intelligi-
1869 391 1925 456 Α
1956 389 2110 455 facit,
2143 390 2217 459 (ὁ)
2249 389 2402 460 quod
2435 387 2888 460 praecinentibus
2918 385 3069 457 aliis,
3093 386 3186 441 alii
3210 389 3601 458 respondeant

199 497 355 545 mus,
387 497 513 551 qua
543 481 604 534 in
628 480 913 552 principio
945 485 1112 536 terra
1136 481 1556 550 sancta,juxta
1584 479 1838 549 Jericho,

195 567 431 638 quando
463 567 533 621 de
565 566 880 622 solitudine
903 583 1172 639 egressus
1202 572 1290 622 est
1320 567 1843 638 populus,propter

196 657 413 710 fluenta
435 655 731 721 Jordanis,
763 656 821 710 in
859 655 1048 727 prima
1078 655 1311 726 Israelis
1341 657 1602 720 victoria,
1630 673 1843 711 maror

194 753 253 806 in
285 743 567 814 gaudium
599 748 997 798 commutatus
1019 744 1112 798 sit.
1139 744 1336 815 Ibique
1355 749 1553 815 aperta
1573 749 1661 798 est
1684 761 1838 815 spes,

193 833 293 887 ubi
324 833 515 886 fuerat
543 833 862 903 disperatio
890 849 900 886 :
930 837 1010 897 ut,
1041 831 1262 903 punitis
1289 832 1379 887 his
1411 833 1510 902 qui
1536 848 1841 902 peccavere

193 921 250 974 in
283 921 536 990 Christo,
569 925 626 974 et
657 919 1002 976 commisere
1033 920 1426 992 sacrilegium,
1450 919 1747 975 salvantur
1775 936 1843 974 ex

191 1009 275 1064 eis
306 1009 404 1080 qui
438 1007 916 1080 blasphemantes
967 1009 1183 1064 Judeos
1215 1009 1432 1064 fuerint
1462 1009 1756 1076 detestati,
1787 1013 1844 1064 et

193 1102 480 1170 quantum
513 1097 572 1151 in
592 1114 654 1152 se
683 1103 775 1152 est
804 1097 1218 1152 interfecerint.
1240 1096 1842 1167 Hae(a)Circumcisio

193 1191 250 1241 et
281 1185 466 1240 nostri
494 1186 864 1244 Judaizantes
887 1186 957 1240 ad
982 1185 1142 1240 mille
1173 1202 1460 1240 annorum
1493 1201 1733 1256 regnum
1759 1201 1844 1240 re-

194 1275 406 1341 ferunt,
443 1291 570 1346 qua
602 1279 659 1329 et
688 1275 746 1329 in
779 1273 1065 1346 principio
1109 1291 1213 1346 per
1244 1273 1535 1346 apostolos
1563 1273 1842 1329 vinitores

192 1368 248 1418 et
275 1363 647 1418 credentium
680 1362 866 1417 multa
894 1363 1079 1417 millia
1109 1378 1178 1417 ex
1213 1361 1384 1416 Israel
1416 1361 1683 1417 videmus
1715 1377 1843 1418 esse

191 1452 506 1523 completa,
539 1456 597 1506 et
641 1450 916 1522 compleri
949 1451 1209 1522 quotidie
1255 1451 1315 1504 in
1360 1450 1454 1505 bis
1485 1450 1583 1521 qui
1615 1451 1843 1506 credere

189 1539 499 1595 voluerint.
533 1539 815 1610 Quodque
869 1556 974 1594 nos
1007 1539 1262 1594 diximus
1293 1557 1304 1593 :
1341 1540 1577 1594 Lactabo
1615 1554 1755 1605 eam,
1789 1543 1845 1594 et

189 1629 327 1683 LXX
358 1627 723 1698 interpretati
751 1632 890 1683 sunt
921 1645 933 1682 :
969 1627 1232 1682 Seducam
1268 1644 1413 1696 eam,
1447 1628 1517 1682 ad
1549 1627 1840 1682 Antichri-

185 1717 262 1771 sti
299 1722 529 1788 tempus
558 1716 818 1772 referunt
851 1733 862 1770 :
897 1721 962 1770 ut
991 1715 1092 1788 qui
1124 1715 1338 1771 Christi
1371 1732 1486 1770 non
1520 1716 1844 1786 receperint

186 1805 515 1873 veritatem,
547 1803 708 1859 illius
758 1804 1043 1876 recipiant
1090 1805 1481 1870 mendacium,
1514 1809 1571 1859 et
1621 1809 1840 1876 postea,

186 1893 418 1948 Christo
451 1893 814 1957 adveniente,
847 1893 1165 1948 salventur.

255 1986 318 2038 Et
348 1992 510 2038 canet
541 1984 619 2038 ibi
647 1985 808 2050 iuxta
830 1983 956 2038 dies
990 1984 1285 2049 iuventutis
1313 1998 1451 2048 sua,
1479 1983 1578 2038 23
1608 1987 1657 2037 et
1679 1984 1847 2052 juxta

189 2074 299 2128 dies
342 2073 682 2126 ascensionis
711 2088 822 2126 sua
864 2071 931 2126 de
967 2076 1116 2126 terra
1163 2073 1402 2142 (Egypti.
1437 2071 1575 2125 LXX
1609 2087 1622 2125 :
1654 2073 1717 2125 Et
1746 2071 1844 2125 hu-

190 2163 511 2216 miliabitur
526 2161 692 2231 juxta
710 2160 825 2215 dies
847 2161 1101 2230 infantia
1122 2175 1259 2229 sua,
1278 2163 1328 2214 et
1340 2161 1507 2229 juxta
1530 2160 1645 2214 dies
1666 2176 1848 2213 ascen-

191 2252 360 2305 sionis
393 2249 461 2304 de
487 2257 634 2304 terra
669 2249 909 2318 zEgypti.
928 2248 990 2302 In
1023 2263 1090 2302 eo
1124 2247 1248 2302 loco
1271 2248 1369 2302 ubi
1393 2264 1498 2302 nos
1520 2248 1845 2319 posuimus,

196 2347 376 2406 canet,
415 2343 474 2392 et
529 2339 677 2392 LXX
708 2337 1155 2406 transtulerunt,
1187 2336 1606 2399 humiliabitur;
1639 2336 1696 2389 in
1738 2336 1846 2390 He-

196 2427 395 2482 braico
432 2425 719 2497 scriptum
750 2431 840 2480 est
875 2427 1107 2479 ANATHA
1137 2426 1358 2494 (rima),
1394 2425 1548 2495 quod
1580 2425 1846 2496 Symma-

194 2515 338 2570 chus
366 2515 790 2584 interpretatus
815 2518 903 2569 est
918 2515 1222 2583 affligetur,
1241 2513 1601 2568 Theodotion
1624 2529 1848 2584 respon-

191 2603 352 2672 debit,
388 2601 608 2674 Aquila
635 2601 861 2671 obediet,
895 2601 951 2655 id
989 2607 1096 2669 est,
1134 2599 1422 2653 ὑπακούσει
1456 2617 1469 2654 :
1507 2618 1610 2656 nos
1636 2602 1708 2656 ab
1740 2601 1848 2656 He-

191 2693 360 2758 brao,
395 2690 538 2743 κατᾶ
569 2687 707 2758 λέξιν
742 2691 930 2761 magis
959 2689 1302 2761 accipimus,
1328 2689 1384 2743 id
1418 2692 1845 2761 est,pracinet:

193 2787 248 2836 ut
279 2781 430 2853 quia
461 2779 638 2834 semel
663 2780 1040 2849 jactationem
1075 2783 1131 2833 et
1154 2779 1525 2833 eductionem
1557 2778 1615 2832 in
1643 2778 1847 2834 solitu-

192 2870 414 2935 dinem,
452 2872 512 2922 et
542 2867 817 2922 vinitores
833 2884 902 2922 ex
933 2867 1135 2922 eodem
1165 2866 1379 2932 loco,et
1401 2866 1611 2922 vallem
1645 2867 1846 2937 Achor,

192 2961 496 3029 posuerat,
524 2960 579 3010 et
608 2960 786 3011 totam
811 2955 1115 3011 historiam
1141 2955 1478 3010 exeuntium
1513 2956 1582 3010 de
1609 2955 1849 3027 zEgypto

192 3051 244 3101 et
275 3043 654 3118 pergentium
701 3045 770 3099 ad
805 3049 1022 3099 terram
1069 3049 1330 3099 sanctam
1380 3045 1536 3099 brevi
1583 3059 1850 3099 sermone

1950 467 2755 533 concinentes.Humiliabitur
2784 481 2979 532 autem
3012 482 3070 531 et
3104 478 3406 548 afﬂigetur,
3442 480 3596 549 quod

1952 563 2086 620 LXX
2143 570 2198 620 et
2248 566 2634 637 Symmachus
2681 557 3126 635 transtulerunt,
3173 583 3284 620 non
3334 567 3601 621 convenit

1950 654 2198 725 tempori
2232 654 2468 718 latitia,
2502 654 2615 708 nisi
2651 655 2794 709 forte
2838 653 3166 708 imitabitur
3195 653 3462 720 Paulum,
3495 655 3594 726 qui

1951 749 2262 814 postquam
2312 748 2547 796 vocatus
2597 747 2685 796 est
2733 741 3050 814 apostolus,
3085 742 3310 813 plangit
3356 743 3600 814 antiqua

1953 837 2204 903 peccata,
2237 836 2293 884 et
2325 847 2386 885 se
2429 830 2572 886 dicit
2621 831 2929 901 indignum
2979 831 3278 885 vocatione
3329 832 3598 902 apostoli,

1952 921 2091 990 quia
2121 925 2462 991 persecutus
2510 920 2588 974 sit
2639 919 2948 974 Ecclesium
3003 919 3097 974 Dei
3134 921 3176 990 (l
3209 919 3328 974 Cor.
3362 921 3456 990 xv)
3491 938 3504 974 :
3537 925 3603 976 ut

1951 1008 2281 1063 humiliatio
2312 1013 2368 1064 et
2398 1008 2634 1063 afflictio
2675 1007 2734 1062 in
2766 1007 3121 1064 conscientia
3172 1009 3444 1079 prateriti
3475 1009 3600 1064 vul-

1952 1097 2129 1161 neris,
2165 1113 2280 1150 non
2328 1095 2387 1150 in
2438 1094 2634 1151 dolore
2676 1095 2964 1150 malorum
3017 1096 3395 1167 praesentium
3446 1097 3600 1153 acci-

1952 1185 2163 1255 piatur.

2023 1275 2124 1329 24
2145 1273 2330 1344 (Vers.
2362 1274 2428 1326 16
2446 1277 2503 1328 et
2525 1273 2635 1342 17.)
2660 1275 2722 1327 Et
2739 1277 2844 1328 erit
2866 1274 2925 1327 in
2945 1273 3034 1329 die
3055 1273 3183 1340 illa,
3204 1276 3283 1329 ait
3308 1276 3600 1345 Dominus,

1951 1364 2160 1417 vocabit
2187 1378 2273 1416 me
2302 1363 2390 1417 vir
2416 1378 2586 1424 meus,
2617 1367 2666 1416 et
2685 1378 2791 1416 non
2824 1363 3034 1416 vocabit
3055 1380 3140 1418 me
3168 1365 3318 1417 ultra
3340 1365 3558 1419 Baatim
3586 1382 3599 1420 ε

1951 1456 2001 1506 et
2029 1453 2281 1521 auferam
2307 1452 2535 1505 nomina
2563 1452 2783 1506 Baatim
2812 1450 2878 1505 de
2908 1466 3001 1506 ore
3028 1455 3171 1523 ejus,
3203 1455 3253 1507 et
3282 1467 3391 1506 non
3425 1469 3600 1507 recor-

1952 1539 2175 1594 dabitur
2195 1540 2341 1594 uttra
2360 1541 2602 1593 nominis
2622 1556 2832 1593 eorum.
2860 1539 3000 1594 LXX
3031 1540 3319 1595 similiter.
3337 1542 3601 1597 Primum

1953 1628 2112 1683 omni
2142 1629 2292 1682 Asia
2324 1643 2601 1698 regnasse
2634 1627 2870 1696 Ninum,
2903 1627 3022 1682 Beli
3057 1628 3270 1696 filium,
3314 1645 3517 1684 omnes
3545 1634 3602 1685 et

1955 1717 2160 1771 Graca
2191 1721 2248 1770 et
2277 1716 2539 1770 Barbara
2572 1721 2811 1770 narrant
2842 1715 3095 1770 historia
3129 1732 3143 1793 ς
3177 1717 3276 1787 qui
3306 1718 3459 1788 apud
3490 1720 3600 1772 As-

1955 1805 2140 1876 syrios
2163 1804 2378 1858 Ninum
2400 1805 2488 1859 sui
2522 1804 2780 1858 nominis
2801 1804 3061 1860 condidit
3092 1805 3407 1873 civitatem,
3423 1823 3598 1877 quam

1954 1893 2175 1948 Hebrai
2206 1897 2414 1948 vocant
2443 1893 2706 1947 Niniven.
2739 1893 2923 1963 Hujus
2968 1909 3112 1947 uxor
3139 1893 3500 1960 Semiramis,
3533 1896 3604 1951 de

1956 1999 2070 2052 qua
2103 1967 2288 2036 multa
2316 1986 2373 2036 et
2401 1981 2668 2036 miranda
2700 1982 3050 2046 referuntur,
3078 1997 3277 2036 muros
3296 1982 3605 2055 Babylonis

1955 2071 2238 2126 exstruxit
2272 2087 2284 2124 :
2321 2071 2392 2124 de
2425 2087 2540 2141 qua
2561 2071 2808 2142 insignis
2831 2075 2994 2142 poeta
3023 2075 3274 2126 testatur
3303 2072 3479 2142 (Ovid.
3507 2073 3608 2128 Me-

1955 2164 2087 2214 tam.
2123 2175 2198 2228 IV,
2232 2161 2326 2230 58)
2357 2159 2556 2214 dicens
2591 2175 2604 2214 :

2512 2247 2678 2303 Quam
2708 2246 2902 2295 dicitur
2930 2246 3057 2296 olim

2120 2309 2406 2359 Coctilibus
2433 2309 2594 2357 maris
2626 2309 2854 2358 cinxisse
2884 2310 3192 2358 Semiramis
3221 2311 3430 2360 urbem.

2028 2407 2133 2460 Hic
2179 2408 2455 2461 adversus
2503 2407 2864 2462 Zoroastrem
2909 2423 3212 2478 magnum,
3259 2423 3455 2480 regem
3506 2412 3604 2465 Ba-

1959 2495 2335 2560 ctrianorum,
2363 2493 2492 2548 forti
2517 2493 2831 2549 certamine
2861 2494 3192 2550 dimicavit:
3217 2500 3274 2550 et
3301 2496 3359 2550 in
3382 2501 3601 2552 tantam

1959 2583 2220 2654 pervenit
2249 2583 2516 2654 gloriam,
2551 2588 2618 2637 ut
2658 2587 2880 2653 patrem
2914 2599 3088 2637 suum
3121 2583 3327 2639 Belum
3369 2585 3608 2641 referret

1957 2672 2016 2726 in
2065 2671 2270 2737 Deum,
2324 2671 2423 2742 qui
2476 2671 2754 2726 llebraice
2804 2670 3021 2725 dicitur
3067 2688 3175 2726 BEL
3220 2657 3399 2744 (537:1),
3447 2678 3504 2729 et
3545 2675 3604 2728 in

1944 2759 2159 2815 multis
2178 2759 2872 2832 prophetis,maximeque
2896 2759 2955 2813 in
2986 2759 3218 2815 Daniele
3236 2762 3407 2830 juxta
3426 2762 3605 2818 Theo-

1959 2849 2278 2913 dotionem,
2313 2848 2422 2902 sub
2451 2847 2606 2902 idolo
2637 2848 2968 2920 Babylonis,
3001 2848 3110 2903 hoc
3141 2849 3469 2921 appellatur
3498 2868 3603 2905 no-

1960 2937 2137 2992 mine.
2171 2937 2335 2991 Hunc
2371 2935 2594 2991 Sidonii
2621 2941 2679 2991 et
2709 2936 3008 2993 Phanices
3038 2937 3336 3008 appellant
3363 2940 3434 3010 (ε)
3463 2956 3606 2993 BAAL
3658 2981 3662 2986 .

1960 3010 2114 3096 (iam)
2166 3043 2178 3080 :
2227 3025 2431 3080 eadem
2462 3025 2618 3080 enim
2667 3025 2818 3080 inter
2847 3041 2990 3080 nam
3039 3031 3097 3081 et
3145 3044 3330 3081 LAMED
3383 3027 3606 3084 litteras

194 3113 584 3206 perstrigens,
641 3133 814 3188 etiam
873 3149 1029 3186 nunc
1084 3132 1340 3187 historia
1397 3132 1848 3188 similitudinem

1966 3119 2372 3181 consonantes,
2406 3131 2502 3168 am
2529 3113 2742 3169 vocalis
2786 3113 2977 3169 littera
3011 3115 3265 3186 ponitur,
3299 3133 3427 3187 qua
3439 3118 3610 3187 juxta

196 3224 594 3279 conservaret.
631 3220 702 3274 Ut
752 3221 1044 3290 quomodo
1092 3221 1247 3275 eoin
1299 3225 1578 3292 tempore,
1615 3223 1848 3293 quando

195 3311 656 3385 egrediebantur
675 3310 746 3365 de
766 3312 919 3364 terra
948 3309 1195 3381 rEgypti,
1220 3311 1526 3365 submerso
1550 3310 1848 3366 Pharaone

195 3399 250 3455 in
280 3398 441 3455 mari
476 3399 691 3464 Rubro,
724 3397 971 3468 arripuit
998 3398 1178 3452 Maria
1215 3403 1579 3469 tympanum,
1615 3403 1673 3454 et
1702 3417 1847 3470 pra-

197 3488 398 3544 cinens
432 3486 678 3555 cateris,
711 3486 1021 3541 exsultavit
1049 3491 1104 3541 et
1125 3486 1307 3541 dixit:
1348 3487 1633 3542 Cantemus
1665 3490 1850 3544 Domi-

199 3594 279 3640 no,
309 3577 556 3647 gloriose
586 3575 735 3629 enim
754 3576 1144 3644 magniﬁcatus
1172 3579 1252 3630 est
1271 3595 1290 3629 .·
1311 3591 1504 3646 equum
1531 3585 1581 3631 et
1607 3593 1851 3633 ascenso-

198 3682 304 3720 rem
327 3665 538 3736 dejecit
561 3665 620 3717 in
650 3679 804 3718 mare
831 3664 1025 3731 (Exod.
1057 3681 1148 3734 xv,
1182 3665 1235 3731 1)
1265 3682 1284 3717 ,ο
1316 3665 1400 3718 sic
1432 3682 1586 3720 nunc
1619 3683 1851 3737 quoque

198 3754 531 3809 secundum
581 3752 706 3807 dies
746 3752 1075 3820 juventutis
1109 3770 1248 3817 sua,
1283 3751 1401 3808 sive
1449 3754 1852 3809 adolescentia

199 3859 334 3910 sua,
370 3840 609 3912 quando
642 3856 875 3912 egressa
896 3845 986 3896 est
1017 3842 1087 3896 de
1118 3846 1272 3896 terra
1297 3843 1546 3914 zEgypti,
1579 3847 1748 3897 canat
1766 3849 1851 3898 at-

198 3947 312 4002 que
343 3930 596 3994 laetetur,
621 3934 677 3985 et
697 3946 943 4001 regnum
967 3929 1179 3985 Christi
1204 3947 1269 3985 ac
1300 3947 1464 3986 suam
1499 3931 1746 3986 salutem
1767 3933 1853 3986 in-

200 4026 283 4073 ter
313 4017 589 4074 Ecclesia
621 4018 830 4073 choros
861 4019 1148 4073 concinat.
1180 4019 1249 4072 Et
1290 4019 1687 4074 animadverte
1719 4020 1858 4091 quia

201 4108 441 4178 quando
473 4106 700 4161 eximus
755 4107 825 4161 de
855 4111 1116 4177 zEgypto,
1149 4111 1205 4161 et
1253 4108 1324 4161 ad
1359 4106 1601 4162 meliora
1643 4109 1857 4164 transi-

203 4212 356 4262 mus,
381 4195 654 4250 dicamur
675 4195 987 4250 ascendere
1013 4213 1024 4250 :
1051 4195 1189 4266 quia
1215 4195 1538 4252 Jerusalem
1568 4196 1626 4250 in
1651 4198 1859 4252 monti-

205 4285 308 4340 bus
339 4284 462 4339 sita
491 4287 600 4347 est,
633 4285 704 4339 de
733 4300 851 4356 qua
878 4283 979 4354 qui
1030 4283 1090 4338 in
1119 4283 1350 4339 Jericho
1382 4285 1732 4340 descendere
1760 4303 1857 4340 vo-

205 4373 411 4438 luerat,
447 4372 788 4428 vulneratus
836 4377 925 4428 est
968 4372 1115 4442 (Luc.
1148 4373 1224 4443 Χ).
1257 4373 1339 4426 Ad
1371 4389 1469 4428 eos
1518 4378 1722 4428 autem
1755 4374 1855 4445 qui

207 4461 458 4534 .Egypti,
491 4460 548 4514 id
583 4464 690 4529 est,
723 4459 918 4516 saculi
948 4460 1128 4530 hujus
1160 4466 1430 4532 quarunt
1462 4461 1675 4516 auxilia
1715 4462 1856 4516 dici-

207 4554 296 4604 tur
327 4567 341 4605 :
385 4551 474 4604 Va:
491 4551 590 4620 qui
616 4548 943 4605 descendunt
977 4566 1035 4604 in
1053 4551 1311 4621 XEgytum
1333 4553 1560 4620 propter
1578 4549 1864 4605 auxilium

209 4639 329 4703 (Isa.
381 4654 543 4704 xxxx,
593 4637 665 4708 1).
716 4638 1116 4709 Interpretatio
1162 4637 1375 4709 Aquila
1416 4642 1473 4693 et
1517 4638 1861 4694 Theodotio-

213 4727 320 4791 nis,
353 4744 387 4782 e
421 4725 638 4796 quibus
668 4725 812 4781 alter
857 4725 1144 4779 ὑπακούσει
1177 4726 1392 4798 posuit,
1420 4725 1477 4779 id
1511 4730 1619 4791 est,
1645 4728 1859 4794 audiet,

210 4812 351 4868 alter
413 4812 854 4885 ἀπόκριθήσεται,
905 4815 961 4868 id
1013 4820 1103 4870 est
1143 4813 1506 4886 respondebit,
1552 4814 1860 4870 nobiscum

279 4992 357 5061 (a)
393 4992 765 5062 Ineptissime
796 5010 902 5049 suo
934 5009 1094 5048 more
1119 4993 1227 5048 hoc
1245 4994 1486 5048 verbum
1523 4996 1862 5051 circumcisio

215 5067 405 5136 mutat
454 5063 745 5136 Marianas
778 5065 835 5118 in
885 5066 1250 5120 concisioncm
1281 5069 1336 5119 et
1385 5065 1711 5136 pericopen,
1746 5083 1860 5121 non

214 5133 551 5204 intelligens
577 5134 795 5190 Judaos
823 5137 1011 5191 vocari
1044 5137 1147 5191 abs
1179 5133 1525 5207 Hieron—ymo
1558 5133 1860 5190 Circumci-

211 5207 440 5277 sioneni,
466 5207 636 5277 juxta
665 5207 1145 5262 consuetudinem
1178 5207 1422 5277 apostoli
1456 5207 1640 5276 Pauli,
1676 5208 1858 5263 MART.

215 5306 276 5314 -—
308 5275 819 5360 Victoriolegenti.
842 5280 1101 5360 concisio,
1126 5275 1293 5349 quasi
1312 5282 1501 5333 textus
1533 5279 1857 5360 περικοπῖςγ,

215 5363 366 5401 unus
402 5363 432 5400 e
463 5349 680 5402 nostris
712 5365 853 5404 mss.
887 5351 1142 5405 secunda
1189 5367 1366 5403 manu
1399 5349 1734 5404 assentitur.
1771 5351 1860 5404 Li-

216 5424 524 5543 quetlfero
573 5420 1088 5476 circumcesionem
1121 5420 1213 5474 hic
1241 5421 1575 5475 Judaorum
1626 5425 1858 5493 gentem

218 5504 363 5543 anne
415 5507 518 5543 ari.

218 5504 518 5559 appellari.

308 5561 359 5636 ὸ)
394 5561 611 5619 Vitiosa
641 5566 787 5636 erat,
819 5564 914 5639 qui
938 5563 1390 5641 praecinentibus,
1423 5565 1532 5626 etc.

1954 3203 2167 3274 lingua
2199 3202 2314 3258 illis
2343 3203 2754 3274 proprietatem
2787 3219 2943 3258 nunc
2987 3205 3138 3272 Bect,
3169 3221 3325 3258 nunc
3357 3207 3492 3260 Baat
3523 3205 3607 3260 le-

1957 3293 2131 3364 gitur.
2168 3291 2328 3346 Unde
2358 3297 2415 3346 et
2445 3291 2589 3347 Dido
2618 3291 2858 3346 Sidonia
2887 3292 3028 3363 regii
3060 3293 3308 3364 generis,
3342 3310 3476 3349 cum
3508 3295 3608 3350 ιΕ-

1959 3397 2128 3436 neam
2188 3380 2547 3450 suscepisset
2582 3379 2970 3450 hospitio,hac
2998 3385 3192 3450 patera
3211 3381 3337 3436 Jovi
3360 3383 3496 3436 vina
3515 3384 3610 3438 de-

1959 3469 2122 3533 libat,
2153 3469 2233 3537 (d)
2264 3485 2379 3540 qua
2400 3469 2566 3524 Belus
2585 3473 2640 3523 et
2669 3485 2854 3523 omnes
2875 3486 2908 3522 a
2941 3469 3064 3523 Belo
3083 3470 3255 3524 soliti.
3284 3470 3608 3526 Didicimus

1960 3557 2262 3612 exordium
2293 3556 2596 3623 damonis,
2642 3556 2823 3610 immo
2874 3555 3129 3611 hominis
3177 3556 3236 3610 in
3281 3557 3606 3613 damonem

1961 3646 2280 3702 consecrati
2316 3664 2328 3700 :
2361 3646 2560 3700 omnia
2580 3644 2734 3701 enim
2759 3644 2913 3700 idola
2933 3661 3002 3700 ex
3032 3649 3396 3701 mortuorum
3415 3663 3608 3703 errora

1962 3739 2286 3790 creverunt.
2336 3735 2658 3789 Audiamus
2704 3739 2952 3788 catera:
2999 3733 3220 3804 Lingua
3267 3734 3505 3790 Hebraa
3551 3739 3608 3790 et

1961 3824 2105 3896 Syra
2137 3823 2706 3894 BAALinterpretatur
2726 3818 2894 3895 ἔχων,
2925 3821 2981 3875 id
3024 3825 3134 3888 est,
3167 3822 3396 3877 habens.
3429 3823 3485 3876 Si
3513 3840 3606 3878 vo-

1964 3911 2250 3967 luerimus
2279 3912 2487 3978 dicere,
2520 3910 2720 3966 habens
2748 3927 2852 3980 me,
2885 3909 3150 3965 dicamus
3182 3926 3344 3965 BAALI
3376 3895 3556 3984 (ἦγε)
3591 3929 3603 3968 :

1965 4005 2022 4056 et
2047 4001 2201 4072 apud
2234 4004 2543 4070 utramque
2572 4004 2803 4070 gentem
2827 4015 3036 4054 uxores
3057 3998 3212 4054 viros
3239 4015 3377 4054 suos
3403 4004 3610 4055 vocant

1965 4091 2149 4156 Baati,
2182 4089 2239 4144 id
2264 4095 2353 4144 est
2381 4090 2468 4143 vir
2494 4104 2667 4154 meus,
2701 4089 2854 4160 quod
2887 4087 3252 4160 intelligitur,
3267 4087 3569 4145 habensme
3589 4107 3608 4144 .-

1965 4183 2022 4234 et
2069 4182 2160 4233 est
2200 4194 2431 4241 sensus,
2463 4177 2564 4248 qui
2613 4193 2705 4231 me
2752 4176 2930 4232 habet
2959 4175 3018 4230 in
3067 4177 3361 4250 conjugio.
3392 4178 3609 4233 Eadem

1966 4267 2337 4323 Hebraorum
2378 4265 2582 4338 lingua
2625 4270 2862 4322 vocatur
2905 4265 2994 4320 vir
3023 4265 3072 4320 is
3121 4268 3284 4337 (tam)
3314 4285 3326 4322 :
3361 4267 3516 4322 unde
3553 4271 3612 4322 et

1967 4373 2113 4410 uxor
2143 4373 2270 4426 qua
2303 4355 2371 4410 de
2399 4354 2521 4410 viro
2552 4359 2790 4426 sumpta
2819 4358 2927 4419 est,
2960 4354 3019 4408 in
3046 4355 3257 4410 Genesi
3286 4354 3611 4426 appellatur

1971 4461 2090 4500 ISSA
2121 4446 2307 4516 (nam,
2340 4444 2466 4499 Gen.
2512 4461 2574 4509 ιι,
2607 4445 2680 4510 1),
2713 4443 2882 4514 quasi
2913 4459 2948 4497 a
2984 4443 3105 4498 viro
3135 4459 3147 4498 :
3179 4443 3394 4514 virago.

2041 4533 2202 4596 Quod
2233 4548 2367 4603 ergo
2399 4531 2541 4586 dicit
2569 4531 2872 4597 Dominus,
2896 4531 3005 4586 hoc
3035 4533 3123 4586 est
3152 4546 3166 4585 :
3199 4547 3333 4586 cum
3367 4533 3614 4601 utroque

1971 4624 2044 4693 (e)
2077 4637 2365 4688 sermone,
2394 4637 2499 4676 ISSI
2530 4624 2587 4674 et
2618 4637 2784 4674 BAALI
2821 4618 3151 4691 appellatur
3177 4620 3264 4674 vir
3290 4634 3461 4689 meus,
3494 4619 3615 4674 sive

1969 4713 2208 4766 maritus
2253 4725 2418 4779 meus,
2469 4712 2696 4763 tantum
2745 4707 2839 4763 odi
2897 4708 3186 4763 idolorum
3245 4707 3504 4774 nomina,
3551 4710 3617 4761 ut

1971 4801 2145 4856 etiam
2177 4799 2331 4869 quod
2365 4797 2642 4852 benedici
2674 4801 2883 4870 potest,
2906 4801 3138 4869 propter
3170 4795 3613 4868 ambiguitatem

2064 4980 2112 5048 c)
2143 4975 2347 5048 Nostri
2367 4991 2510 5029 mss.
2534 4978 2874 5048 constanter
2903 4973 3198 5048 aspirant,_
3215 4974 3407 5048 Battat.

2063 5045 2117 5119 ιι)
2149 5045 2426 5118 Virgilius
2458 5047 2566 5100 sub
2598 5045 2730 5100 libri
2762 5045 2972 5117 prioris
3002 5045 3274 5100 zEneidos
3305 5045 3479 5100 finem
3510 5061 3522 5098 :

2096 5171 2190 5220 Hic
2219 5169 2404 5232 regina
2433 5181 2646 5230 gravem
2679 5169 2903 5231 gemmis
2932 5182 3172 5231 auroque
3200 5169 3457 5232 poposcit,

2096 5231 2446 5293 Implevitque
2483 5245 2629 5280 mero
2674 5236 2932 5293 pateram,
2963 5245 3121 5294 quam
3155 5231 3308 5280 Belus
3347 5237 3399 5281 et
3427 5244 3616 5281 omnes

2094 5297 2135 5344 Α
2167 5294 2286 5343 Belo
2317 5294 2474 5350 soliti,
2510 5297 2611 5342 etc.

1972 5493 2014 5548 Β
2042 5418 2349 5546 (inﬁdam
2401 5433 2568 5485 mss.,
2598 5420 2826 5488 utroque
2867 5432 3131 5488 sermone,
3170 5418 3273 5474 "hoc
3316 5424 3410 5489 est,
3462 5419 3528 5489 Is,
3562 5425 3615 5478 et

2019 5509 2050 5548 a
2093 5507 2126 5546 a
2154 5507 2190 5546 ι.

2019 5507 2190 5548 αηαιι.
