3964 6184
471 272 592 338 839

1726 273 1794 334 8.
1840 270 2151 336 EUSEBII
2193 271 2634 336 HIERONYMI

3687 277 3774 342 an

463 412 520 464 et
549 407 711 463 verbi
737 406 1209 477 similitudinem,
1229 421 1597 477 nequaquam
1625 404 1793 461 velim
1826 406 1963 472 dici,
2008 406 2110 461 sed
2140 409 2194 473 Α,
2223 407 2334 462 sub
2365 423 2480 462 uno
2515 411 2746 478 pastore
2765 407 3148 478 requiescent.
3179 406 3300 466 sive
3316 409 3622 480 sperabunt,
3641 410 3687 464 in
3709 411 3778 467 his

459 496 743 567 appellari
775 511 866 550 me
898 511 1026 560 1531,
1059 495 1248 566 magis
1279 496 1374 551 25
1411 511 1589 565 quam
1621 511 1786 549 sum
1819 511 1831 548 :
1866 510 1938 549 ne
1967 495 2109 549 dum

461 583 616 638 aliud
649 583 930 654 loquitur,
965 581 1206 638 alterius
1233 583 1588 652 recordetur,
1622 587 1678 637 et
1706 582 1896 637 virum
1929 582 2111 636 nemi-

463 689 630 740 nans,
664 670 887 726 idolum
919 671 1149 743 cogitet.
1186 673 1425 744 Ignosce
1455 671 1817 738 obscuritati,
1851 688 1974 742 quae
2003 671 2108 724 tri-

456 761 569 815 bus
621 759 884 816 nascitur
927 760 1118 816 modis
1155 779 1166 814 :
1211 765 1312 816 aut
1361 777 1558 816 rerum
1609 760 1974 828 difficultate,
2007 763 2110 814 aut

459 849 724 920 magistri
774 849 1088 920 imperitia,
1122 856 1224 906 aut
1274 849 1554 905 discentis
1584 849 1768 904 nimia
1809 849 2100 903 tarditate.

456 937 654 1010 Neque
674 939 830 993 enim
847 939 1151 994 Hebraeum
1175 939 1517 1010 prophetam
1549 938 1897 1004 edisserens,
1913 942 2106 992 orato-

449 1026 554 1082 riis
575 1027 756 1082 debeo
777 1027 1322 1083 declamatiuuculis
1353 1027 1574 1096 ludere,
1607 1031 1664 1081 et
1682 1027 1739 1080 in
1758 1025 2101 1081 narrationi-

453 1115 564 1170 bus
594 1119 769 1188 atque
798 1115 1044 1188 epilogis
1061 1116 1315 1172 Asiatico
1349 1131 1506 1171 more
1537 1119 1792 1184 cantare,
1809 1115 1909 1170 sed
1937 1114 2098 1169 auxi-

451 1201 527 1257 lio
566 1203 896 1259 orationum
927 1209 1180 1273 tuarum,
1214 1209 1270 1259 et
1299 1203 1629 1259 incredibili
1678 1203 1943 1259 discendi
1977 1207 2100 1260 stu-

452 1292 570 1358 dio,
603 1293 828 1364 aperire
859 1309 986 1364 quae
1017 1292 1220 1348 clausa
1250 1297 1410 1348 sunt.
1443 1293 1705 1364 Denique
1732 1292 1940 1364 Aquila
1969 1292 2101 1347 dili-

452 1396 595 1452 gens
619 1386 677 1436 et
705 1381 975 1436 curiosus
1005 1381 1350 1452 interpretes
1374 1398 1386 1436 :
1420 1383 1654 1450 Vocabit,
1678 1381 1888 1453 inquit,
1908 1397 1996 1435 me
2015 1382 2103 1435 vir

450 1485 625 1536 meus,
683 1478 734 1525 et
799 1485 908 1524 non
963 1471 1174 1525 vocabit
1232 1486 1320 1525 me
1381 1471 1531 1526 ultra
1599 1470 1823 1539 habens,
1882 1485 1988 1540 me,
2041 1469 2099 1523 id

456 1561 563 1625 est,
593 1574 756 1612 ΒΑΜ..

518 1646 706 1716 (Vers.
743 1647 856 1717 18.)
887 1648 951 1701 Et
980 1648 1288 1717 percutiam
1315 1649 1394 1702 eis
1423 1648 1602 1717 [Ledus
1631 1649 1692 1702 in
1720 1647 1809 1702 die
1839 1647 1946 1702 illa
1974 1663 2099 1702 cum

446 1735 623 1790 bestia
653 1736 798 1802 agri,
829 1742 882 1789 et
901 1751 1026 1789 cum
1051 1739 1266 1791 volucre
1294 1736 1498 1802 cwli,et
1527 1751 1650 1790 cum
1678 1736 1876 1803 reptili
1895 1739 2092 1792 terra}:

444 1827 496 1878 et
526 1838 739 1889 arcum,
772 1827 825 1877 et
851 1823 1118 1891 gladium,
1141 1827 1196 1878 et
1227 1825 1432 1878 bellum
1449 1826 1727 1879 conteram
1747 1823 1813 1878 de
1841 1832 1988 1878 terra
2009 1841 2027 1878 :
2047 1827 2098 1878 et

445 1911 690 1966 dormire
732 1927 822 1966 eos
867 1913 1073 1981 faciam
1119 1912 1470 1981 ﬁducialiter.
1508 1912 1686 1968 LXX:
1720 1914 1784 1966 Et
1811 1913 2098 1983 disponam

444 2002 525 2056 eis
555 2003 939 2056 testamentum
967 2002 1026 2054 in
1055 2000 1146 2055 die
1186 2001 1288 2054 illa
1316 2017 1442 2054 cum
1491 2001 1677 2055 bestiis
1722 2002 1866 2070 agri,
1898 2008 1948 2056 et
1974 2017 2100 2054 cum

444 2088 769 2144 volatilibus
798 2090 942 2152 caeli,
956 2097 1007 2144 et
1035 2105 1161 2144 cum
1189 2089 1476 2159 reptilibus
1506 2092 1708 2145 terrae.-
1739 2097 1790 2144 et
1820 2105 2028 2159 arcum,
2043 2093 2100 2143 et

443 2177 711 2247 gladium,
735 2185 789 2232 et
818 2178 1017 2232 bellum
1044 2180 1322 2233 conteram
1351 2177 1415 2232 de
1447 2187 1625 2232 terra;
1659 2183 1711 2232 el
1740 2179 1993 2234 habitare
2012 2193 2098 2232 eos

442 2267 646 2338 faciam
678 2269 738 2321 in
766 2281 874 2336 spe.
908 2266 1150 2328 Quando
1178 2265 1377 2321 omnia
1398 2265 1698 2338 religionis
1729 2267 1982 2321 adversm
1999 2282 2095 2320 vo-

445 2354 656 2410 cabula
675 2354 890 2410 fuerint
910 2353 1103 2409 ablata
1119 2355 1190 2408 de
1203 2354 1416 2426 populo
1434 2354 1742 2409 Dominum
1766 2355 2096 2419 confitente,

447 2447 504 2498 et
549 2443 841 2500 vocaverit
887 2459 1000 2510 me,
1031 2442 1244 2513 inquit,
1294 2445 1383 2498 vir
1426 2459 1598 2513 meus,
1629 2448 1685 2499 et
1730 2459 2098 2514 nequaquam

450 2533 634 2601 Baali,
683 2532 744 2587 id
793 2537 901 2601 est,
934 2531 1148 2586 idolum
1194 2547 1400 2600 meum,
1449 2536 1590 2586 tunc
1647 2532 1964 2602 percutiam
2013 2531 2098 2586 eis

442 2620 637 2677 fcedus
667 2625 840 2691 atque
870 2618 1240 2675 concordiam
1267 2637 1400 2675 cum
1433 2620 1637 2676 bestiis
1668 2620 1812 2692 agri,
1845 2625 1902 2675 et
1929 2618 2095 2675 volu-

446 2710 644 2766 cribus
674 2707 825 2775 caeli,
858 2714 914 2763 et
943 2708 1255 2780 reptilibus
1286 2714 1472 2763 terrae.
1509 2714 1585 2764 De
1616 2709 1723 2764 hoc
1751 2714 2012 2780 tempore
2041 2712 2098 2762 et

445 2797 627 2853 Isaias
657 2795 916 2866 loquitur
947 2813 960 2850 :
991 2797 1267 2852 Habitabit
1295 2798 1452 2868 lupus
1482 2814 1607 2852 cum
1625 2813 1800 2864 agno;
1827 2806 1878 2852 et
1892 2797 2096 2867 pardus

444 2901 571 2940 cum
595 2884 762 2940 hwdo
789 2885 1090 2940 accubabit.
1131 2887 1424 2953 Vitulus,et
1444 2887 1548 2954 leo,
1566 2895 1616 2941 et
1645 2888 1759 2941 ovis
1787 2887 1954 2939 simul
1973 2902 2096 2940 mo-

445 2973 738 3039 rabuntur,
771 2977 821 3028 et
864 2991 1002 3045 puer
1040 2976 1308 3046 parvulus
1348 2975 1586 3030 minabit
1626 2990 1736 3030 eos.
1794 2976 1998 3029 Vitulus
2042 2978 2096 3029 et

447 3079 612 3119 ursus
635 3071 956 3135 pascentur,
971 3068 1022 3118 et
1046 3066 1214 3119 simul
1241 3067 1578 3135 requiescent
1603 3066 1778 3119 catuli
1799 3081 1990 3119 eorum
2007 3085 2026 3118 .-
2043 3067 2093 3119 et

2126 1779 2174 1842 B

2220 512 2349 566 qua)
2377 494 2583 550 oculus
2634 512 2749 550 non
2779 496 2940 566 vidit,
2973 503 3029 552 et
3078 497 3241 553 auris
3285 515 3397 552 non
3436 498 3647 566 audivit,
3670 501 3778 555 etin

2217 600 2317 638 cor
2347 583 2602 639 hominis
2626 602 2740 640 non
2770 587 3176 656 ascenderunt,
3193 603 3320 658 quas
3340 587 3652 658 praeparavit
3667 588 3780 646 Deus

2217 672 2602 745 diligentibus
2633 689 2696 728 se
2721 674 2762 742 (Ι
2797 674 2918 730 Cor.
2952 675 3014 745 1).

2287 761 2472 830 (Vers.
2504 763 2615 833 19.)
2647 765 2720 816 Et
2742 764 3005 834 sponsabo
3039 768 3088 817 te
3111 763 3258 818 mihi
3287 766 3347 819 in
3374 766 3783 835 sempiternum

2215 851 2478 920 sponsabo
2508 859 2557 905 te
2585 853 2725 906 mihi
2770 852 2830 906 in
2856 854 3096 922 justitia,
3129 861 3179 907 et
3198 851 3428 922 judicio,
3459 857 3506 907 et
3551 855 3603 906 in
3627 856 3786 908 miscri-

2214 939 2421 1004 cordia,
2464 944 2518 994 et
2573 941 2633 993 in
2679 939 2869 1011 [Vulg.
2924 941 3144 1012 absque
3189 941 3270 1011 in]
3308 941 3651 996 miserationis
3694 957 3704 994 :
3750 951 3785 997 et

2213 1028 2476 1095 sponsabo
2505 1037 2556 1083 te
2585 1031 2730 1083 mihi
2758 1031 2819 1083 in
2847 1030 2956 1099 ﬁde
2984 1049 3003 1085 :
3033 1039 3084 1084 et
3111 1031 3247 1085 scies
3271 1032 3401 1100 quia
3447 1046 3538 1099 ego
3565 1031 3784 1084 Dominus.

2215 1115 2350 1170 LXX
2393 1116 2681 1172 similiter.
2715 1117 2758 1172 Ο
2789 1122 3006 1188 quanta
3054 1118 3366 1174 clementia
3411 1118 3544 1173 Dei!
3577 1119 3788 1174 meretrix

2213 1221 2339 1275 quae
2373 1222 2505 1261 cum
2554 1206 2758 1261 multis
2803 1207 3166 1262 amatoribus
3208 1206 3490 1262 fornicata
3535 1211 3632 1276 est,
3657 1210 3700 1260 et
3738 1207 3788 1261 ob

2211 1294 2432 1349 crimen
2467 1294 2672 1350 bestiis
2707 1296 2938 1362 tradita,
2972 1299 3288 1366 postquam
3335 1294 3624 1350 revertitur
3648 1294 3705 1348 ad
3725 1294 3790 1348 vi-

2211 1399 2362 1448 rum,
2413 1399 2782 1454 nequaquam
2839 1384 3197 1438 reconciliari
3248 1383 3300 1438 ei
3343 1383 3564 1446 dicitur,
3607 1383 3692 1436 sed
3727 1382 3792 1436 de-

2209 1471 2513 1542 spondi.Et
2536 1470 2668 1526 vide
2700 1471 2840 1542 quid
2876 1471 2954 1526 sit
2981 1471 3133 1526 inter
3163 1472 3265 1527 Dei
3299 1471 3724 1541 conjunctionem
3745 1474 3785 1522 et

2208 1558 2514 1614 hominum
2543 1576 2554 1614 :
2591 1560 2764 1614 homo
2796 1576 2928 1614 cum
2963 1577 3203 1614 uxorem
3223 1559 3520 1631 acceperit,
3538 1559 3604 1613 de
3620 1558 3791 1629 virgine

2207 1647 2513 1703 mulierem
2546 1648 2701 1717 facit,
2735 1648 2792 1702 id
2841 1652 2949 1715 est,
2982 1663 3096 1702 non
3132 1648 3453 1719 virginem;
3489 1649 3622 1701 Deus
3657 1647 3790 1700 etiam

2209 1736 2612 1792 meretricibus
2638 1736 2966 1807 copulatus,
2986 1754 3085 1792 eas
3116 1740 3307 1791 mutat
3330 1737 3386 1790 in
3411 1734 3654 1806 virgines,
3664 1734 3791 1804 juxta

2209 1824 2354 1878 illud
2385 1825 2538 1895 quod
2573 1825 2849 1880 adulterae
2881 1825 3095 1880 dicitur
3123 1842 3230 1896 per
3256 1824 3560 1880 Jeremiam
3592 1841 3603 1878 :
3635 1822 3728 1876 Non
3748 1824 3791 1875 ut

2205 1913 2488 1968 dominum
2534 1929 2620 1967 me
2672 1915 2953 1978 invocasti,
2999 1918 3096 1968 aut
3137 1917 3380 1983 patrem,
3413 1915 3503 1966 aut
3541 1911 3790 1982 principem

2204 2003 2544 2070 virginitatis
2585 2006 2693 2057 tuae
2726 2003 2851 2074 (Jer.
2890 2020 2976 2072 ιιι,
3007 2003 3082 2072 4).
3116 2002 3282 2057 Unde
3311 2007 3368 2058 et
3394 1998 3664 2071 apostolus
3689 2001 3790 2067 post

2207 2089 2644 2144 fornicationem
2683 2094 2740 2145 et
2768 2088 3055 2144 idolorum
3090 2088 3320 2145 cultum
3353 2085 3683 2142 credentibus
3707 2082 3785 2138 Co.

2207 2176 2441 2232 rinthiis
2491 2176 2794 2248 loquitur:
2826 2177 3097 2248 Despondi
3136 2179 3292 2233 enim
3337 2191 3426 2231 vos
3451 2176 3545 2228 uni
3579 2173 3786 2228 virovir-

2207 2268 2391 2334 ginem
2410 2275 2615 2321 castam
2632 2266 2890 2320 exhibere
2903 2266 3115 2321 Christo
3128 2266 3144 2337 (
3154 2265 3200 2320 II
3221 2264 3342 2321 Cor.
3361 2264 3514 2334 x1,i).
3528 2259 3783 2325 Quaerimus

2208 2370 2314 2409 cur
2354 2355 2526 2410 tertio
2584 2355 2993 2426 desponsionis
3039 2370 3258 2409 nomen
3303 2351 3594 2424 repetierit.
3635 2347 3783 2402 Primo

2205 2443 2362 2498 enim
2396 2443 2503 2498 ait:
2539 2443 2818 2513 Sponsabo
2843 2447 2894 2498 te
2919 2443 3063 2498 mihi
3101 2445 3162 2497 in
3193 2444 3598 2513 sempitemum.
3627 2438 3786 2492 Secun-

2206 2531 2279 2586 do
2304 2549 2317 2587 :
2341 2531 2615 2602 Sponsabo
2635 2535 2685 2587 te
2700 2531 2841 2585 mihi
2861 2533 2922 2585 in
2933 2532 3160 2602 justitia
3185 2539 3236 2586 et
3247 2531 3476 2602 judicio,
3489 2533 3536 2585 et
3555 2529 3608 2582 in
3619 2524 3785 2580 miseri-

2203 2620 2393 2676 cordia
2451 2630 2504 2675 ct
2552 2621 3015 2675 miserationibus.
3066 2620 3187 2675 Nec
3237 2621 3346 2674 hoc
3392 2619 3501 2673 ﬁne
3542 2618 3787 2671 contentus

2196 2709 2397 2780 jungit
2425 2714 2481 2762 et
2524 2709 2784 2763 tertium.
2832 2709 3108 2780 Sponsabo
3137 2717 3195 2763 te
3221 2708 3364 2763 mihi
3391 2710 3445 2762 in
3473 2705 3585 2775 ﬁde,
3613 2712 3657 2758 et
3685 2703 3784 2758 scies

2203 2798 2333 2867 quia
2354 2813 2455 2869 ego
2480 2797 2755 2851 Dominus.
2769 2796 2957 2852 Primo
2971 2797 3289 2868 despondit
3308 2813 3433 2852 eam
3455 2795 3510 2850 in
3530 2791 3780 2855 Abraham,

2204 2885 2322 2940 sive
2363 2886 2422 2940 in
2469 2885 2734 2957 Egypto,
2769 2890 2833 2939 ut
2881 2901 3116 2942 uxorem
3150 2885 3366 2942 habeat
3409 2882 3780 2954 sempiternam.

2202 2974 2466 3029 Secundo
2497 2973 2556 3028 in
2606 2979 2801 3030 monte
2844 2974 3027 3039 Sinai,
3059 2974 3214 3030 dans
3245 2975 3297 3030 ei
3347 2990 3445 3045 pro
3475 2966 3783 3042 sponsalibus

2205 3062 2371 3134 Legis
2395 3061 2688 3134 justitiam
2739 3069 2915 3134 atque
2955 3061 3276 3132 judicium,
3310 3062 3361 3118 ei
3395 3063 3636 3132 junctam
3682 3051 3781 3122 Legi

450 3154 531 3209 leo
582 3155 742 3223 quasi
789 3152 880 3208 bos
925 3153 1165 3210 comedet
1202 3154 1392 3223 paleas
1429 3154 1554 3223 (Isa.
1606 3171 1683 3218 x1,
1735 3154 1789 3218 6,
1840 3155 1947 3221 7);
2001 3169 2096 3207 ne-
2125 3139 2168 3204 C
2206 3150 2686 3218 misericordiam,
2747 3155 2810 3205 ut
2880 3150 3114 3221 quando
3194 3150 3526 3221 peccaverit,
3579 3144 3784 3200 tradatur

449 3258 745 3313 quaquam
802 3257 1036 3297 carnem
1085 3242 1548 3313 sanguinemque
1594 3242 1948 3307 desiderans,
1991 3243 2091 3298 sed

452 3331 689 3386 mundis
736 3334 912 3401 atque
960 3329 1329 3401 simplicibus
1386 3347 1625 3385 vescens
1668 3330 1834 3386 cibis.
1895 3330 2094 3393 Oando

446 3422 635 3487 Petro,
698 3422 765 3473 ut
839 3418 1176 3473 Cornelium
1235 3418 1558 3488 susciperet
1631 3435 1699 3474 ex
1759 3419 2094 3474 nationibus

444 3506 579 3578 (Act.
638 3525 692 3574 x,
744 3507 857 3578 15),
891 3506 1230 3574 revelatum,
1255 3507 1610 3578 jussumque
1659 3512 1748 3562 est
1790 3512 1855 3561 ut
1903 3523 2093 3562 come-

445 3595 610 3651 deret
639 3611 844 3650 omnes
889 3595 1125 3663 bestias,
1159 3600 1215 3649 et
1244 3594 1390 3649 nihil
1437 3595 1809 3650 immundum
1841 3611 1970 3650 esse
2000 3610 2093 3649 co-

444 3684 930 3756 gnosceret,quod
948 3700 1080 3739 cum
1096 3684 1415 3755 gratiarum
1439 3684 1663 3739 actione
1676 3683 2090 3755 perciperetur:

446 3789 623 3844 super
659 3772 876 3843 quibus
907 3773 1071 3828 audit
1090 3778 1294 3844 postea
1325 3791 1337 3827 :
1369 3773 1517 3841 Quod
1545 3774 1683 3828 Deus
1713 3772 2013 3840 mandavit,
2035 3775 2096 3826 tu

444 3879 517 3916 ne
545 3877 830 3917 commune
870 3861 1080 3916 dixeris
1109 3863 1322 3933 (Ephes.
1359 3880 1416 3928 ιι,
1453 3863 1526 3933 1).
1560 3866 1706 3933 Ergo
1754 3861 1810 3916 in
1844 3862 2094 3916 adventu

449 3949 682 4005 Domini
713 3948 1045 4017 Salvatoris,
1080 3954 1212 4021 post
1260 3949 1698 4006 resurrectionis
1728 3950 1855 4019 ejus
1885 3949 2094 4003 trium-

447 4038 615 4109 phos,
634 4042 691 4092 et
706 4053 1015 4092 ascensum
1042 4039 1113 4092 ad
1145 4042 1394 4102 Patrem,
1419 4039 1531 4094 duo
1555 4038 1806 4110 parietes
1829 4037 2094 4110 angulari

445 4125 638 4196 lapide
668 4123 921 4195 copulati
952 4131 1092 4181 sunt
1119 4126 1193 4181 ab
1221 4144 1310 4192 eo,
1349 4128 1450 4198 qui
1481 4127 1616 4182 fecit
1647 4133 1961 4199 utrumque
1991 4127 2094 4192 [Αι.

449 4213 718 4282 utraque]
765 4228 972 4267 unum.
1023 4214 1092 4268 Et
1146 4214 1365 4270 vocavit
1411 4231 1538 4270 eam
1590 4232 1715 4287 quae
1775 4217 2094 4285 dicebatur,

447 4300 668 4372 absque
681 4299 1101 4367 misericordia,
1118 4301 1578 4358 misericordiam
1609 4308 1978 4360 consecutam
2001 4320 2014 4357 :
2041 4309 2100 4359 et

446 4406 581 4446 eum
622 4389 722 4461 qui
771 4387 1073 4444 dicebatur
1122 4407 1237 4446 non
1289 4391 1540 4463 populus
1589 4409 1776 4459 meus,
1812 4393 2094 4464 populum

445 4495 621 4536 suum
648 4477 1024 4551 :pacatisque
1054 4480 1536 4547 omnibus,arcus
1565 4486 1621 4537 et
1640 4482 1871 4554 gladius
1901 4487 2096 4536 conte-
2130 4503 2174 4567 Ι)

447 4573 608 4624 retur
655 4583 723 4624 ac
774 4567 1012 4624 bellum.
1042 4569 1167 4624 Non
1198 4570 1354 4624 enim
1405 4575 1579 4626 erunt
1627 4571 1728 4626 26
1768 4568 2097 4625 necessaria

445 4656 842 4714 instrumenta
873 4659 1284 4730 pugnantium,
1309 4676 1442 4714 cum
1474 4659 1574 4731 qui
1605 4664 1879 4731 pugnent,
1905 4658 2096 4714 defue-

449 4746 588 4801 rint.
619 4746 914 4818 Jungetur
944 4747 1118 4803 Israel
1167 4749 1464 4820 gentibus,
1499 4754 1556 4804 et
1586 4747 1919 4818 implebitur
1949 4747 2096 4802 illud

447 4834 880 4890 Deuteronomii
925 4851 936 4888 :
995 4837 1292 4892 Laztamini
1333 4843 1515 4907 gentes
1561 4853 1686 4891 cum
1730 4837 1927 4906 populo
1982 4836 2099 4906 ejus

448 4924 634 4994 (Deut.
687 4940 860 4985 xxxn,
911 4925 1020 4991 43).
1069 4926 1233 4979 Notus
1289 4926 1442 4980 enim
1494 4927 1553 4979 in.
1598 4924 1786 4980 Juda’a
1834 4926 1990 4994 Deus,
2039 4929 2099 4980 in

446 5013 619 5068 Israel
661 5029 922 5083 magnum
969 5029 1167 5069 nomen
1215 5015 1348 5084 ejus.
1383 5015 1450 5069 Et
1484 5032 1496 5070 :
1530 5016 1723 5068 Factus
1753 5018 1835 5067 est
1884 5016 1944 5068 in
1967 5031 2100 5084 pace

449 5101 596 5156 locus
645 5101 782 5170 ejus,
834 5112 887 5157 et
932 5101 1200 5157 habitatio
1245 5104 1362 5171 eius
1405 5105 1463 5156 in
1511 5102 1640 5157 Sion
1690 5103 1858 5172 (Psal.
1915 5107 2096 5172 Lxxv’),

445 5189 553 5244 hoc
585 5193 691 5255 est,
727 5189 786 5243 in
820 5189 1098 5260 Ecclesia,
1132 5191 1188 5245 in
1223 5207 1336 5262 qua
1368 5191 1652 5262 confregit
1684 5191 1975 5261 potentias
2001 5211 2100 5246 ar-

450 5292 610 5346 cum,
639 5280 896 5344 scutum,
925 5275 1184 5348 gladium
1235 5283 1293 5332 et
1343 5277 1559 5332 bellum
1597 5294 1608 5331 :
1644 5277 1858 5348 quibus
1903 5280 2102 5335 fractis

451 5367 625 5435 atque
656 5365 944 5433 contritis,
977 5366 1265 5421 dormiant
1313 5366 1616 5422 credentes
1649 5365 2014 5437 ﬁducialiter,
2047 5375 2105 5426 et

2204 3239 2543 3311 captivitati,
2576 3255 2709 3294 cum
2760 3240 2942 3311 egerit
2989 3238 3417 3310 paenitentiam,
3450 3237 3706 3292 revocetur
3739 3229 3779 3281 in

2203 3329 2474 3400 patriam,
2525 3333 2583 3383 et
2635 3327 3098 3383 misericordiam
3150 3331 3551 3399 consequatur.
3607 3327 3672 3375 De
3715 3318 3783 3371 his

2203 3417 2572 3488 sponsalibus
2615 3416 2675 3470 in
2724 3416 2966 3470 diversis
3001 3415 3142 3470 locis
3176 3415 3482 3486 psalmista
3528 3411 3778 3466 decantat:

2203 3503 2628 3560 Misericordiam
2681 3512 2732 3560 et
2795 3504 3068 3575 judicium
3142 3506 3376 3560 cantabo
3449 3501 3561 3564 tibi,
3612 3494 3788 3553 Domine

2203 3596 2315 3667 (Ps.
2367 3612 2463 3661 cn,
2511 3595 2587 3664 2).
2630 3594 2698 3647 Et
2743 3611 2755 3648 :
2806 3592 3172 3648 Misericordia
3225 3597 3274 3649 et
3307 3594 3499 3648 veritas
3524 3590 3608 3644 27
3645 3582 3781 3640 obuia

2200 3691 2400 3737 verunt
2445 3683 2573 3747 sibi,
2622 3689 2672 3736 et
2709 3683 2936 3753 justitia
2981 3690 3032 3736 et
3074 3697 3190 3752 pax
3242 3680 3560 3736 deosculata
3607 3675 3713 3730 sunt
3748 3681 3788 3722 te

2205 3773 2319 3843 (Ps.
2355 3788 2574 3834 LXXXIV,
2610 3771 2717 3840 11).
2742 3771 2896 3833 Quos
2926 3770 3072 3824 duos
3095 3769 3308 3825 calices
3338 3770 3396 3823 in
3421 3759 3785 3839 septuagesimo

2205 3865 2413 3932 quarto
2444 3857 2672 3930 psalmo
2698 3858 2947 3930 legimus
2980 3875 2992 3911 :
3029 3858 3190 3913 Catia:
3212 3861 3275 3914 in
3303 3873 3472 3913 manu
3496 3851 3689 3910 Domini
3703 3844 3790 3901 vini

2204 3951 2345 4004 meri
2370 3949 2563 4020 plenus
2591 3949 2786 4012 mixto,
2820 3955 2869 4001 et
2898 3947 3190 4002 inclinavit
3223 3964 3295 4002 ex
3335 3947 3432 4002 hoc
3460 3947 3515 4000 in
3540 3943 3678 3998 illum
3700 3952 3711 3990 :
3737 3933 3789 3987 de

2197 4037 2444 4108 justitiae
2477 4034 2654 4091 calice
2686 4035 2745 4089 in
2777 4035 3018 4090 calicem
3065 4034 3494 4101 misericordiae,
3525 4037 3578 4087 et
3603 4034 3787 4084 rursum

2206 4127 2278 4181 de
2307 4124 2484 4180 calice
2530 4123 2943 4179 misericordim
2990 4123 3048 4178 in
3099 4123 3339 4179 calicem
3364 4120 3609 4194 juttitim.
3635 4116 3687 4170 Si
3709 4109 3792 4166 ini-

2207 4217 2460 4285 quitates,
2506 4212 2718 4283 inquit,
2754 4212 3137 4279 observaveris,
3173 4214 3420 4275 Domine,
3453 4209 3675 4268 Domine,
3700 4198 3791 4272 qui!

2204 4303 2547 4358 sustinebet?
2575 4303 2728 4371 Quia
2757 4302 2904 4372 apud
2927 4305 2979 4356 te
3001 4302 3329 4372 propitiatio
3355 4303 3434 4356 est
3461 4296 3622 4370 (Psal.
3649 4302 3793 4348 cum

2206 4393 2259 4456 3,
2310 4392 2385 4462 4).
2437 4393 2554 4447 Ista
2616 4389 2795 4462 igitur
2863 4391 3157 4456 meretrix,
3207 4407 3333 4461 quae
3400 4388 3637 4460 primum
3694 4378 3790 4432 voto

2206 4480 2407 4550 sponsi
2440 4480 2499 4534 in
2531 4479 2607 4550 (a)
2661 4483 2907 4534 aeternos
2956 4479 3141 4534 fuerat
3161 4479 3373 4548 juncta
3401 4464 3791 4556 complexus,

2207 4549 2530 4639 numquam
2549 4549 2830 4623 arvinculo
2850 4567 3143 4623 recederet
3164 4565 3441 4634 maritali,
3465 4563 3594 4635 quia
3609 4549 3794 4614 recessit

2207 4664 2263 4714 et
2295 4658 2351 4712 in
2383 4658 2625 4728 [Egypto
2657 4657 2942 4711 fornicata
2971 4660 3076 4726 est,
3107 4672 3343 4711 rursum
3377 4671 3476 4727 per
3519 4653 3701 4720 Legem
3724 4654 3792 4732 as:

2209 4748 2464 4804 sumitur
2514 4763 2526 4800 ε
2583 4763 2762 4816 quam
2812 4745 2950 4816 quia
2999 4745 3295 4814 praeteriit,
3347 4737 3628 4815 prOphetis
3665 4739 3795 4802 quam

2209 4836 2410 4908 sponsi
2460 4833 2782 4900 sodalibus,
2819 4833 2920 4904 qui
2969 4834 3039 4887 ad
3073 4849 3133 4887 se
3185 4833 3349 4888 missi
3397 4831 3628 4888 fuerant,
3656 4821 3796 4873 iniere

2210 4926 2396 4990 fectis,
2427 4922 2774 4978 novisssime
2803 4922 2962 4976 venit
2982 4921 3081 4976 Dei
3117 4921 3313 4988 Filius,
3341 4917 3612 4975 Dominus
3629 4911 3793 4965 Jesusi

2211 5031 2325 5085 quo
2355 5013 2650 5080 crucilixo,
2667 5017 2724 5066 et
2752 5029 2785 5066 a
2817 5009 3062 5065 mortuis
3091 4997 3793 5085 resurgente,desponsatltf

2213 5082 2586 5174 nequaquam
2617 5101 2674 5154 in
2711 5098 2880 5171 Legis
2920 5098 3173 5168 justitia,
3207 5099 3307 5153 sed
3341 5097 3412 5162 ’,ιιι
3447 5094 3551 5148 {ide
3577 5091 3627 5144 et
3651 5082 3794 5156 gratia

2213 5191 2523 5264 Evangelii,
2560 5194 2623 5244 ut
2672 5205 2803 5244 cum
2835 5189 3166 5260 cognoverit
3212 5185 3596 5259 Unigcnitum,
3625 5180 3791 5241 008³0·

2213 5285 2335 5337 seat
2379 5286 2436 5336 et
2483 5280 2733 5335 Patrem.
2777 5277 2928 5331 Dicit
2975 5276 3131 5332 enim
3185 5277 3306 5349 ipse
3349 5275 3417 5329 ad
3469 5265 3790 5349 Philippum:

2214 5373 2377 5427 Tanto
2405 5374 2647 5439 tempore
2689 5366 2962 5422 vobiscum
2987 5382 3127 5431 sum,
3159 5373 3209 5420 et
3239 5380 3344 5420 non
3373 5351 3674 5430 cognovistis
3697 5339 3792 5398 me?

524 5576 601 5652 (a)
634 5576 774 5634 Mss.
807 5577 1076 5648 Palatini,
1109 5581 1169 5639 in
1195 5581 1409 5638 exteras
1437 5582 1640 5656 fuerat,
1672 5583 1806 5650 etc.,
1841 5585 1898 5637 et
1928 5583 2095 5656 paulo
2135 5589 2268 5660 post
2285 5602 2386 5667 per
2415 5583 2659 5658 legitima
2687 5583 3018 5640 assumitur.
