3994 6188
318 291 428 358 841

1134 292 1874 357 COMMENTARIORUM
1921 293 2002 355 IN
2044 294 2245 356 OSEE
2289 295 2435 357 LIB.
2483 294 2533 357 Ι.
2578 296 2750 359 CAP.
2794 296 2904 359 Ill.

3592 296 3713 367 843

314 427 591 498 Philippe,
618 426 719 498 qui
744 422 891 482 videt
910 440 1014 493 me,
1045 425 1191 482 videt
1218 430 1272 483 et
1300 431 1526 485 Patrem
1557 441 1770 482 meum:
1827 441 1958 498 quo-
1987 431 2040 495 Α
2067 430 2287 483 vinacia
2318 444 2553 489 uvarum
2610 428 2748 484 LXX
2778 446 2791 484 :
2850 430 2914 485 Et
2958 428 3103 487 dixit
3146 429 3408 487 Dominus
3450 428 3525 491 ad
3578 444 3664 485 me
3691 445 3711 483 :

311 515 467 572 modo
494 517 560 569 tu
582 514 740 579 dicis,
774 514 993 571 ostende
1011 515 1166 572 nobis
1186 518 1409 572 Patrem
1427 518 1456 571 7
1482 531 1594 570 non
1623 515 1797 571 credis
1826 517 1959 588 quia

313 620 409 677 ego
434 606 496 659 in
515 604 698 674 Patre,
720 607 771 658 et
799 608 966 659 Pater
997 605 1058 659 in
1086 619 1174 659 me
1209 608 1291 660 est
1319 606 1499 671 (Joan.
1543 620 1660 671 xxv,
1696 605 1782 672 10,
1846 605 1953 675 11).

313 692 420 759 Qui
449 692 512 747 in
542 692 655 748 fide
686 692 860 747 fuerit
889 692 1280 764 desponsatas
1311 698 1368 747 et
1397 692 1709 748 crediderit
1766 694 1954 748 Evan-

311 781 485 854 gelio,
515 779 718 836 statim
748 779 914 846 sciet,
945 780 1086 852 quia
1113 781 1238 851 ipse
1261 781 1342 835 ait
1375 783 1544 846 Deus,
1594 781 1838 838 credens
1896 782 1955 836 in

311 886 446 927 eum
478 885 655 941 quem
686 869 851 940 prius
883 873 1213 941 negaverat.

377 957 568 1027 (Vere.
598 958 671 1012 20
699 957 888 1028 seqq.)
934 959 999 1012 Et
1028 959 1131 1013 erit
1162 958 1222 1012 in
1278 956 1366 1013 die
1412 958 1517 1013 illa
1537 975 1557 1013 :
1614 958 1951 1026 Exaudiam,

306 1046 438 1102 dicit
466 1047 772 1102 Dominus:
827 1045 1130 1102 exaudiam
1185 1047 1359 1114 caelos,
1408 1050 1458 1101 el
1515 1047 1606 1102 illi
1657 1047 1956 1102 exaudient

303 1141 539 1205 terram,
566 1143 621 1190 et
653 1138 803 1189 terra
830 1134 1095 1190 exaudiet
1123 1136 1371 1189 triticum
1399 1138 1451 1189 et
1466 1136 1659 1189 vinum
1681 1142 1737 1190 et
1753 1135 1952 1204 oleum,

305 1232 357 1280 et
383 1225 508 1281 haec
536 1221 833 1279 exaudth
857 1223 1097 1292 Jezrael,
1127 1230 1179 1279 et
1206 1223 1486 1279 seminabo
1515 1238 1645 1278 eam
1700 1222 1848 1278 mihi
1895 1225 1954 1278 in

302 1316 479 1379 terra,
514 1318 564 1368 et
596 1311 893 1369 miserebor
918 1312 1035 1382 ejus
1067 1326 1192 1384 quae
1207 1313 1317 1382 fuit
1336 1312 1536 1383 absque
1557 1311 1951 1379 misericordia,

299 1401 562 1458 etdicam
588 1415 702 1456 non
726 1400 930 1472 populo
959 1416 1096 1463 meo,
1140 1401 1372 1470 populus
1426 1416 1583 1455 meus
1634 1416 1690 1456 es
1747 1408 1844 1456 tu:
1897 1404 1949 1455 et

298 1492 418 1561 ipse
434 1490 596 1554 dicet,
621 1490 757 1545 Deus
780 1504 933 1544 meus
951 1505 1005 1544 es
1029 1498 1105 1544 tu.
1146 1488 1324 1545 LXX:
1359 1491 1427 1546 Et
1455 1490 1560 1544 erit
1591 1490 1649 1543 in
1682 1489 1777 1544 die
1820 1489 1946 1560 illa,

297 1577 437 1635 dicit
468 1579 773 1633 Dominus:
801 1576 1112 1633 Exaudiam
1134 1578 1349 1642 coelum,
1382 1585 1434 1633 el
1458 1578 1655 1633 coelum
1702 1576 1956 1632 exaudiet

298 1670 538 1736 terram,
595 1674 650 1722 et
683 1673 832 1721 terra
881 1666 1146 1722 exaudiet
1199 1668 1563 1737 frumntum,
1633 1667 1847 1733 vinum,
1904 1668 1955 1720 et

299 1757 499 1824 oleum,
522 1762 575 1809 et
603 1755 719 1811 haec
764 1753 1062 1810 exandient
1114 1755 1347 1823 Jezrael,
1396 1757 1448 1808 et
1502 1754 1785 1811 seminabo
1832 1769 1954 1809 eam
1982 1796 2030 1861 Β

297 1845 446 1899 τπϋιὶ
469 1860 633 1915 super
659 1846 887 1912 terram,
920 1842 997 1914 (a)
1018 1846 1072 1897 et
1102 1843 1394 1899 miserebor
1410 1842 1535 1912 ejus
1552 1857 1677 1913 quae
1694 1844 1807 1914 fuit
1826 1843 1948 1897 abs-

294 1948 403 2004 que
434 1930 833 1998 misericordia,
874 1938 925 1985 et
952 1930 1133 1985 dicam
1160 1946 1271 1986 non
1297 1931 1501 2001 populo
1547 1946 1686 1997 meo,
1715 1931 1951 2002 populus

290 2036 455 2076 meus
483 2036 538 2075 es
565 2028 663 2075 tu:
698 2020 877 2090 etipse
903 2019 1068 2087 dicet,
1099 2019 1362 2074 Dominus
1386 2020 1526 2074 Deus
1554 2034 1708 2074 meus
1758 2035 1818 2077 es
1865 2022 1947 2073 tu.

299 2112 367 2166 In
401 2109 497 2165 die
529 2108 699 2165 illaet
715 2108 776 2163 in
799 2107 898 2163 illo
919 2112 1201 2180 tempore,
1234 2107 1469 2179 quando
1491 2110 1549 2163 te
1571 2093 1715 2161 mihi
1742 2106 1803 2162 in
1837 2107 1951 2163 ﬁde

288 2197 770 2269 despondero,et
796 2196 1139 2268 cognoveris
1193 2196 1349 2267 quod
1406 2211 1513 2268 ego
1569 2194 1682 2251 sim
1748 2194 1946 2251 Domi-

291 2304 434 2358 nus,
477 2285 786 2343 exaudiam
828 2284 1024 2356 oculos,
1064 2284 1161 2356 qui
1222 2288 1499 2340 enarrant
1544 2283 1793 2356 gloriam
1850 2283 1949 2340 Dei

291 2377 479 2447 (Psal.
512 2374 699 2446 xvm),
728 2379 788 2430 et
815 2373 945 2430 cmli
969 2373 1285 2431 exaudient
1312 2377 1551 2440 terram,
1580 2378 1647 2428 ut
1679 2389 1803 2429 eam
1834 2389 1947 2428 coe-

287 2465 430 2522 lesti
454 2463 655 2537 pluvia
684 2464 784 2520 28
816 2463 1082 2535 irrigant,
1116 2467 1174 2519 et
1203 2467 1377 2530 terra,
1411 2462 1483 2517 de
1513 2478 1631 2534 qua
1684 2466 1811 2517 orta
1858 2467 1950 2518 est

284 2554 510 2610 veritas
566 2551 746 2621 (Psal.
816 2552 1062 2623 Lxxxxx),
1122 2556 1179 2606 et
1231 2551 1291 2606 in
1350 2552 1521 2621 cujus
1578 2566 1785 2622 agrum
1843 2567 1945 2621 pa-

284 2641 644 2699 terfamilias
699 2640 1018 2713 egreditur,
1077 2644 1143 2694 ut
1195 2639 1444 2696 seminet
1500 2655 1700 2695 semen
1769 2655 1947 2695 suum

283 2730 510 2803 (Matth.
544 2747 671 2797 xm,
698 2730 754 2801 3)
780 2728 1053 2785 exaudiet
1082 2727 1341 2783 triticum
1362 2732 1420 2783 et
1436 2727 1635 2782 vinum
1654 2730 1710 2781 et
1729 2725 1945 2792 oleum,

284 2822 359 2877 de
392 2820 617 2892 quibns
646 2835 828 2891 supra
857 2817 1135 2884 diximus,
1167 2820 1225 2872 et
1244 2816 1364 2872 haec
1394 2816 1593 2873 omnia
1636 2815 1950 2871 exaudiant

278 2907 545 2973 Jezrael,
575 2907 630 2962 id
666 2912 774 2975 est,
804 2922 1002 2963 semen
1037 2906 1156 2972 Dei,
1192 2909 1257 2960 ut
1286 2905 1648 2976 intelligatur
1677 2904 1942 2960 omnium

282 3014 492 3055 rerum
525 2995 883 3051 abundantia
916 2999 1093 3066 atque
1125 2992 1390 3049 fertilitas
1432 2994 1506 3048 ob
1568 2993 1663 3048 Dei
1719 3008 1945 3059 semen,

281 3087 387 3161 qui
424 3085 539 3160 [AL
576 3084 755 3156 quod]
785 3083 1056 3140 Christus
1087 3088 1195 3153 est,
1228 3081 1568 3147 condonari,
1626 3081 1782 3153 quod
1840 3081 1942 3136 Dei

282 3158 495 3232 semen
528 3173 856 3229 seminatur
885 3171 945 3227 in
976 3176 1151 3239 terra,
1211 3176 1274 3225 ut
1308 3168 1662 3243 multiplices
1713 3170 1940 3226 fructus
1970 3158 2013 3224 C

282 3265 522 3332 afferat,
572 3260 995 3327 centenarium,
1058 3258 1525 3332 sexagenarium,
1583 3264 1641 3314 et
1698 3258 1942 3313 tricena-

281 3352 449 3408 rium
480 3348 666 3419 (Ibid.,
696 3350 772 3420 8).
808 3348 875 3404 Et
903 3347 1002 3403 illa
1046 3346 1336 3416 meretrix,
1397 3363 1524 3418 quae
1581 3350 1698 3401 Deo
1754 3345 1944 3399 fuerat

283 3438 590 3513 copulata,
621 3442 678 3493 et
702 3441 819 3492 tres
848 3437 1109 3493 ediderat
1134 3435 1370 3502 liberos,
1419 3436 1568 3491 duos
1625 3432 1942 3499 masculos,

283 3535 342 3586 et
371 3543 566 3584 unam
601 3526 925 3587 feminam;
981 3524 1241 3595 primum
1298 3522 1539 3591 Jezrael,
1595 3522 1940 3588 secundam,

283 3619 522 3689 absque
551 3613 950 3671 misericordia
981 3637 995 3680 ;
1028 3613 1287 3682 tertium,
1312 3628 1427 3667 non
1458 3610 1713 3683 populus
1756 3625 1942 3680 meus,

282 3707 488 3762 videat
519 3708 757 3777 propter
786 3718 989 3758 semen
1021 3701 1119 3756 Dei
1151 3705 1378 3757 mutata
1401 3716 1530 3755 esse
1560 3715 1756 3754 rerum
1775 3714 1941 3753 voca-

284 3794 454 3866 bula,
486 3797 548 3850 et
578 3793 639 3848 in
668 3791 885 3848 Christi
915 3791 1029 3846 {ide
1057 3793 1432 3846 consecutam
1456 3787 1944 3853 misericordiam,

288 3902 421 3959 qua:
439 3883 668 3954 absque
700 3880 1099 3937 misericordia
1123 3882 1270 3946 erat,
1293 3882 1350 3933 et
1369 3882 1639 3933 vocatum
1662 3873 1942 3948 pepulum

291 3973 422 4043 Dei,
452 3971 555 4044 qui
586 3970 774 4043 prius,
803 3985 937 4040 .non
994 3968 1247 4041 populus
1303 3967 1638 4022 vocabatur.
1698 3969 1777 4019 Ex
1832 3980 1948 4035 quo

288 4058 693 4133 prospicimus
724 4072 895 4129 posse
925 4055 1198 4111 universa
1228 4071 1354 4128 qua:
1379 4054 1532 4110 dicta
1561 4056 1700 4109 sunt
1750 4049 1949 4107 referri

287 4154 347 4206 et
372 4148 449 4205 ad
480 4148 684 4203 decem
708 4145 922 4210 tribus,
955 4161 1082 4217 quae
1114 4143 1291 4200 Israel
1315 4146 1680 4213 vocantur,et
1700 4140 1812 4198 sub
1843 4156 1947 4195 no-

292 4237 456 4295 mine
477 4234 803 4292 meretricis
834 4238 952 4289 tres
970 4232 1185 4289 liberos
1198 4232 1527 4300 ediderunt,
1551 4230 1689 4286 etad
1715 4245 1949 4287 omnem

292 4331 537 4399 gentem
569 4322 802 4379 Judaici
834 4321 1113 4379 nominis.
1154 4322 1236 4377 De
1290 4320 1661 4376 exauditione
1717 4316 1847 4374 cmli
1896 4320 1954 4372 et

291 4420 488 4482 terrae,
525 4417 583 4467 et
611 4410 912 4478 frumenti,
940 4409 1079 4481 vini,
1139 4413 1196 4466 et
1252 4408 1382 4480 olei,
1442 4414 1498 4464 et
1550 4407 1793 4477 Jezrael,
1841 4406 1952 4463 hoc

2064 516 2249 572 Adhuc
2278 517 2410 572 vade
2439 523 2492 573 et
2546 519 2719 588 dilige
2748 519 3038 575 mulierem
3073 517 3395 588 diligentem
3444 517 3599 575 mala
3653 521 3706 573 et

2065 604 2395 674 adulteram,
2416 607 2558 661 sicut
2586 605 2768 677 diligit
2795 607 3057 663 Dominus
3083 607 3228 676 ﬁlios
3269 607 3468 667 Israel:
3501 614 3552 662 et
3604 607 3713 678 ipsi

2065 695 2369 765 respiciunt
2396 695 2464 749 ad
2492 694 2616 749 deos
2645 695 2875 759 alienos,
2908 698 2960 750 et
3017 698 3207 751 amant
3262 696 3527 751 coctiones
3580 710 3707 750 cum

2063 784 2318 838 vinaciis.
2340 782 2521 838 Priori
2539 782 2771 838 mulieri
2789 783 2849 839 in
2868 787 3073 855 typum
3091 784 3290 841 decem
3313 783 3597 853 tribuum,
3620 781 3708 841 vel

2066 871 2246 926 totius
2275 870 2505 926 Judaici
2528 870 2726 942 populi
2757 871 3119 938 fornicantis,
3151 871 3436 944 propheta
3466 872 3707 947 conjun-

2063 959 2240 1033 gitur,
2264 964 2322 1015 et
2352 959 2609 1031 abjectos
2643 958 2794 1015 ﬁlios
2825 965 3002 1031 atque
3031 960 3319 1017 cruciatos
3348 960 3585 1016 tandem
3618 977 3704 1016 re-

2065 1047 2217 1119 cepit
2246 1048 2305 1102 in
2338 1047 2588 1103 salutem
2614 1046 2730 1103 :hic
2752 1048 2997 1120 jubetur
3015 1052 3079 1103 ut
3100 1048 3291 1105 adhuc
3312 1048 3519 1122 diligat
3538 1048 3706 1105 adul-

2062 1141 2247 1192 teram
2280 1135 2607 1191 mulierem.
2639 1135 2880 1199 Quando
2912 1135 3143 1203 dicitur,
3201 1136 3394 1204 adhuc,
3453 1136 3708 1194 ostendit

2064 1223 2204 1295 quia
2232 1225 2397 1297 prius
2414 1224 3078 1283 amaveritfornicariam
3104 1241 3117 1280 :
3148 1241 3275 1299 quae
3305 1224 3591 1291 adultera,
3617 1223 3707 1283 vel

2064 1313 2273 1387 diligat
2301 1312 2403 1369 illa
2432 1312 2607 1378 male,
2659 1314 2758 1370 29
2818 1312 2905 1368 vel
2962 1313 3242 1386 diligatur
3288 1314 3360 1369 ab
3407 1312 3598 1369 amico
3642 1317 3707 1373 et

2064 1402 2365 1474 proximo:
2398 1403 2614 1473 neut“)
2675 1401 2831 1457 enim
2893 1402 3129 1458 verbum
3187 1401 3557 1469 Hebraicum,
3615 1400 3705 1458 vel

2060 1492 2273 1547 malum
2301 1488 2533 1562 legitur,
2565 1489 2653 1546 vel
2682 1492 2913 1546 amicus.
2946 1496 3013 1546 Et
3072 1507 3143 1547 ne
3199 1495 3474 1564 putemus
3518 1489 3667 1547 dilec
3690 1518 3720 1531 -

2060 1579 2279 1635 tionem
2298 1578 2664 1651 prophetaein
2685 1578 3192 1648 adulteram,aliud
3212 1579 3353 1652 quid
3372 1578 3706 1651 signiﬁcare

2063 1685 2239 1739 quam
2272 1668 2369 1725 Dei
2398 1667 2767 1723 dilectionem
2790 1667 2850 1724 in
2873 1667 3024 1724 ﬁlios
3044 1667 3242 1736 Israel,
3276 1666 3504 1723 intulit:
3562 1669 3706 1724 sicut

2060 1757 2245 1828 diligit
2274 1757 2535 1811 Dominus
2564 1756 2707 1827 ﬁlios
2725 1757 2917 1812 Israel.
2951 1757 3097 1829 Ergo
3129 1755 3269 1829 quia
3298 1755 3585 1829 propheta
3612 1755 3703 1813 di-

2059 1844 2190 1917 ligit
2214 1845 2560 1910 adulteram,
2593 1848 2652 1900 et
2678 1848 2876 1901 tamen
2903 1861 3017 1900 non
3046 1844 3095 1901 ei
3119 1844 3490 1903 matrimonio
3520 1860 3704 1917 copu-

2059 1933 2234 2000 latur,
2264 1949 2368 1989 nec
2420 1933 2800 1989 fornicatione
2855 1933 3249 2007 eonjungitur,
3310 1933 3410 1989 sed
3469 1936 3700 1991 tantum

2064 2022 2256 2095 diligit
2283 2021 2743 2093 delinquentem,
2779 2027 2951 2097 typus
2984 2021 3080 2078 Dei
3111 2026 3219 2093 est,
3234 2022 3332 2097 qui
3352 2020 3505 2077 ﬁlios
3521 2020 3700 2081 Israel

2059 2111 2348 2182 pessimos
2371 2109 2582 2183 diligit.
2614 2111 2715 2182 qui
2747 2126 2881 2165 cum
2917 2108 3236 2182 diligantur
3265 2108 3586 2180 aDomino,
3628 2108 3701 2166 ad

2058 2200 2198 2257 deos
2230 2199 2451 2255 alienos
2476 2198 2752 2271 idelaque
2773 2198 3180 2273 reapiciunt,et
3194 2196 3455 2271 diligunt
3473 2197 3703 2259 vinacia

2059 2304 2327 2357 uvarum,
2360 2304 2486 2359 qua:
2517 2288 2649 2344 vina
2684 2304 2795 2343 non
2822 2287 3062 2356 habent,
3089 2292 3149 2343 et
3202 2286 3518 2361 pristinam
3567 2303 3700 2359 gra-

2056 2378 2199 2434 tiam
2231 2377 2630 2449 perdiderunt,
2664 2376 2818 2431 sicut
2846 2377 3140 2432 daemones
3166 2375 3267 2448 qui
3299 2375 3449 2447 lapsi
3467 2375 3540 2431 de
3571 2392 3702 2448 pre-

2057 2467 2185 2538 pria
2212 2465 2514 2539 dignitate,
2548 2468 2605 2519 et
2634 2463 2780 2519 nihil
2807 2463 3060 2536 antiquas
3088 2463 3287 2537 gratiae
3309 2463 3702 2537 possidentes,

2057 2554 2202 2610 aridi
2234 2559 2393 2621 sunt,
2425 2558 2484 2608 et
2513 2552 2687 2607 veteri
2709 2551 2970 2607 siccitate
2991 2555 3337 2609 marcentes.
3372 2549 3535 2607 Unde
3590 2567 3698 2622 pro

2054 2644 2308 2708 vinaciis,
2368 2641 2523 2712 quod
2584 2640 2859 2696 Hebraico
2917 2639 3150 2710 dicitur,
3232 2655 3395 2697 ASISE
3450 2638 3696 2710 (iuius)

2053 2732 2263 2804 Aquila
2318 2730 2735 2802 interpretatus
2797 2731 2887 2784 est
2930 2724 3157 2793 παλαιὰ,
3214 2727 3273 2783 id
3328 2731 3438 2796 est,
3487 2731 3692 2784 vetera.

2053 2819 2442 2894 Symmachus
2472 2817 2770 2892 ἀκάρπους,
2796 2818 2854 2872 id
2885 2821 2971 2872 est
2997 2817 3206 2872 steriles
3232 2833 3244 2871 :
3274 2821 3331 2872 et
3355 2832 3474 2873 non
3498 2815 3692 2877 solum

2051 2908 2281 2966 vinacia
2311 2911 2470 2975 sunt,
2503 2908 2601 2962 sed
2632 2910 2690 2961 et
2717 2909 2910 2961 vetera
2936 2904 3183 2971 vinacia,
3216 2908 3279 2960 ut
3310 2905 3553 2975 antiqua
3583 2904 3689 2962 de-

2052 2998 2189 3054 licta
2216 2996 2599 3053 testentur.Et
2619 2994 2834 3050 nutand
2845 3011 2941 3050 um
2964 2994 3103 3065 quia
3116 2994 3239 3049 haec
3258 2993 3525 3049 adultera
3542 3010 3693 3066 pree—

2053 3103 2190 3144 sens
2215 3090 2450 3157 tempus
2488 3083 2778 3156 signiﬁcet
2804 3082 3165 3148 Judaeorum,
3198 3082 3297 3154 qui
3329 3082 3550 3157 absque
3577 3081 3695 3139 Deo

2050 3180 2107 3232 et
2134 3173 2341 3232 notitia
2369 3174 2801 3245 Scripturarum
2852 3175 2909 3227 et
2962 3172 3154 3245 gratia
3206 3170 3456 3243 Spiritus
3503 3169 3688 3229 sancti

2051 3264 2372 3337 diligantur
2399 3280 2434 3317 a
2461 3261 2728 3327 Domino,
2759 3261 2859 3332 qui
2889 3260 3153 3315 omnium
3212 3263 3475 3331 expectat
3530 3259 3689 3316 salu-

2050 3358 2190 3424 tem,
2223 3357 2279 3407 et
2310 3351 2496 3424 aperit
2516 3347 3694 3424 januampmnitentihus,etnihilominus

2051 3442 2135 3497 illi
2170 3458 2263 3498 res
2310 3439 2549 3495 inutiles
2595 3443 2814 3505 amant,
2874 3437 3220 3494 traditiones
3274 3436 3583 3496 hominum
3641 3441 3700 3497 et

2054 3527 2423 3603 δευτερωσέευν
2457 3527 2686 3583 somnia
2716 3526 3042 3599 diligentes,
3073 3530 3131 3580 et
3158 3540 3528 3595 nequaquam
3552 3541 3694 3580 uvas

2053 3618 2310 3674 habeant
2345 3622 2404 3672 et
2430 3616 2633 3670 vinum
2667 3619 2725 3670 et
2760 3612 2935 3685 plena
2963 3616 3157 3668 musto
3203 3610 3538 3677 torcularia,
3588 3612 3694 3669 sed

2053 3712 2250 3763 vetera
2266 3704 2497 3761 vinacia
2524 3720 2648 3775 quea
2680 3703 2936 3774 projecta
2967 3705 3125 3756 sunt.
3184 3700 3291 3757 Pro
3337 3700 3696 3772 pemmatibus

2056 3813 2186 3867 quea
2216 3794 2361 3849 LXX
2389 3789 2836 3855 transtulerunt,
2869 3792 2926 3844 et
2954 3789 3342 3844 comeduntur
3387 3804 3521 3845 eum
3571 3786 3700 3842 uvis

2057 3884 2270 3958 passis,
2303 3882 2422 3938 sive
2450 3879 2717 3947 vinaciis,
2739 3878 3025 3950 placentas
3057 3876 3256 3933 Latine
3279 3892 3598 3948 possumus
3616 3874 3700 3931 di-

2058 3989 2204 4043 cere,
2231 3969 2318 4027 vel
2352 3970 2619 4035 crustula,
2647 3984 2774 4041 quae
2807 3965 2977 4022 idolis
3007 3965 3351 4032 offeruntur,
3384 3968 3444 4020 et
3498 3964 3698 4021 Graece

2057 4059 2426 4133 appellantur
2452 4055 2686 4110 πόπανα.
2722 4055 2849 4111 Filii
2880 4058 3076 4110 autem
3100 4053 3274 4110 Israel
3305 4053 3364 4109 in
3420 4053 3695 4125 priesenti

2056 4150 2183 4206 loco
2208 4146 2514 4202 duodecim
2543 4148 2824 4200 vocantur
2847 4143 3068 4211 tribus;
3104 4159 3284 4214 supra
3311 4158 3442 4199 vero
3491 4142 3693 4208 decem

2061 4255 2188 4310 quae
2218 4240 2386 4293 erant
2412 4236 2468 4289 in
2500 4233 2787 4299 Samaria,
2808 4236 2866 4288 et
2896 4231 3274 4304 possidebant
3302 4229 3695 4302 metropolim,

2059 4324 2314 4487 “(23:31.
2346 4413 2427 4481 2.)
2450 4413 2514 4467 Et
2540 4411 2661 4482 fodi
2688 4426 2813 4466 eam
2862 4409 3003 4466 mihi
3039 4408 3353 4480 quindecim
3406 4408 3700 4478 argenteis,

296 4502 552 4577 quidam
583 4500 1007 4571 sentiunt,quia
1022 4497 1613 4573 postquamChristus
1634 4495 1950 4566 advenerit,
1987 4519 2028 4584 ο
2058 4508 2115 4559 et
2142 4501 2484 4567 σονοὴονάεί,
2519 4503 2570 4555 et
2588 4499 2817 4556 dimidio
2845 4514 2968 4554 coro
2995 4496 3203 4563 hordei,
3234 4500 3288 4551 et
3309 4495 3432 4550 dixi
3456 4494 3525 4549 ad
3554 4511 3696 4551 eam.

294 4591 505 4647 omnia
534 4606 644 4645 suo
680 4593 918 4646 currant
948 4588 1171 4657 ordine,
1230 4592 1287 4643 et
1344 4586 1586 4642 utilitati
1647 4584 1951 4641 hominum

295 4683 515 4738 cuncta
546 4677 836 4733 deserviat
866 4682 1151 4741 creatura,
1183 4682 1249 4731 ut
1274 4676 1346 4732 ab
1379 4675 1545 4731 initio
1578 4674 1814 4729 condita
1839 4678 1949 4729 est.

294 4769 433 4833 Quae
456 4765 659 4823 omnia
685 4766 870 4821 Judaei
906 4771 963 4820 et
992 4765 1176 4820 nostri
1209 4763 1581 4819 Judaizantes
1614 4767 1745 4835 post
1801 4762 1954 4818 Anti-

297 4856 589 4911 christum
625 4855 682 4909 in
709 4855 820 4910 fine
843 4854 1048 4909 mundi
1080 4852 1457 4925 corporaliter
1486 4851 1914 4923 praestolamur.

371 4944 540 5016 (Cap.
566 4943 662 4999 IIl.
695 4975 763 4983 -—-
789 4942 954 4998 Vers.
996 4944 1069 5012 1.)
1103 4944 1165 4997 Et
1194 4942 1338 4997 dixit
1403 4942 1666 4997 Dominus
1709 4940 1778 4996 ad
1831 4956 1951 4996 me:

296 5032 489 5088 Adhuc
520 5032 673 5098 vade,
703 5031 876 5102 dilige
906 5032 1197 5087 mulierem
1224 5030 1480 5086 dilectam
1511 5032 1686 5085 amico
1715 5034 1767 5084 et
1796 5030 1953 5085 adul-

299 5128 501 5186 teram,
534 5123 674 5176 sicut
700 5120 896 5193 diligit
927 5121 1193 5176 Dominus
1214 5120 1357 5188 ﬁlios
1385 5119 1581 5186 Israel,
1611 5127 1661 5173 et
1688 5120 1794 5190 ipsi
1836 5134 1954 5174 res—

297 5213 521 5281 pectant
554 5208 739 5281 [Vulg
772 5209 1099 5281 respiciunt]
1125 5207 1194 5263 ad
1215 5208 1339 5263 deos
1369 5208 1600 5275 alienos,
1630 5210 1679 5261 et
1713 5207 1957 5276 diligunt

378 5387 454 5459 (a)
476 5391 589 5443 Pro
620 5387 799 5452 hisce,
833 5391 892 5443 et
920 5385 1218 5459 miserebor
1250 5386 1386 5459 ejus,
1418 5400 1547 5459 quae
1570 5385 1713 5459 juit
1756 5384 1956 5459 absque

305 5453 707 5530 misericordia,
740 5476 867 5530 qure
900 5453 1296 5526 Alexandrini,
1325 5453 1501 5530 atque
1522 5453 1714 5530 Aldini
1738 5453 1956 5508 codicis

306 5526 481 5586 lectio
511 5535 624 5597 est,
656 5525 1030 5586 substituunt
1060 5544 1202 5583 mss.
1240 5525 1447 5597 nostri,
1478 5534 1529 5582 et
1556 5525 1791 5597 diligam
1843 5540 1953 5582 non

310 5595 752 5675 dilectumque:
783 5601 1115 5657 Graecorum
1147 5600 1328 5656 ferme
1356 5602 1412 5655 et
1429 5595 1703 5655 omnium
1735 5599 1826 5653 est
1854 5612 1952 5654 co-

632 5729 892 5795 Ριτιοι..
938 5725 1131 5794 XXV.

2061 4593 2237 4649 LXX:
2271 4592 2334 4645 Et
2358 4589 2597 4646 conduxi
2618 4603 2736 4643 eam
2765 4587 2908 4641 mihi
2932 4584 3246 4657 quindecim
3300 4584 3595 4652 argenteis,
3652 4589 3705 4636 et

2059 4696 2248 4750 gomor
2275 4679 2488 4745 hordei,
2520 4681 2571 4732 et
2599 4676 2751 4732 nebel
2782 4676 2921 4741 vini,
2943 4678 2996 4730 et
3017 4672 3139 4728 dixi
3166 4671 3396 4728 adeam.
3432 4671 3536 4726 Pro
3592 4669 3700 4725 Go-

2064 4785 2192 4824 mor
2214 4767 2274 4821 in
2307 4764 2587 4821 Hebraico
2618 4762 2901 4832 scriptum
2961 4764 3049 4815 est
3102 4776 3260 4815 omen
3310 4758 3480 4828 (νῦν)
3546 4756 3700 4833 quod

2062 4872 2265 4911 omnes
2297 4855 2659 4923 interpretes,
2692 4851 2913 4920 absque
2948 4849 3104 4917 LXX,
3125 4863 3312 4903 corum
3333 4844 3697 4916 interpretati

2062 4948 2223 5008 sunt,
2254 4956 2522 4998 sermone
2551 4943 2746 4993 Graeco
2797 4942 2854 4992 et
2910 4936 3162 4992 maxime
3207 4934 3535 5004 Palaestino,
3598 4933 3698 5005 qui

2062 5031 2236 5085 habet
2268 5028 2505 5099 triginta
2531 5025 2852 5081 modios.Et
2880 5040 2982 5095 pro
3000 5023 3166 5078 nebel
3189 5022 3390 5099 vini,in
3415 5020 3691 5077 Hebraico

2063 5118 2277 5190 legitur
2306 5095 2551 5171 Lernaea
2583 5115 2657 5186 (b)
2691 5130 2905 5168 suorum
2936 5113 3182 5183 (DVWWW
3210 5095 3354 5196 1115)
3387 5111 3489 5165 80
3547 5109 3700 5181 quod

2064 5204 2253 5262 caeteri
2284 5204 2631 5274 interpretes
2659 5202 2693 5270 ή
2707 5199 2928 5274 μῖκορον
2961 5199 3165 5255 hordei
3184 5196 3699 5263 transtulerunt,id

2064 5382 2289 5446 diuum,
2319 5376 2418 5452 uoti
2433 5378 2699 5452 ἀγαπήσω
2727 5378 2827 5447 τήν
2865 5375 2964 5452 enim
2994 5377 3181 5450 ήγαπη
3194 5373 3385 5448 μένην.

2060 5522 2107 5579 v
2135 5453 2212 5525 (b)
2232 5445 2295 5507 In
2328 5445 2560 5506 Hebraeo
2585 5445 2790 5505 tamen
2807 5445 3119 5523 archetypo
3136 5445 3451 5515 θεὶρνηντε
3481 5445 3704 5518 absque

2112 5540 2205 5580 au.

3312 5720 3387 5789 37
