3964 6184
263 4674 266 4676 ⁷
371 4658 572 4714 hordei
597 4658 810 4714 modiis
842 4665 931 4714 est
950 4659 1431 4732 conductus,post
1449 4663 1757 4718 adventum
1775 4665 2005 4721 Domini

372 275 492 341 843
1634 280 1700 341 S.
1746 275 2054 342 EUSEBlI
2099 272 2542 340 HIERONYMI
3600 276 3693 338 8M-

373 415 484 478 est,
515 411 752 468 mediam
773 417 986 484 partem
1014 415 1148 482 cori,
1182 429 1309 484 quae
1342 412 1482 468 facit
1511 411 1845 482 quindecim
1888 429 2012 467 mo-
2044 416 2098 478 Α
2131 411 2291 466 Unde
2321 416 2378 466 et
2407 413 2466 466 in
2493 410 2618 483 lege
2675 409 2904 480 mulier,
2965 427 3090 483 qua:
3121 427 3154 467 a
3212 408 3412 467 marito
3440 417 3692 466 accusatur

377 500 524 555 dios.
559 502 839 572 Quodque
863 503 1132 574 jungitur
1162 503 1220 557 in
1250 503 1504 558 editione
1536 501 1813 573 Vulgata:
1839 503 2022 572 Neque
2130 499 2449 567 adulteriit,
2481 501 2538 554 in
2571 501 2802 572 potione
2838 497 3074 574 ἐλεγμοῦ
3103 501 3159 554 id
3219 504 3327 565 est,
3382 501 3692 565 convictionis,

2131 587 2366 658 quando
2398 588 2731 660 arguiturin
2763 595 3018 661 peccato,
3050 588 3298 643 farinam
3325 587 3522 659 accipit
3544 587 3699 643 hordei

2130 677 2312 746 (Nam.
2345 678 2421 743 v),
2456 693 2583 747 qua:
2615 677 2768 732 enim
2802 677 3031 732 imitata
3059 682 3146 733 est
3193 693 3375 748 equos
3429 681 3483 731 et
3533 675 3700 740 mulos,

2130 765 2346 835 quibus
2377 781 2493 819 non
2517 770 2604 820 est
2626 765 3013 836 intelligentia
3045 766 3214 835 (Psal.
3246 767 3416 835 xxxx),
3472 780 3704 836 equorum

2129 857 2304 923 atque
2337 853 2630 908 mulorum
2666 859 3031 909 sustentatur
3060 853 3353 908 alimentis
3375 853 3494 908 .Pro
3514 852 3706 907 dimidio

2128 957 2260 996 coro
2292 940 2514 1006 hordei,
2544 942 2698 997 nebel
2728 944 2846 997 vini
2889 942 3270 1014 Septuaginta
3323 939 3709 1007 transtulerunt,

2129 1029 2280 1100 quod
2316 1029 2545 1099 penitus
2577 1030 2636 1084 in
2668 1031 2947 1086 Hebraico
2979 1048 3094 1086 non
3126 1031 3388 1086 habetur.
3445 1030 3507 1084 Et
3556 1045 3713 1100 possu-

2130 1133 2262 1171 mus
2291 1118 2504 1183 dicere,
2538 1118 2594 1173 in
2627 1118 2793 1174 nebel
2825 1119 2961 1187 vini,
2993 1120 3103 1174 hoc
3133 1123 3241 1186 est,
3277 1135 3540 1174 mensura
3581 1117 3715 1190 plena

2127 1209 2300 1276 atque
2330 1206 2587 1276 profecta
2616 1206 2963 1262 inebriatam
2996 1207 3345 1277 adulteram,
3376 1211 3431 1263 et
3460 1206 3626 1279 plenis
3656 1207 3716 1261 af-

2126 1292 2341 1347 ﬂictam
2366 1309 2494 1349 esse
2524 1295 2848 1366 suppliciis.
2901 1295 3063 1351 Unde
3105 1301 3162 1351 et
3192 1295 3472 1351 Jeremias
3521 1295 3715 1350 calicem

2129 1380 2272 1435 meri
2306 1381 2576 1452 propinat
2600 1382 2874 1454 gentibus
2903 1389 2960 1438 ct
2988 1383 3327 1439 Jerusalem
3359 1387 3494 1454 (Jer.
3512 1385 3613 1454 xv).
3639 1383 3718 1438 Vir

381 589 494 641 eri:
521 588 687 642 alteri
714 590 835 644 viro
860 607 872 644 :
905 591 1068 646 alteri
1090 591 1147 644 in
1183 591 1461 646 Hebraico
1491 606 1606 644 non
1625 590 1893 656 habetur,
1916 591 2017 644 sed

377 673 723 745 simpliciter
746 692 857 732 non
888 681 1000 733 eris
1032 680 1170 734 viro.
1205 680 1262 733 Si
1313 679 1469 734 enim
1529 683 1779 750 ponatur
1833 679 2016 744 alteri,

371 761 728 819 subauditur
757 770 914 836 quod
949 784 982 822 a
1013 785 1120 822 suo
1153 767 1444 823 habeatur
1462 768 1606 822 viro.
1641 768 1881 830 Quando
1920 784 2020 821 au-

370 854 486 906 tem
511 851 777 910 absolute
791 854 1026 922 dicitur,
1050 873 1164 912 non
1191 859 1301 912 eris
1315 855 1842 927 viro,intelligimus
1865 855 2016 925 quod

369 937 514 993 nulli
539 941 822 1014 jungatur
852 945 1176 1015 omnino,et
1203 945 1424 1016 absque
1455 944 1608 1000 coltu
1637 941 1888 999 maritali
1921 943 2015 999 sit.

372 1028 704 1086 Mansuram
739 1035 935 1087 autem
966 1034 1082 1088 cori
1115 1033 1174 1088 in
1197 1033 1458 1088 Ezechiel
1507 1032 1757 1104 legimus
1801 1032 2016 1102 (Bacch.

372 1120 524 1188 XLV),
547 1121 604 1173 et
631 1118 690 1174 in
723 1120 1030 1193 Evangelio
1053 1123 1203 1193 (Luc.
1229 1123 1402 1191 xxvx).
1439 1121 1605 1176 Fodit
1633 1120 1831 1192 itaque
1888 1137 2016 1176 eam

373 1205 510 1273 sibi,
538 1205 596 1260 id
627 1211 735 1274 est,
777 1209 1125 1277 adulteram,
1146 1210 1266 1265 sive
1283 1208 1904 1280 conduxitquindecim
1929 1225 2016 1263 ar-

374 1295 616 1365 genteis.
651 1297 890 1361 Quando
911 1297 1067 1366 dicit,
1099 1298 1235 1368 fodi,
1269 1297 1526 1353 ostendit
1553 1297 1802 1365 vineam,
1835 1314 1961 1368 quae
1984 1314 2017 1352 a

374 1381 620 1438 Domino
643 1381 905 1454 plantata
935 1389 1044 1454 est,
1094 1390 1151 1440 et
1209 1386 1267 1439 in
1328 1385 1530 1441 multis
1587 1385 1728 1441 locis
1781 1384 2018 1457 ponitur

373 1470 828 1541 Scripturarum,
871 1472 1212 1544 signiﬁcans
1233 1474 1516 1545 populum
1534 1475 1890 1529 Judasorum.
1915 1475 2014 1528 Sin

371 1561 566 1612 autem
599 1557 932 1629 legerimus,
965 1562 1227 1627 conduxi,
1259 1562 1538 1618 adulterae
1595 1563 1848 1635 pretium
1906 1567 2015 1631 est,

371 1661 486 1700 non
519 1651 583 1700 ut
611 1662 746 1701 cum
771 1648 1056 1719 propheta
1070 1650 1324 1706 dormiat
1347 1653 1467 1718 ,sed
1488 1657 1551 1706 ut
1571 1655 1846 1707 contenta
1867 1668 2014 1706 mer-

367 1733 504 1788 cede
534 1750 660 1801 sua,
695 1735 1024 1791 adulterare
1055 1738 1321 1806 desistat,
1355 1756 1460 1794 nec
1513 1740 1734 1811 passim
1795 1740 2016 1794 casteria

369 1821 694 1893 copuletur.
723 1824 964 1878 Foditur
985 1826 1183 1892 etiam,
1220 1827 1338 1881 sive
1355 1827 1705 1881 conducitur
1725 1845 1857 1882 coro
1883 1828 2018 1883 hor-

330 1900 334 1908 ’
368 1910 484 1976 dei,
518 1915 575 1965 et
597 1909 842 1967 dimidio
872 1929 1005 1968 coro
1031 1913 1254 1983 hordei,
1286 1914 1344 1968 id
1377 1919 1486 1982 est,
1515 1916 1905 1987 quadraginta
1961 1921 2021 1971 et

369 1999 629 2071 quinque
659 1999 891 2068 modiis,
917 2005 974 2057 et
1003 2001 1110 2056 hac
1143 2003 1407 2059 mercede
1457 2008 1748 2074 suscepta,
1800 2003 2020 2060 audivit

372 2105 406 2144 a
434 2086 683 2143 Domino
709 2106 722 2144 :

443 2175 628 2248 (Vers.
661 2177 740 2248 3.)
772 2178 898 2234 Dies
925 2179 1122 2234 multos
1179 2181 1512 2251 exspectabis
1555 2197 1682 2236 me:
1738 2198 1850 2237 non
1903 2181 2019 2255 for-

371 2265 668 2336 nicaberis,
699 2271 752 2320 et
785 2282 896 2322 non
922 2271 1036 2323 eris
1064 2271 1181 2323 viro
1204 2286 1225 2330 ;
1255 2269 1345 2324 sed
1373 2273 1538 2342 etego
1568 2271 1889 2342 exspectabo
1947 2275 2017 2325 te.

377 2353 514 2408 LXX
542 2371 556 2410 :
587 2356 712 2410 Dies
739 2356 938 2411 multos
957 2357 1164 2413 sedebis
1194 2358 1336 2413 mihi
1360 2375 1372 2414 :
1406 2363 1455 2413 et
1474 2374 1585 2414 non
1627 2358 2016 2431 fornicaberis,

372 2459 472 2500 nec
499 2445 609 2499 eris
628 2446 794 2500 alteri
820 2448 958 2516 viro,
976 2449 1024 2502 et
1041 2462 1138 2516 ego
1169 2448 1289 2502 tibi.
1314 2447 1430 2503 Hoc
1454 2453 1563 2513 est,
1588 2464 1692 2503 nec
1710 2448 1841 2503 aliis
1866 2465 2020 2503 ama-

373 2533 600 2588 toribus
629 2533 878 2604 turpiter
905 2539 962 2590 te
993 2535 1332 2606 prostitues,
1366 2553 1470 2592 nec
1502 2537 1667 2603 mihi,
1700 2537 1822 2590 viro
1855 2554 2018 2608 aquo

376 2622 664 2676 conducta
693 2638 776 2686 es,
810 2621 1066 2694 legitime
1092 2624 1484 2696 conjungeris.
1511 2627 1588 2680 Ac
1615 2641 1686 2680 ne
1709 2630 1878 2696 putes
1909 2627 2020 2680 fac-

376 2714 496 2765 tam
515 2709 619 2764 tibi
646 2709 944 2780 injuriam,
965 2711 1103 2782 quia
1123 2712 1240 2766 dixi
1265 2714 1601 2784 exspectabis
1629 2729 1734 2780 me,
1767 2729 1873 2784 par
1895 2712 2019 2784 pari

384 2799 652 2868 referam,
685 2803 735 2852 et
764 2814 867 2871 ego
895 2802 1215 2870 exspectato
1239 2809 1307 2856 te.
1341 2801 1551 2864 Quinta
1580 2801 1806 2856 decima
1827 2801 1920 2856 die
1949 2800 2018 2855 il-

378 2887 709 2942 lucescente
740 2889 960 2944 mensis
980 2888 1156 2944 Nisan
1184 2889 2018 2962 percussasuntzEgyptiorum

379 2975 860 3047 primogenita,et
892 2977 1122 3033 Israelis
1153 2979 1224 3032 de
1253 2977 1494 3050 (Egypto
1525 2978 1768 3032 educlus
1799 2983 1888 3033 est
1922 2994 2024 3050 ρο·
2127 2988 2362 3052 minam,
2387 2991 2438 3042 et
2459 3003 2621 3059 super
2642 2989 2795 3043 bonis
2824 2991 2938 3060 ejus
2960 2991 3019 3044 in
3039 2992 3340 3046 novissimo
3359 2991 3569 3046 die.Pro
3589 2985 3724 3060 ephod

377 3066 577 3136 pulus,
604 3081 669 3120 ac
707 3064 766 3119 in
823 3067 1158 3122 servitutem
1216 3065 1317 3122 Dei
1373 3068 1638 3123 mercede
1696 3069 2018 3122 conductus
2058 3145 2091 3154 _
2128 3077 2180 3128 et
2209 3075 2518 3146 theraphim
2565 3077 2800 3148 (Dvmn)
2833 3078 3220 3149 Septuaginta
3266 3077 3540 3154 ἱερατείαν,
3582 3077 3628 3131 id
3659 3079 3726 3131 est

378 3153 583 3224 (Exod.
615 3154 738 3225 x11).
777 3155 1034 3225 Denique
1064 3172 1167 3227 pro
1200 3155 1602 3228 primogenilis
1656 3155 1832 3212 Israel
1890 3173 2018 3227 quas
2050 3145 2092 3210 C
2127 3145 2511 3231 sacerdotium,
2542 3145 2600 3219 et
2630 3145 2858 3235 δήλοὸς,
2891 3145 2949 3220 id
2980 3145 3088 3232 est,
3148 3145 3603 3239 manifestationes
3657 3166 3725 3218 in-

379 3241 610 3314 plagam
643 3259 758 3298 non
789 3258 1025 3298 sensere
1055 3245 1905 3316 communem,quinosargenti
1933 3261 2022 3300 ac-
2130 3253 2425 3322 terpretati
2459 3258 2615 3309 sunt.
2643 3253 2956 3310 Sciendum
2979 3260 3199 3324 autem,
3253 3263 3318 3312 ut
3369 3257 3560 3313 crebro
3610 3252 3726 3310 dixi-

379 3330 504 3403 cipe
535 3330 730 3387 siclos.
763 3331 946 3401 (Nam,
978 3331 1084 3401 ni),
1119 3331 1217 3400 qui
1251 3331 1309 3385 in
1336 3331 1797 3402 templidonaria
1825 3333 2018 3387 confe-

379 3424 609 3476 runtur.
645 3418 907 3491 Plerique
929 3425 1260 3474 nostrorum
1283 3420 1689 3490 quindecim,ad
1709 3421 2021 3476 hebdoma-

371 3509 509 3564 dam
543 3508 733 3581 Legis,
752 3513 810 3564 et
839 3508 1158 3579 ogdoadem
1191 3509 1467 3564 referunt.
1488 3509 1802 3581 Evangelii,
1825 3511 1880 3564 id
1905 3514 2014 3574 est,

376 3598 711 3664 sabbatum,
743 3601 801 3653 et
830 3597 984 3652 diem
1018 3597 1484 3664 resurrectionis,
1544 3615 1660 3668 quo
1718 3604 2017 3654 exercetur
2077 3605 2080 3608 ’

373 3686 742 3742 circumcisio
767 3685 1110 3758 spiritualis.
1145 3686 1256 3742 Sed
1289 3687 1580 3758 quomodo
1611 3687 1873 3742 adultera
1890 3704 2016 3742 mu-

373 3773 482 3830 lier
511 3792 634 3846 quae
663 3775 878 3832 hordeo
907 3776 1183 3847 pascitur,
1209 3781 1313 3830 eta
1333 3775 1453 3830 viro
1468 3775 1653 3831 aliena
1669 3782 2010 3845 est,utrum-

370 3880 484 3936 que
505 3864 563 3919 in
589 3864 913 3920 mercedem
936 3864 1183 3936 accipiat
1208 3865 1671 3933 Testamentum,
1705 3869 2013 3940 explanare

370 3969 487 4007 non
520 3955 786 4023 possunt.
820 3951 1275 4023 Quadragesimo
1301 3953 1505 4023 quinto
1527 3954 1619 4010 die
1649 3955 1720 4010 ad
1755 3962 2011 4013 montem

370 4040 516 4094 Sina
545 4040 806 4110 pervenit
833 4039 1107 4111 populus,
1135 4040 1451 4112 statimque
1481 4043 1659 4099 altero
1681 4043 1772 4100 die
1794 4053 1854 4101 ut
1877 4065 2010 4104 san-

371 4127 702 4181 ctiﬁcantur
732 4128 826 4182 31
864 4144 898 4182 a
927 4128 1078 4182 coitu
1113 4129 1461 4184 feminarum
1490 4148 1592 4201 per
1621 4133 1903 4205 triduum,
1953 4144 2012 4194 et

373 4230 436 4268 se
466 4215 881 4306 praeparentad
908 4215 1309 4306 accipiendam
1345 4216 1533 4306 legem
1594 4222 1715 4288 Dei,
1764 4224 2012 4282 edicitur
2118 4224 2520 4297 intelligimus,
2553 4225 2692 4297 quia
2747 4226 2806 4280 in
2852 4233 3081 4298 pectere
3125 4236 3179 4285 et
3237 4234 3411 4288 corde
3466 4225 3722 4306 pontiﬁcis

373 4301 563 4374 (Exod.
591 4302 726 4373 xxx).
759 4302 1092 4358 Transactis
1124 4302 1314 4359 tribus
1351 4304 1578 4375 diebus,
1639 4309 2008 4386 quinquage-
2120 4311 2345 4383 ἀλήθεια
2376 4319 2433 4370 et
2454 4311 2726 4390 φῶτισμοῖ
2758 4315 2813 4369 id
2839 4322 2948 4387 est,
2981 4320 3183 4374 veritas
3200 4336 3329 4377 esse
3359 4301 3558 4378 debeat
3577 4323 3722 4389 atque

371 4391 522 4448 simo
547 4391 638 4446 die
668 4391 895 4464 Moyses
925 4390 1188 4446 ascendit
1222 4391 1280 4446 in
1314 4398 2008 4474 montem,etdecalogum
2115 4404 2366 4458 doctrina
2399 4420 2410 4457 :
2445 4409 2500 4458 et
2531 4420 2644 4458 non
2677 4403 2867 4459 solum
2899 4406 3047 4462 sciat
3070 4417 3280 4464 rectam
3307 4411 3515 4478 fidem;
3549 4408 3638 4464 sed
3678 4406 3724 4459 et

373 4481 651 4575 suscepit.
677 4481 848 4575 Sedet
868 4481 1063 4551 itaque
1089 4482 1806 4575 populusJudaaorum,qui
1829 4507 2008 4561 quon-
2038 4512 2085 4575 Β
2115 4492 2269 4561 quod
2295 4493 2534 4561 noverit,
2570 4491 2758 4564 possit
2787 4511 2885 4549 ore
2906 4496 3350 4565 proferre.Quod
3379 4504 3435 4555 et
3456 4493 3722 4572 apostolus

371 4569 506 4626 dam
537 4569 870 4660 quindecim
903 4570 1212 4660 argenteis,
1244 4575 1302 4625 et
1330 4573 1717 4645 quadraginta
1746 4577 2004 4650 quinque
2038 4569 2075 4575 ”
2115 4579 2332 4634 Paulus
2363 4581 2564 4636 scribit
2593 4583 2663 4636 ad
2695 4583 2916 4649 Titum,
2951 4585 3164 4640 docens
3195 4587 3391 4657 qualis
3438 4569 3716 4660 episcopus

2114 4667 2473 4724 ordinandus
2508 4670 2615 4725 sit:
2655 4672 2870 4742 Oportet
2897 4675 3042 4727 enim
3056 4677 3497 4746 episcopumsine
3526 4673 3723 4731 crimine

2126 1484 2363 1539 quoque
2392 1470 2576 1537 sedet,
2610 1471 2790 1526 immo
2820 1476 3118 1542 exspectat
3147 1471 3425 1527 adultera:
3480 1471 3718 1542 pccniten-

2125 1555 2289 1624 tiam,
2324 1561 2388 1610 ut
2418 1562 2727 1628 postquam
2750 1559 3051 1630 plenitudo
3074 1559 3340 1632 gentium
3362 1559 3721 1615 subintraverit

2126 1645 2300 1714 (Itom.
2335 1646 2436 1715 x1),
2469 1650 2525 1700 et
2556 1647 2910 1702 novissimus
2944 1648 3258 1704 crediderit
3317 1648 3507 1717 Israel,
3558 1649 3628 1702 ita
3673 1652 3721 1701 ut

2126 1733 2225 1802 qui
2259 1733 2445 1788 fuerat
2474 1739 2666 1806 caput,
2701 1741 2959 1791 vertatur
2987 1736 3045 1790 in
3077 1738 3326 1792 caudam
3352 1737 3520 1809 (Deut.
3541 1736 3718 1806 xxviii),

2126 1826 2182 1874 et
2211 1822 2398 1876 cauda
2428 1827 2682 1878 vertatur
2713 1824 2771 1878 in
2805 1830 2999 1896 caput,
3032 1830 3172 1881 tunc
3204 1827 3309 1882 ﬁat
3341 1843 3489 1881 unus
3515 1843 3635 1897 grex
3677 1827 3721 1879 et

2130 1926 2283 1965 unus
2317 1915 2531 1982 pastor.

2200 1997 2381 2068 (Vers.
2415 2001 2470 2069 4,
2490 2001 2572 2062 5.)
2594 2001 2733 2069 Quia
2761 2002 2879 2057 dies
2905 2004 3104 2059 multos
3131 2004 3398 2059 sedebant
3439 2005 3540 2074 ﬁlii
3588 2002 3719 2058 Israel

2125 2088 2248 2142 sine
2267 2103 2408 2158 rege,
2439 2101 2490 2144 et
2517 2090 2636 2144 sine
2659 2091 2914 2162 principe
2944 2095 2992 2147 et
3021 2096 3142 2147 sine
3169 2092 3516 2163 sacriﬁcioxt
3532 2091 3634 2147 sine
3653 2090 3718 2146 al-

2128 2178 2255 2239 tari,
2289 2186 2338 2231 et
2367 2179 2488 2232 sine
2515 2178 2708 2249 ephod,
2729 2188 2782 2235 et
2803 2182 2921 2236 sine
2949 2181 3239 2252 teraphim.
3279 2183 3346 2236 Et
3374 2185 3486 2250 post
3506 2182 3609 2238 haec
3648 2195 3715 2234 re-

2129 2271 2410 2320 vertentur
2433 2267 2546 2337 ﬁlii
2572 2269 2742 2322 Israel
2772 2273 3074 2340 etquaerent
3101 2272 3398 2326 Dominum
3426 2275 3714 2326 Deumsuum

2127 2361 2177 2408 et
2210 2353 2380 2408 David
2409 2371 2587 2424 regem
2616 2372 2805 2411 suum:
2837 2365 2890 2411 et
2919 2358 3190 2426 parebunt
3209 2359 3282 2414 ad
3305 2360 3634 2415 Dominumet
3668 2356 3720 2412 ad

2130 2441 2329 2496 bonum
2357 2445 2472 2513 ejus
2496 2445 2552 2498 in
2582 2447 2881 2500 novissimo
2909 2446 3144 2502 dierum.
3173 2447 3318 2502 LXX
3346 2465 3358 2502 :
3394 2449 3528 2515 Quin
3573 2446 3722 2501 diebus

2128 2529 2326 2586 multis
2353 2533 2612 2587 scdebunt
2638 2533 2754 2602 ﬁlii
2773 2535 2940 2590 Israel
2959 2538 3079 2590 sine
3130 2553 3277 2607 rege,
3329 2538 3449 2592 sine
3494 2537 3721 2608 principe,

2127 2624 2248 2677 sine
2268 2623 2556 2693 sacriﬁcio,
2590 2625 2714 2678 sine
2745 2624 2935 2695 altari,
2957 2625 3075 2680 sine
3092 2627 3424 2691 sacerdotio,
3448 2628 3559 2680 sine
3585 2623 3726 2678 mani-

2127 2721 2512 2790 festationibus
2542 2722 2688 2792 (quae
2717 2721 2912 2777 Graece
2941 2723 3222 2778 dicuntur
3236 2719 3510 2795 δήλοίΜΞί
3519 2721 3725 2794 posthaec

2128 2812 2467 2863 revertentur
2494 2810 2605 2878 ﬁlii
2624 2811 2812 2876 Israel,
2846 2815 2898 2865 et
2952 2815 3199 2880 quaerent
3259 2813 3544 2866 Dominum
3591 2811 3724 2865 Deum

2127 2912 2310 2964 suum,
2341 2901 2392 2952 et
2420 2897 2589 2952 David
2618 2915 2797 2968 regem
2824 2914 2990 2953 suum
3021 2917 3033 2953 :
3058 2899 3157 2954 32
3174 2908 3227 2953 et
3253 2901 3541 2971 stupebant
3562 2898 3622 2954 ad
3645 2898 3723 2951 Do-

2130 3355 2285 3406 mus,
2317 3340 2504 3412 ephod
2539 3341 2869 3414 significare
2924 3343 3340 3401 indumentum
3399 3342 3724 3413 sacerdotale,

2129 3429 2283 3498 quod
2315 3429 2374 3483 in
2408 3431 2600 3485 Exodo
2631 3436 2687 3486 et
2722 3431 2969 3487 Levitico
2993 3449 3026 3488 a
3058 3433 3195 3488 LXX
3210 3432 3426 3506 ἐπωμίς
3451 3434 3656 3499 dicitur,
3681 3429 3724 3484 id

2127 3523 2235 3581 est,
2267 3520 2730 3589 superhumerale,
2765 3521 2836 3575 ab
2869 3521 3082 3592 Aquila
3112 3519 3408 3595 ἑπὲνδυμα,
3439 3523 3494 3578 id
3545 3525 3624 3577 est
3652 3536 3724 3574 su-

2120 3606 2988 3680 perindumentum.Theraphim
3005 3615 3198 3665 autem
3229 3613 3460 3684 pr0prie
3476 3609 3727 3684 appellant

2128 3695 2492 3770 μορφώματα,
2525 3697 2582 3750 id
2614 3701 2720 3764 est,
2752 3699 2953 3768 ﬁgurae
3007 3703 3064 3754 et
3108 3702 3432 3771 simulacra,
3486 3717 3601 3772 quas
3642 3711 3724 3753 nos

2121 3800 2438 3852 possumus
2463 3784 2520 3839 in
2540 3786 2810 3856 praesenti
2835 3787 3137 3842 dumtaxat
3157 3788 3284 3844 loco
3301 3790 3579 3846 Cherubim
3597 3787 3709 3843 etSc

2121 3872 2349 3943 raphim
2371 3873 2489 3927 sive
2510 3872 2623 3927 alia
2643 3889 2770 3944 quae
2787 3873 2845 3928 in
2867 3875 3068 3946 templi
3093 3883 3438 3934 ornamenta
3457 3877 3726 3947 fierijussa

2120 3964 2278 4025 sunt,
2311 3959 2517 4016 dicere.
2555 3964 2767 4016 Verum
2791 3961 2931 4032 quia
2950 3963 3335 4036 Septuaginta
3367 3963 3722 4036 δήλουςὶηιοιιο

2120 4048 2325 4126 pretati
2359 4052 2626 4119 sunt,pro
2650 4049 2867 4120 quibus
2888 4051 3097 4122 Aquila
3118 4053 3437 4128 φωτισμούς
3460 4049 3722 4110 transtulit

2118 4141 2176 4191 et
2192 4136 2313 4190 hinc
2336 4136 2462 4207 ipsa
2487 4142 2627 4191 sunt
2653 4137 2712 4190 in
2737 4133 2962 4212 λογεὶω,
2991 4141 3047 4195 id
3078 4147 3189 4212 est,
3230 4143 3292 4197 in
3317 4143 3607 4208 Rationali,
3634 4141 3720 4195 hoc

373 4746 773 4813 Salvatoris,et
797 4747 902 4802 viri
933 4747 1328 4820 suiexspectat
1360 4751 1692 4807 adventum.
1726 4755 2004 4824 Quodque

372 4836 554 4890 dicit:
588 4837 704 4892 Non
732 4837 1114 4906 fornicaberis,
1147 4841 1200 4892 et
1224 4853 1331 4891 non
1347 4840 1457 4892 eris
1500 4841 1634 4908 viro,
1669 4839 1776 4895 hoc
1809 4846 2004 4896 osten-

372 4924 458 4979 dit
487 4925 640 4996 quod
676 4923 906 4979 interim
935 4925 1107 4979 modo
1137 4924 1311 4979 idolis
1352 4943 1464 4980 non
1496 4927 1723 4995 serviat,
1757 4945 1860 4984 nec
1916 4935 2001 4984 ta-

368 5029 499 5067 men
531 5012 742 5068 habeat
771 5011 952 5067 Deum
978 5055 991 5077 ,
1025 5013 1125 5068 sed
1155 5017 1212 5067 et
1241 5015 1601 5069 amatoribus
1629 5020 1686 5070 et
1718 5017 1835 5072 viro
1868 5036 2004 5090 spo-

369 5099 509 5155 liata
540 5101 634 5156 sit.
669 5101 737 5155 Et
767 5101 1108 5170 quiavirum
1125 5118 1238 5155 non
1259 5102 1574 5167 habet,non
1601 5104 1854 5160 vescitur
1875 5108 2003 5163 cibo

366 5187 694 5252 hominum,
727 5189 1017 5244 frumento
1047 5195 1103 5244 et
1131 5189 1445 5261 legumine,
1478 5192 1576 5246 sed
1610 5191 1826 5248 hordeo
1858 5195 2005 5251 irra-

367 5276 1488 5346 tionabiliumjumentorum,ruminans
1506 5280 1784 5335 vilitatem
1803 5282 2003 5338 litterae

366 5380 492 5435 qua:
525 5364 819 5434 interﬁcit,
838 5370 894 5422 et
918 5383 1032 5421 non
1055 5365 1277 5422 habens
1298 5367 1569 5439 spiritum
1592 5368 1998 5428 vivilicantem.

2113 4769 2224 4808 esse
2249 4760 2532 4827 tamquam
2550 4760 2646 4816 Dei
2666 4759 3137 4832 dispensatorem:
3167 4779 3278 4818 non
3307 4765 3610 4838 superbum,
3631 4773 3722 4814 non

2115 4845 2461 4915 iracundum,
2493 4864 2604 4903 non
2631 4848 2997 4917 vinolentum,
3032 4869 3143 4906 non
3194 4869 3576 4924 percussorem,
3632 4861 3718 4903 ηοη

2112 4934 2283 5002 turpis
2317 4933 2460 4988 lucri
2488 4936 2786 5006 cupidum:
2821 4938 2913 4993 sed
2943 4939 3286 5010 hospitalem,
3316 4943 3617 5012 benignum,
3645 4951 3720 4991 ω’

2115 5021 2319 5088 brium,
2342 5023 2580 5092 justum,
2608 5034 2874 5091 sanctum,
2905 5032 3286 5096 continentem,
3347 5029 3719 5103 amplectenlem

2113 5112 2358 5180 eum,qui
2375 5113 2948 5185 secumlum(a)sanam
2968 5116 3274 5174 doctrinam
3297 5119 3606 5191 est,ﬁdelem
3623 5127 3718 5169 ser-

2114 5213 2348 5266 monem,
2373 5208 2433 5254 ut
2443 5205 2633 5270 potens
2657 5204 2726 5257 sit
2752 5205 3036 5260 exhortari
3058 5208 3118 5260 in
3142 5209 3394 5264 doctrina
3414 5207 3612 5274 sana,et
3647 5211 3718 5254 €03

2115 5288 2209 5357 qui
2237 5289 2614 5344 contradicunt
2644 5307 2873 5362 arguere
2905 5294 3030 5363 (Tit.
3066 5313 3104 5362 1,
3136 5297 3279 5367 7-9).
3314 5296 3507 5369 Ephod
3537 5309 3596 5347 ac
3617 5289 3717 5344 the-

2116 5372 2344 5445 raphim
2375 5380 2430 5430 et
2455 5375 2513 5431 in
2543 5378 2818 5434 Judicum
2851 5380 2999 5438 libro
3030 5382 3279 5456 legimus
3309 5386 3498 5454 (Judic.
3528 5395 3630 5437 xm
3671 5374 3717 5431 et

436 5575 512 5658 (a)
539 5577 733 5637 Nostri
761 5599 898 5641 mss.
933 5600 1048 5641 non
1071 5583 1429 5642 interserunt
1445 5599 1657 5656 sanam,
1685 5599 1864 5658 quam
1881 5604 2077 5649 vocem
2117 5588 2351 5650 Graecus
2381 5604 2613 5668 quoque
2642 5597 2834 5656 textus
2864 5597 2971 5657 hoc
3001 5597 3127 5662 loco
3150 5599 3397 5678 ignorat.
