3994 6188
299 285 424 349 845

1124 282 1874 352 CDMMENTARIORUM
1918 283 1998 351 IN
2043 284 2243 349 OSEE
2285 285 2433 347 LIB.
2478 280 2526 347 Ι.
2573 284 2746 348 CAP.
2792 284 2896 351 IV.

294 418 492 490 xvm),
514 434 642 492 qum
664 417 777 475 sibi
802 419 1014 476 fecerat
1034 420 1281 491 Levites,
1306 420 1408 492 qui
1442 425 1643 492 postea
1664 437 1796 473 cum
1822 438 1953 473 svx—
1987 421 2039 484 Α
2067 422 2228 473 τεν-νει
2255 437 2268 473 ;
2304 437 2408 473 non
2441 426 2518 475 est
2544 421 2693 474 enim
2722 421 2945 491 veritas,
2976 423 3028 476 et
3049 435 3158 477 non
3204 428 3279 477 est
3308 422 3712 492 misericordia,

292 507 489 564 centis
510 508 580 563 de
601 508 755 563 tribu
778 507 903 564 Dan
935 508 1178 565 armatis
1200 509 1499 581 profectus
1520 512 1628 565 est.
1661 512 1799 562 Post
1819 524 1952 579 pas-

289 594 528 652 sionem
544 595 775 651 Domini
790 595 1108 653 Salvatoris
1120 614 1310 669 usque
1331 596 1390 652 in
1411 600 1759 668 praesentem
1772 595 1952 664 diem,

287 684 370 755 (a)
396 683 773 756 paulominus
806 686 1427 758 quadringentesimus
1464 702 1655 740 annus
1670 682 1950 755 expletur,

284 776 346 828 et
369 779 663 844 quantum
686 774 965 846 temporis
984 774 1234 829 resideat
1255 790 1439 846 usque
1456 774 1525 828 ad
1553 772 1950 843 diemjudicii,

284 877 401 917 nec
435 861 626 933 angeli
660 867 966 927 noverunt,
1000 880 1104 918 nec
1151 862 1350 918 Filius.
1387 863 1495 927 Qui
1526 862 1656 916 ideo
1683 861 1953 934 ignorare

284 967 353 1005 se
389 949 554 1015 dicit,
589 950 730 1021 quia
760 950 928 1006 nobis
959 967 1073 1006 non
1106 950 1335 1022 expellit
1366 950 1587 1006 discere
1605 950 1711 1021 [ΑΙ.
1757 949 1948 1020 scire].

282 1039 359 1093 Hi
398 1042 541 1093 sunt
561 1055 699 1111 ergo
725 1038 894 1094 multi
920 1039 1067 1106 dies,
1094 1040 1309 1112 quibus
1350 1038 1547 1095 infelix
1575 1042 1880 1111 Synagoga
1898 1042 1955 1093 et

284 1126 517 1183 mulier
536 1126 797 1183 adultera
816 1127 1033 1183 hordeo
1056 1129 1333 1200 pascitur,
1359 1132 1415 1183 et
1439 1128 1601 1183 sedet
1633 1131 1952 1196 contracta,

283 1215 439 1287 quia
468 1233 605 1273 cum
636 1215 865 1272 Christo
896 1221 1054 1272 stare
1086 1234 1200 1272 non
1264 1221 1472 1289 potest.
1533 1216 1670 1272 Sine
1697 1232 1850 1288 rege,
1882 1216 1953 1271 de

282 1321 410 1377 quo
443 1304 677 1361 locutus
706 1309 796 1360 est
822 1309 995 1361 Pater
1020 1322 1033 1359 :
1065 1305 1337 1362 Suscitavi
1368 1322 1547 1375 regem
1576 1321 1702 1361 cum
1720 1304 1951 1377 justitia

279 1394 428 1466 (Isa.
463 1410 592 1465 λιν,
655 1393 763 1466 13).
818 1394 889 1449 Et
943 1395 1068 1466 ipse
1123 1394 1265 1449 dicit
1319 1393 1735 1464 PsalmozEgo
1763 1397 1951 1448 autem

276 1483 621 1538 constitutus
649 1497 772 1536 sum
799 1498 904 1537 var
933 1482 1001 1536 ab
1023 1497 1083 1536 eo
1102 1498 1266 1552 super
1284 1483 1415 1536 Sion
1441 1484 1680 1536 montem
1701 1484 1952 1535 sanctum

275 1570 614 1642 cjus(Psal.
650 1587 709 1639 ιι,
763 1570 836 1638 6).
898 1570 1033 1624 Siue
1092 1569 1374 1642 principe,
1432 1569 1520 1625 vel
1545 1569 1672 1641 ipso
1706 1569 1950 1625 Domino

274 1658 610 1725 Salvatore,
634 1658 721 1714 vel
747 1663 899 1714 certe
926 1658 1220 1727 Pontifice,
1258 1659 1329 1713 de
1369 1675 1486 1731 quo
1519 1659 1803 1730 scriptum
1827 1661 1947 1714 est:

280 1748 397 1803 88
420 1748 675 1818 Principi
692 1748 884 1818 p0puli
904 1750 989 1802 tui
1017 1763 1129 1802 non
1149 1746 1447 1802 maledices
1468 1746 1675 1818 (Exod.
1695 1763 1769 1801 xx
1796 1750 1858 1815 1).
1878 1747 1950 1802 Et

282 1837 429 1893 sine
450 1835 753 1903 sacrificio,
777 1840 833 1892 et
850 1836 978 1892 sine
1000 1834 1188 1891 altari.
1211 1835 1502 1892 Subverso
1524 1835 1681 1891 enim
1708 1834 1949 1907 templo,

279 1930 341 1981 et
367 1924 619 1981 incensa
638 1923 989 1993 Jerusalem,
1015 1941 1118 1980 nec
1137 1924 1514 1996 sacrificium,
1541 1939 1647 1980 nec
1683 1924 1950 1980 sacerdo-

278 2013 444 2070 tium
468 2013 711 2069 Judaica
731 2029 874 2086 gens
894 2029 1155 2069 exercere
1176 2017 1385 2086 potest.
1410 2013 1480 2068 Et
1517 2013 1643 2069 sine
1675 2012 1862 2085 ephod
1894 2016 1952 2069 et

278 2102 422 2159 siue
454 2101 770 2174 teraphim,
815 2101 874 2157 id
934 2106 1043 2172 est,
1103 2101 1513 2158 instrumentis
1572 2100 1949 2158 sacerdotalis

273 2190 559 2247 habitus.
595 2195 670 2245 De
700 2190 809 2245 hoc
839 2205 974 2263 rege
995 2194 1051 2245 et
1070 2190 1253 2245 Jacob
1277 2188 1336 2244 in
1362 2189 1766 2246 benedictione
1785 2190 1949 2245 Iudae

276 2278 648 2335 Patriarchze
676 2278 975 2351 loquitur:
1007 2283 1128 2337 Non
1156 2279 1368 2349 deﬁciet
1392 2280 1646 2351 princeps
1684 2295 1754 2335 ea:
1780 2278 1947 2348 Juda,

264 2384 464 2440 neque
490 2367 609 2423 duo:
636 2367 700 2423 de
726 2367 1027 2438 femoribus
1056 2369 1191 2438 ejus,
1224 2367 1393 2423 donec
1421 2369 1607 2424 veniat
1631 2369 1725 2423 cui
1743 2369 1947 2439 reposi-

270 2463 407 2513 tum
440 2465 557 2513 est:
588 2464 640 2512 et
668 2458 789 2528 ipse
816 2458 921 2512 erit
947 2459 1276 2528 exspectatio
1306 2458 1564 2530 gentium
1608 2456 1763 2528 (Gen.
1796 2473 1946 2527 XLIX,

266 2548 391 2618 18).
422 2546 579 2618 Ergo
603 2550 915 2617 postquam
940 2544 1154 2601 defecit
1176 2544 1445 2617 princeps
1466 2561 1534 2600 ex
1556 2546 1587 2600 J
1595 2546 1731 2611 uda,
1755 2549 1813 2600 et
1832 2545 1951 2600 dux

265 2637 345 2691 de
371 2634 709 2690 femoribus
730 2636 878 2705 ejus,
902 2638 959 2690 et
979 2634 1234 2690 Herodes
1260 2633 1585 2706 alienigena
1605 2639 1663 2687 et
1684 2633 1946 2707 prosely-

266 2729 380 2781 tus
411 2723 681 2795 suscepit
699 2721 1036 2795 imperium,
1054 2721 1443 2795 intelligimus
1463 2722 1691 2777 venisse
1713 2722 1805 2778 cui
1825 2738 1952 2795 reg-

271 2829 442 2869 num
476 2812 797 2883 repositum
831 2821 938 2881 est,
984 2816 1043 2867 et
1084 2811 1210 2883 ipse
1262 2815 1383 2866 erat
1425 2810 1779 2884 exspectatio
1809 2827 1949 2883 gen-

280 2903 477 2957 tium.
500 2900 631 2956 Haec
652 2904 759 2968 est,
783 2900 1009 2956 caecitas
1020 2917 1148 2972 quae
1167 2916 1234 2955 ex
1248 2904 1409 2972 parte
1422 2899 1631 2955 accidit
1649 2899 1868 2967 lsraeli,
1887 2902 1953 2954 ut

277 3009 352 3047 su
365 2990 669 3046 bintraret
694 2988 997 3061 plenitudo
1019 2988 1306 3061 gentium,
1330 2993 1388 3044 et
1409 2992 1548 3044 tunc
1569 2987 1950 3044 omnislsrael

276 3078 503 3136 salvus
526 3077 690 3134 ﬁeret
710 3077 882 3149 (Rom.
908 3077 986 3148 x1)
1013 3094 1025 3131 :
1054 3082 1112 3132 et
1134 3077 1318 3133 multo
1341 3082 1472 3149 post
1490 3081 1752 3149 tempore
1768 3093 1952 3133 rever-

2064 510 2114 561 el
2144 525 2251 561 non
2270 516 2348 561 est
2365 509 2597 563 scicntia
2622 510 2727 564 Dei
2745 511 2804 563 in
2824 512 2998 577 terra,
3020 509 3391 576 Maledictum,
3416 515 3468 566 et
3485 511 3711 567 menda-

2061 598 2230 661 cium,
2244 604 2295 650 et
2307 595 2687 665 homicidium,
2708 607 2759 653 et
2770 600 3002 669 furtum,
3016 602 3067 653 et
3079 599 3181 653 34
3196 598 3533 654 adulterium
3545 601 3713 656 inun-

2062 686 2332 741 daverant
2356 704 2368 741 :
2392 690 2444 740 et
2462 689 2699 755 sanguis
2717 689 3047 757 sanguinem
3096 689 3298 756 tetigit.
3327 687 3461 742 LXX
3485 706 3499 744 :
3520 688 3717 744 Audite

2061 774 2282 830 verbum
2313 776 2553 843 Domini,
2607 777 2719 846 lilii
2770 777 2978 832 Israel:
3027 777 3160 848 quia
3189 777 3459 845 iudicium
3484 778 3715 833 Domino

2061 864 2135 920 ad
2156 864 2489 919 habitatores
2509 872 2687 932 terrae,
2708 867 2840 936 quia
2859 882 2967 920 non
3009 870 3087 920 est
3107 867 3328 936 veritas,
3355 882 3528 938 neque
3545 867 3717 922 mise-

2062 952 2321 1019 ricordia,
2353 968 2527 1022 neque
2556 954 2785 1009 scientia
2814 955 2913 1009 Dei
2940 969 3103 1026 super
3123 962 3347 1010 terram.
3373 955 3712 1023 Maledictio,

2062 1048 2113 1096 et
2140 1040 2513 1111 mendacium,
2546 1045 2597 1096 et
2627 1040 3027 1110 homicidium,
3079 1051 3129 1097 et
3157 1049 3393 1114 furtum,
3425 1047 3477 1099 et
3504 1044 3717 1100 adulte-

2061 1131 2212 1184 rium
2240 1131 2471 1201 eﬂusum
2501 1138 2579 1184 est
2596 1146 2764 1201 super
2780 1136 3015 1196 terram,
3040 1138 3093 1186 et
3108 1133 3436 1201 sanguinem
3454 1133 3718 1203 sanguini

2062 1221 2425 1274 miscuerunt.
2458 1220 2502 1273 A
2534 1218 2821 1290 principio
2844 1219 3137 1292 prophetae
3159 1236 3347 1292 usque
3364 1221 3437 1276 ad
3461 1220 3615 1276 hunc
3636 1220 3717 1276 lo-

2062 1322 2196 1362 cum
2223 1306 2334 1362 sub
2367 1306 2693 1363 meretricis
2722 1307 3114 1381 descriptione
3143 1312 3202 1364 et
3232 1308 3531 1375 adulteras,
3564 1325 3714 1381 qua-

2062 1412 2192 1450 rum
2226 1400 2357 1466 post
2382 1395 2764 1467 gravissimas
2796 1413 2997 1468 pcenas
3018 1402 3075 1453 et
3104 1397 3465 1454 relictionem
3498 1397 3716 1471 longis-

2062 1484 2302 1552 simam,
2333 1489 2535 1555 postea
2565 1486 2631 1540 lit
2688 1486 2744 1540 in
2805 1485 3145 1557 pristinum,
3204 1485 3291 1541 vel
3321 1485 3381 1541 in
3413 1486 3716 1544 meliorem

2061 1577 2280 1628 statum
2312 1572 2622 1644 restitutio,
2655 1574 2853 1629 decem
2887 1574 3176 1640 tribuum,
3220 1574 3306 1631 vel
3347 1575 3624 1642 duarum,
3654 1578 3713 1631 et

2059 1662 2119 1717 in
2153 1677 2466 1717 commune
2510 1661 2773 1717 omnium
2834 1668 3069 1735 peccata
3109 1667 3514 1719 numerantur.
3548 1664 3715 1720 Nunc

1984 1785 2031 1850 B
2062 1766 2300 1805 rursum
2330 1750 2401 1805 ad
2434 1748 2633 1817 Israel,
2666 1751 2721 1805 id
2755 1756 2865 1822 est,
2901 1752 3098 1807 decem
3133 1752 3323 1809 tribus
3352 1767 3545 1808 sermo
3575 1768 3715 1809 cou-

2061 1838 2323 1907 vertitur,
2358 1854 2653 1909 exponens
2685 1855 2800 1894 non
2832 1839 3051 1896 frustra
3111 1839 3327 1896 iratum
3375 1840 3559 1897 Deum
3591 1844 3714 1897 tam

2060 1925 2256 1999 gravia
2283 1926 2631 1982 comminari
2654 1931 2712 1982 et
2741 1926 2956 1984 inferre
2994 1927 3321 2001 supplicia:
3365 1946 3437 1984 ne
3468 1929 3712 1986 forsitan

2060 2031 2176 2071 non
2208 2031 2277 2070 ex
2298 2014 2509 2087 judicii
2540 2015 2800 2084 veritate,
2844 2016 2941 2072 sed
2975 2033 3045 2073 ex
3078 2018 3338 2089 potentia
3366 2019 3465 2074 Dei
3494 2018 3715 2090 injuste

2060 2103 2327 2159 videatur
2339 2103 2397 2158 in
2416 2119 2515 2160 eos
2530 2104 2629 2177 qui
2646 2121 2761 2160 non
2774 2105 3304 2177 peccaverunt,lata
3314 2106 3603 2163 sententia
3614 2107 3712 2180 (b).

2060 2192 2294 2261 Audite,
2353 2192 2549 2263 inquit
2596 2192 2899 2264 propheta,
2958 2194 3201 2250 verbum
3257 2194 3510 2263 Domini,
3543 2211 3576 2251 ο
3606 2193 3714 2250 filii

2061 2280 2237 2336 Israel
2265 2296 2278 2335 :
2315 2279 2454 2352 quia
2480 2280 2603 2335 vult
2639 2280 2918 2337 Dominus
2938 2298 3073 2337 cum
3097 2300 3203 2339 suo
3226 2283 3442 2356 populo
3455 2272 3713 2354 judicari

2058 2376 2116 2425 et
2136 2385 2423 2441 exponere
2447 2385 2655 2424 causas
2676 2368 3093 2441 indignationis
3115 2387 3256 2427 sua.
3280 2371 3404 2426 Non
3448 2376 3539 2428 est
3564 2370 3715 2427 veri-

2056 2464 2168 2526 tas,
2200 2462 2258 2513 et
2283 2474 2396 2512 non
2429 2461 2513 2513 est
2546 2456 2970 2527 misericordia,
3003 2463 3060 2514 et
3088 2475 3202 2514 non
3234 2464 3325 2514 est
3344 2459 3588 2515 scientia
3608 2458 3715 2516 Dei

2059 2547 2118 2603 in
2142 2553 2309 2602 terra.
2336 2546 2451 2600 Nec
2476 2544 2689 2600 veritas
2710 2545 2866 2600 enim
2888 2546 3112 2618 absque
3148 2546 3550 2602 misericordia
3569 2564 3715 2603 sus-

2061 2634 2231 2690 tineri
2254 2637 2463 2706 potest,
2488 2637 2544 2687 et
2564 2633 2969 2689 misericordia
3016 2634 3240 2706 absque
3264 2634 3503 2690 veritate
3535 2634 3717 2690 efﬁcit

2059 2721 2420 2795 negligentes
2446 2740 2459 2778 :
2487 2722 2641 2777 unde
2667 2721 2914 2778 alterum
2941 2722 3223 2779 miscetur
3246 2722 3434 2790 alteri,
3458 2739 3586 2795 quae
3609 2723 3711 2794 qui

2061 2829 2173 2867 non
2208 2809 2501 2879 habuerit,
2561 2814 2986 2881 consequenter
3016 2816 3073 2866 et
3127 2810 3230 2866 Dei
3286 2811 3553 2866 notitiam
3589 2828 3705 2867 non

2060 2899 2317 2956 habebit.
2342 2900 2451 2955 Sed
2474 2916 2505 2954 e
2531 2898 2812 2954 contatrio
2836 2915 2939 2971 pro
2968 2899 3208 2955 veritate
3243 2899 3640 2967 mendacium,
3662 2902 3722 2956 et.

2060 3005 2164 3060 pro
2188 2988 2591 3043 misericordia
2616 2986 3018 3054 maledictum,
3037 2986 3446 3059 homicidium,
3466 2987 3716 3060 furtum,

2062 3076 2437 3134 adulterium.
2467 3080 2593 3132 Non
2616 3075 2784 3141 dixit,
2816 3079 2895 3131 est
2922 3093 2935 3131 :
2960 3076 3060 3132 sed
3085 3081 3151 3131 ut
3165 3074 3513 3131 delictorum
3536 3077 3693 3132 abun

276 3172 525 3235 tentur,
547 3170 603 3221 et
624 3142 884 3238 quaerent
904 3142 1218 3222 Dominum
1254 3142 1431 3222 Deum
1467 3142 1663 3233 suum,
1692 3171 1749 3221 et
1777 3166 1950 3222 David
1983 3142 2026 3207 Ο
2064 3165 2325 3222 dentiam
2377 3166 2824 3234 demonstraret,
2884 3162 3106 3235 intulit,
3165 3164 3572 3221 inundaverant
3598 3163 3714 3237 (ΑΙ.

278 3250 503 3331 regem
529 3271 727 3326 suum,
753 3255 853 3327 qui
877 3255 946 3310 de
966 3254 1143 3310 David
1169 3255 1351 3326 stirpe
1397 3258 1710 3327 generatus
1759 3259 1867 3323 est,
1900 3259 1957 3310 et

276 3347 726 3418 interpretatur
750 3345 908 3414 fortis
926 3360 1117 3398 manu.
1141 3343 1271 3416 Ipse
1293 3343 1449 3398 enim
1467 3342 1640 3398 solvit
1659 3342 1957 3415 captivita-

278 3440 415 3491 tem
456 3431 658 3505 populi
690 3432 804 3498 sui,
835 3434 892 3487 et
908 3431 1068 3486 dedit
1086 3431 1299 3486 vinctis
1322 3430 1750 3487 remissionem.
1776 3430 1956 3486 Cum-

281 3540 412 3597 que
442 3537 583 3576 eum
604 3520 857 3576 viderint
886 3519 990 3574 ﬁlii
1011 3518 1209 3591 Israel,
1233 3518 1332 3591 qui
1356 3536 1389 3573 a
1416 3520 1541 3575 suis
1558 3519 1837 3574 fratribus
1863 3521 1958 3573 de-

282 3614 560 3685 negatus
590 3612 696 3679 est,
728 3608 788 3663 in
820 3607 1005 3663 Patris
1034 3612 1093 3663 et
1120 3624 1227 3663 sua
1257 3607 1562 3677 majestate
1594 3613 1957 3679 regnantem,

285 3699 627 3774 pavebunt,
659 3701 717 3752 et
747 3698 1070 3768 stupebant
1099 3696 1171 3752 ad
1203 3696 1518 3751 Dominum
1549 3700 1607 3751 et
1637 3697 1706 3751 ad
1740 3697 1959 3751 bonum

286 3791 460 3861 ejus.
495 3785 606 3852 Qui
634 3786 825 3842 bonus
858 3784 1036 3850 filius,
1060 3786 1130 3840 de
1155 3785 1307 3840 bono
1336 3788 1509 3839 natus
1530 3789 1618 3839 est
1639 3787 1818 3855 patre,
1843 3784 1963 3839 sive

290 3878 373 3934 ad
398 3877 565 3931 bona
591 3872 848 3944 Domini,
875 3877 944 3928 de
967 3872 1181 3945 quibus
1204 3880 1440 3928 sanctus
1461 3871 1721 3943 loquitur
1744 3888 1757 3926 :
1794 3871 1965 3929 Credo

293 3963 501 4021 videre
530 3963 670 4017 bona
690 3962 916 4017 Domini
933 3962 993 4016 in
1014 3965 1164 4017 terra
1187 3962 1488 4016 viventium
1511 3960 1622 4031 (Ps.
1647 3977 1799 4029 xxvx,
1829 3960 1918 4033 l3)
1945 3980 1964 4016 :

293 4054 435 4109 haec
466 4051 621 4108 enim
671 4067 848 4123 quam
908 4049 1221 4105 incolimus
1280 4052 1633 4121 peccatores,
1692 4054 1847 4105 terra
1877 4054 1968 4107 est

296 4144 708 4198 mortuorum.
733 4139 992 4195 Praesens
1022 4137 1371 4211 capitulum,
1392 4136 1489 4192 alii
1512 4137 1850 4193 Iudaeorum
1874 4155 1968 4194 su-

297 4248 413 4303 per
447 4226 820 4299 Babylonicia
850 4227 1185 4300 captivitate
1216 4226 1699 4298 interpretantur,
1733 4227 1969 4299 quando

296 4316 693 4393 septuaginta
724 4316 897 4371 annis
949 4314 1277 4371 desolatum
1316 4319 1407 4371 est
1436 4314 1768 4387 Templum,
1801 4321 1858 4371 et
1886 4315 1968 4372 al-

294 4415 433 4464 tare
457 4410 516 4462 et
535 4405 784 4461 victimis
805 4420 872 4460 ac
887 4404 1280 4460 sacerdotium
1326 4420 1440 4458 non
1466 4403 1723 4472 fuerunt,
1747 4408 1804 4459 et
1833 4420 1967 4476 pos-

2063 3253 2567 3325 redundaverunt):
2600 3256 2657 3308 et
2711 3269 2814 3324 pro
2867 3252 3113 3308 scientia
3166 3252 3289 3320 Dei,
3322 3270 3450 3325 qua:
3481 3270 3595 3309 non
3626 3258 3717 3309 est

2065 3343 2124 3398 in
2147 3347 2324 3408 terra,
2348 3342 2592 3414 sanguis
2614 3340 2962 3414 sanguinem
2985 3341 3196 3414 tetigit,
3220 3342 3341 3397 sive
3364 3344 3714 3416 sanguinem

2066 3431 2340 3504 sanguini
2374 3431 2758 3498 miscuerunt,
2794 3435 2858 3485 ut
2878 3436 3158 3501 augerent
3183 3436 3420 3502 peccata
3440 3432 3714 3503 peccatis,

2067 3526 2123 3577 et
2142 3520 2309 3576 novis
2333 3525 2523 3575 vetera
2544 3518 2937 3574 cumularent.
2964 3519 3138 3574 Recte
3161 3523 3354 3574 autem
3377 3519 3480 3591 qui
3496 3519 3719 3575 habita-

2066 3614 2221 3665 tores
2245 3613 2411 3663 terraa
2434 3613 2573 3663 sunt
2592 3612 2649 3663 et
2669 3624 2786 3662 non
2830 3606 3055 3672 incolae,
3077 3607 3150 3661 ad
3180 3606 3473 3678 judicium
3497 3624 3707 3679 provo-

2070 3702 2308 3753 cantur:
2343 3696 2481 3767 quia
2510 3714 2545 3750 a
2593 3694 2736 3751 facie
2790 3694 3099 3766 Aquilonis
3156 3695 3539 3751 exardescunt
3566 3694 3721 3752 mala

2071 3801 2249 3856 super
2304 3782 2665 3839 habitatores
2716 3786 2883 3837 terrea
2945 3781 3162 3851 (Jerem.
3223 3782 3283 3855 1).
3337 3783 3406 3837 Et
3453 3782 3511 3838 in
3568 3785 3720 3856 Apo-

2072 3872 2291 3946 calypsi
2348 3870 2630 3927 Joannis:
2695 3869 2809 3937 Vae,
2869 3887 2974 3938 vae,
3026 3884 3111 3926 vae
3166 3870 3383 3926 dicitur
3410 3887 3589 3943 super
3616 3871 3720 3928 ha-

2074 3962 2356 4017 bitatores
2380 3963 2545 4014 terra:
2578 3959 2772 4030 (Apoc.
2806 3957 2908 4031 v1).
2967 3958 3075 4022 Qui
3136 3962 3331 4015 autem
3365 3963 3556 4031 potest
3584 3976 3721 4016 cum

2076 4048 2359 4123 prepheta
2389 4048 2621 4103 dicere:
2655 4047 2874 4102 Advena
2903 4063 3027 4102 sum
3077 4047 3228 4119 apud
3283 4051 3354 4114 te,
3407 4052 3461 4104 et
3485 4050 3725 4121 peregri-

2074 4154 2200 4205 nus,
2231 4138 2373 4192 sicut
2422 4151 2605 4192 omnes
2656 4138 2845 4207 patres
2894 4137 3006 4191 mei
3056 4135 3227 4207 (Psal.
3286 4153 3526 4204 xxxvm,
3563 4138 3638 4209 1),
3668 4140 3728 4193 et

2077 4224 2691 4299 pertransitmundum
2707 4224 2887 4279 istum
2902 4224 3067 4296 quasi
3083 4223 3276 4280 incola
3292 4229 3350 4281 et
3362 4225 3727 4299 peregrinus,

2077 4315 2378 4370 veritatem
2431 4313 2699 4385 sequitur
2726 4317 2783 4368 et
2815 4312 3299 4381 misericordiam,
3323 4315 3421 4370 35
3456 4318 3513 4370 et
3540 4315 3728 4371 scien-

2078 4404 2223 4459 tiam
2245 4402 2368 4469 Dei,
2405 4418 2477 4457 ne
2498 4401 2883 4457 inundatione
2902 4400 3196 4457 maledicti
3218 4406 3395 4472 atque
3416 4402 3728 4471 mendacii,

300 4503 404 4553 tea
427 4494 547 4551 sub
569 4493 881 4549 Zorobabel
904 4493 963 4548 in
1014 4493 1182 4548 sedes
1230 4491 1511 4565 pristinas
1560 4496 1701 4546 sunt
1729 4492 1963 4549 reversi.
2002 4503 2049 4568 1)
2080 4491 2405 4558 homicidii,
2443 4497 2499 4546 et
2530 4490 2690 4557 furti,
2720 4494 2778 4545 et
2808 4488 3081 4545 adulterii
3114 4495 3173 4545 et
3200 4489 3502 4560 sanguinis
3530 4490 3727 4563 oppri-

298 4582 446 4655 Alii,
474 4586 542 4639 ut
565 4598 692 4648 nos,
715 4581 776 4637 in
800 4582 1066 4637 futurum
1090 4586 1327 4653 tempus
1372 4579 1650 4634 differunt
1671 4580 1773 4648 [Αι.
1800 4581 1968 4636 dese-
2082 4585 2299 4637 matur.

304 4674 501 4741 runt],
548 4675 607 4726 et
657 4687 783 4742 quae
842 4669 919 4726 sit
972 4686 1153 4725 causa
1183 4673 1304 4723 tam
1344 4667 1584 4740 grandis
1619 4668 1875 4736 offensa),
1908 4672 1975 4723 ut
2152 4670 2335 4739 (Vers.
2368 4669 2446 4739 3.)
2478 4669 2709 4735 Propter
2737 4666 2834 4721 hoc
2864 4666 3069 4737 lugebit
3121 4673 3289 4733 terra,
3346 4674 3397 4721 et
3426 4666 3733 4735 inﬁrmabi—

308 4766 483 4818 tanto
522 4764 784 4831 tempore
816 4757 1001 4814 relicti
1034 4755 1175 4824 sint,
1208 4756 1460 4812 maxime
1502 4773 1634 4811 cum
1670 4756 1824 4812 idola
1855 4772 1973 4814 non
2080 4762 2173 4814 tur
2200 4759 2381 4813 omnis
2412 4757 2509 4827 qui
2536 4755 2750 4810 habitat
2784 4758 2843 4809 in
2872 4770 2938 4810 ea
2958 4772 2976 4808 :
3008 4757 3066 4810 in
3089 4754 3256 4810 bestia
3275 4756 3399 4825 agri
3416 4757 3465 4809 et
3494 4756 3555 4810 in
3582 4755 3733 4810 votu-

308 4851 537 4916 colant,
573 4852 779 4920 praeter
804 4847 1267 4903 interfectionem
1298 4844 1634 4913 Salvatoris,
1659 4844 1832 4900 aliam
1857 4862 1971 4903 non
2082 4863 2172 4901 ere
2197 4846 2340 4912 creti,
2368 4844 2460 4900 sed
2487 4846 2536 4899 et
2564 4843 2739 4914 pisces
2793 4859 2966 4898 maris
3016 4842 3512 4913 congregabuntur.
3552 4840 3729 4897 LXX:

310 4938 517 4992 valent
558 4934 837 4991 invenire.
2086 4936 2204 4991 Ideo
2227 4933 2438 5006 lugebit
2457 4935 2625 5001 terra,
2649 4935 2703 4986 et
2722 4933 3006 4986 minuetur
3032 4947 3158 4986 cum
3178 4931 3429 4986 omnibus
3452 4932 3547 5003 qui
3570 4930 3733 4986 habi-

388 5025 557 5098 (Cap.
593 5024 687 5079 ιν.
723 5056 788 5066 -
821 5024 984 5080 Vers.
1020 5026 1073 5089 1,
1102 5024 1182 5093 2.)
1235 5022 1436 5079 Audite
1478 5023 1706 5078 verbum
1734 5023 1975 5090 Dimini,
2086 5029 2203 5079 tant
2223 5037 2364 5090 eam,
2386 5037 2511 5075 cum
2538 5021 2723 5076 bestiis
2770 5022 2915 5090 agri,
2946 5020 3163 5091 (c)cum
3181 5019 3521 5091 serpentibus
3544 5023 3730 5085 terrae,

315 5115 429 5185 ﬁlii
458 5114 632 5170 Israel
649 5131 669 5175 ,·
707 5115 839 5185 quia
859 5114 1145 5185 judicium
1178 5112 1402 5167 Domino
1428 5128 1559 5167 cum
1581 5111 1977 5167 habitatoribus
2084 5120 2136 5168 et
2160 5128 2287 5167 cum
2316 5109 2635 5165 volatilibus
2661 5108 2816 5176 caeli,
2836 5111 2888 5163 et
2904 5110 3079 5180 pisces
3103 5110 3277 5163 maris
3295 5106 3563 5177 deﬁcient.
3589 5106 3735 5174 Quia

2088 5321 2238 5375 quos
2264 5303 2481 5358 Victor.
2516 5301 2831 5367 consuluit,
2862 5302 2962 5375 qui
2995 5307 3135 5359 sunt
3164 5317 3406 5358 numero
3436 5301 3735 5372 tredecim,

2088 5394 2203 5433 non
2236 5378 2583 5447 agnoscunt.

2158 5448 2228 5519 (ο)
2264 5441 2489 5514 Istheec,
2517 5460 2642 5519 eum
2669 5445 3006 5519 serpentibus
3035 5444 3311 5519 te_rraz,_in
3341 5441 3523 5519 altero
3546 5444 3731 5505 Palat.

2088 5514 2396 5584 non'sunt,
2422 5532 2549 5589 quae
2578 5515 2637 5571 in
2669 5514 2866 5572 Graeco
2895 5515 3183 5590 Complut.
3213 5514 3445 5574 desunt.

392 5308 474 5381 (a)
494 5311 743 5381 Deerant
765 5311 993 5363 tantum
1018 5307 1154 5363 anni
1177 5307 1248 5360 25
1268 5323 1338 5362 au
1349 5307 1481 5381 tg27_
1494 5305 1568 5381 ad
1591 5304 1975 5381 expletionem

320 5376 895 5451 quadringentorum
918 5395 1242 5435 annorum:
1273 5378 1428 5432 unde
1452 5376 1593 5432 dicit
1602 5376 1975 5449 pdulominus,

326 5456 473 5595 et((zb)
500 5521 856 5587 Delevimus,
890 5537 1018 5595 quae
1048 5520 1145 5575 hic
1177 5517 1520 5585 addebatur,
1551 5519 1851 5595 prophetia:
1881 5536 1976 5595 νοτ

326 5589 478 5663 cein',
509 5596 712 5670 utpote
740 5589 1120 5667 superﬂuam,
1163 5596 1220 5648 et
1278 5605 1457 5665 quam
1515 5589 1699 5651 nostri
1749 5606 1892 5652 mss.
1924 5594 1982 5655 et
