3994 6188
340 281 459 356 84⁸⁷

1586 298 1650 359 s.
1696 270 2005 361 unseen
2049 272 2494 360 attinemur

3621 272 3741 359 sa

342 445 459 484 non
489 432 579 485 est
605 429 838 501 veritas,
872 434 929 487 et
958 446 1073 487 non
1105 433 1194 487 est
1223 429 1644 499 misericordia,
1678 434 1736 486 et
1760 448 1875 487 non
1898 434 1987 487 est
2012 432 2068 499 Α
2096 430 2253 486 enim
2285 447 2399 487 non
2430 430 2572 488 sunt
2599 435 2778 504 captaa
2816 433 3015 488 decem
3060 430 3272 500 tribus,
3320 430 3661 487 habuerunt
3686 416 3742 488 et

343 516 581 572 scientia
604 517 705 573 Dei
731 535 910 590 super
936 522 1173 586 terram,
1207 519 1308 574 sed
1365 535 1396 574 e
1443 519 1674 592 regione
1705 518 1983 575 maledic-

340 609 487 673 tum,
519 610 576 660 et
604 607 996 678 mendacium,
1030 611 1086 663 et
1113 606 1520 674 homicidium,
1553 611 1612 663 et
1651 608 1895 675 furtum,
1929 611 1986 663 et

338 691 690 749 adulterium
708 696 1159 763 inundaverunt,
1183 701 1241 752 et
1262 697 1503 768 sanguis
1527 697 1874 769 sanguinem
1899 701 1985 751 te-

339 780 474 853 tigit
503 781 758 839 :idcirco
787 781 1012 857 lugebit
1045 794 1195 840 terra
1215 801 1348 840 cum
1371 784 1804 841 habitatoribus
1836 786 1981 851 suis,

337 872 395 924 et
414 868 833 941 infirmabitur,
861 876 926 928 ut
945 890 1061 929 non
1084 873 1297 930 habeat
1317 873 1535 929 bestias
1563 873 1708 945 agri,
1732 878 1790 929 et
1816 873 1984 930 volu-

340 973 468 1015 cres
497 960 647 1030 coeli,
678 964 735 1017 et
765 962 956 1034 pisces
989 964 1166 1019 maris
1197 962 1486 1019 deficient.
1512 966 1655 1018 Cum
1679 962 1835 1018 enim
1857 979 1985 1035 cap-

337 1046 536 1104 tivitas
566 1049 766 1107 decem
796 1050 1059 1108 tribuum
1088 1050 1330 1123 venerit,
1373 1051 1695 1107 habitatore
1728 1051 1981 1119 sublato,

340 1136 544 1194 bestia
574 1153 807 1211 quoque
850 1144 908 1197 et
965 1140 1230 1196 volucres
1287 1139 1412 1197 θα)ιί
1469 1144 1526 1196 et
1584 1140 1773 1213 pisces
1807 1141 1985 1196 maris

343 1223 641 1295 deficient,
660 1228 927 1300 iramque
939 1227 1170 1283 Domini
1184 1228 1356 1284 etiam
1379 1231 1543 1283 muta
1562 1228 1849 1284 elementa
1860 1243 1986 1284 sen-

343 1312 508 1389 tient.
533 1314 651 1372 Hoc
681 1316 781 1388 qui
812 1334 926 1373 non
977 1317 1162 1373 credit
1208 1316 1489 1373 accidisse
1536 1317 1752 1391 populo
1784 1315 1981 1384 Israel,

343 1407 542 1459 cernat
563 1402 1078 1477 Illyricum,cernat
1088 1396 1692 1473 Thracias,Maoedoni
1701 1423 1795 1461 am
1813 1411 1986 1478 atque

339 1490 690 1559 Pannonias,
713 1509 1064 1564 omnemque
1086 1496 1324 1560 terram,
1348 1511 1474 1565 quae
1499 1510 1533 1549 a
1562 1494 1908 1566 Propontide
1928 1500 1986 1551 et

339 1577 637 1651 Bosphoro
658 1597 845 1653 usque
868 1599 939 1654 ap
966 1580 1142 1655 Alpes
1163 1581 1350 1638 Julias
1383 1583 1662 1649 tenditur,
1697 1588 1754 1639 et
1774 1584 1981 1656 proba-

337 1665 424 1721 bit
451 1683 585 1723 cum
613 1668 955 1726 hominibus
1004 1675 1061 1727 et
1108 1672 1429 1727 animantia
1476 1677 1686 1728 cuncta
1716 1674 1979 1740 deficere,

2090 520 2274 574 Eliam
2301 521 2646 592 prophetam
2668 525 2724 576 et
2743 520 3037 591 Elismum,
3084 525 3141 576 et
3171 525 3407 575 caeteros
3430 518 3583 575 filios
3614 535 3745 593 pro-

2094 607 2426 679 phetarum,
2460 609 2560 681 qui
2591 609 3085 682 prophetaverunt
3114 609 3174 664 in
3194 607 3477 663 Samaria.
3502 607 3667 663 Unde
3684 611 3739 663 et

2092 703 2273 752 Amos
2299 696 2582 769 propheta
2610 698 2709 769 qui
2746 698 2817 753 de
2850 698 3009 752 tribu
3033 697 3185 752 Juda
3203 700 3346 768 erat,
3371 694 3521 752 etde
3551 694 3738 752 viculo

2093 785 2344 854 Thecue,
2377 786 2608 858 cogitur
2665 785 2852 841 redire
2909 785 2981 840 ad
3042 785 3291 856 patriam
3351 800 3544 854 suam,
3579 801 3653 840 ne
3682 785 3739 840 in

2092 872 2282 929 alieno
2316 891 2492 947 regno
2523 880 2579 930 et
2608 875 2873 929 Samaria
2906 874 3295 947 prophetaret.

2164 963 2348 1034 (Vers.
2376 965 2457 1031 6.)
2488 965 2647 1019 Nocte
2665 967 2844 1019 tacere
2866 966 2974 1035 [cci
2997 971 3233 1018 matrem
3270 972 3442 1028 tuam,
3475 964 3740 1019 conticuit

2087 1053 2327 1123 populus
2355 1067 2523 1121 meus,
2557 1068 2617 1109 eo
2643 1052 2783 1123 quod
2808 1069 2914 1107 non
2964 1052 3221 1107 habuerit
3248 1052 3537 1106 scientiam
3557 1069 3578 1106 :
3610 1052 3743 1126 quia

2091 1142 2155 1194 tu
2183 1140 2473 1195 scientiam
2501 1141 2772 1212 repulisti,
2805 1141 3066 1212 repellam
3094 1148 3145 1196 te
3171 1148 3225 1196 et
3252 1156 3348 1210 ego
3386 1139 3562 1213 [Vulg
3591 1144 3742 1197 tacet

2093 1236 2145 1284 et
2171 1229 2312 1299 ego],
2370 1245 2440 1284 ne
2495 1229 2797 1286 sacerdotio
2836 1230 3091 1301 fungaris
3148 1228 3325 1285 mihi:
3383 1237 3435 1285 et
3488 1228 3661 1285 oblita
3689 1244 3742 1285 es

2095 1317 2229 1386 legis
2250 1318 2351 1372 Dei
2369 1320 2472 1383 tui,
2497 1319 2789 1374 obliviscar
2806 1317 3058 1387 ﬁliorum
3103 1326 3324 1374 tuorum
3342 1322 3396 1373 et
3416 1333 3533 1388 ego.
3559 1317 3703 1373 LXX
3725 1335 3740 1374 :

2091 1404 2246 1461 Nocti
2271 1407 2578 1462 assimilavi
2603 1414 2839 1462 matrem
2867 1414 3039 1470 luam,
3072 1411 3127 1461 et
3155 1407 3493 1461 assimilatas
3538 1414 3619 1462 est
3647 1416 3746 1479 po-

2086 1495 2260 1566 pulus
2280 1512 2434 1550 meus
2453 1498 2611 1566 quasi
2629 1511 2739 1551 non
2760 1495 2962 1550 habens
2982 1496 3273 1551 scientiam
3294 1512 3308 1550 :
3333 1495 3464 1566 quia
3486 1496 3547 1549 tu
3566 1497 3746 1550 scien-

2092 1590 2230 1639 tiam
2260 1585 2530 1655 repulisti,
2563 1594 2615 1639 et
2642 1600 2737 1655 ego
2768 1586 3031 1656 repellam
3074 1592 3142 1651 te,
3191 1599 3261 1639 ne
3287 1583 3596 1639 sacerdotio
3614 1585 3751 1657 fun-

2088 1674 2242 1744 garis
2271 1673 2452 1728 mihi:
2481 1674 2650 1728 oblita
2678 1690 2732 1729 es
2766 1673 2897 1744 legis
2926 1673 3025 1728 Dei
3068 1673 3169 1743 tui,
3227 1677 3279 1728 et
3329 1688 3422 1743 ego
3452 1673 3751 1727 obliviscar

336 1771 464 1860 qua:
496 1756 556 1812 in
589 1774 728 1814 usus
756 1756 1065 1860 hominum
1099 1776 1132 1816 a
1160 1760 1427 1859 Creatore
1458 1760 1621 1832 prius
1653 1760 1980 1817 alebantur.
2012 1796 2058 1860 Β
2089 1761 2339 1831 ﬁliorum
2354 1764 2594 1816 tuorum.
2621 1766 2745 1817 Non
2771 1762 2925 1833 quod
2946 1760 3061 1816 alia
3083 1764 3271 1817 mater
3289 1761 3382 1827 sit,
3416 1765 3473 1817 et
3492 1759 3592 1860 alii
3613 1760 3748 1829 ﬁlii,

333 1844 436 1901 Sin
467 1850 661 1902 autem
690 1846 1071 1917 voluerimus,
1104 1853 1170 1903 ut
1193 1848 1431 1921 quidam
1456 1854 1685 1920 putant,
1711 1850 1861 1906 feros
1882 1850 1982 1907 ho-

335 1934 526 1991 mines
544 1935 769 1991 bestias
794 1935 1184 2008 interpretari,
1208 1942 1265 1992 et
1291 1936 1556 1993 volucres
1577 1937 1703 1993 caeli
1727 1955 1847 2005 eos,
1880 1939 1979 2010 qui

334 2020 635 2079 elevantur
663 2024 723 2080 in
784 2024 1143 2096 superbiam,
1204 2029 1261 2080 et
1316 2026 1516 2080 omnia
1556 2024 1817 2082 humana
1847 2044 1983 2084 con-

334 2116 627 2185 temnunt,
652 2117 709 2168 et
730 2113 917 2186 pisces
939 2113 1140 2182 maris,
1166 2113 1267 2185 qui
1289 2114 1720 2169 irrationabiles
1744 2119 1901 2184 sunt,
1929 2120 1986 2171 et

333 2199 419 2256 ita
437 2201 617 2272 bruti,
640 2204 705 2257 ut
732 2201 879 2258 nihil
907 2202 1144 2258 omnino
1166 2202 1415 2275 sapiant,
1441 2208 1497 2259 et
1517 2220 1710 2259 aerem
1735 2205 1981 2260 liberum

336 2287 665 2363 malumque
685 2307 801 2346 non
821 2290 1087 2347 videant:
1112 2291 1221 2347 hoc
1243 2308 1357 2347 non
1380 2295 1499 2347 tam
1518 2291 1650 2347 irati
1673 2308 1852 2364 quam
1875 2292 1985 2349 cle-

331 2379 553 2435 mentis
582 2382 671 2436 est
702 2379 950 2451 Domini,
985 2384 1051 2436 ut
1080 2396 1206 2453 quae
1254 2379 1409 2435 mala
1452 2385 1609 2449 sunt,
1644 2382 1986 2439 auferantur

336 2464 408 2524 d‘e
435 2471 611 2524 terra.
702 2534 706 2539 ,
1402 2474 1406 2479 ’

407 2554 592 2629 (Vere.
626 2557 679 2629 4,
710 2552 790 2630 5.)
826 2558 1203 2615 Verumtamen
1222 2560 1596 2630 unusquisque
1621 2576 1734 2615 non
1748 2559 1981 2631 judicet,

336 2640 389 2702 e't
414 2650 527 2702 non
554 2649 824 2718 arguatur
851 2646 978 2702 vir:
1006 2647 1241 2720 populus
1270 2649 1419 2703 enim
1475 2652 1599 2703 tuus
1627 2650 1770 2704 sicut
1800 2650 1861 2702 hi
1889 2650 1984 2720 qui

332 2734 711 2790 contradicunt
737 2735 1026 2804 sacerdoti,
1084 2740 1137 2792 et
1191 2752 1414 2792 corrues
1471 2734 1647 2807 hodie,
1677 2743 1729 2792 et
1759 2740 1984 2792 corruet

333 2825 504 2899 etiam
525 2824 791 2896 propheta
812 2829 1010 2880 tecum.
1037 2824 1169 2880 LXX
1197 2841 1210 2879 :
1249 2826 1311 2881 Ut
1337 2825 1529 2879 nullus
1560 2840 1734 2895 neque
1767 2825 1982 2896 judice-

336 2918 443 2984 ἰὰν,
476 2906 650 2985 neque
673 2921 941 2983 arguatur
968 2912 1255 2985 quisquam
1278 2930 1297 2967 :
1351 2913 1583 2984 populus
1611 2916 1800 2969 autem
1830 2929 1982 2969 meus

333 2996 495 3075 quasi
556 3001 820 3072 sacerdos,
914 3004 1006 3058 cui
1094 3002 1518 3071 contradicetur,
1608 3006 1661 3057 et
1728 3003 1981 3072 inﬁrma-

337 3091 484 3147 bitur
543 3106 647 3163 per
710 3091 873 3161 diem,
934 3096 986 3147 et
1050 3092 1426 3162 inﬁrmabitur
1495 3093 1665 3146 etiam
1714 3091 1984 3163 propheta

337 3162 553 3236 tecum.
596 3179 933 3236 Secundum
992 3180 1372 3252 Septuaginta
1426 3162 1825 3251 interpretes,
1872 3180 1982 3236 hoc
2012 3162 2055 3225 (ἶ

339 3268 492 3340 quod
552 3268 880 3341 posuimus,
938 3272 997 3323 ut
1034 3266 1248 3347 _nullus
1300 3284 1474 3339 neque
1528 3267 1826 3339 judicetur,
1881 3285 1981 3324 ne-

338 3356 442 3428 que
470 3354 739 3429 arguatur
767 3359 1076 3430 quisquam,
1111 3355 1399 3429 superiori
1430 3356 1684 3428 capitulo
1712 3361 1982 3429 coaptan-

339 3447 481 3502 dum
514 3451 637 3502 est:
693 3448 795 3503 sed
848 3463 955 3502 nos
1012 3445 1281 3500 Hebraeos
1337 3441 1438 3501 36
1488 3445 1813 3516 sequimur.
1845 3446 1980 3503 Pro-

334 3536 523 3593 vocati
544 3536 613 3592 ad
631 3535 922 3607 judicium
971 3534 1091 3601 Dei,
1127 3532 1229 3588 ﬁlii
1263 3534 1463 3603 Israel,
1497 3534 1598 3606 qui
1638 3534 1984 3592 habitabant

332 3624 395 3681 in
416 3628 571 3680 terra
591 3628 655 3679 ut
676 3640 886 3680 causas
909 3622 1224 3678 Dominicze
1249 3621 1667 3695 indignationis
1685 3623 1977 3695 audirent,

331 3718 389 3771 et
408 3715 701 3788 praterita
721 3716 956 3786 peccata
978 3716 1414 3784 cognoscerent,
1440 3716 1675 3785 prepter
1694 3728 1821 3785 qua
1843 3713 1978 3768 hos-

327 3804 490 3860 tibus
505 3803 891 3870 trsderentur,
926 3818 1082 3857 nunc
1105 3801 1244 3873 quia
1275 3801 1335 3856 in
1375 3800 1694 3857 sceleribus
1717 3816 1978 3874 persevc-

329 3896 482 3963 rant,
514 3895 572 3948 et
601 3891 928 3964 impudenti
961 3891 1145 3946 Deum
1202 3880 1391 3946 frente
1434 3894 1838 3961 contemnunt,
1871 3908 1977 3946 au-

329 3982 502 4038 diunt
522 3997 537 4037 :
556 3979 680 4036 Non
704 3996 941 4036 necesse
964 3984 1054 4035 est
1079 3984 1142 4033 ut
1161 3978 1404 4035 veniatis
1450 3979 1520 4033 ad
1566 3978 1880 4050 judicium,
1915 3983 1980 4035 ut

327 4069 388 4124 in
416 4068 628 4125 vestris
657 4065 895 4141 ﬂagitiis
928 4066 1260 4139 arguamini
1287 4085 1300 4135 ;
1334 4067 1473 4139 quia
1502 4070 1676 4121 tanta:
1707 4066 1848 4123 estis
1876 4067 1980 4122 im-

328 4156 643 4228 pudentiae,
670 4158 736 4210 ut
756 4170 862 4211 nec
884 4155 1128 4212 convicti
1156 4154 1419 4226 quidem,
1458 4155 1735 4227 pudorem
1762 4155 1975 4212 habea-

327 4243 408 4300 tis
436 4246 494 4299 et
520 4244 930 4300 verecundiam
960 4262 973 4312 ;
1007 4243 1108 4300 sed
1158 4244 1572 4300 contradicatis
1604 4245 1772 4313 mihi,
1807 4245 1976 4318 quasi

326 4332 383 4389 si
407 4331 731 4405 discipulus
754 4332 1034 4406 magistro
1061 4331 1344 4388 sacerdoti
1368 4331 1668 4406 plebecula
1684 4333 1976 4389 contradi-

326 4426 445 4489 ‘cat,
478 4438 603 4497 quae
629 4439 745 4478 non
775 4421 951 4477 habet
980 4420 1291 4477 sacerdotii
1341 4421 1708 4494 dignitatem.
1740 4423 1809 4478 Et
1838 4421 1979 4495 quia

330 4502 478 4568 tales
508 4511 671 4579 estis,
700 4510 829 4567 ideo
883 4509 1053 4566 hodie
1112 4510 1397 4567 corruetis
1451 4510 1556 4582 [Αἱ.
1600 4511 1892 4580 corruitis,
1921 4514 1978 4567 et
2008 4518 2053 4587 D

331 4599 636 4667 ducimini,
671 4604 728 4656 et
756 4600 1044 4672 perditis],
1076 4599 1136 4654 id
1167 4603 1277 4668 est,
1320 4599 1616 4655 ducemini
1647 4600 1707 4654 in
1739 4599 1975 4672 captivi-

318 4676 531 4758 tatem,
564 4694 622 4745 et
651 4688 904 4761 perdetis
936 4703 1182 4758 regnum
1241 4687 1439 4743 Israel.
1493 4687 1655 4752 Quod
1690 4688 1849 4755 dicit,
1883 4688 1976 4745 ho-

329 4777 437 4850 die,
470 4781 572 4834 aut
600 4792 855 4850 praesens
884 4781 1117 4850 tempus
1147 4776 1460 4849 signiﬁcat,
1522 4781 1623 4832 aut
1672 4794 1787 4833 non
1821 4778 1975 4833 frau-

329 4868 401 4922 de
431 4865 762 4935 etinsidiis,
796 4865 895 4921 sed
927 4864 1085 4920 clara
1113 4865 1171 4919 in
1203 4865 1598 4937 captivitatem
1643 4864 1770 4922 luce
1809 4867 1978 4922 duce-

328 4943 495 5022 mini,
529 4958 809 5026 tantaque
852 4952 961 5010 erit
979 4954 1157 5009 vestri
1180 4950 1515 5020 inﬁrmitas,
1554 4958 1617 5010 ut
1637 4955 1812 5011 etiam
1844 4972 1976 5026 pro-

327 5043 538 5116 phetae,
571 5043 672 5116 qui
702 5042 868 5099 vobis
898 5042 1163 5099 solebant
1204 5041 1551 5114 prophetare
1581 5044 1975 5111 mendacium,

326 5131 632 5189 vobichm
666 5136 961 5203 corruant,
1004 5135 1061 5186 et
1117 5132 1373 5187 sentiant
1420 5132 1838 5204 captivitatem.
1873 5132 1975 5188 Hic

329 5221 668 5294 Prophetas,
693 5225 794 5276 aut
814 5219 1353 5293 pseudoprophetas
1389 5221 1673 5277 debemus
1693 5222 1973 5295 accipere,

329 5314 432 5366 aut
461 5312 614 5367 certe
644 5324 879 5366 omnem
939 5308 1188 5383 gratiam
1249 5309 1670 5381 prophetalem.
1704 5310 1973 5375 Quandiu

2091 1858 2333 1905 malrem
2350 1854 2579 1906 vocatet
2594 1849 2766 1919 filios;
2782 1851 2882 1906 sed
2898 1851 3190 1922 quomodo
3202 1850 3483 1906 Dominus
3495 1848 3747 1922 loquens

2092 1939 2161 1994 ad
2184 1938 2464 2011 populum
2481 1939 2513 1994 J
2524 1941 2818 1995 udaeorum
2833 1939 3747 2008 dicebatzlerusalemJer-usalem,

2092 2042 2217 2100 qua:
2245 2027 2442 2082 occidis
2470 2029 2786 2099 Prophetas,
2820 2032 2874 2083 et
2901 2026 3117 2099 lapidas
3148 2043 3235 2083 eos
3281 2029 3378 2100 qui
3407 2027 3476 2082 ad
3507 2031 3559 2082 te
3584 2028 3748 2082 missi

2091 2124 2242 2183 sunt,
2271 2117 2475 2187 quoties
2502 2118 2653 2173 volui
2684 2132 3011 2189 congregare
3040 2116 3184 2187 ﬁlios
3215 2124 3350 2184 tuos,
3392 2117 3538 2172 sicut
3564 2114 3745 2184 galli-

2099 2223 2173 2259 na
2202 2206 2569 2275 congregabat
2594 2207 2771 2277 pullos
2794 2222 2916 2261 suos
2943 2207 3044 2261 sub
3075 2206 3193 2261 alas
3244 2221 3395 2270 suas,
3434 2208 3485 2259 et
3510 2204 3746 2260 noluisti

2093 2293 2306 2365 (Matth.
2340 2311 2502 2363 xxm,
2534 2294 2642 2365 5)?
2673 2295 2799 2349 Non
2831 2294 2984 2365 quod
3018 2294 3133 2349 alia
3174 2293 3270 2349 37
3300 2291 3645 2357 Jerusalem,
3679 2292 3746 2367 et

2094 2381 2246 2438 alius
2276 2381 2527 2453 populus
2557 2384 2685 2454 ejus
2715 2400 2727 2438 :
2761 2396 2952 2453 neque
2984 2382 3140 2437 enim
3171 2381 3393 2453 absque
3423 2379 3637 2453 populo
3668 2376 3743 2435 ad

2094 2474 2375 2526 caementa
2406 2470 2568 2527 urbis
2597 2475 2655 2527 et
2681 2470 2841 2543 ligna
2869 2474 2927 2526 et
2968 2470 3193 2543 lapides
3249 2469 3620 2542 loquebatur.
3653 2468 3747 2525 Sic

2096 2564 2279 2615 mater
2309 2564 2547 2614 vocatur
2568 2559 2767 2632 populi
2791 2559 3118 2632 frequentia
3137 2563 3192 2616 et
3217 2559 3412 2615 omnis
3436 2558 3617 2614 turba
3639 2575 3745 2614 na-

2095 2648 2276 2704 tionis
2308 2648 2581 2717 chraem,
2613 2649 2686 2704 ad
2718 2664 2896 2721 quam
2929 2648 3228 2720 loquitur:
3262 2646 3367 2702 ﬁlii
3399 2650 3622 2716 autem,
3653 2644 3746 2702 vel

2092 2736 2313 2810 singuli
2343 2754 2411 2793 ex
2431 2736 2666 2810 populo,
2690 2737 2780 2793 vel
2803 2754 2905 2809 per
2927 2737 3141 2810 oppida
3164 2734 3747 2809 villasquedispers‘i.

2093 2826 2155 2882 In
2180 2831 2344 2882 nocte
2363 2843 2499 2898 ergo
2523 2842 2588 2882 ac
2610 2826 2864 2882 tenebris
2886 2825 3237 2898 captivitatis
3276 2830 3334 2881 et
3386 2823 3655 2880 maeroris
3686 2824 3749 2881 et

2092 2916 2411 2988 prementis
2445 2914 2729 2988 angustias
2753 2914 3007 2970 traditur
3035 2913 3235 2981 Israel,
3257 2919 3314 2969 et
3336 2912 3590 2986 populus
3610 2912 3746 2986 ejus

2092 3008 2306 3060 aaterno
2337 3004 2568 3060 silentio
2600 3003 2966 3073 conticescit;
3003 3003 3143 3076 quia
3191 3020 3306 3059 non
3356 3002 3563 3057 habuit
3590 3001 3746 3074 legis

2092 3092 2421 3164 scientiam,
2455 3108 2560 3148 nec
2589 3093 2690 3148 Dei
2750 3097 3037 3166 praecepta
3091 3092 3360 3161 servavit,
3406 3092 3745 3165 recepitque

2094 3183 2249 3254 quod
2279 3181 2509 3237 fecerat.
2546 3186 2677 3254 Ipsa
2706 3182 2863 3237 enim
2898 3182 2995 3237 Dei
3035 3180 3249 3253 repulit
3277 3179 3488 3253 legem,
3521 3184 3579 3236 et.
3610 3174 3744 3236 ideo

2092 3271 2483 3327 sacerdotium
2515 3271 2769 3343 perdidit
2799 3270 2857 3325 in
2908 3275 3210 3339 internum,
3270 3270 3467 3326 colens
3520 3268 3746 3326 vitulos

2093 3375 2299 3416 aureos
2320 3359 2378 3414 in
2403 3359 2524 3416 Dan
2547 3364 2605 3415 et
2628 3358 2827 3416 Bethel
2853 3377 2866 3415 :
2890 3364 2947 3416 et
2968 3359 3106 3430 quia
3126 3359 3306 3415 oblita
3338 3364 3427 3414 est
3448 3357 3595 3431 legis
3620 3359 3742 3426 Dei,

2092 3451 2150 3503 et
2180 3448 2414 3520 penitus
2434 3448 2715 3521 [Egyptiis
2739 3466 2799 3504 se
2821 3447 2994 3504 idolis
3016 3447 3390 3520 mancipavit,
3440 3447 3657 3503 idcirco
3682 3452 3745 3503 et

2092 3536 2378 3592 Dominus
2410 3536 2781 3593 obliviscetur
2834 3536 3084 3592 filiorum
3150 3537 3309 3606 ejus,
3366 3535 3607 3591 tradens
3638 3550 3742 3592 eos

2090 3630 2314 3681 aeternis
2347 3625 2708 3698 captivitati:
2772 3626 2878 3693 Qui
2930 3627 3081 3680 enim
3136 3627 3358 3695 ignorat
3392 3625 3744 3697 ignorabitur

2089 3714 2136 3786 (Ι
2168 3714 2287 3771 Cor.
2336 3715 2475 3785 xw),
2534 3718 2591 3769 et
2646 3713 2706 3769 in
2764 3714 3015 3770 Psalmis
3071 3712 3362 3787 legimus:
3419 3713 3739 3769 Nescierunt

2088 3819 2261 3875 neque
2289 3804 2701 3868 intellexerunt,
2733 3805 2790 3858 in
2822 3804 3059 3859 tenebris
3087 3803 3370 3859 ambulant
3401 3803 3508 3874 (Ps.
3539 3817 3737 3869 LXXXI,

2086 3891 2166 3964 5).
2200 3891 2409 3947 Omnia
2442 3909 2568 3965 quae
2598 3892 2874 3947 dicuntur
2903 3892 2976 3947 ad
3035 3892 3238 3948 decem
3282 3892 3486 3959 tribus,
3521 3880 3742 3947 referre

2087 3997 2405 4053 possumus
2434 3982 2505 4036 ad
2556 3980 2875 4049 haereticos,
2937 3980 3038 4053 qui
3098 3979 3460 4053 reliquerunt
3486 3995 3742 4053 regnum

2091 4069 2265 4124 David
2297 4073 2353 4125 et
2379 4069 2722 4141 Jerusalem,
2755 4069 2813 4125 id
2833 4073 2942 4137 est,
2967 4068 3264 4125 Christum
3288 4073 3345 4125 et
3365 4067 3695 4124 Ecclesium
3726 4086 3741 4124 :

2086 4161 2143 4214 et
2173 4158 2299 4214 ideo
2344 4162 2559 4214 aeterna
2615 4162 2781 4214 nocte
2838 4158 3093 4230 cooperti
3135 4161 3295 4224 sunt,
3358 4174 3464 4214 nec
3521 4156 3749 4214 habent

2087 4246 2392 4302 scientiam
2425 4246 2546 4315 Dei,
2570 4250 2627 4303 et
2647 4246 3012 4320 repelluntur
3031 4265 3066 4303 a
3092 4247 3338 4303 Domino
3380 4264 3453 4303 ne
3472 4248 3751 4303 sacerdo-

2084 4336 2166 4391 tio
2198 4335 2520 4408 fungantur
2550 4335 2621 4403 ei,
2653 4340 2709 4391 et
2741 4335 2995 4393 filiorum
3025 4352 3174 4408 quos
3204 4336 3538 4410 genuerint,
3563 4353 3745 4391 num-

2087 4440 2265 4496 quam
2299 4423 2589 4489 meminit,
2626 4424 2763 4497 quia
2793 4424 2898 4480 ﬁlii
2929 4424 3104 4481 alieni
3136 4424 3274 4481 facti
3314 4428 3455 4480 sunt
3482 4425 3557 4479 ei.
3696 4492 3703 4496 ν

2156 4510 2341 4585 (Vcrs.
2370 4515 2405 4566 7
2433 4514 2622 4585 seqq.)
2653 4513 2962 4569 Secundum
2989 4514 3407 4570 multitudinem
3427 4529 3642 4583 eorum,
3669 4517 3753 4571 sic

2083 4605 2443 4674 peccaverunt
2498 4600 2681 4656 mihi:
2735 4601 2972 4673 gloriam
3024 4604 3214 4658 eorum
3273 4604 3334 4657 in
3362 4603 3752 4673 ignominiam

2086 4689 2449 4758 commutabo,
2478 4695 2706 4761 peccata
2732 4691 2924 4762 populi
2951 4693 3071 4746 mei
3114 4691 3413 4759 comedent,
3443 4695 3493 4746 et
3521 4690 3594 4745 ad
3628 4692 3748 4747 ini-

2087 4781 2351 4852 quitatem
2377 4791 2565 4833 eorum
2594 4778 2949 4835 sublevabunt
2980 4781 3197 4835 animas
3229 4796 3437 4848 eorum,
3465 4788 3518 4835 et
3535 4783 3645 4835 erit
3666 4783 3750 4836 si-

2086 4873 2175 4923 cut
2197 4868 2460 4940 populus,
2488 4869 2568 4923 sic
2599 4868 2867 4935 sacerdos,
2899 4877 2951 4924 et
2996 4870 3226 4926 visitabo
3274 4885 3439 4938 super
3466 4884 3594 4924 eum
3620 4871 3750 4927 vias

2085 4957 2220 5029 ejus,
2249 4958 2669 5025 etcogitationes
2688 4957 2842 5012 illius
2862 4957 3087 5013 reddam
3127 4961 3198 5014 ei.
3224 4956 3362 5013 LXX
3386 4975 3398 5014 :
3425 4957 3749 5014 Secundum

2083 5046 2508 5103 multitudinem
2537 5062 2742 5118 eorum,
2775 5048 2857 5102 sic
2882 5061 3241 5118 peccaverunt
3287 5046 3453 5113 mihi,
3482 5046 3748 5120 gloriam

2085 5151 2274 5191 eorum
2304 5136 2364 5190 in
2392 5135 2757 5203 ignominiam
2783 5151 2985 5206 ponam
3018 5135 3127 5207 [AL
3180 5135 3442 5208 pandam]
3470 5153 3482 5190 :
3514 5141 3748 5208 peccata

2082 5224 2276 5296 populi
2304 5226 2410 5279 mei
2437 5223 2744 5285 comedo-nt.
2774 5232 2826 5279 et
2856 5225 2915 5279 in
2944 5226 3342 5295 iniquitatibus
3369 5240 3561 5280 eorum
3589 5227 3746 5280 acci-

2079 5314 2235 5385 ptent
2257 5312 2333 5385 (a)
2353 5312 2457 5368 alii
2475 5314 2694 5369 animas
2739 5328 2947 5383 eorum,
2997 5322 3049 5370 et
3066 5315 3173 5370 erit
3194 5316 3335 5370 sicut
3373 5314 3626 5386 populus,
3649 5310 3750 5370 ἐἰσ

397 5542 475 5623 (ιε)
504 5542 740 5623 V_oc_em,
797 5544 1069 5623 aliiknon
1120 5541 1344 5623 habent
1402 5542 1646 5602 Palatini
1690 5561 1834 5603 mss.
1870 5543 1971 5604 sed
2011 5559 2202 5622 neque
2247 5543 2500 5617 Graecus,
2543 5549 2778 5622 excepto
2829 5546 2957 5605 cod.
2990 5545 3220 5623 Aldino,
3251 5549 3465 5606 textus.
3499 5544 3566 5606 In
3615 5562 3744 5608 uno

326 5610 688 5695 Barbarinio,
720 5610 825 5689 pro
856 5610 1021 5671 ἃλλοι
1051 5617 1140 5673 est
1168 5610 1315 5675 λαοὶ.
