3994 6188
248 395 369 469 849

1064 397 1811 466 COMMENTARIORUM
1858 401 1936 465 IN
1981 400 2181 467 OSEE
2222 401 2371 467 LIB.
2418 403 2465 468 Ι.
2512 403 2681 469 CAP.
2730 400 2833 471 ιν.

3530 398 3652 470 850

252 536 305 591 et
339 530 606 599 sacerdos,
635 534 690 590 et
718 533 954 593 ulciscar
980 551 1148 606 super
1174 551 1297 592 eum
1318 539 1435 593 vias
1463 537 1600 609 ejus,
1631 542 1686 593 et
1703 537 1900 617 cogita-
1926 539 1980 608 Α
2010 539 2126 594 cati
2169 544 2302 595 sunt
2344 556 2381 595 a
2426 541 2530 597 Deo
2570 555 2689 598 suo.
2740 538 3022 613 Voluptas
3050 536 3404 600 insatiabilis
3452 547 3560 613 est,
3590 545 3652 603 et

251 625 425 680 tiones
449 623 607 680 illius
635 622 858 680 reddam
887 626 958 680 ei.
992 626 1142 690 Quot
1166 624 1436 681 homines
1460 625 1666 682 habuit
1695 625 1891 698 Israel,

249 716 339 769 tot
365 728 498 769 aras
529 713 813 769 exstruxit
843 713 1229 779 daamonibus,
1272 713 1332 769 in
1363 730 1611 785 quorum
1642 714 1894 770 victimis

250 801 511 874 peccavit
562 800 730 858 mihi.
776 802 1088 873 Propterea
1134 801 1383 874 gloriam
1430 819 1653 873 eorum,
1686 802 1743 858 in
1778 820 1896 875 qua

245 889 655 963 gloriabantur
709 890 844 957 sibi,
893 895 952 946 et
1007 894 1123 947 Deo
1178 889 1332 946 idola
1380 891 1783 963 praeferebant,
1833 892 1892 947 in

245 978 635 1053 ignominiam
657 979 1049 1050 commutabo,
1073 982 1140 1035 ut
1166 983 1222 1036 et
1243 981 1573 1036 sacerdotes
1590 980 1896 1052 capiantur

244 1074 305 1124 et
347 1068 567 1141 populi.
600 1067 903 1140 Siquidem
934 1068 1035 1125 38
1066 1068 1399 1125 sacerdotes
1428 1073 1664 1140 peccata
1692 1068 1893 1141 p0puli

244 1157 362 1215 mei
388 1157 725 1227 comedunt,
773 1158 845 1212 de
866 1157 1082 1230 quibus
1110 1158 1396 1230 scriptum
1441 1163 1566 1214 est:
1611 1157 1887 1224 Quidevo-

241 1251 378 1304 rant
420 1247 634 1317 plebem
676 1263 877 1314 meam,
916 1247 1057 1303 sicut
1102 1262 1282 1302 escam
1304 1248 1476 1319 panis
1506 1247 1618 1318 (Ps.
1651 1262 1777 1311 χιιι,
1808 1245 1887 1316 8).

243 1336 317 1392 Et
346 1333 565 1390 idcirco
612 1342 849 1407 peccata
878 1333 1078 1407 populi
1122 1334 1237 1390 mei
1269 1335 1605 1402 comedunt,
1640 1350 1890 1391 consen-

241 1423 462 1481 tientes
514 1421 831 1479 sceleribus
879 1422 1348 1494 delinquentium
1383 1441 1397 1479 :
1449 1423 1589 1495 quia
1626 1439 1760 1479 cum
1793 1438 1892 1478 eos

244 1526 492 1584 peccare
520 1511 941 1583 perspexerint,
973 1527 1091 1566 non
1117 1509 1310 1567 solum
1329 1527 1444 1567 non
1475 1511 1751 1583 arguunt,
1784 1510 1889 1567 sed

240 1598 491 1656 laudant
517 1603 693 1672 atque
724 1598 1062 1669 sustollant,
1094 1603 1153 1655 et
1200 1600 1399 1655 beatos
1434 1599 1776 1671 praedicant.
1810 1599 1891 1655 De

243 1688 467 1760 quibus
496 1692 555 1744 et
584 1689 766 1745 Isaias
795 1688 1057 1760 loquitur
1081 1704 1094 1744 :
1129 1689 1371 1759 Populus
1398 1704 1554 1747 meus
1583 1689 1679 1760 qui
1709 1690 1892 1744 beatos

243 1793 340 1839 vos
368 1779 575 1843 dicunt,
602 1777 862 1834 seducunt
888 1793 999 1845 vos,
1032 1785 1084 1834 et
1110 1779 1330 1834 semitas
1352 1778 1554 1849 pedum
1583 1784 1890 1834 vestrorum

240 1866 603 1970 supplantant
629 1867 782 1966 (Isai.
816 1884 902 1970 ml,
931 1867 1044 1970 12).
1075 1865 1156 1922 De
1185 1866 1279 1923 his
1309 1871 1367 1923 et
1390 1883 1493 1939 per
1512 1865 1887 1970 Psalmist
1919 1903 1967 1970 Β

238 1953 499 2012 clamat:
550 1956 819 2023 Quoniam
870 1954 1139 2015 laudatur
1183 1963 1434 2025 peccator
1478 1957 1540 2010 in
1602 1954 1886 2013 desideriis

238 2045 447 2100 animae
470 2058 607 2110 suae,
638 2047 688 2100 et
718 2045 941 2115 iniquus
973 2044 1321 2105 benedicitur
1348 2046 1459 2116 (Ps.
1486 2061 1560 2099 ιχ.
1586 2044 1698 2116 24).
1725 2044 1886 2100 Unde

237 2131 545 2204 equaliter
572 2132 825 2205 populus
854 2137 912 2188 et
941 2132 1211 2188 sacerdos
1241 2131 1604 2205 indignantis
1633 2132 1735 2189 Dei
1759 2149 1887 2188 sen-

230 2220 490 2281 tentiam
518 2221 931 2289 sustinebunt;
965 2221 1104 2293 quia
1130 2237 1243 2279 non
1271 2222 1464 2277 solum
1485 2238 1661 2294 opera
1682 2237 1885 2278 eorum

233 2310 521 2379 visitabit,
570 2326 698 2382 quis
744 2309 1113 2383 appellantur
1139 2312 1267 2378 vise,
1326 2310 1386 2365 in
1435 2310 1649 2381 quibus
1687 2309 1887 2382 ingre-

234 2400 527 2468 diuntur;
558 2400 661 2475 sed
695 2404 753 2456 et
780 2399 1182 2472 cogitationes,
1217 2399 1432 2471 quibus
1462 2403 1529 2455 ut
1557 2398 1699 2455 talia
1730 2399 1883 2455 face-

226 2494 391 2557 rent,
441 2493 857 2546 tractaverunt.
889 2488 1014 2544 Non
1059 2487 1252 2544 solum
1283 2488 1442 2544 enim
1486 2504 1657 2560 opus,
1697 2488 1798 2544 sed
1829 2491 1888 2543 et

232 2578 522 2652 cogitatio
551 2577 691 2634 mali
722 2577 914 2649 operis
943 2594 1139 2649 paruas
1185 2576 1324 2633 luet.
1357 2576 1438 2633 De
1483 2576 1770 2635 haereticis
1803 2577 1884 2632 fa—

229 2669 371 2727 cilis
402 2666 792 2740 intelligentia
822 2671 930 2734 est,
962 2667 1118 2738 quod
1157 2670 1375 2737 quanto
1419 2665 1615 2737 plures
1648 2667 1883 2734 fuerint,

222 2763 404 2816 tanto
436 2759 630 2829 magis
677 2755 1030 2826 delinquunt
1058 2755 1195 2820 Deo,
1231 2759 1289 2810 et
1334 2754 1656 2826 glorientur
1683 2755 1743 2810 in
1785 2772 1884 2827 po-

229 2848 400 2921 pulis
429 2864 444 2903 :
479 2851 538 2901 et
566 2845 782 2903 idcirco
811 2843 1104 2916 decipiant
1132 2843 1412 2912 infelices,
1438 2846 1502 2899 ut
1520 2848 1759 2917 peccata
1783 2860 1884 2916 po-

228 2936 360 3009 puli
416 2935 752 3000 comedant,
783 2937 844 2989 et
898 2949 1001 3004 per
1029 2930 1232 2987 dulces
1283 2947 1583 2988 sermones
1613 2933 1897 3001 devorent,

229 3025 460 3094 domus
511 3024 824 3079 viduarum
887 3026 1039 3089 (Luc.
1074 3020 1188 3091 xx).
1239 3018 1385 3075 Cum
1431 3020 1586 3076 enim
1640 3019 1891 3076 viderint

229 3114 479 3187 aliquos
510 3110 915 3183 delinquentes
940 3108 1026 3181 (α)
1056 3107 1223 3163 aiunt
1249 3123 1261 3162 :
1306 3106 1461 3163 Nihil
1492 3108 1651 3164 aliud
1684 3109 1889 3180 quaerit

2005 630 2224 698 quanto
2242 627 2430 701 magis
2450 628 2866 701 capitur,tanto
2883 628 3018 701 plus
3033 631 3332 688 utentibus
3353 649 3416 689 se
3433 632 3649 689 famem
3712 669 3717 672 ο

2004 719 2178 775 creat.
2233 716 2569 773 Eccntrario
2599 717 2752 773 beati
2801 717 3127 776 esurientes
3159 724 3217 776 et
3255 721 3520 778 sitientes
3542 722 3649 794 ju-

2005 804 2249 872 stitiam,
2273 805 2550 878 quoniam
2582 805 2694 877 ipsi
2727 808 3151 864 saturabuntur
3192 809 3341 878 (Mat.
3372 810 3453 883 v).
3486 810 3649 867 Sicut

1996 893 2232 965 justitia
2247 894 2581 963 salurat,sic
2596 894 2877 966 iniquitas
2890 896 3284 954 substantiam
3298 914 3412 954 non
3424 899 3647 956 habens

2004 982 2076 1053 (e)
2104 999 2252 1038 vana
2281 983 2653 1039 comedentes
2683 985 2889 1040 fraude
2909 984 3155 1051 deludit,
3175 990 3233 1042 et
3262 991 3456 1043 uteros
3478 988 3650 1043 devo-

2006 1071 2262 1127 rantium
2286 1088 2502 1128 vacuos
2530 1071 2904 1144 derelinquit.
2936 1074 3227 1130 Fornicati
3258 1080 3417 1141 sunt,
3441 1079 3498 1131 et
3527 1092 3647 1133 non

2003 1164 2399 1215 cessaverunt.
2433 1159 2597 1215 Vires
2627 1159 2686 1214 in
2710 1160 3093 1219 fornicatione
3122 1162 3422 1231 deficiunt,
3440 1168 3500 1220 et
3528 1164 3648 1220 for-

2004 1246 2238 1303 nicandi
2270 1248 2629 1305 desiderium
2652 1265 2766 1305 non
2798 1249 3066 1321 quiescit.
3093 1252 3411 1309 Fornicataa
3432 1257 3573 1309 sunt
3589 1256 3647 1311 et

2001 1335 2202 1392 decem
2232 1336 2423 1393 tribus
2454 1353 2588 1393 cum
2616 1336 2789 1394 idolis
2816 1338 3127 1396 Jeroboam
3144 1339 3249 1395 ﬁlii
3267 1341 3528 1398 Nabaoth
3549 1359 3564 1410 ;
3588 1345 3648 1398 et

2001 1423 2366 1497 reliquerunt
2381 1425 2693 1482 Dominum
2713 1426 2897 1483 Deum
2915 1443 3113 1500 suum,
3134 1445 3249 1485 non
3262 1430 3645 1487 custodiendo

2000 1529 2127 1585 quae
2149 1515 2429 1586 jusserat,
2464 1514 2666 1571 dicens
2692 1532 2705 1572 :
2757 1516 3019 1572 Dominus
3047 1518 3219 1574 Deum
3247 1525 3405 1574 tuum
3440 1519 3643 1576 adora-

2001 1602 2101 1672 bis,
2118 1609 2171 1658 et
2192 1604 2300 1674 ipsi
2317 1605 2424 1660 soli
2440 1605 2642 1660 servies
2658 1607 2840 1673 (Deut.
2864 1622 2942 1666 γι.
2969 1606 3077 1678 13),
3098 1603 3412 1684 ἐμφατικῶς
3445 1612 3642 1664 autem

1995 1689 2347 1763 legendum:
2404 1692 2723 1748 Fornicatio
2762 1699 2819 1748 et
2846 1693 3048 1750 vinum
3077 1698 3135 1751 et
3174 1696 3426 1753 ebrietas
3454 1696 3647 1753 aufert

1999 1796 2115 1836 cor.
2150 1780 2315 1837 Sicut
2344 1780 2505 1839 enim
2527 1780 2729 1837 vinum
2755 1786 2813 1837 et
2830 1782 3083 1839 ebrietas
3114 1799 3249 1840 eum
3272 1785 3375 1857 qui
3405 1785 3639 1858 biberit,

1997 1868 2214 1925 mentis
2243 1885 2362 1925 suae
2393 1870 2672 1941 impotem
2706 1869 2879 1926 facit:
2914 1870 2999 1927 ita
3025 1875 3084 1928 et
3110 1872 3417 1929 fornicatio
3454 1890 3522 1930 ac
3550 1888 3647 1930 vo-

1994 1956 2191 2029 luptas
2211 1957 2487 2029 pervertit
2502 1974 2764 2025 sensum,
2779 1957 3164 2032 animumque
3180 1960 3448 2017 debilitat
3468 1977 3481 2018 :
3502 1966 3561 2018 et
3574 1962 3647 2017 de

1995 2044 2264 2102 rationali
2296 2045 2554 2117 homine,
2588 2046 2827 2102 brutum
2858 2047 3038 2104 efﬁcit
3057 2047 3300 2117 animal,
3334 2052 3399 2103 ut
3424 2064 3646 2121 ganeas

1993 2137 2051 2190 et
2066 2133 2375 2206 lupanaria
2386 2139 2441 2190 et
2459 2134 2771 2191 libidinum
2790 2134 2976 2192 lustra
2992 2140 3265 2193 sectetur.
3288 2137 3646 2210 Cumqueita

1994 2238 2094 2278 cor
2108 2222 2232 2277 loco
2250 2239 2357 2278 suo
2371 2226 2595 2277 motum
2610 2222 2970 2295 fuerit,ligna
2983 2223 3278 2296 etlapides
3296 2226 3436 2282 deos
3452 2222 3642 2298 putat,

1993 2317 2052 2366 et
2071 2310 2276 2367 adorat
2294 2327 2468 2382 opera
2489 2328 2771 2367 manuum
2796 2328 3059 2368 suarum.
3088 2313 3251 2369 Unde
3270 2318 3327 2369 et
3357 2314 3645 2386 propheta

1994 2399 2163 2471 quasi
2179 2407 2423 2472 stupens
2434 2399 2889 2457 etmirabundus
2899 2398 3195 2473 eloquitur
3206 2401 3462 2474 Populus
3473 2419 3643 2459 meus

1994 2490 2095 2561 qui
2125 2489 2424 2560 quondam
2442 2504 2569 2545 meo
2589 2488 2906 2544 vocabatur
2924 2489 3177 2557 nomine,
3202 2489 3429 2563 lignum
3454 2489 3638 2546 inter-

1995 2577 2219 2647 rogavit
2255 2580 2309 2632 et
2341 2576 2575 2648 virgas:
2635 2577 2788 2649 quod
2831 2593 3017 2649 genus
3048 2577 3426 2635 divinationis
3454 2577 3638 2635 Graeci

1996 2660 2164 2741 ῥαϐδο
2173 2662 2420 2738 μαντείαν
2435 2669 2659 2721 vocant.
2674 2665 2907 2722 Undein
2925 2666 3180 2723 Ezechiel
3193 2666 3465 2739 legimus,
3478 2667 3637 2739 quod

1994 2755 2189 2828 virgas
2218 2772 2355 2811 suas
2388 2755 2688 2810 miscuerit
2716 2754 3253 2811 Nabuchodonosor
3282 2760 3487 2811 contra
3504 2757 3641 2811 Am-

1997 2861 2132 2900 mon
2165 2847 2222 2900 et
2247 2843 2596 2909 Jerusalem,
2613 2847 2669 2898 et
2683 2842 2888 2898 exierit
2905 2843 3067 2915 virga
3090 2846 3293 2900 contra
3309 2842 3635 2900 Jerusalem

1992 2933 2215 3006 (Ezech.
2245 2934 2374 3004 xxv)
2400 2948 2413 2987 :
2447 2948 2740 3002 causaque
2760 2932 2938 3002 hujus
2955 2930 3221 2987 amentiis
3243 2931 3642 2991 fornicationis

1998 3028 2087 3079 est
2109 3021 2372 3094 spiritus,
2405 3020 2503 3093 qui
2528 3019 2754 3092 decepit
2780 3037 2902 3090 eos,
2923 3024 2990 3076 ut
3010 3020 3438 3077 fornicarentur
3464 3037 3501 3077 a
3522 3020 3640 3078 Deo

1998 3128 2105 3167 suo
2123 3152 2134 3167 .
2154 3109 2616 3167 Fornicationem
2630 3110 2708 3179 (ά)
2722 3112 2918 3165 autem
2936 3107 3327 3165 idololatriam
3349 3108 3638 3181 nominat,

226 3203 398 3260 Deus
429 3200 542 3257 nisi
557 3199 693 3255 ﬁdei
717 3197 1227 3268 veritatem,quam
1254 3196 1302 3252 si
1324 3197 1746 3268 \custodieritis,
1772 3214 1886 3253 non
1927 3264 1960 3270 _
1994 3197 2484 3269 juxtailludquod
2507 3197 3093 3270 inJeremialegimus
3118 3214 3131 3252 :
3153 3198 3643 3255 Etmwchabantur

228 3295 413 3348 curat
443 3288 586 3361 quid
615 3288 824 3360 agatis.
858 3286 987 3342 Haec
1007 3264 1163 3342 enim
1185 3285 1465 3351 dicentes,
1484 3286 1542 3341 in
1565 3264 1888 3358 iniquitati-
1914 3264 1961 3332 (ἶ
1995 3264 2062 3344 in
2085 3264 2515 3357 lignoetlapide,
2537 3294 2589 3341 et
2611 3286 2735 3341 dixi
2755 3303 2773 3340 :
2799 3264 3088 3357 postquam
3105 3287 3367 3357 fornicati
3380 3294 3644 3343 suntcum

230 3382 346 3438 bus
380 3394 592 3435 eorum
622 3376 931 3432 sublevant
960 3374 1190 3431 animas
1219 3390 1442 3441 eorum,
1475 3378 1541 3429 ut
1561 3391 1675 3430 non
1698 3374 1889 3431 solum

222 3486 350 3527 non
392 3470 575 3539 agant
603 3464 1028 3538 pcenitentiam,
1056 3479 1161 3519 nec
1180 3461 1596 3519 humiliantur:
1628 3464 1728 3519 sed
1746 3481 1891 3536 gau-

229 3560 423 3616 deant
452 3555 514 3613 in
546 3553 866 3611 sceleribus
897 3551 1044 3622 suis,
1075 3555 1133 3607 et
1160 3556 1351 3607 erecta
1381 3550 1598 3607 cervice
1618 3553 1889 3624 gradian-

222 3652 352 3704 tur.
424 3643 592 3700 Unde
620 3647 678 3698 et
708 3640 959 3714 populus
988 3644 1046 3696 et
1093 3639 1384 3705 sacerdos,
1430 3644 1488 3696 et
1514 3640 1576 3694 hi
1607 3642 1705 3712 qui
1737 3641 1890 3696 docti

230 3738 409 3800 sunt,
460 3737 520 3788 et
560 3730 620 3787 bi
651 3730 751 3802 qui
783 3730 1129 3795 docuerunt,
1179 3726 1304 3800 pari
1329 3726 1554 3799 judicio
1598 3728 1888 3784 constrin-

218 3827 481 3898 geritur.

312 3911 516 3983 (Vera.
549 3909 617 3964 10
645 3906 834 3979 seqq.)
851 3908 919 3962 Et
941 3905 1234 3970 comedent,
1263 3912 1443 3960 etnon
1462 3905 1891 3962 saturabuntur:

220 4011 290 4063 ,ει
315 3999 596 4073 fornicati
622 4004 768 4064 sunt,
801 4003 855 4051 et
882 4011 994 4052 non
1020 4001 1397 4051 cessaverunt:
1420 3995 1677 4066 quoniam
1708 3996 1889 4051 Domi-

225 4107 373 4150 num
408 4089 751 4159 reliquerunt
796 4087 859 4141 in
902 4100 1013 4140 non
1055 4082 1439 4140 custodiendo:
1486 4083 1801 4152 fornicatio,
1841 4088 1892 4140 et

228 4182 460 4245 vinum,
489 4185 542 4232 et
570 4175 805 4231 ebrietas
831 4175 1013 4245 aufert
1039 4188 1150 4228 cor.
1200 4172 1441 4243 Populus
1468 4186 1619 4227 meus
1650 4173 1711 4226 in
1740 4172 1891 4241 ligno

224 4285 330 4326 suo
361 4265 766 4334 interrogavit:
796 4267 849 4319 et
887 4263 1112 4318 baculus
1140 4262 1258 4333 ejus
1281 4262 1637 4316 annuntiavit
1667 4262 1739 4317 ei.
1771 4262 1891 4332 Spi-

218 4359 376 4417 ritus
410 4356 568 4410 enim
596 4353 1025 4425 fornicationum
1051 4351 1262 4421 decepit
1280 4365 1390 4416 eos,
1419 4357 1473 4404 et
1485 4350 1751 4420 fornicati
1764 4357 1895 4405 sunt

224 4464 265 4502 α
297 4447 420 4503 Deo
449 4459 569 4499 suo.
606 4440 743 4496 LXX
763 4458 781 4495 :
811 4442 874 4496 Et
900 4439 1201 4506 comedent,
1254 4442 1309 4493 et
1334 4454 1445 4493 non
1474 4438 1851 4508 implebantur
1869 4458 1888 4492 .-

220 4533 510 4606 fornicati
532 4534 678 4597 sunt,
710 4532 761 4585 et
788 4544 898 4585 non
922 4528 1271 4599 dirigentur:
1295 4528 1428 4598 quia
1448 4527 1742 4581 Dominum
1764 4528 1889 4582 reli-

1999 3378 2086 3433 his
2115 3375 2389 3441 omnibus,
2421 3379 2691 3430 revertere
2719 3375 2888 3431 adme
2904 3378 2956 3429 et
2984 3379 3186 3430 nonest
3208 3389 3423 3430 reversa
3451 3375 3513 3429 in
3532 3379 3641 3432 toto

1997 3464 2157 3521 corde
2183 3463 2275 3519 sed
2306 3465 2367 3518 in
2394 3462 2695 3518 mendacio.
2724 3462 2794 3517 Et
2814 3477 3051 3517 rursum
3075 3478 3089 3516 :
3123 3466 3217 3519 Me
3236 3462 3579 3533 dereliquisti
3592 3469 3646 3519 et

1998 3554 2230 3611 dixisti:
2267 3551 2483 3608 Vadam
2511 3567 2676 3622 super
2693 3566 2907 3607 omnem
2925 3551 3119 3606 collem
3131 3550 3427 3615 excelsum,
3449 3553 3501 3605 et
3529 3549 3641 3620 dif-

1995 3642 2215 3713 fundar
2244 3645 2304 3696 in
2330 3641 2693 3712 fornicatione
2706 3656 2830 3695 mea
2845 3640 3031 3694 subter
3042 3639 3197 3693 omni
3211 3638 3369 3709 ligno
3387 3637 3646 3708 frondoso

2000 3732 2129 3803 (Jer.
2166 3747 2251 3796 ιιι,
2283 3730 2338 3796 5,
2387 3728 2467 3800 6).
2501 3729 2569 3783 Et
2598 3728 2701 3783 40
2731 3727 2789 3782 in
2819 3725 3054 3782 Psalmo
3102 3725 3358 3782 dicitur:
3402 3724 3649 3783 Perdidi-

1997 3820 2076 3874 sti
2095 3834 2279 3875 omnes
2308 3819 2405 3889 qui
2422 3816 2772 3889 fornicantur
2799 3815 2895 3871 abs
2923 3820 2978 3870 te
2997 3814 3110 3885 (Ps.
3142 3830 3320 3880 Lxxu,
3345 3814 3462 3885 27).
3488 3813 3647 3870 Prin-

2000 3907 2218 3979 cipium
2240 3905 2396 3963 enim
2414 3902 2837 3970 fornicationis,
2858 3902 3149 3958 idolorum
3168 3900 3447 3958 inventio.
3470 3902 3648 3959 Num-

1996 4011 2178 4067 quam
2202 3993 2456 4049 haeretici
2491 4009 2598 4049 suo
2628 4007 2823 4048 errore
2868 3990 3181 4058 satiantur,
3216 4006 3322 4046 nec
3354 3993 3589 4046 cessant
3615 4006 3652 4045 a

1999 4080 2402 4139 fornicationis
2424 4079 2811 4152 turpitudine,
2828 4083 2886 4135 et
2905 4078 3165 4150 quotidie
3186 4095 3301 4134 non
3314 4077 3649 4135 custodien-

1994 4173 2074 4229 do
2102 4176 2306 4243 Legem
2338 4172 2395 4225 et
2422 4169 2753 4240 Scripturas
2782 4171 3039 4235 sanctas,
3059 4166 3376 4223 Dominum
3397 4166 3648 4223 derelin-

2000 4263 2210 4333 quunt,
2233 4258 2538 4315 insaniunt
2565 4261 2622 4312 et
2651 4256 3033 4326 inebriantur,
3061 4260 3138 4326 et,
3163 4256 3387 4328 perdito
3436 4254 3650 4312 mentis

1990 4348 2237 4421 judicio,
2271 4348 2521 4404 adorant
2548 4345 2727 4413 idola,
2759 4362 2885 4417 quia
2909 4346 2980 4401 de
3009 4361 3116 4400 suo
3133 4345 3305 4402 corde
3334 4344 3650 4413 ﬁnxerunt,

1996 4435 2520 4506 fornicationisque
2553 4434 2767 4507 spiritu
2803 4433 3200 4505 possidentur.

2069 4525 2257 4594 (Vers.
2294 4524 2404 4595 13.)
2436 4524 2608 4595 Super
2648 4524 2835 4594 capita
2860 4522 3132 4576 montium
3162 4519 3566 4588 sacriﬁcabant,
3597 4527 3653 4575 et

218 4628 498 4696 quer-unt,
533 4624 593 4675 ut
624 4634 732 4675 non
749 4616 1112 4675 custodirent:
1141 4616 1573 4687 fornicationem
1601 4622 1654 4669 et
1673 4616 1886 4680 vinum,
1920 4630 1967 4695 Β
1996 4630 2161 4686 super
2190 4613 2352 4669 colles
2386 4611 2753 4667 accendebant
2785 4610 3094 4681 thymiama
3114 4626 3133 4664 :
3176 4609 3364 4665 subtus
3393 4622 3654 4678 quercum

224 4720 278 4768 et
306 4712 640 4768 ebrietatem
667 4708 901 4777 suscepit
929 4722 1022 4762 cor
1048 4705 1240 4776 populi
1258 4704 1367 4759 mei
1384 4720 1402 4757 :
1434 4705 1494 4759 in
1523 4705 1774 4773 auguriis
1803 4705 1890 4758 in-

228 4799 650 4871 terrogabant:
698 4797 797 4853 89
827 4806 879 4852 et
925 4796 987 4850 in
1011 4795 1184 4864 virgis
1224 4793 1340 4848 suis
1369 4792 1780 4847 annuntiabant
1806 4793 1894 4847 ei:

236 4889 515 4961 quoniam
538 4887 742 4958 spiritu
768 4884 1151 4957 fornicationis
1172 4881 1382 4937 seducti
1394 4888 1524 4936 sunt
1551 4880 1630 4952 (b)
1652 4889 1704 4936 et
1723 4881 1899 4951 fomi—

308 5086 399 5158 (a)
423 5086 637 5158 _Quar_n
685 5078 970 5158 apposite,
999 5077 1202 5158 inquit
1236 5075 1559 5158 Yictori‘us,‘
1591 5079 1899 5132 novatores

233 5147 439 5213 nostri
470 5147 742 5227 depingit
764 5147 1070 5223 temporis,
1082 5147 1207 5220 'qui
1236 5148 1412 5203 ﬁdem
1443 5150 1670 5227 tantum
1696 5162 1899 5227 neces-

233 5229 470 5285 sariam
487 5218 831 5297 esseﬁpera
843 5218 1038 5297 autem
1062 5218 1466 5297 nequaquam,
1482 5223 1603 5297 tam
1625 5218 1901 5297 perfricta

234 5298 553 5357 adlatrant
600 5288 808 5351 fronte.
842 5292 1104 5365 Explosit
1134 5288 1167 5346 οξ
1186 5361 1199 5365 _
1222 5288 1507 5365 principio
1537 5288 1686 5345 hanc
1716 5288 1898 5365 haere-

234 5369 361 5426 sim
397 5367 465 5424 D.
493 5367 769 5431 Jacobus,
795 5369 853 5421 et
876 5360 1056 5419 veluti
1087 5360 1239 5418 male
1270 5360 1627 5416 intellectum
1651 5360 1900 5416 Paulum

239 5439 595 5505 declaravit,
646 5437 789 5492 dum
844 5435 1017 5490 ﬁdem
1068 5435 1290 5504 absque
1337 5431 1900 5505 operibus‘inanem

239 5527 504 5585 prorsus
532 5502 680 5585 esse,
705 5524 771 5585 ac
804 5510 1094 5585 mortuam
1131 5502 1250 5585 tam
1281 5502 1523 5585 eruditis
1535 5502 1725 5585 verbis
1748 5520 1904 5585 asse-

238 5573 481 5639 veravit
502 5598 516 5648 ;
536 5580 634 5637 sed
660 5573 813 5634 mala
832 5578 1033 5648 herba,
1053 5573 1433 5648 quantumvis
1456 5573 1670 5648 smpius
1692 5573 1898 5648 evella-

245 5715 623 5798 opihione'm,
675 5715 791 5794 q'ua
838 5715 1073 5791 dicitur,
1102 5715 1407 5787 hominem
1439 5735 1508 5775 ex
1535 5717 1654 5774 otio
1684 5715 1743 5774 et
1766 5716 1900 5773 deli-

2003 4712 2055 4759 et
2084 4704 2347 4776 populum
2367 4709 2419 4756 et
2440 4700 2831 4769 terebinthum,
2848 4700 2983 4770 quia
3004 4697 3143 4755 bona
3162 4700 3279 4753 erat
3291 4696 3486 4751 umbra
3509 4696 3649 4767 ejus,

2002 4791 2140 4847 LXX
2156 4810 2174 4844 :
2204 4789 2380 4860 Super
2403 4788 2658 4843 verticem
2680 4788 2955 4842 montium
2977 4784 3387 4855 sacriﬁcabant,
3404 4787 3456 4839 et
3485 4797 3655 4855 super

2004 4880 2167 4937 colles
2197 4877 2597 4932 immolabant:
2628 4875 2815 4931 subter
2834 4890 3092 4946 quercum
3120 4877 3172 4929 et
3186 4872 3454 4944 populum
3479 4874 3531 4928 et
3556 4887 3653 4927 ne-

2008 5072 2115 5129 ciis
2146 5072 2204 5127 in
2219 5069 2430 5128 coelum
2454 5070 2780 5136 transferri,
2801 5068 3163 5139 militemque
3193 5065 3321 5123 sine
3336 5064 3655 5122 certamine

2009 5144 2205 5200 aliquo
2236 5141 2522 5198 coronari.

2081 5209 2155 5293 (b)
2186 5214 2395 5283 Verba,
2417 5220 2479 5293 et
2522 5213 2789 5293 fornicati
2801 5213 2964 5293 sunt,
2998 5209 3259 5293 deerant,
3288 5223 3417 5278 quae
3449 5222 3654 5293 expo-

2011 5276 2153 5342 stris
2169 5301 2311 5341 mss.
2337 5276 2402 5340 su
2413 5276 3336 5352 ti‘ecimus,astipulangte_snbnexa
3352 5276 3657 5352 expositio-

2010 5374 2104 5431 ne,
2136 5362 2193 5413 et
2239 5357 2436 5431 Graeco
2467 5345 2701 5431 quoque
2750 5345 2933 5431 testu,
2992 5347 3374 5431 tnlavrﬁﬂncay
3415 5345 3507 5431 {cui
3551 5345 3655 5431 ἐξε-

2010 5420 2328 5502 πόργερςαν.
2372 5420 2755 5502 Vocula-sunt
2785 5424 2883 5502 bis
2932 5422 3179 5502 repetita
3224 5420 3544 5502 oscitantes
3575 5420 3655 5502 fe-

2012 5490 2159 5556 fellit
2185 5497 2475 5561 librarios,
2503 5497 2600 5561 qui
2623 5513 2690 5550 ex
2710 5494 2900 5561 prima
2921 5490 3253 5550 all—alteram
3276 5490 3655 5547 transierunt.

2107 5576 2155 5641 ο)
2189 5572 2253 5624 In
2289 5584 2405 5624 uno
2427 5562 2672 5622 Palatia.
2707 5562 2847 5622 bona
2875 5562 3451 5691 comedentesfraude,
3485 5566 3597 5618 etc.

2107 5641 2139 5691 d
2166 5644 2303 5691 Mss.
2340 5636 2849 5691 nostriJornicatio
2873 5641 3055 5691 autem
3082 5636 3223 5691 idolo
3250 5637 3455 5691 atrium
3480 5649 3597 5691 sont

2105 5636 2148 5696 d'
2166 5644 2303 5696 Mss.
2340 5636 2849 5711 nostri,fornicatio
2873 5641 3055 5695 autem
3082 5636 3455 5693 idolotatriam
3480 5636 3656 5705 sonat,

2008 5716 2191 5797 juxta,
2224 5715 2334 5768 etc.
