3994 6188
363 399 475 475 851

1605 420 1669 486 S.
1718 420 2025 486 EUSEBII
2074 417 2364 485 HIERON
2380 422 2516 485 YMI

3648 416 3763 485 859

372 560 612 604 morosos
640 549 879 623 arbores,
922 552 1061 624 quia
1101 550 1299 611 bonum
1348 564 1471 613 erat
1505 554 1910 614 umbraculum.
1943 557 2005 613 In
2036 556 2091 623 Α
2121 555 2340 629 phegor
2385 555 2458 612 ob
2489 554 2748 612 obscmni
2797 552 3289 628 magnitudinem,
3324 551 3404 626 (ά)
3451 570 3627 629 quem
3658 572 3760 613 nos

369 635 518 707 Lege
530 644 882 710 praeceptum
905 646 993 698 est
1015 646 1077 698 ut
1092 661 1206 701 non
1232 646 1594 703 sacrificetur
1608 646 1873 712 Domino,
1895 646 2006 701 nisi

366 720 427 777 in
462 722 585 781 loco
601 742 774 799 quem
791 728 1027 802 elegerit
1047 732 1331 790 Dominus
1351 736 1499 791 Deus
1524 752 1536 791 :
1567 740 1625 791 et
1633 738 1803 807 juxta
1828 735 2008 791 altare

364 809 535 869 lucus
563 818 620 869 et
649 816 885 874 arbores
916 836 1031 875 non
1062 820 1418 893 plantentur,
1445 841 1516 881 ne
1536 823 1758 880 scilicet
1780 824 2012 896 passiva

366 905 427 958 et
453 902 804 976 voluptuosa
823 906 1028 981 religio
1045 912 1447 971 austeritatem
1472 913 1647 969 unius
1678 919 1732 969 et
1754 930 1897 969 verae
1920 929 2008 968 re-

367 988 604 1063 ligionis
634 1000 871 1052 evertat.
927 1000 1263 1057 Econtrario
1314 1002 1486 1057 Israel
1536 1002 1903 1058 sacrificabat
1948 1002 2008 1058 in

369 1080 693 1148 montibus,
725 1089 783 1139 et
803 1086 857 1139 in
887 1086 1136 1143 collibus
1152 1089 1760 1154 adolebatincensum,
1784 1090 2009 1147 excelsa

369 1170 539 1225 terris
561 1170 811 1243 diligens
832 1172 977 1245 loca,
1002 1176 1141 1247 quia
1158 1178 1452 1234 excelsum
1472 1179 1785 1251 reliquerat
1802 1180 2005 1250 Deum,

372 1259 430 1311 et
476 1257 747 1315 umbram
792 1278 1059 1333 quaerens
1129 1267 1459 1338 perdiderat
1518 1269 1841 1324 veritatem.
1894 1273 2010 1323 Hoc

371 1348 459 1401 est
489 1348 642 1417 quod
664 1347 915 1420 legimus
947 1352 1017 1407 de
1043 1353 1294 1426 singulis
1317 1356 1587 1429 regibus:
1618 1362 2010 1413 Verumtamen

372 1436 585 1490 metm
611 1453 720 1493 non
746 1439 1009 1497 abstulit:
1041 1442 1217 1498 adhuc
1240 1446 1474 1516 populus
1504 1448 1820 1503 immolabat
1843 1455 1891 1502 et
1924 1464 2010 1501 sa-

371 1522 651 1594 criﬁcabat
678 1527 740 1581 in
765 1529 995 1585 excelsis
1020 1531 1121 1599 (III
1152 1533 1212 1587 R.
1244 1550 1383 1603 xxu,
1418 1535 1527 1606 44),
1555 1535 1709 1607 quod
1735 1535 2012 1591 Hebraice

371 1609 703 1682 appellatur
732 1632 880 1673 usus
922 1620 1120 1691 (nm).
1155 1623 1414 1678 Haeretici
1450 1623 1867 1680 sublimitatem
1900 1624 2012 1681 sibi

373 1697 714 1771 dogmatum
738 1706 1172 1777 repromittunt,
1196 1715 1253 1766 et
1268 1712 1601 1767 sacrificant
1616 1713 1820 1768 subter
1841 1728 2012 1784 quer-

372 1801 507 1843 cum
529 1793 587 1844 et
607 1792 888 1863 populum
910 1799 966 1850 et
990 1797 1405 1867 terebinthum,
1430 1800 1822 1857 infructuosae
1844 1801 2012 1858 arbo-

372 1891 487 1945 res,
532 1878 708 1934 ﬁcum
740 1884 797 1937 et
811 1882 1039 1940 vineam
1063 1902 1176 1940 non
1196 1886 1495 1956 habentes,
1511 1889 1620 1944 sub
1638 1890 1851 1961 quibus
1870 1894 2007 1945 San-

374 1969 506 2021 ctus
538 1969 900 2039 requiescere
927 1972 1161 2029 dicitur.
1205 1977 1530 2033 Assumunt
1559 1983 1752 2034 autem
1784 1978 1896 2034 sibi
1928 1979 2018 2034 in-

373 2054 1033 2130 terdumterebinthum,
1063 2064 1143 2136 (a)
1167 2080 1293 2137 quas
1313 2065 1481 2136 juxta
1507 2067 1715 2123 Isaiam
1741 2067 1877 2123 folia
1902 2086 2015 2124 non

375 2139 569 2300 Zabet,
621 2150 697 2303 )ut
748 2147 996 2206 Abrahae
1049 2152 1267 2209 imitari
1324 2154 1632 2211 videantur
1686 2156 2019 2230 exemplum

420 2244 528 2286 sat.
562 2250 661 2289 v1.

420 2244 528 2286 δατ.
562 2244 661 2289 VI).

447 2322 631 2391 (Vere.
666 2326 778 2398 14.)
806 2328 930 2385 Ideo
956 2332 1382 2402 fornicabuntur
1401 2334 1541 2405 ﬁliae
1558 2342 1766 2406 vestrae,
1785 2343 1836 2391 et
1855 2351 2017 2407 spon-
2050 2335 2053 2338 ’

377 2425 458 2468 sae
482 2419 675 2471 vestrae
727 2416 998 2477 adulterae
1047 2427 1231 2476 erunt.
1291 2424 1407 2479 Non
1461 2424 1690 2480 visitabo
1744 2441 1907 2497 super
1952 2426 2017 2496 ﬁ-

379 2500 489 2557 lias
538 2508 770 2575 vestras,
799 2522 925 2563 cum
977 2510 1191 2580 fuerint
1218 2510 1529 2584 fornicata,
1573 2522 1626 2569 et
1670 2530 1834 2584 super
1854 2530 2017 2587 spon-

376 2607 466 2647 sas
497 2596 700 2650 vestras
754 2612 879 2652 cum
924 2597 1395 2657 adulteraverint:
1448 2603 1714 2673 quoniam
1742 2604 1853 2674 ipsi
1895 2619 2020 2658 cum

378 2684 767 2740 meretricibus
821 2690 1286 2744 conservabantur
1313 2690 1506 2764 [Vulg.
1536 2692 1939 2763 versabantur],
1968 2699 2020 2747 et

376 2785 501 2826 cum
531 2772 861 2844 eﬂeminatis
910 2777 1323 2848 sacriﬁcabant,
1371 2782 1422 2833 et
1474 2781 1710 2851 papulas
1763 2796 1871 2836 non
1929 2782 2017 2835 in-

377 2858 628 2929 telligens
673 2863 975 2934 vapulabit,
1025 2865 1203 2921 LXX:
1252 2869 1546 2938 Propterea
1592 2868 2021 2942 fornicabuntur

376 2946 516 3016 ﬁliae
541 2954 761 3017 vestrae,
779 2954 832 3005 et
842 2967 1049 3022 sponsae
1072 2956 1262 3011 vestrae
1288 2955 1729 3023 masc/labuntur,
1746 2961 1798 3012 et
1814 2974 1921 3013 non
1935 2960 2018 3013 vi-

376 3035 550 3092 sitabo
581 3039 676 3093 41
707 3053 873 3110 super
893 3039 1048 3109 ﬁlias
1073 3046 1283 3099 vestras
1310 3060 1435 3099 cum
1464 3047 1674 3115 fuerint
1703 3048 2015 3117 fornicata,

373 3128 431 3179 et
456 3140 622 3196 super
645 3142 873 3198 sponsas
891 3134 1098 3185 vestras
1116 3147 1241 3186 cum
1264 3132 1698 3189 adulteraverint
1712 3151 1732 3188 ,ο
1763 3137 2022 3206 quoniam

378 3214 493 3285 ipsi
500 3229 625 3269 cum
642 3218 1027 3272 meretricebus
1041 3220 1408 3275 miscebantur
1425 3238 1444 3274 :
1465 3224 1516 3276 et
1528 3238 1653 3277 cum
1668 3224 1724 3277 in
1732 3224 1904 3279 itiatis
1922 3225 2021 3278 im-

2122 642 2392 715 Priapum
2427 661 2743 716 possumus
2770 644 3082 717 appellare.
3110 644 3273 701 Unde
3290 649 3348 701 et
3363 647 3478 701 Asa
3509 662 3606 701 rex
3629 644 3760 702 tulit

2124 732 2347 788 excelsa
2376 734 2447 788 de
2504 733 2738 805 populo,
2787 739 2844 789 et
2874 733 3286 805 hujuscemodi
3331 734 3682 798 sacerdotes,
3711 739 3765 790 et

2126 825 2372 877 matrem
2391 822 2461 877 de
2473 826 2724 893 augusto
2736 822 3007 894 deposuit
3023 821 3450 895 imperio,sicut
3465 822 3764 894 Scriptura

2123 913 2394 978 testatur,
2425 908 2656 965 dicens:
2690 915 2753 966 Et
2777 911 3021 981 fecitAsa
3050 916 3261 967 rectum
3280 919 3408 967 ante
3424 921 3764 983 conspectum

2126 998 2367 1067 Domini,
2398 1000 2539 1053 sicut
2566 999 2748 1054 David
2774 1008 2932 1070 pater
2958 999 3094 1070 ejus,
3113 1004 3164 1055 et
3184 1000 3413 1055 abstulit
3431 1000 3765 1072 eﬁ'eminatos

2127 1086 2193 1142 de
2221 1096 2389 1153 terra,
2417 1089 2778 1159 purgavitque
2804 1103 2991 1143 omnes
3014 1087 3200 1143 sordes
3218 1087 3518 1160 idolorum,
3542 1104 3672 1161 quae
3688 1090 3766 1160 fe-

2126 1180 2313 1230 cerant
2339 1179 2520 1247 patres
2548 1176 2682 1247 ejus.
2710 1177 2935 1247 Insuper
2962 1185 3015 1231 et
3036 1177 3324 1232 Maacham
3341 1187 3583 1234 matrem
3611 1196 3769 1234 suam

2127 1266 2348 1331 amovit,
2380 1280 2450 1319 ne
2478 1269 2611 1320 esset
2637 1266 2891 1337 princeps
2928 1265 2988 1318 in
3026 1255 3196 1320 sacris
3227 1266 3443 1335 Priapi,
3478 1268 3529 1322 el
3556 1268 3619 1320 in
3650 1268 3768 1324 luco

2127 1353 2241 1425 ejus
2279 1369 2438 1425 quem
2465 1361 2920 1420 consecrauerat;
2968 1354 3342 1425 subvertitque
3384 1371 3604 1426 specum
3629 1357 3767 1427 ejus,

2125 1444 2176 1497 et
2199 1442 2469 1511 con/regit
2495 1443 2857 1497 simulacrum
2877 1443 3276 1514 turpissimum,
3301 1451 3356 1498 et
3383 1444 3681 1499 combussit
3709 1446 3769 1499 in

2126 1534 2369 1586 torrente
2398 1530 2626 1587 Cedron.
2662 1531 2887 1587 Excelsa
2914 1534 3095 1586 autem
3116 1547 3229 1586 non
3254 1532 3518 1588 abstulit:
3551 1550 3771 1589 verum-

2124 1622 2306 1675 tamen
2321 1635 2414 1675 cor
2428 1620 2533 1675 Asa
2540 1621 2844 1691 perfectum
2858 1623 2983 1675 erat
3011 1635 3194 1676 coram
3217 1622 3319 1676 Deo
3335 1623 3554 1677 cunctis
3578 1621 3772 1677 diebus

2129 1709 2243 1763 suis
2274 1708 2373 1779 (III
2404 1709 2533 1778 Reg.
2569 1725 2661 1773 xv,
2694 1708 2756 1762 ll
2789 1708 2982 1780 seqq.).
3040 1708 3353 1764 Sciendum
3387 1714 3585 1766 autem
3617 1712 3774 1782 quod

2129 1796 2189 1851 in
2229 1796 2498 1867 praesenti
2528 1813 2833 1865 caussam,
2866 1797 3191 1864 meretrices,
3219 1797 3292 1869 (e)
3341 1794 3526 1872 ἱερείς,
3558 1798 3615 1853 id
3649 1803 3762 1867 est,

2129 1884 2453 1951 sacerdotes,
2489 1884 2691 1957 Priapo
2721 1884 3106 1957 manicipatas
3122 1890 3300 1941 vocet.
3334 1885 3397 1941 In
3420 1885 3552 1943 aliis
3573 1893 3770 1944 autem

2125 1972 2268 2029 locis
2296 1974 2451 2029 viros
2481 1977 2745 2029 exsectos
2774 1972 3034 2041 libidine,
3069 1989 3315 2029 canesm
3353 1974 3605 2063 (βψω-φ)
3628 1974 3773 2050 legi-

2128 2078 2281 2132 mus,
2313 2061 2465 2117 Isaia
2492 2061 2739 2131 dicente,
2770 2063 2833 2117 Et
2861 2062 2935 2132 (Γ)
2952 2062 3211 2119 illusores
3234 2061 3664 2120 dominabuntur
3682 2082 3772 2121 eo-

2125 2166 2274 2217 rum,
2298 2166 2402 2223 pro
2433 2166 2549 2221 quo
2578 2149 2638 2205 in
2672 2150 2909 2206 Hebraeo
2939 2150 3227 2224 scriptum
3258 2155 3384 2207 est:
3438 2153 3502 2208 Et
3523 2169 3771 2210 αΑοεεω

2125 2239 2560 2295 dominabuntur
2587 2254 2793 2306 eorum,
2827 2240 2980 2311 quod
3013 2256 3121 2295 nos
3150 2239 3210 2294 in
3239 2240 3576 2313 effeminatos
3592 2243 3768 2298 verti-

2127 2343 2282 2384 mus.
2304 2327 2511 2399 Aquila
2526 2331 2717 2383 autem
2733 2326 2811 2399 (g)
2825 2323 3272 2401 ἐνηλλαγμένως
3286 2329 3694 2401 interpretans,
3709 2331 3768 2387 id

2126 2424 2232 2485 esl,
2264 2420 2524 2487 mutatos,
2558 2417 2658 2473 42
2690 2416 2799 2471 hoc
2830 2417 3132 2473 ostendere
3176 2415 3381 2485 voluit,
3410 2418 3565 2490 quod
3600 2436 3769 2475 suam

2127 2509 2396 2562 naturam
2428 2505 2798 2577 mutaverint,
2833 2509 2891 2561 et
2919 2507 2992 2561 de
3019 2505 3162 2561 viris
3193 2506 3328 2562 facti
3361 2506 3482 2562 sint
3513 2508 3767 2564 femine.

2123 2594 2508 2669 Symmachus
2539 2589 2809 2669 ἑταιρίδας
2840 2595 3073 2667 preprio
3105 2596 3416 2652 meretrices
3435 2596 3768 2669 appellavit.

2127 2683 2511 2757 Septuaginta
2532 2680 2971 2755 τετελεσμένους,
2998 2683 3058 2739 id
3087 2689 3195 2752 est,
3212 2693 3572 2754 consecratos,
3590 2689 3646 2741 et
3662 2688 3771 2742 ini-

2124 2775 2309 2838 tiatos,
2344 2778 2409 2828 ut
2436 2770 2689 2828 cultores
2716 2771 3004 2828 idolorum
3054 2773 3464 2829 ostenderent:
3501 2774 3769 2832 Theodo-

2129 2860 2271 2929 lion,
2304 2859 2771 2936 κεχωρισμένους,
2805 2860 2862 2915 id
2896 2865 3004 2927 est,
3039 2877 3073 2915 a
3096 2862 3300 2933 papula
3326 2872 3636 2934 separatos,
3668 2864 3767 2936 qui

2128 2950 2239 3005 sibi
2270 2949 2617 3006 videbantur
2668 2966 2703 3004 a
2748 2949 2920 3022 vulgo
2968 2948 3187 3022 aliquid
3238 2949 3373 3022 plus
3417 2950 3651 3009 habere.
3699 2957 3770 3008 De

2129 3039 2299 3095 verbo
2326 3038 2576 3095 breviter
2605 3037 3017 3108 disseruimus,
3050 3054 3207 3094 nunc
3238 3039 3311 3094 ad
3343 3055 3585 3096 sensum
3621 3043 3770 3114 capi-

2129 3127 2235 3184 tuli
2266 3130 2642 3183 revertamur.
2665 3127 2915 3183 Grandis
2945 3127 3166 3183 offensa
3191 3132 3281 3184 est
3296 3132 3612 3200 postquam
3641 3147 3770 3203 pec-

2129 3215 2371 3285 caveris,
2400 3215 2549 3271 iram
2578 3215 2808 3270 Domini
2833 3232 2945 3271 non
2967 3215 3197 3271 mereri.
3229 3216 3771 3275 Fornicatusfueral

376 3300 685 3368 molabant,
717 3308 767 3359 et
784 3306 1229 3378 populus(b)non
1244 3310 1563 3382 intelligens
1580 3310 2017 3368 adha’rebatme-
2050 3308 2093 3375 ο
2132 3303 2307 3361 Israel
2337 3324 2370 3359 a
2404 3304 2647 3360 Domino
2686 3304 2801 3359 Deo
2850 3320 2976 3375 suo,
3011 3308 3069 3360 et
3118 3304 3329 3377 spiritu
3377 3306 3773 3365 fornicationis

640 3391 896 3485 Verbum
950 3411 1247 3485 caussam,
1284 3397 1556 3485 (nua-ip),
1608 3400 1761 3471 quod
1808 3401 2021 3473 Aquila

378 3475 1220 3555 ἐνηλλαγμένωνβγωῐῐιαοῇυε
1237 3475 2020 3561 ὲταιρίὸώνβθρῐιιαεὶῐιωτε-

364 3565 738 3641 ητελεσμένων,
788 3571 1147 3629 Theodolion
1186 3574 1610 3649 κεχωρισμένων
1650 3576 2014 3649 interpretati

371 3662 533 3724 sunt,
573 3676 681 3716 nos
725 3662 1070 3731 effeminatos
1103 3662 1406 3735 vertimus,
1462 3670 1529 3721 ut
1568 3682 1808 3723 sensum
1856 3668 2015 3724 verbi

371 3753 707 3804 nostrorum
766 3750 1009 3805 auribus
1063 3752 1478 3823 panderemus.
1538 3754 1611 3809 Hi
1669 3760 1809 3810 sunt
1865 3772 2015 3829 quos

371 3835 548 3892 hodie
576 3838 793 3907 Romae,
821 3838 1014 3909 matri,
1039 3856 1154 3895 non
1176 3841 1439 3910 deorum,
1464 3843 1563 3898 sed
1589 3843 2010 3900 daemoniorum

372 3925 710 3994 servientes,
741 3926 942 3983 Gallos
988 3933 1215 4000 vocant,
1258 3946 1324 3985 eo
1365 3932 1520 4003 quod
1576 3932 1648 3987 de
1699 3931 1807 3987 hac
1844 3937 2015 4005 gente

374 4014 622 4070 Romani
653 4020 954 4072 truncatos
986 4015 1248 4088 libidine,
1272 4018 1330 4073 in
1354 4018 1632 4075 honorem
1654 4024 1796 4093 Atys
1813 4025 2013 4093 (quem

370 4102 706 4158 eunuchum
740 4103 847 4158 dea
896 4104 1171 4160 meretrix
1222 4106 1453 4179 fecerat)
1485 4109 1811 4166 sacerdotes
1851 4109 2014 4167 illius

370 4190 781 4262 manciparinl.
810 4196 1121 4263 Propterea
1149 4203 1341 4249 autem
1373 4194 1669 4251 Gallorum
1693 4197 1883 4269 gentis
1907 4197 2012 4254 h0-

370 4278 558 4335 mines
587 4279 1016 4352 eﬂ‘eminantur,
1042 4284 1105 4336 ut
1124 4281 1195 4352 (c)
1214 4282 1314 4353 qui
1342 4283 1546 4339 urbem
1570 4288 1891 4343 Romanam
1920 4304 2011 4343 ce-

366 4372 592 4440 perant,
619 4368 726 4425 hac
742 4368 1386 4442 ferianturignominia.
1408 4371 1745 4428 Istiusmodi
1769 4374 2010 4431 idolola-

365 4455 480 4512 tria
512 4461 636 4513 erat
665 4457 723 4513 in
749 4457 943 4525 Israel,
970 4458 1295 4515 colentibus
1322 4460 1575 4517 maxime
1597 4461 1830 4519 feminis
1852 4464 2011 4520 Beel-

438 4581 515 4664 (α)
544 4581 819 4664 Notatum
851 4581 1123 4647 Victorio,
1158 4581 1354 4664 alludi
1369 4588 1543 4664 caput
1575 4585 2006 4664 Genesisxvu},

2128 3394 2407 3450 seductus
2431 3410 2443 3447 :
2470 3393 2599 3449 ideo
2630 3393 2994 3449 fornicantur
3026 3396 3084 3449 et
3112 3393 3243 3450 ﬁliis
3274 3395 3404 3465 ejus
3433 3399 3492 3451 et
3519 3413 3771 3469 sponsae,

2126 3486 2186 3539 et
2213 3482 2436 3554 absque
2465 3481 2585 3537 ulla
2608 3481 2939 3538 vindictain
2972 3499 3078 3539 suo
3105 3482 3321 3539 scelere
3333 3482 3769 3557 relinquuntur,

2126 3575 2192 3627 ut
2220 3572 2376 3643 quod
2408 3571 2509 3626 filii
2543 3574 2600 3626 et
2630 3587 2775 3626 uxor
2801 3587 2934 3627 vero
2956 3572 3181 3643 parenti
3206 3572 3462 3630 fecerant
3480 3579 3539 3630 et
3559 3576 3774 3633 marito

2125 3658 2236 3715 hoc
2262 3659 2323 3715 in
2355 3658 2555 3716 liberis
2585 3659 2709 3715 suis
2739 3663 2797 3715 et
2828 3660 3109 3717 uxoribus
3140 3661 3415 3727 sentiant,
3445 3665 3502 3717 et
3528 3678 3595 3717 ex
3632 3679 3774 3734 pro-

2124 3748 2250 3821 prio
2283 3747 2481 3803 dolore
2511 3746 2843 3820 intelligant
2889 3746 3152 3804 dolorem
3186 3748 3308 3817 Dei,
3343 3749 3443 3820 qui
3474 3749 3774 3807 intentum

2125 3837 2312 3893 iratus
2337 3841 2445 3907 est,
2498 3841 2563 3892 ut
2588 3853 2963 3909 nequaquam
3016 3838 3307 3909 percutiat
3332 3838 3772 3910 delinquentes.

2122 3926 2283 3993 Quod
2315 3930 2373 3981 et
2402 3923 2718 3998 Apostolus
2755 3925 2828 3979 ad
2878 3925 3172 3982 Romanos
3202 3926 3487 3992 scribens,
3520 3928 3772 3997 mystico

2120 4029 2391 4071 sermone
2421 4018 2704 4070 testatur:
2751 4015 2995 4071 Dicentes
3027 4016 3178 4071 enim
3203 4032 3263 4071 se
3309 4031 3423 4071 esse
3467 4018 3768 4088 sapientes,

2118 4104 2283 4160 stulti
2299 4105 2435 4174 facti
2448 4106 2595 4173 sunt,
2627 4111 2681 4159 et
2699 4107 3055 4159 mutaverunt
3070 4105 3306 4175 gloriam
3326 4106 3775 4177 incorruptibilis

2121 4194 2219 4248 Dei
2246 4194 2307 4246 in
2351 4191 2778 4247 similitudinem
2810 4194 3074 4265 imaginis
3096 4194 3470 4266 corruptibilis
3499 4194 3771 4263 hominis,

2119 4289 2170 4337 et
2199 4282 2508 4346 volucrum,
2559 4288 2610 4336 et
2656 4280 3093 4353 quadrupedum,
3129 4285 3181 4337 et
3230 4285 3543 4353 serpentum
3590 4284 3769 4350 (Rom.

2118 4387 2172 4437 κ,
2197 4371 2270 4424 22
2312 4369 2502 4441 seqq.).
2535 4373 2602 4423 Et
2633 4368 2771 4441 quia
2801 4385 2932 4425 cum
2987 4368 3160 4425 idolis
3193 4369 3425 4425 fuerant
3473 4369 3771 4441 fornicati,

2119 4457 2217 4514 tali
2251 4457 2541 4514 feriuntur
2571 4458 2894 4515 sententia:
2942 4462 3179 4530 PrOpter
3204 4458 3351 4530 quod
3378 4458 3622 4516 tradidit
3652 4461 3778 4517 illos

2120 4583 2278 4639 mine
2292 4582 2371 4638 ita
2387 4581 2759 4654 nuncupatis,
2783 4580 3105 4654 confundit.
3119 4583 3390 4637 Errorem
3406 4598 3475 4637 ex
3494 4578 3777 4654 ὄμονυμίᾷ

366 4651 467 4706 ubi
499 4651 655 4707 enim
688 4653 900 4725 legitur
944 4654 1285 4726 apparuisse
1315 4651 1627 4737 Dominum
1661 4656 1905 4713 Abrahae
1949 4651 2010 4715 in
2044 4672 2087 4737 [)
2118 4654 2203 4711 sic
2236 4652 2491 4727 perbelle
2520 4651 2679 4708 canit
2709 4651 2949 4708 Ovidius
2980 4652 3081 4708 lib.
3116 4670 3174 4708 ιν
3201 4656 3511 4709 Fastorum
3534 4651 3591 4708 v.
3627 4651 3772 4710 316:

362 4740 625 4814 convalle
655 4740 936 4808 Mambre,
984 4760 1089 4814 pro
1124 4742 1406 4809 convalle,
1446 4728 1618 4805 3352*:
1647 4749 1738 4799 est
1788 4744 1847 4800 in
1900 4746 2009 4802 He-

364 4811 539 4880 brzeo,
573 4829 752 4884 quam
784 4811 1386 4886 vocem'Septuaginla
1413 4832 1674 4886 quercum
1694 4818 2009 4873 transtule-

366 4905 523 4967 runt,
554 4900 653 4956 alii
690 4902 1074 4969 terebinthum,
1108 4918 1175 4975 eo
1204 4903 1361 4975 quod
1393 4903 1755 4975 terebinthus
1779 4889 1898 4965 n‘m
1922 4906 2011 4962 di-

365 4978 549 5047 catur,
583 4978 647 5027 ut
676 4978 906 5047 constat
937 4974 1185 5047 Genesis
1214 4974 1381 5039 XXXV,
1416 4974 1555 5030 item
1584 4975 1605 5029 I
1638 4974 1776 5047 Reg.
1811 4994 1924 5032 xvu
1955 4981 2011 5033 et

368 5045 443 5099 III
483 5048 620 5116 Reg.
650 5061 772 5121 xm.
797 5046 1073 5110 Quamvis
1107 5047 1124 5100 I
1157 5044 1285 5100 Par.
1316 5063 1369 5121 x_,
1395 5062 1498 5117 pro
1518 5044 2008 5121 quercu'accipia-

360 5136 476 5187 tur.
511 5132 596 5186 Ab
628 5117 747 5192 n‘m
781 5137 973 5186 autem
1007 5131 1245 5186 ducitur
1288 5116 1437 5193 utﬁt.

434 5204 510 5274 (b)
525 5204 747 5258 Abesta
762 5202 1042 5258 Palatinis
1065 5219 1208 5275 mss.
1228 5203 1477 5275 negandi
1495 5201 2006 5274 particula,Graaco

359 5273 660 5347 ipsotextu
687 5279 994 5347 renuente,
1011 5278 1134 5329 tum
1151 5273 1730 5347 Symmacbiguoque
1750 5292 2003 5347 nomen),

357 5344 622 5417 e'tGrzrca
638 5344 1385 5417 interpretalioidesideratu
1397 5363 1439 5400 r.
1478 5344 1650 5417 Porro
1665 5362 1767 5417 pro
1786 5344 2005 5417 Aquila:

355 5418 528 5489 verbo
560 5412 690 5485 ἐνηλ
714 5412 1007 5489 ᾲαῆμὲνων,
1041 5416 1218 5489 iidem
1252 5434 1395 5472 mss.
1417 5432 1547 5489 cum
1572 5412 2003 5489 hic'tum‘i‘nfra,

356 5488 455 5543 ubi
488 5506 592 5543 vox
624 5483 826 5543 eadem
861 5486 1129 5555 recurrit,
1157 5489 1428 5556 praeferre
1459 5487 1731 5543 videntur
1757 5483 2005 5556 ἐνδιηλα-

355 5560 593 5631 γμὲνων,
614 5559 778 5631 quod
813 5565 870 5614 et
899 5558 1087 5630 magis
1120 5558 1325 5629 placet.

426 5631 494 5709 (e)
525 5629 821 5709 Gallorum
854 5635 1178 5709 δρομέα),εῆ
1207 5631 1424 5699 quibus
1458 5634 1625 5700 capta
1656 5629 1840 5709 Roma
1861 5629 1998 5709 olim

357 5699 494 5773 fuit,
521 5699 691 5773 male,
713 5703 789 5773 ⁸ιιι.
835 5698 1081 5773 videtur,
1102 5698 1345 5773 Iiieron.
1366 5698 2004 5773 cum—cognominibus

350 5768 533 5828 Gallis
558 5767 796 5841 Cybeles
826 5768 1250 5841 sacerdotibus,
1286 5787 1321 5827 a
1350 5770 1531 5828 Galles
1550 5770 1611 5827 in
1625 5767 1862 5844 "Phygia
1890 5770 2000 5830 ﬂu-

2242 4769 2346 4832 Cu_r
2374 4769 2539 4832 igitur
2565 4766 2756 4832 Gallos,
2786 4767 2876 4832 qui
2906 4767 3257 4832 se__excidere
3290 4771 3588 4832 vocamus?

2304 4829 2434 4879 Cum
2466 4834 2612 4880 tanto
2648 4829 2871 4893 Phrygia
2906 4830 3105 4893 Gallica
3135 4830 3299 4893 distet
3326 4829 3547 4879 humus.

2242 4893 2406 4950 Inter,
2435 4893 2524 4947 ait.
2572 4892 2805 4955 viridem
2824 4892 3078 4955 Cybelen.
3111 4892 3354 4955 altasque
3382 4892 3614 4942 Celenas

2308 4955 2475 5005 Annis
2500 4954 2542 5004 it
2574 4954 2765 5003 insana
2795 4954 3013 5004 nomine
3041 4954 3223 5004 Gallus
3250 4954 3410 5018 aqua.

2117 5061 2306 5131 Hujus
2338 5059 2603 5116 fluminis
2634 5060 2692 5116 in
2726 5059 2995 5133 Phrygia,
3028 5077 3061 5115 a
3092 5077 3206 5132 quo
3246 5060 3395 5133 Galli
3430 5062 3769 5118 sacerdotes

2116 5148 2329 5213 nomen
2383 5148 2674 5203 accepere,
2706 5132 2977 5187 meminit
3022 5133 3197 5187 etiam
3231 5132 3379 5188 Plin.
3438 5133 3476 5187 l.
3510 5150 3568 5197 ν,
3597 5150 3653 5188 c.
3686 5133 3768 5189 ul-

2116 5208 2424 5345 mlilClVid.
2459 5276 2659 5345 contra
2686 5272 3061 5345 Jovinianum
3094 5272 3197 5329 lib.
3231 5292 3267 5344 ι,
3300 5291 3352 5329 c.
3390 5275 3473 5345 12.

2186 5342 2256 5416 (e)
2291 5344 2689 5400 Rescribimus
2722 5342 2942 5415 ἱερείας,
2970 5361 3110 5416 cum
3160 5362 3225 5399 ex
3254 5342 3499 5416 nostris.
3535 5348 3668 5401 tum
3701 5360 3766 5401 ex

2114 5414 2361 5489 aliorum
2394 5432 2538 5472 mss.
2580 5414 2919 5472 Anteaerat
2966 5415 3149 5489 ἱερεῖς,
3185 5414 3273 5473 vel
3322 5415 3510 5488 ἱερεῖς,
3563 5417 3766 5474 minus

2116 5488 2436 5629 beﬁllaud
2460 5556 2614 5631 scio,
2647 5573 2751 5631 cur
2768 5560 3029 5612 Graecum
3058 5557 3158 5631 hic
3176 5561 3402 5631 textum
3423 5562 3765 5631 praponant

2114 5624 2256 5685 mss.
2294 5626 2497 5711 nostri,
2530 5624 2621 5681 καὶ
2655 5624 2945 5699 ἐμπαῖκται
2979 5627 3314 5713 κυριεύσνσω
3345 5624 3547 5686 αὑιξῶνξ

2185 5701 2503 5774 (αλῌοειιιξ,
2536 5704 2602 5755 ut
2655 5717 2837 5773 supra
2868 5701 3231 5771 monuimus,
3264 5717 3408 5758 mss.
3442 5702 3763 5774 praferunt

2111 5766 2641 5844 ἐνόῐήλλαγμένους.
