3994 6188
297 375 416 440 853

1109 371 1856 439 COMMENTARIOIIUM
1906 371 1984 435 IN
2029 368 2228 435 OSEE
2277 371 2421 436 LIB.
2469 369 2518 434 Ῑ.
2565 372 2738 436 CAP.
2786 364 2887 434 ιν.

3577 363 3697 436 εει

294 507 436 568 Deus
464 507 528 565 in
555 505 830 565 desideria
855 507 1034 565 cordis
1064 525 1272 580 eorum,
1330 512 1390 566 in
1417 507 1847 580 immunditiam,
1880 515 1940 563 ut
1967 509 2019 574 Α
2047 510 2155 564 scet
2181 522 2272 563 eos
2300 507 2562 564 Dominus
2589 507 2728 562 sicut
2754 522 2959 578 agnum
3012 507 3074 563 in
3099 507 3352 579 spatioso.
3386 504 3496 564 Pro
3525 506 3702 565 domo

297 596 649 656 contumeliis
677 597 928 667 afﬁciant
979 614 1204 670 corpora
1257 617 1354 654 sua
1385 601 1444 654 in
1501 600 1818 671 semetipsis,
1851 599 1947 670 qui

298 690 770 745 commutaverunt
790 688 1066 742 veritatem
1092 689 1200 742 Dei
1231 689 1288 742 in
1310 688 1673 749 mendacium,
1696 696 1745 743 et
1773 687 1947 743 colue-

299 781 428 833 runt
457 781 510 830 et
539 777 846 830 servierunt
865 779 1151 844 creaturae,
1172 779 1353 847 potius
1383 794 1547 848 quam
1575 781 1831 843 creatori,
1853 776 1948 848 qui

299 874 374 922 est
405 863 714 920 benedictus
740 865 800 918 in
827 865 1047 919 saecula.
1100 866 1289 920 Amen.
1323 865 1394 921 Ut
1442 870 1633 920 autem
1665 864 1946 932 sciamus,

296 952 688 1010 visitationem
703 952 870 1023 quasi
883 953 1317 1008 vulneratorum
1333 959 1390 1008 et
1402 953 1802 1025 languentium
1818 951 1946 1006 ideo

297 1041 497 1098 inferri
529 1057 564 1096 a
598 1041 736 1107 Deo,
771 1044 836 1094 ut
863 1040 1041 1096 veluti
1069 1041 1325 1098 cauterio
1351 1046 1409 1096 et
1435 1040 1822 1096 amarissimis
1853 1056 1948 1112 po-

297 1128 556 1187 tionibus
575 1128 860 1200 recipiant
877 1130 1211 1198 sanitatem,
1232 1133 1290 1185 et
1312 1130 1534 1186 morbis
1551 1133 1806 1198 careant,
1827 1145 1949 1200 per-

297 1218 643 1292 prophetam
661 1216 999 1289 loquentem
1019 1218 1330 1274 audiamus
1351 1219 1659 1274 Dominum
1681 1236 1693 1274 :
1716 1218 1948 1272 Visitabo

295 1311 356 1363 in
383 1309 542 1377 virga
565 1307 882 1376 iniquitates
904 1322 1111 1374 eorum,
1135 1315 1185 1362 et
1204 1310 1264 1362 in
1291 1307 1599 1362 verberibus
1616 1315 1848 1377 peccata
1868 1321 1950 1360 eo-

293 1413 423 1452 rum
449 1413 467 1449 :
499 1394 936 1450 misericordiam
963 1403 1148 1450 autem
1187 1412 1371 1450 meam
1399 1411 1510 1451 non
1539 1395 1856 1466 dispergam
1883 1394 1950 1448 ab

296 1501 356 1541 eo
387 1485 501 1554 (Ps.
535 1499 800 1548 Lxxxvm,
831 1485 920 1553 33,
953 1484 1062 1552 34).
1114 1483 1222 1547 Qui
1279 1484 1458 1556 igitur
1487 1489 1738 1548 amatur,
1771 1481 1949 1537 corri-

292 1572 490 1647 pitur:
525 1572 628 1642 qui
659 1571 1004 1644 negligitur,
1027 1572 1149 1626 suis
1173 1571 1423 1643 peccatis
1445 1571 1780 1627 dimittitur.
1807 1571 1952 1625 Tan-

2055 591 2127 648 ὢν
2152 596 2211 650 in
2238 597 2455 667 quibus
2473 597 2607 651 dam
2625 597 3077 668 exemplaribus,
3101 601 3159 652 et
3176 597 3428 653 maxime
3445 597 3505 653 in
3524 597 3705 654 Theo-

2055 683 2286 739 dotione
2301 683 2717 756 legiturdomus
2735 687 3072 756 iniquitatis,
3091 686 3245 758 quod
3259 685 3470 757 Aquila
3481 690 3708 759 etSym-

2058 773 2302 828 machus
2332 773 2695 844 interpretati
2723 779 2861 829 sunt
2880 775 3122 830 domum
3154 771 3492 850 ἀνωφελοῦς,
3517 776 3573 830 id
3597 780 3708 842 est,

2058 862 2334 929 inutilem,
2366 879 2491 933 quas
2515 861 2657 916 nihil
2683 863 2888 934 prosit,
2911 865 2968 917 et
2995 862 3108 919 alio
3129 865 3301 919 verbo
3330 864 3540 920 idolum
3561 882 3712 920 nun-

2057 954 2324 1020 cupetur.
2359 951 2460 1005 Est
2489 953 2684 1006 autem
2718 951 2905 1006 Bethel
2931 968 2943 1006 :
2979 955 3036 1006 et
3055 969 3181 1024 quin
3213 953 3378 1024 prius
3399 955 3713 1010 vocabatur

2057 1037 2246 1094 domus
2278 1041 2396 1107 Dei,
2431 1043 2743 1111 postquam
2794 1040 2960 1095 vituli
2993 1041 3052 1095 in
3113 1058 3180 1096 ea
3210 1041 3382 1113 positi
3415 1047 3574 1108 sunt,
3608 1047 3711 1100 44

2059 1126 2350 1199 appellata
2377 1133 2466 1184 est
2495 1129 2795 1196 Bethaven,
2827 1128 2884 1184 id
2919 1134 3028 1194 est,
3058 1129 3248 1185 domus
3277 1131 3515 1201 inutilis,
3541 1135 3593 1188 et
3611 1132 3712 1187 do-

2055 1231 2180 1269 mus
2209 1215 2364 1286 idoli,
2391 1217 2544 1289 quod
2578 1234 2685 1272 nos
2715 1222 2778 1272 ut
2804 1217 2861 1272 in
2894 1217 3131 1272 Hebraeo
3181 1217 3396 1290 legitur
3423 1221 3708 1291 expressi-

2059 1320 2212 1358 mus.
2245 1304 2488 1360 Videtur
2512 1311 2705 1360 autem
2739 1305 2885 1361 mihi
2915 1305 3130 1362 idcirco
3163 1310 3219 1361 et
3247 1305 3501 1379 populus
3529 1307 3709 1364 Israel

2058 1391 2118 1446 in
2152 1392 2468 1448 solitudine
2498 1393 2703 1449 fecisse
2733 1393 2843 1450 sibi
2875 1394 3258 1466 caputvituli,
3292 1397 3447 1467 quod
3469 1395 3706 1468 coleret,

2057 1485 2115 1536 et
2133 1482 2439 1537 Jeroboam
2464 1481 2619 1538 filius
2640 1482 2866 1538 Nabath
2888 1482 3100 1539 vitulos
3127 1499 3333 1540 aureos
3364 1483 3703 1552 fabricatus,

2061 1574 2126 1624 ut
2146 1571 2299 1642 quod
2326 1571 2384 1625 in
2405 1571 2646 1642 Egypto
2669 1571 2993 1626 didicerant
3013 1566 3136 1624 ἄπιν
3160 1575 3219 1627 et
3243 1575 3447 1643 μνεῦιν,
3472 1572 3574 1644 qui
3597 1572 3708 1628 sub

290 1676 508 1733 tusque
527 1660 638 1715 fuit
656 1676 940 1716 numerus
959 1662 1042 1732 (a)
1063 1660 1480 1716 fornicatorum
1505 1660 1705 1723 Israel;
1721 1665 1785 1715 ut
1801 1661 1956 1714 esset
2063 1658 2250 1730 figura
2279 1659 2453 1714 boum
2486 1658 2774 1728 coluntur,
2806 1675 2934 1715 esse
2954 1659 3114 1726 deos,
3143 1659 3252 1715 hoc
3283 1660 3342 1715 in
3373 1677 3482 1716 sua
3510 1677 3576 1716 su
3587 1677 3710 1732 per-

295 1749 464 1817 ultio,
495 1749 816 1820 desperans
841 1748 1330 1805 emendationem.
1364 1752 1464 1806 43
1486 1751 1633 1814 Quid
1658 1750 1814 1804 enim
1836 1753 1955 1805 tur-

2063 1746 2296 1802 stitione
2328 1751 2644 1803 servarent.
2705 1747 2983 1804 Dicamus
3039 1765 3281 1804 sensum
3339 1747 3614 1821 capituli:
3648 1749 3712 1804 Si

296 1836 431 1910 pius
452 1853 626 1908 quam
648 1836 804 1892 viros
825 1836 1196 1892 meretricum
1221 1836 1403 1893 cultui
1425 1837 1706 1910 copulari,
1729 1842 1786 1892 et
1809 1854 1944 1893 cum
1981 1876 2026 1940 Β
2064 1836 2268 1902 semel,
2300 1853 2332 1891 ο
2367 1837 2560 1902 Israel,
2593 1853 2786 1892 errore
2817 1837 3095 1908 deceptus
3135 1852 3218 1903 es,
3253 1840 3310 1893 et
3337 1841 3394 1893 te
3423 1853 3558 1892 cum
3586 1852 3716 1910 me:

291 1923 644 1982 effeminatis
674 1923 978 1979 immolare
1010 1924 1233 1981 hostias
1293 1925 1556 1981 libidinis
1588 1943 1704 1981 suae
1725 1926 1752 1980 ?
1784 1926 1947 1991 Quod

291 2017 491 2069 autem
528 2013 764 2084 jungit:
813 2013 1053 2083 populus
1106 2029 1217 2068 non
1275 2015 1585 2083 intelligens
1640 2015 1942 2086 vapulabit,

289 2118 397 2174 pro
459 2117 573 2172 quo
633 2101 1020 2173 Septuaginta
1077 2102 1542 2158 transtulerunt:
1596 2105 1662 2159 Et
1715 2105 1948 2175 populus

289 2191 367 2262 (a)
390 2206 502 2246 non
524 2191 844 2258 intelligens
865 2190 1180 2247 adhaerebat
1201 2194 1498 2258 meretrici,
1522 2192 1632 2248 hoc
1655 2193 1948 2265 signiﬁcat

290 2278 449 2351 quod
479 2275 715 2349 vapulet
771 2277 829 2331 in
861 2278 1214 2348 captivitate,
1273 2284 1329 2334 et
1358 2279 1602 2336 diversis
1659 2280 1948 2336 afficiatur

289 2367 502 2440 plagis,
536 2369 602 2420 ut
623 2382 725 2436 per
748 2364 1005 2421 dolorem
1034 2366 1274 2438 recipiat
1298 2368 1692 2440 disciplinam.
1723 2374 1801 2424 De
1827 2368 1942 2424 hae-

287 2454 486 2511 reticis
517 2453 703 2509 facilis
762 2453 1147 2526 intelligentia
1201 2460 1310 2523 est,
1372 2457 1525 2527 quod
1587 2456 1690 2510 filii
1740 2473 1941 2512 eorum

285 2544 670 2608 fornicentur,
701 2547 758 2598 et
785 2559 1033 2614 sponsae,
1084 2544 1139 2598 id
1176 2548 1284 2614 est,
1343 2545 1553 2599 animae
1585 2562 1730 2616 quas
1762 2544 1820 2599 in
1852 2561 1940 2599 er-

283 2649 416 2688 rore
445 2634 798 2705 genuerunt,
832 2637 890 2687 et
921 2632 1044 2688 suis
1077 2633 1456 2706 dogmatibus
1486 2634 1939 2706 desponsarunt.

283 2719 631 2776 Istiusmodi
661 2718 887 2791 indigni
919 2725 1059 2776 sunt
1098 2722 1463 2793 correptione
1495 2722 1591 2776 Dei
1618 2739 1630 2776 :
1661 2722 1939 2793 quoniam

286 2809 482 2864 omnis
515 2824 717 2863 eorum
748 2807 940 2863 cultus
973 2808 1276 2864 fornicatio
1306 2814 1414 2876 est,
1445 2815 1502 2865 et
1531 2815 1733 2882 turpes
1761 2809 1942 2880 turpi-

283 2898 401 2954 bus
431 2896 904 2962 commiscentur,
937 2902 993 2952 et
1016 2903 1320 2969 propterea
1339 2898 1720 2970 vapulabunt,
1755 2903 1820 2954 ut
1840 2897 1940 2952 ali-

282 2986 526 3059 quando
543 3001 646 3058 per
661 2984 864 3057 plagas
882 2985 1210 3057 intelligant
1227 3003 1400 3057 quem
1418 2987 1717 3058 requirant
1737 2995 1936 3042 Deum.

281 3075 535 3144 Quando
565 3074 782 3129 videris
804 3078 1166 3146 peccatorem
1194 3075 1410 3130 divitiis
1431 3076 1688 3141 afﬂuere,
1713 3077 1939 3146 jactare

281 3181 348 3221 se
379 3163 662 3236 potentia,
697 3163 944 3218 sanitate
999 3164 1274 3235 gaudere,
1333 3164 1607 3220 delectari
1666 3166 1935 3236 conjuge,

2057 1925 2366 1981 retricibus
2388 1925 2700 1992 miscuisti,
2734 1925 2815 1981 ita
2840 1929 2902 1980 ut
2921 1925 3280 1998 quicumque
3304 1925 3576 1998 impleret
3601 1927 3709 1998 [Αἰ.

2056 2014 2400 2088 impleverit]
2433 2031 2675 2070 manum
2705 2014 2794 2070 vel
2839 2031 3008 2071 suam
3063 2015 3148 2070 vel
3208 2014 3380 2088 regis,
3414 2015 3710 2072 offerendo

2057 2102 2163 2176 [ΑΙ.
2199 2103 2513 2174 atl'erendo]
2544 2107 2600 2158 et
2629 2103 2822 2159 dando
2853 2104 2905 2158 ei
2939 2119 3204 2168 munera,
3237 2103 3509 2158 sacerdos
3543 2101 3710 2158 fieret

2054 2192 2452 2248 excelsorum:
2487 2191 2697 2247 saltem
2729 2197 2816 2258 tu,
2849 2192 3024 2259 Juda,
3059 2191 3158 2263 qui
3183 2191 3448 2262 possides
3475 2190 3710 2247 Jerusa-

2055 2279 2189 2346 lem,
2223 2285 2280 2334 et
2308 2280 2489 2334 babes
2518 2297 2587 2334 ex
2639 2281 2787 2352 Lege
2845 2280 3092 2349 Levitas,
3152 2283 3210 2334 et
3237 2295 3470 2335 exerces
3499 2278 3704 2351 templi

2055 2368 2450 2438 cteremonias,
2480 2384 2593 2423 non
2617 2368 2792 2424 debes
2818 2368 3034 2424 sororis
3055 2368 3354 2438 quondam
3384 2371 3497 2422 tum
3529 2366 3709 2424 Oolla

2051 2456 2112 2512 in
2145 2456 2527 2512 fornicatione
2548 2455 2811 2527 exempla
2842 2456 3074 2523 sectari,
3103 2461 3158 2511 et
3188 2473 3322 2511 cum
3354 2455 3425 2527 (c)
3457 2470 3524 2510 ea
3553 2455 3709 2511 idola

2053 2545 2259 2602 colere.
2293 2545 2417 2600 Non
2449 2545 2800 2616 ingrediaris
2831 2543 3090 2616 Galgala,
3124 2545 3196 2600 de
3235 2560 3352 2615 qua
3380 2543 3440 2598 in
3470 2542 3580 2598 hoc
3608 2559 3705 2598 eo-

2054 2635 2186 2689 dem
2218 2633 2502 2705 propheta
2522 2632 2771 2704 legimus
2797 2649 2809 2687 :
2846 2631 3034 2687 Omnis
3055 2634 3277 2688 malitia
3295 2647 3482 2687 eorum
3501 2632 3561 2686 in
3583 2629 3712 2687 Gul-

2052 2724 2202 2795 galis
2231 2721 2383 2790 (Osee
2411 2739 2487 2787 1x,
2514 2722 2689 2792 45),in
2724 2738 2840 2792 qua
2866 2720 3003 2776 Saul
3031 2725 3243 2776 unctus
3273 2724 3361 2776 est
3380 2719 3440 2774 in
3473 2735 3704 2792 regem:

2053 2811 2113 2865 in
2147 2828 2264 2882 qua
2294 2811 2493 2866 exiens
2525 2809 2778 2883 p0pulus
2811 2811 2881 2866 de
2912 2811 3162 2878 deserto,
3197 2810 3454 2881 primum
3487 2812 3706 2864 castra-

2050 2903 2324 2965 metatus,
2360 2900 2618 2954 secunda
2663 2899 3109 2954 circumcisione
3167 2901 3452 2970 purgatus
3485 2901 3595 2952 est.
3627 2900 3708 2951 Ex

2051 3005 2166 3060 quo
2197 2992 2457 3060 tempore
2485 2986 2784 3060 religionis
2815 2989 3089 3054 adversae,
3123 2987 3182 3042 in
3212 2986 3338 3042 loco
3368 2984 3584 3042 celebri
3617 3001 3707 3041 er-

2047 3093 2144 3132 ror
2172 3076 2427 3132 inolevit.
2461 3078 2530 3132 Et
2576 3093 2648 3131 ne
2714 3077 2998 3132 ascendas
3053 3076 3113 3130 in
3142 3075 3456 3145 Bethaven,
3505 3073 3563 3128 id
3594 3079 3707 3147 est,

2049 3183 2175 3238 qua:
2211 3166 2506 3237 quondam
2553 3165 2870 3220 vocabatur
2914 3164 3134 3232 Betbel,
3194 3163 3332 3236 quia
3392 3166 3707 3235 postquam

278 3268 501 3309 corona
530 3251 880 3307 circumdari
911 3251 1250 3318 liberorum,
1296 3257 1354 3308 et
1382 3252 1612 3325 impleri
1643 3253 1788 3308 illud
1824 3252 1930 3320 [Αι.
1965 3236 2008 3303 C
2047 3236 2204 3310 aurei
2233 3236 2313 3309 ibi
2341 3253 2507 3308 vituli
2540 3254 2714 3325 positi
2745 3257 2886 3309 sunt
2919 3253 3264 3309 aJoroboam
3303 3249 3703 3320 tilio'Nabath,

275 3339 467 3413 aliud]
496 3340 652 3412 quod
682 3341 968 3412 scriptum
1026 3343 1115 3396 est
1139 3358 1152 3408 ;
1185 3343 1248 3396 In
1304 3341 1486 3397 labore
1513 3343 1797 3398 hominum
1823 3357 1934 3398 non
2039 3361 2154 3399 non
2177 3348 2392 3399 Domus
2415 3342 2514 3398 Dei
2536 3341 2882 3415 appellatur,
2908 3342 3005 3398 sed
3029 3343 3250 3398 domus
3269 3339 3429 3396 idoli.
3457 3339 3564 3395 Pro
3586 3355 3706 3410 qua

275 3437 431 3496 sunt,
464 3433 516 3484 et
543 3445 670 3484 cum
697 3429 1008 3484 hominibus
1027 3445 1138 3484 non
1165 3430 1592 3500 ﬂagellabantar
1611 3431 1724 3501 (Ps.
1760 3448 1930 3501 Lxxu,

2043 3431 2226 3487 miror
2245 3447 2351 3486 cur
2372 3430 2758 3502 Septuaginta
2777 3431 3021 3486 domum
3043 3427 3116 3482 ὣν
3145 3427 3508 3500 interpretati
3531 3431 3670 3482 sunt
3690 3457 3702 3495 ;

273 3516 357 3591 5),
394 3515 569 3572 dicito
621 3517 681 3571 in
739 3515 840 3571 illo
871 3516 1393 3573 comminationem
1452 3519 1747 3590 PrOphetze
1805 3536 1933 3575 esse
2043 3519 2118 3590 (d)
2154 3519 2264 3574 nisi
2298 3519 2441 3574 forte
2470 3534 2664 3573 errore
2684 3523 2966 3574 consueto
2989 3534 3094 3588 pro
3121 3534 3224 3572 JOD
3254 3515 3448 3571 littera
3472 3513 3687 3580 media,

278 3604 637 3677 completam
662 3622 676 3660 :
698 3605 815 3660 Non
840 3605 1070 3661 visitabo
1097 3621 1260 3677 super
1279 3605 1424 3675 ﬁlias
1449 3611 1654 3662 vestras
1672 3624 1794 3662 cum
1816 3611 1934 3680 fue-

275 3696 401 3750 rint
427 3694 743 3765 fornicatw,
775 3697 828 3748 et
844 3709 1006 3764 super
1023 3709 1245 3766 sponsas
1269 3703 1472 3750 vestras
1499 3712 1624 3751 cum
1651 3696 1934 3752 adultera-

277 3784 487 3840 verint.

364 3871 553 3942 (Vers.
590 3872 676 3939 15,
709 3870 823 3941 46.)
854 3871 914 3926 Si
941 3873 1234 3943 fornicaris
1278 3880 1358 3938 tu,
1390 3875 1589 3943 Israel,
1619 3889 1730 3929 non
1757 3873 1935 3929 delin-

287 3968 423 4034 quat
448 3961 638 4016 saltem
667 3960 829 4024 Juda,
859 3967 910 4016 et
937 3962 1105 4016 nolite
1160 3962 1376 4032 ingredi
1423 3965 1481 4016 in
1512 3961 1759 4030 Galgala,
1794 3971 1842 4018 et
1872 3979 1939 4018 ne

279 4051 637 4105 ascenderitis
667 4051 729 4104 in
757 4051 1046 4118 Bethaven,
1106 4066 1279 4122 neque
1299 4051 1645 4122 juraveritis,
1680 4053 1812 4106 vivit
1841 4053 1939 4108 Do-

277 4141 493 4205 minus,
529 4139 786 4210 quoniam
816 4141 957 4193 sicut
988 4155 1150 4194 vacca
1202 4141 1491 4195 lasciviens
1537 4141 1831 4196 declinavit
1863 4143 1937 4196 Is-

289 4228 428 4284 rael.
463 4229 620 4284 Nunc
668 4235 854 4298 pascet
909 4228 1016 4298 [AL
1070 4230 1264 4299 pascit]
1318 4244 1405 4284 eos
1458 4230 1722 4284 Dominus
1778 4231 1940 4301 quasi

272 4333 483 4388 agnum
514 4317 574 4370 in
601 4313 918 4371 latitudine.
944 4316 1132 4372 LXX:
1166 4319 1237 4372 Tu
1258 4326 1459 4383 autem,
1482 4319 1671 4386 Israel,
1693 4334 1761 4374 ne
1790 4321 1940 4387 igno-

271 4421 378 4477 res,
413 4413 468 4461 et
488 4405 672 4471 Juda,
701 4405 874 4460 nolite
908 4405 1136 4474 ingredi
1164 4407 1223 4460 in
1254 4405 1502 4474 Galgala,
1541 4423 1610 4462 ne
1637 4406 1940 4462 ascendatis

269 4497 328 4550 in
361 4496 590 4552 domum
624 4489 722 4561 ὣν,
752 4503 806 4550 et
834 4511 900 4549 ne
919 4495 1142 4565 juretis,
1189 4496 1328 4549 vivit
1356 4496 1652 4550 Dominus:
1681 4497 1940 4567 quoniam

286 4586 429 4641 sicut
456 4599 623 4640 vacca
660 4583 813 4654 asylo
838 4598 1100 4654 percussa
1132 4584 1399 4638 insanivit
1430 4584 1620 4638 Israel.
1652 4585 1805 4638 Nunc
1831 4601 1935 4654 pa-
1965 4601 2014 4666 D

2043 3625 2170 3680 qua:
2200 3625 2373 3662 ALEPH
2401 3611 2458 3662 et
2484 3624 2603 3662 NUN
2624 3606 2832 3662 litteris
2863 3623 2931 3661 ex
2958 3610 3205 3677 utraque
3237 3608 3400 3676 parte
3421 3602 3687 3668 vallatur,

2043 3712 2172 3762 νΑυ,
2205 3712 2331 3766 quae
2362 3693 2486 3751 sola
2515 3694 2707 3750 differt
2737 3693 3161 3765 magnitudine,
3195 3695 3564 3766 putaverunt.
3589 3694 3691 3747 Ne-

2046 3800 2148 3857 que
2166 3785 2510 3854 juraveritis,
2543 3783 2678 3838 vivit
2709 3783 2988 3837 Dominus.
3013 3781 3156 3840 Nolo
3186 3781 3342 3838 enim
3364 3796 3468 3853 per
3498 3795 3564 3834 os
3593 3793 3689 3832 ve-

2047 3877 2235 3928 strum
2259 3871 2515 3927 nominis
2537 3871 2650 3926 mei
2673 3871 2797 3925 fieri
2825 3871 3200 3937 mentionem,
3225 3869 3379 3941 quod
3401 3867 3692 3924 idolorum

2049 3960 2447 4016 recordatione
2478 3957 2766 4030 pollutum
2797 3963 2905 4014 est.
2947 3957 3109 4013 Sicut
3141 3957 3297 4013 enim
3328 3972 3500 4012 vacca
3529 3953 3695 4010 lasci-

2048 4049 2211 4104 viens
2242 4053 2298 4104 et
2326 4047 2611 4120 abjiciens
2633 4048 2882 4120 jugum:
2918 4048 2999 4102 ita
3029 4046 3231 4111 Israel,
3264 4046 3320 4101 id
3351 4048 3461 4111 est,
3493 4043 3693 4098 decem

2048 4137 2257 4204 tribus,
2278 4136 2588 4192 declinavit
2609 4153 2643 4190 a
2667 4136 2892 4190 Domini
2918 4135 3212 4190 servitute.
3237 4135 3344 4190 Pro
3365 4131 3697 4189 lasciviente

2047 4225 2632 4298 vacca,Septuaginta
2663 4224 3092 4280 transtulerunt
3119 4223 3695 4298 παροιστρῶσαν,(ιυω

2049 4320 2245 4382 oestro,
2279 4313 2554 4387 asyloque
2582 4329 2862 4384 percussa
2888 4313 2986 4383 sit,
3026 4328 3202 4384 quem
3232 4309 3405 4382 vulgo
3436 4309 3697 4364 tabanum

2046 4409 2272 4460 vocant.
2307 4406 2381 4459 De
2411 4419 2526 4474 quo
2558 4407 2615 4457 et
2643 4404 2739 4460 45
2775 4401 3053 4474 Virgilius
3099 4401 3158 4455 in
3189 4400 3359 4456 tertio
3388 4395 3694 4468 Georgico-

2049 4510 2181 4550 rum
2212 4493 2361 4549 libro
2395 4493 2568 4548 refert
2592 4508 2604 4546 :

2813 4586 2910 4636 Cui
2943 4598 3139 4636 nomen
3168 4585 3318 4643 asilo,

343 4744 432 4816 (α)
456 4743 587 4816 Duo
603 4740 1153 4816 Palatini,numerus
1167 4743 1568 4813 fornicantium
1583 4742 1643 4796 in
1662 4741 1855 4808 Israel,
1876 4745 1934 4795 ut
2038 4740 2220 4816 levior
2240 4740 2303 4816 in
2335 4755 2402 4794 ea
2436 4741 2672 4816 superat
2703 4736 3042 4816 difficultas,
3076 4735 3175 4807 qui
3203 4733 3498 4816 potuerint
3528 4732 3692 4816 LXX,

269 4813 420 4871 ultio
438 4815 686 4885 desperet
714 4813 1171 4868 emendationem.

345 4904 420 4974 (b)
443 4903 552 4958 Hic
571 4902 786 4974 iterum
810 4902 988 4956 nostri
1014 4918 1181 4974 mss.,
1199 4901 1447 4972 negandi
1472 4899 1818 4974 particulam
1843 4916 1928 4954 re-

277 4972 522 5046 spuunt.
553 4974 705 5028 Tum
736 4972 956 5045 legunt,
991 4973 1131 5043 quod
1149 4975 1368 5043 vapulet
1397 4973 1567 5050 Israel
1596 4974 1930 5043 captivitate,

283 5049 422 5188 etii)
456 5115 520 5171 In
548 5114 941 5184 Palatin.ms.,
967 5123 1020 5169 et
1048 5131 1171 5169 cum
1197 5116 1300 5169 Deo
1330 5113 1476 5169 idola
1506 5113 1699 5168 colere.

351 5203 441 5272 (ά)
455 5201 596 5256 Labi
609 5201 705 5256 hic
721 5200 1135 5272 Hieronymum
1156 5199 1746 5272 manifesto,editores
1759 5202 1815 5272 et
1828 5199 1936 5272 cri-

280 5269 380 5328 tici
412 5269 618 5328 Omnes
666 5269 953 5336 clamant;
995 5273 1093 5342 qui
1157 5271 1334 5326 falsos
1391 5271 1449 5323 in
1483 5269 1734 5342 eordicat
1769 5269 1932 5334 LXX,

279 5345 437 5414 quod
469 5349 753 5430 rectenvau.
779 5343 968 5430 legere
993 5341 1118 5424 voci
1151 5352 1242 5430 ηδτ
1267 5341 1680 5430 intermedium
1708 5357 1720 5395 :
1754 5341 1846 5395 cui
1875 5346 1936 5394 ut

278 5410 583 5485 suppetias
615 5415 760 5469 ferat
813 5410 1123 5483 Victorius,
1161 5410 1241 5467 'in
1303 5413 1662 5468 contrarium
1691 5427 1933 5467 sensum

275 5488 332 5540 S.
356 5485 621 5541 Doctoris
641 5490 859 5540 textum
892 5490 1098 5551 mutat,
1127 5487 1242 5540 nisi
1263 5500 1359 5553 pro
1381 5501 1488 5538 vau
1516 5485 1704 5538 littera
1726 5485 1932 5549 media,

277 5573 398 5628 qua
429 5556 598 5628 aleph
629 5561 680 5628 et
712 5573 832 5610 nun
863 5557 1067 5612 litteris
1086 5573 1156 5610 ea:
1210 5560 1442 5628 utraque
1478 5560 1638 5625 parte
1671 5556 1933 5628 uallatur,

277 5627 400 5698 iod,
434 5627 560 5698 quae
576 5627 700 5684 sola
721 5628 906 5699 di/fert
932 5627 1331 5699 magnitudine,
1351 5630 1703 5699 putaverunt.
1724 5627 1937 5699 Quam-

284 5696 469 5770 quam
498 5715 602 5758 nec
632 5696 807 5756 bonis
833 5715 895 5757 se
924 5696 1174 5759 testibus
1225 5696 1364 5759 haec
1378 5702 1578 5756 tuetur
1605 5696 1797 5767 lectio,
1833 5713 1936 5754 nec

2041 4813 2089 4868 si
2113 4812 2209 4883 jod
2239 4807 2653 4865 intermedium
2683 4813 3056 4880 putaverunt,
3089 4807 3217 4893 VR,
3239 4823 3350 4861 non
3382 4807 3445 4860 in
3475 4807 3691 4870 auten,

2041 4901 2142 4955 sed
2164 4916 2230 4955 on
2256 4898 2652 4970 pronuntiare.
2673 4898 3049 4970 Manifestum
3073 4899 3354 4970 porru_est
3371 4893 3429 4970 in
3452 4893 3691 4948 Hebraeo

2041 4987 2155 5025 non
2189 4965 2273 5024 ut'
2305 4970 2399 5024 hic
2452 4969 2682 5024 Hieron.
2717 4969 3008 5040 opinatur,
3041 4965 3145 5040 per
3164 4966 3283 5040 jod,
3317 4965 3418 5040 sed
3442 4980 3690 5040 pervau

2041 5041 2216 5097 scribi
2252 5050 2366 5128 ps,
2401 5057 2666 5128 quievox
2687 5035 2919 5128 et‘Aven
2943 5035 3001 5128 et
3020 5035 3139 5128 dun
3160 5035 3217 5094 et
3245 5035 3691 5128 0n.legipotect,

2043 5129 2242 5200 sicque
2254 5122 2343 5184 est
2356 5144 2459 5200 pro
2473 5127 2658 5182 lubito
2673 5129 2744 5200 ab
2763 5126 3023 5200 antiquis
3042 5123 3455 5200 interpretibus
3470 5122 3696 5200 reddita

2043 5194 2193 5264 Qui'n
2224 5194 2436 5270 ipse-S.
2474 5203 2679 5254 Doctor
2708 5194 2974 5270 hocrip'so
3005 5197 3065 5252 in
3116 5194 3246 5270 loco
3273 5212 3374 5270 per
3401 5212 3505 5250 vau
3534 5194 3692 5270 legit,

2044 5265 2355 5351 Bethaven‘:
2381 5270 2570 5351 idque
2600 5286 2664 5324 eo
2697 5265 2912 5351 certius
2941 5273 3051 5351 est,
3098 5268 3251 5351 quod
3274 5265 3504 5348 domum
3533 5265 3690 5351 idoli,

2045 5359 2148 5399 seu
2180 5345 2443 5398 vanitatis
2473 5336 2909 5410 interpretatur.
2937 5336 3324 5405 Quamobrem
3361 5336 3575 5391 mirum
3607 5340 3697 5390 est

2045 5415 2253 5485 magis,
2288 5413 2398 5485 dici
2431 5413 2501 5466 ab
2532 5412 2909 5485 eo_potuis_se,
2962 5411 3116 5485 LXX,
3167 5414 3231 5464 ut
3264 5414 3353 5485 ’ῼν
3384 5411 3692 5485 verterent,

2043 5479 2281 5556 vau"pro
2303 5484 2400 5556 jod
2431 5479 2994 5556 accepissesAlioqui
3027 5481 3182 5556 enim
3217 5480 3338 5556 scio
3368 5483 3425 5533 et
3446 5479 3695 5556 Bethaim

2045 5575 2078 5611 a
2103 5551 2316 5611 Graecis
2347 5551 2583 5619 lectum,
2618 5553 2770 5624 quod
2810 5553 3142 5607 Bonfrerius
3175 5551 3246 5606 ad
3277 5551 3492 5606 librum
3521 5551 3694 5606 Loco-

2046 5645 2174 5682 rum
2209 5625 2464 5694 Eusebii,
2498 5625 2616 5681 sive
2649 5623 2980 5696 Hieronymi
3012 5627 3192 5679 notat.
