3964 6184
1628 375 1690 440 s.
1737 372 2045 443 EUSEBII
2093 328 2533 439 nisaouvm
3585 364 3676 431 sse

2031 514 2081 577 Α
2117 509 2285 575 νιιιιεί,
2326 516 2387 563 ut
2419 508 2638 565 scilicet
2664 512 2723 565 et
2750 507 3041 581 principes
3064 509 3121 564 et
3152 499 3439 579 pepulum,
3466 501 3617 558 immo
3638 516 3683 569 et

2112 602 2403 654 daemones
2426 602 2481 655 et
2503 598 2797 666 Israelem,
2820 615 2999 654 vanos
3022 596 3205 663 vanis,
3235 594 3490 651 inanibus
3509 592 3674 647 inanes

2112 692 2333 743 asserat
2361 686 2685 760 copulatos.
2708 687 2930 743 Ventus
2950 687 3107 742 enim
3138 690 3193 741 et
3212 683 3440 757 spiritus
3461 680 3592 752 apud
3609 683 3687 734 Hc—

370 370 492 447 855

493 516 927 584 itomanumpst:
959 518 1176 566 matrum
1206 511 1566 584 Grail‘vertere
1596 517 1863 584 vocantes,

487 580 656 640 Asper
678 578 868 628 acerba
889 590 1123 628 sonans:
1151 590 1258 640 quo
1286 580 1400 627 tota
1425 576 1677 640 sixterrita
1702 576 1847 625 silvis

492 592 868 688 negassem-na
889 592 1123 628 sonans:
1151 592 1258 650 quo
1286 592 1403 649 tota
1425 592 1677 649 exsertus
1702 592 1746 625 si

492 642 548 703 Di
593 646 781 703 ugiunt
807 644 1073 703 armenta:
1106 640 1234 703 furit
1261 639 1551 703 mugitibus
1580 638 1746 703 mther

487 701 803 760 Concussae,
833 701 1087 766 silvasque
1112 706 1163 751 et
1190 702 1315 751 sicci
1336 701 1453 764 ripa
1478 701 1721 762 Tanagri,

362 797 507 863 Quia
535 812 669 869 ergo
701 797 978 855 insanivit
1009 798 1203 868 Israel,
1237 803 1293 854 et
1322 813 1637 871 percussus
1668 796 1998 852 fornicatio-
2108 777 2295 871 ξπωοδ
2325 794 2443 871 “P9
2498 777 2677 871 W3er
2732 775 3103 871 ξιρρθίῙδῖξῖξξτ
3160 791 3260 831 κω
3290 772 3447 871 (τίη),
3491 770 3548 833 Id
3573 768 3688 868 quo?

362 885 454 941 nis
486 864 718 958 spiritu,
744 885 1069 943 incredibili
1115 864 1680 942 furore-bacchatus
1732 890 1837 952 est,
1873 884 2000 942 ideo

2119 865 2487 939 Septuaginta
2498 864 2967 921 transtuluerunt
2990 864 3076 936 [Al
3089 866 3414 936 posuerunt]
3439 864 3693 956 provocavit

365 990 483 1030 non
514 944 863 1046 multo'post
890 980 1169 1049 tempore,
1221 975 1317 1030 sed
1353 974 1493 1029 dum
1525 944 1836 1046 propheto,
1860 974 2001 1030 dum
2113 953 2476 1049 Ψῑαηαηῶοετ
2503 954 2594 1049 in,
2622 954 2901 1049 Ilebrcico
2954 970 3070 1010 non
3123 944 3694 1049 hab-eturz-tamen‘sic

363 1062 605 1135 spiritus
635 1036 750 1119 hos
796 1064 946 1137 regit
1001 1036 1183 1133 artus,
1236 1071 1417 1135 pascet
1449 1036 1543 1119 eos.
1565 1036 1826 1119 Dominus
1845 1065 2005 1136 quasi

2119 1042 2479 1116 interpretari
2505 1046 2713 1115 potest,
2740 1047 2805 1099 ut
2834 1041 3102 1098 dicamus
3126 1045 3350 1096 tantum
3376 1038 3608 1094 studium
3625 1036 3698 1092 ha-

364 1129 569 1222 abnum
597 1154 655 1206 ίη
692 1129 1001 1208 [amni-ne.
1035 1129 1182 1217 Quia;
1203 1129 1601 1224 nactaphomm
1632 1168 1666 1205 ε
1694 1129 1868 1206 vacc'a'
1897 1150 2006 1207 las-
2113 1132 2314 1188 buisse
2343 1131 2617 1187 Israelem
2639 1131 2698 1186 in
2734 1131 3022 1188 idolorum
3044 1130 3225 1195 cultu,
3253 1133 3317 1187 ut
3343 1145 3452 1183 non
3476 1129 3697 1224 imitat-us

364 1214 629 1311 civiente,
659 1240 778 1296 sive
808 1246 981 1296 (nstro
1025 1246 1274 1312 ceperat,
1333 1214 1521 1295 servat
1554 1240 1611 1294 in
1644 1239 1906 1311 reliquis,
1943 1244 2008 1296 ut
2116 1219 2192 1275 είῐ
2218 1220 2592 1312 011898113308.
2622 1219 2678 1274 id
2728 1223 2852 1312 est,_
2894 1219 3193 1312 ethnicos;
3234 1217 3353 1312 sed
3378 1218 3450 1312 ad
3474 1214 3700 1312 imitatio:
3720 1235 3727 1241 ·

365 1328 754 1399 captivitatem
777 1329 837 1384 in
860 1327 1145 1398 Assyrios,
1170 1334 1226 1384 et
1250 1328 1307 1383 in
1328 1326 1676 1384 latissimam
1705 1328 2005 1384 Medorum

365 1420 579 1471 terram
607 1416 1028 1489 dispersionem
1061 1415 1259 1489 pepuli
1290 1416 1466 1471 Israel
1489 1414 1657 1489 quasi
1690 1415 1748 1471 in
1779 1433 2009 1490 campo-

362 1494 650 1559 latissimo
680 1508 738 1559 et
764 1502 823 1559 in
841 1504 1097 1575 spatiosa
1117 1510 1272 1560 terra
1298 1504 1493 1578 gregis
1523 1509 1579 1560 et
1608 1521 1891 1577 agnorum
1914 1523 1989 1579 pa

364 1598 587 1648 sturam
621 1596 799 1648 vocet.
857 1593 1043 1664 Super
1071 1592 1357 1649 haereticis
1416 1610 1598 1666 prona
1624 1593 2013 1668 intelligentia

361 1684 451 1736 est
479 1726 493 1751 ,
528 1681 600 1736 ad
631 1694 799 1752 quos,
822 1680 910 1737 vel
934 1681 1003 1736 de
1026 1682 1240 1754 quibus
1266 1681 1513 1737 dicitur:
1546 1682 1599 1737 Si
1633 1682 1812 1738 semel
1838 1682 2013 1738 forni-

361 1768 530 1835 caris,
545 1767 830 1836 haretice,
847 1768 1053 1825 saltem
1066 1774 1151 1841 tu,
1168 1768 1578 1841 ecclesiastice,
1595 1788 1665 1825 ne
1678 1769 1985 1842 delinquas
1997 1812 2010 1838 ,

2116 1324 2250 1365 nem
2282 1309 2375 1365 sui
2406 1325 2507 1364 eos
2557 1310 2884 1381 provocarit
2939 1308 3171 1364 erroris.
3230 1311 3349 1362 IIoc
3376 1305 3553 1378 ipsum
3580 1309 3627 1360 et
3651 1304 3700 1359 ad

2118 1398 2418 1454 haereticos
2448 1396 2645 1453 referri
2695 1402 2906 1470 potest,
2939 1401 2996 1453 et
3050 1396 3266 1452 dicitur
3318 1394 3387 1450 ad
3431 1394 3635 1459 Judam,
3659 1390 3703 1446 id

2116 1493 2224 1554 est,
2259 1485 2330 1542 ad
2359 1486 2551 1541 virum
2582 1486 3062 1552 ecclesiasticum,
3093 1485 3231 1557 quia
3251 1482 3513 1556 Ephraim
3541 1482 3626 1554 qui
3642 1480 3704 1534 in-

2116 1579 2472 1648 terpretatur
2498 1573 2868 1651 καρποφόρος,
2901 1573 3110 1631 falsam
3143 1572 3255 1629 sibi
3286 1571 3544 1628 doctrinm
3570 1569 3704 1625 uber-

2117 1653 2334 1731 tatem,
2344 1668 2401 1720 et
2422 1663 2701 1736 frugifera
2720 1664 2996 1737 dogmata
3015 1662 3324 1734 promittit,
3345 1665 3399 1716 et
3417 1658 3579 1716 semel
3598 1657 3709 1714 ami-

2121 1770 2224 1810 cus
2253 1757 2344 1809 est
2371 1753 2729 1818 demonum,
2766 1752 2995 1808 dimitte
3046 1768 3183 1807 eum
3216 1755 3391 1822 atque
3416 1754 3706 1805 contemne:

320 1890 327 1897 ο
360 1870 466 1912 nec
497 1834 600 1928 [Αἱ.
633 1858 726 1929 ne]
761 1834 1107 1931 ingrediaris
1136 1834 1220 1913 'in
1250 1834 1575 1931 Galgalam,
1605 1834 2010 1915 haereticorum
2041 1878 2088 1942 Β
2119 1840 2442 1915 Ρΐωδθτίίω
2461 1857 2595 1897 cum
2613 1840 3116 1942 sacriﬁFiaeowfn
3139 1840 3309 1942 ἦξιξίε
3330 1839 3443 1895 Sint
3459 1834 3710 1942 sa‘criﬁcﬁf

360 1942 763 2015 conciliabula,
796 1946 896 2001 ubi
930 1950 1165 2018 peccata
1221 1947 1486 2002 omnium
1540 1946 1870 2003 revelantur
1899 1948 2006 2019 [ΑΙ.

360 2031 734 2105 relevantur],
759 2039 817 2089 et
836 2034 1023 2089 instar
1045 2051 1354 2106 porcorum
1384 2034 1719 2091 volutantur
1741 2036 1800 2091 in
1823 2052 2008 2093 coeno.

359 2121 442 2178 Ne
470 2125 526 2177 te
554 2122 867 2178 ascendere
913 2125 1083 2195 putes
1113 2123 1184 2179 ad
1243 2124 1527 2195 superbas
1585 2128 1645 2180 et
1674 2129 2010 2198 arrogantes

360 2209 641 2267 falsorum
672 2211 1012 2284 dogmatum
1039 2211 1322 2267 fictiones.
1356 2211 1483 2267 Non
1504 2217 1592 2268 est
1616 2213 1772 2269 enim
1804 2213 1883 2268 ibi
1904 2212 2008 2268 do-

360 2310 494 2355 mus
522 2296 643 2368 Dei,
678 2298 777 2355 sed
804 2300 1015 2355 domus
1035 2298 1198 2355 idoli.
1227 2299 1645 2372 Necjuraveris
1670 2317 1772 2374 per
1796 2318 2008 2358 nomen

357 2386 596 2458 Christi,
620 2388 789 2458 cujus
812 2388 1175 2458 majestatem
1202 2388 1501 2445 miscendo
1526 2388 1702 2445 idolis
1724 2389 2007 2461 polluisti.

356 2475 522 2532 Sicut
545 2475 700 2531 enim
728 2492 903 2531 vacca
932 2492 1210 2549 percussa
1239 2474 1405 2542 asilo,
1440 2477 1700 2549 percussi
1732 2483 1871 2533 sunt
1901 2478 2010 2533 ha:-

359 2565 519 2621 retiei
554 2564 895 2621 ardentibus
923 2563 1138 2620 diaboli
1171 2565 1421 2637 sagittis,
1456 2569 1513 2621 et
1545 2565 1708 2640 Legis
1739 2567 2008 2623 notitiam

359 2651 749 2725 reliquerunt:
784 2652 912 2709 ideo
966 2658 1282 2727 pascentur
1329 2654 1534 2710 inlata
1577 2659 1636 2710 et
1664 2654 1722 2710 in
1754 2656 2013 2727 spatiosa

357 2740 472 2810 via,
501 2757 630 2813 qua;
661 2741 821 2797 ducit
850 2742 920 2797 ad
954 2746 1223 2809 mortem,
1253 2749 1301 2797 el
1341 2742 1619 2814 patientia
1648 2743 1877 2800 Domini
1908 2744 2009 2800 bo-

358 2830 537 2902 nique
566 2829 818 2902 pastoris
847 2846 947 2886 eos
978 2828 1193 2885 nutriet
1224 2830 1295 2885 ad
1326 2830 1649 2886 interitum.

430 2921 620 2989 (Vers.
652 2918 720 2973 l7
750 2918 899 2991 seq.)
946 2919 1223 2989 Particeps
1284 2918 1559 2974 idolorum
1606 2921 1890 2992 Ephraim,
1921 2922 2009 2977 di-

358 3009 516 3062 mitte
542 3022 686 3076 eum,
718 3010 1035 3078 separatum
1062 3014 1142 3062 est
1178 3008 1487 3061 convivium
1515 3024 1733 3064 eorum:
1765 3011 2009 3079 fornica-

360 3095 508 3152 tione
546 3097 812 3166 fornicati
830 3099 955 3151 sunt
994 3139 1007 3164 ,
1039 3096 1349 3151 dilexerunt
1395 3097 1594 3168 aﬂerre
1647 3099 2013 3168 ignominiam

355 3192 683 3255 protectores
733 3186 873 3256 ejus,
927 3185 1121 3253 ligavit
1148 3186 1375 3256 spiritus
1404 3202 1528 3240 cum
1551 3185 1744 3258 [Vulg.
1775 3187 1915 3258 eam]
1948 3190 2009 3243 in

362 3273 467 3327 alis
485 3273 601 3327 suis
617 3289 635 3326 :
657 3280 709 3329 et
726 3271 1129 3342 confundantur
1146 3289 1179 3327 a
1197 3275 1489 3344 sacriﬁciis
1510 3276 1642 3330 suis.
1667 3238 1839 3331 ΙῗΧΧε
1871 3238 2008 3332 ῥαν-
2035 3238 2081 3306 C

360 3362 524 3432 ticeps
555 3361 825 3416 idolorum
851 3360 1113 3433 Ephraim
1149 3364 1333 3432 posuit
1358 3363 1465 3418 sibi
1506 3362 1788 3433 scandala,
1817 3380 2009 3436 provo-

362 3452 504 3505 cavit
535 3449 895 3518 Chananwos,
927 3451 1268 3521 fornicantes
1314 3453 1580 3523 fornicati
1621 3460 1770 3521 sunt,
1802 3453 2006 3508 dilexe-

359 3543 494 3595 runt
544 3540 908 3608 ignominiam
938 3554 1008 3595 ea:
1062 3540 1287 3611 fremitu
1328 3557 1347 3594 :
1376 3541 1532 3595 turbo
1559 3542 1795 3609 spiritus
1824 3541 1899 3614 (a)
1929 3558 2011 3597 sz-

362 3627 564 3683 'bilabit
589 3629 647 3682 in
676 3628 784 3683 alis
813 3628 932 3699 ejus
961 3632 1015 3683 el
1043 3628 1449 3698 confundentur
1474 3644 1542 3683 ea:
1570 3630 1841 3685 altaribus
1870 3632 2006 3686 suis.

360 3715 663 3788 Ephraim,
693 3716 765 3773 de
786 3732 904 3789 qua
928 3716 1082 3773 tribu
1113 3717 1420 3774 Jeroboam
1448 3717 1871 3786 filiusNabath,
1907 3720 2008 3792 qui

364 3804 592 3878 primas
621 3822 829 3862 aureos
858 3806 1071 3861 vitulos
1090 3806 1151 3861 in
1186 3806 1380 3863 Bethel
1406 3811 1641 3879 Danque
1670 3807 1770 3863 46
1800 3807 2010 3863 consti-

360 3893 495 3959 tuit,
526 3908 625 3949 rex
654 3897 744 3949 est
772 3894 970 3949 decem
998 3894 1282 3949 tribuum.
1312 3894 1356 3951 Ο
1380 3895 1556 3968 igitur
1584 3894 1756 3961 Juda,
1782 3896 1874 3950 cui
1906 3913 2005 3951 su-

362 3996 469 4055 pra
496 3982 636 4048 dixi,
670 3980 717 4037 si
751 3982 1069 4037 fornicatur
1098 3982 1297 4048 Israel,
1332 4000 1447 4038 non
1471 3983 1771 4055 delinquat
1799 3982 2006 4039 saltem

359 4068 531 4141 Juda,
564 4069 700 4126 audi
733 4069 1043 4126 consilium
1093 4086 1311 4137 meum,
1366 4071 1656 4142 prophetae
1685 4072 1860 4128 verba
1891 4089 2003 4129 non

363 4172 644 4231 apernas;
678 4159 817 4231 quia
846 4160 1118 4231 Ephraim
1142 4157 1321 4215 semel
1376 4158 1665 4213 idolorum
1697 4160 1922 4216 amicus
1950 4166 2009 4217 et

360 4248 655 4320 particeps
683 4252 790 4318 est,
823 4247 1051 4302 dimitte
1072 4262 1228 4313 eum,
1263 4263 1334 4303 ne
1361 4247 1625 4319 sequaris
1648 4247 2007 4321 impietatem

365 4336 513 4408 ejus,
547 4336 718 4408 cujus
744 4334 937 4391 cultus
962 4340 1019 4390 et
1047 4334 1248 4408 religio
1280 4339 1334 4390 et
1364 4335 1527 4391 cibus
1559 4354 1591 4391 a
1619 4340 1719 4391 tuo
1751 4338 2008 4396 convivio

366 4429 671 4497 separatus
702 4429 808 4481 est.
836 4424 921 4480 Illi
946 4424 1103 4479 enim
1127 4424 1305 4480 semel
1326 4423 1498 4480 idolis
1522 4426 1801 4494 serviunt,
1825 4431 1881 4482 et
1900 4428 2007 4482 dae-

368 4513 642 4569 monibus
672 4511 999 4583 immolant,
1027 4517 1081 4567 et
1104 4513 1362 4584 quotidie
1385 4513 1764 4582 fornicantur,
1786 4517 1843 4568 et
1884 4514 2007 4569 dili-

2119 1935 2405 2003 separata.
2445 1932 2558 1986 lloc
2588 1934 2677 1985 est
2721 1930 2877 1987 enim
2928 1930 3081 2001 quod
3143 1927 3285 1984 dicit
3314 1930 3617 2000 separatum
3642 1929 3712 1979 est

2119 2019 2447 2076 convivium
2474 2036 2697 2090 eorum,
2731 2017 2911 2075 semel
2970 2017 3239 2073 fornicati
3272 2021 3428 2086 sunt,
3459 2020 3511 2070 et
3534 2011 3707 2087 princi-

2119 2125 2222 2181 pes
2250 2124 2453 2163 eorum
2484 2106 2775 2163 infelicem
2821 2106 3105 2180 populum
3151 2107 3533 2179 deceperunt;
3559 2107 3604 2157 et
3627 2116 3707 2174 pro

2122 2198 2216 2253 Dei
2240 2195 2401 2252 cultu
2420 2196 2758 2252 imbuerunt
2773 2211 2872 2252 eos
2892 2194 3282 2269 ignominiam
3301 2193 3586 2261 idolorum,
3601 2194 3643 2245 et
3654 2187 3705 2242 li-

2118 2286 2274 2358 gavit
2301 2301 2400 2341 eos
2430 2283 2645 2341 diaboli
2667 2284 2907 2358 spiritus
2939 2284 2997 2339 in
3023 2282 3134 2340 alis
3155 2283 3304 2350 suis,
3338 2283 3435 2355 qui
3458 2276 3703 2337 circumie-

2119 2378 2329 2429 runtur
2356 2374 2514 2429 omni
2543 2379 2716 2430 vento
2746 2373 3022 2429 doctrina:
3043 2389 3063 2435 .·
3113 2376 3171 2429 et
3202 2371 3397 2428 stabili
3426 2370 3481 2426 in
3508 2364 3712 2424 Ecclesia

2119 2463 2265 2534 pede
2295 2478 2635 2535 permanere
2665 2478 2778 2518 non
2810 2464 3077 2534 possunt.
3129 2461 3240 2527 Qui
3269 2476 3400 2516 vere
3428 2460 3483 2515 in
3510 2456 3617 2513 suis
3641 2470 3711 2509 sa-

2119 2551 2354 2607 crificiis
2385 2551 2838 2620 confundantur,
2873 2550 3012 2623 quia
3038 2549 3212 2623 panis
3245 2564 3444 2606 eorum
3476 2546 3621 2620 panis
3643 2543 3713 2599 lu-

2119 2644 2250 2696 ctus
2270 2644 2376 2696 est.
2398 2643 2490 2696 47
2519 2640 2799 2711 Quodque
2820 2640 3051 2706 dicitur,
3071 2640 3388 2711 provocavit
3408 2637 3719 2701 Chananeus,

2119 2730 2324 2786 eodem
2357 2745 2536 2785 sensu
2584 2728 2783 2785 referri
2806 2732 2995 2800 potest
3023 2728 3094 2783 ad
3117 2727 3443 2795 haereticos,
3468 2723 3605 2798 quod
3624 2727 3717 2777 tam

2118 2835 2333 2890 spurca
2365 2816 2624 2889 plerique
2653 2817 3056 2873 haereticorum
3106 2821 3162 2871 et
3193 2816 3445 2873 nefanda
3471 2811 3719 2870 conﬁnxe-

2119 2907 2256 2973 rint,
2284 2906 2654 2977 habeantque
2684 2905 2992 2960 immunda
3020 2904 3335 2970 sacrificia,
3363 2912 3423 2960 ut
3443 2895 3721 2958 idololatria

2119 2995 2361 3051 inferior
2388 2996 2487 3050 sit.
2523 2994 2616 3051 Vel
2649 2999 2800 3050 certe
2843 2995 2983 3066 quia
3042 2995 3393 3050 Chananwus
3424 2991 3718 3061 interpreta-

2118 3087 2234 3155 tur,
2264 3086 2587 3153 negotiator,
2644 3082 2761 3139 sive
2812 3075 3136 3154 μετάϐολος,
3188 3083 3250 3138 id
3282 3090 3388 3150 est,
3447 3078 3720 3138 translator,

2119 3188 2321 3228 omnes
2343 3172 2443 3244 qui
2460 3173 2701 3227 domum
2722 3172 2908 3227 Patris
2925 3170 3148 3227 faciunt
3163 3170 3410 3227 domum
3426 3164 3721 3241 negotiatio-

2116 3261 2211 3316 nis
2244 3261 2416 3331 (Joon.
2452 3262 2536 3331 ιι),
2571 3264 2628 3315 et
2669 3260 2832 3315 lucra
2877 3262 3145 3332 quierunt
3174 3259 3250 3315 de
3300 3257 3543 3333 populis,
3568 3258 3618 3310 et
3639 3252 3722 3307 Ec-

2118 3349 2305 3405 clesia:
2335 3348 2637 3404 veritatem
2657 3348 3018 3404 transferunt
3036 3347 3097 3403 in
3120 3347 3513 3411 mendacium,
3543 3342 3725 3399 Chana-

2116 3438 2226 3494 naai
2257 3437 2585 3511 appellandi
2616 3441 2774 3493 sunt.

2189 3546 2326 3616 Cap.
2357 3544 2425 3599 V.
2462 3576 2527 3589 -ο
2557 3544 2722 3600 Vers.
2764 3544 2808 3611 Ι,
2856 3547 2936 3611 2.)
2984 3544 3191 3600 Audite
3250 3546 3371 3601 hare
3398 3542 3576 3616 (Vulg.
3606 3534 3724 3603 hocl,

2115 3626 2459 3692 sacerdotes,
2482 3633 2536 3680 et
2554 3623 3353 3691 attendite,domuslsrael,et
3372 3626 3566 3681 domus
3583 3623 3723 3690 regit,

2115 3715 2354 3771 auribus
2383 3712 2575 3785 (Vulg.
2600 3716 2751 3768 tacet
2779 3714 3043 3784 auribus)
3072 3714 3419 3778 auscultate,
3444 3714 3577 3786 quia
3600 3710 3725 3768 vobis

2116 3803 2398 3871 iudicium
2410 3810 2494 3858 est
2507 3820 2525 3856 :
2538 3802 2801 3875 quoniam
2821 3800 3059 3875 laqueus
3064 3803 3184 3872 fact
3190 3804 3211 3855 i
3222 3804 3362 3858 estis
3371 3800 3723 3877 speculatioai,

2115 3897 2172 3946 et
2184 3897 2305 3947 rete
2315 3908 2627 3962 expansum
2638 3907 2812 3959 super
2839 3891 3068 3957 Thabor,
3092 3894 3149 3946 et
3160 3892 3214 3946 vi
3216 3894 3303 3947 cti
3305 3909 3426 3948 mas
3435 3889 3727 3948 declinastis

2115 3983 2177 4037 in
2198 3979 2579 4054 profundum.
2614 3980 2785 4035 LXX:
2816 3980 3022 4035 Audite
3051 3981 3188 4047 Isaac,
3220 3982 3571 4046 sacerdotes,
3597 3987 3642 4035 et
3660 3984 3729 4032 at-

2115 4070 2328 4126 tendite
2358 4070 2561 4125 domus
2587 4068 2802 4138 Israel,
2826 4078 2880 4125 et
2901 4069 3107 4126 domus
3126 4070 3300 4139 regis,
3325 4072 3565 4126 auribus
3579 4064 3731 4141 perci-

2110 4160 2251 4231 pite,
2286 4159 2370 4214 ad
2397 4175 2489 4215 vos
2516 4159 2668 4213 enim
2698 4164 2781 4214 est
2825 4157 3128 4229 judicium,
3181 4160 3323 4231 quia
3356 4159 3584 4232 laqueus
3607 4152 3735 4231 facti

2115 4250 2258 4303 estis
2284 4246 2679 4318 speculationi,
2703 4256 2754 4302 et
2784 4248 2930 4302 sicut
2960 4255 3083 4302 rete
3110 4262 3442 4316 expansum
3467 4263 3625 4318 super
3639 4245 3732 4300 Ita-

2117 4339 2369 4409 byrium,
2401 4337 2553 4409 quod
2574 4338 2675 4409 qui
2699 4337 2959 4404 capiunt,
2992 4336 3347 4392 venaticum
3377 4337 3724 4409 coaluerunt.

2117 4424 2456 4481 Sacerdotes
2487 4425 2686 4480 decem
2717 4425 2978 4480 tribuum
3033 4424 3104 4480 ad
3140 4424 3428 4496 judicium
3462 4427 3731 4486 vocantur,

2116 4517 2173 4567 et
2199 4529 2383 4585 rcges,
2408 4531 2521 4568 non
2545 4513 2697 4586 quod
2724 4514 3052 4570 sacerdotes
3074 4513 3193 4569 sint
3212 4514 3284 4569 de
3301 4515 3459 4571 tribu
3486 4513 3630 4570 Levi.
3652 4507 3732 4565 sed

367 4606 515 4674 gunt
544 4600 984 4656 fornicationem
1020 4612 1219 4655 suam:
1256 4601 1435 4656 immo
1474 4601 1766 4673 principes
1797 4605 1854 4657 et
1883 4617 2013 4674 pro-
2048 4596 2093 4662 D
2125 4601 2277 4673 quod
2312 4603 2644 4658 sacerdotes
2664 4606 2944 4657 vocentur
2964 4619 2998 4657 a
3028 4602 3262 4675 populo.
3300 4603 3465 4660 Unde
3492 4608 3547 4659 et
3573 4614 3734 4658 sacer-

367 4695 617 4746 tectores
645 4690 793 4762 ejus,
827 4689 886 4744 id
916 4693 1024 4749 est.
1057 4705 1221 4761 reges
1269 4689 1597 4746 dilexerunt
1624 4689 2010 4762 ignominiam

368 4778 573 4834 aﬂ'erre
602 4776 838 4850 populo,
872 4776 929 4832 id
958 4782 1066 4845 est,
1098 4778 1236 4833 vitio
1292 4778 1645 4850 principum,
1677 4777 1878 4833 infelix
1908 4794 2009 4850 po-

365 4866 545 4940 pulus
558 4864 1053 4937 suscepitcultum
1070 4864 1380 4934 idolorum,
1396 4882 1647 4937 quorum
1669 4866 2014 4922 immundus

367 4955 611 5028 spiritus
641 4954 843 5027 ligavit
874 4954 1143 5010 Israelem
1175 4955 1234 5010 in
1279 4954 1387 5010 alis
1415 4956 1561 5022 suis,
1592 4959 1649 5010 et
1676 4971 1810 5010 eum
1834 4953 2014 5010 libere

365 5044 607 5100 volitare
622 5060 733 5099 non
749 5043 1107 5115 patitur.Con
1118 5044 1433 5098 fundentur
1444 5042 1620 5115 igitur
1637 5043 1694 5098 in
1709 5043 1855 5098 sacri
1866 5043 2012 5099 ficiis

367 5134 513 5199 suis,
537 5130 991 5201 etignominiam
1011 5132 1339 5205 principum
1361 5132 1416 5186 in
1437 5148 1545 5187 sua
1559 5131 1899 5187 confusione
1920 5149 2015 5187 su-

368 5220 637 5293 scipiant.
668 5220 1054 5293 Symmachus
1085 5238 1187 5293 pro
1219 5237 1285 5277 eo
1315 5220 1465 5290 quod
1514 5235 1620 5275 nos
1648 5220 2011 5292 interpretati

370 5326 601 5373 sumus,
634 5309 866 5377 lignavil
895 5309 1124 5379 spiritus
1153 5325 1277 5364 eum
1314 5310 1373 5363 in
1402 5309 1511 5363 alis
1538 5309 1668 5374 suis,
1702 5307 1810 5364 hoc
1841 5310 2014 5365 modo

370 5398 543 5454 vertit
573 5397 629 5451 in
660 5396 948 5464 Graecum,
973 5397 1129 5453 velut
1157 5397 1208 5454 si
1229 5398 1364 5469 quis
1386 5396 1527 5469 liget
1548 5400 1783 5452 ventum
1817 5396 1876 5452 in
1906 5396 2015 5454 alis

2121 4690 2285 4746 dotes
2315 4689 2537 4755 Baal,et
2559 4690 3303 4764 prophettequadrinaginti
3340 4687 3738 4764 quinquaginta

2121 4794 2267 4847 quos
2324 4777 2613 4833 interfecit
2688 4777 2839 4833 Elias
2898 4779 2942 4850 (Ι
3006 4779 3130 4848 Reg.
3208 4783 3402 4849 xvm),
3456 4788 3512 4836 et
3566 4780 3740 4849 poste!

2118 4865 2269 4922 Jebu
2307 4865 2464 4923 filius
2494 4865 2696 4923 Namsi
2720 4866 2821 4931 (IV
2851 4872 2981 4939 Reg.
3009 4885 3087 4934 ιχ,
3122 4870 3236 4938 10),
3268 4872 3562 4940 prasente
3586 4866 3739 4922 Jona-

2122 4955 2235 5010 dab
2267 4953 2387 5009 filio
2421 4955 2667 5022 Rechab,
2703 4955 2974 5027 appellati
3008 4962 3149 5011 sunt
3175 4958 3543 5023 sacerdotes;
3576 4952 3664 5010 sed
3691 4951 3739 5005 ei

2119 5042 2320 5108 Israel,
2355 5044 2411 5098 id
2444 5048 2553 5113 est,
2578 5042 2852 5116 populus,
2874 5051 3114 5121 vocatur
3134 5046 3203 5107 ad
3220 5046 3534 5116 judicium,
3566 5048 3620 5099 et
3636 5036 3740 5096 nul-

2121 5132 2215 5188 lus
2244 5131 2550 5203 excipitur,
2586 5137 2649 5187 ut
2675 5136 2732 5188 et
2760 5134 3084 5188 sacerdotes
3122 5138 3180 5188 et
3207 5134 3463 5206 pepulus
3491 5137 3549 5190 et
3577 5143 3738 5203 reges,

2124 5222 2221 5293 qui
2255 5220 2607 5277 induxerant
2636 5221 2939 5293 p0pulum,
2973 5228 3029 5278 et
3052 5224 3480 5279 constituerant
3507 5216 3743 5279 sacerdoo

2122 5314 2231 5376 tes,
2263 5309 2438 5365 simul
2474 5310 2716 5366 audiant
2746 5311 2884 5381 quid
2944 5311 3208 5378 fecerint,
3240 5316 3299 5367 et
3325 5328 3434 5367 cur
3460 5310 3742 5367 tradantur

2123 5397 2397 5454 inimicis.
2428 5397 2854 5471 Speculatores,
2879 5399 3089 5472 inquit,
3115 5418 3218 5456 vos
3247 5400 3442 5474 posui,
3474 5402 3530 5455 et
3556 5390 3743 5471 princi-

443 5582 518 5651 (a)
540 5586 645 5635 Pro
663 5582 909 5661 sibilabit
927 5583 1122 5651 verbo,
1148 5600 1291 5642 mss.
1316 5548 1638 5641 Palatinitu
1676 5599 1732 5640 es
1766 5585 2078 5657 praeferunt
2115 5586 2613 5658 quemadmodum
2670 5590 2727 5642 et
2782 5585 2842 5642 in
2893 5587 3089 5645 Graeco
3156 5588 3353 5646 codice
3384 5586 3636 5661 plerique
3683 5574 3737 5632 σὺ

373 5650 439 5723 εἷ,
481 5650 587 5725 pro
616 5655 806 5722 συριεῖ.
