3994 6188
221 371 323 440 857
1010 373 1752 441 COMMENTARIORUM
1799 369 1880 436 IN
1924 369 2126 436 OSEE
2170 368 2310 435 LIB.
2355 370 2404 436 Ῑ.
2452 371 2746 439 CAP..V.
3463 373 3584 442 888

222 527 312 586 pas
336 507 392 566 in
419 507 644 583 populo,
677 514 734 566 et
761 509 822 566 in
851 510 1076 568 excelso
1097 511 1400 583 dignitatis
1419 511 1672 566 culmine
1694 527 1821 562 con-
1861 512 1908 574 Α
1942 507 2122 560 buum
2159 506 2426 576 μοριιιυε,
2461 506 2600 579 quia
2628 507 2950 566 fornicante
2979 523 3132 581 rege,
3151 509 3584 574 contaminatus

221 600 385 667 stitui,
414 605 474 654 ut
501 598 776 672 populum
808 601 1085 673 regeretis
1115 604 1425 656 errantem.
1475 599 1592 654 Vos
1631 605 1826 654 autem
1938 602 2026 650 cst
2046 598 2240 651 Israel.
2267 597 2384 651 Rex
2406 597 2593 668 primo
2615 599 2714 653 49
2738 599 2890 670 cepit
2919 617 2952 654 a
2973 599 3068 656 Dei
3089 599 3252 656 cultu
3285 601 3579 674 fornicari,

223 689 336 744 lacti
365 689 498 743 estis
529 688 790 759 laqueus,
813 695 868 744 et
892 706 1004 744 non
1030 695 1148 744 tam
1177 687 1568 760 speculatores
1589 693 1646 743 et
1667 687 1823 759 prin-
1934 682 2150 738 vitulos
2170 700 2376 739 aureos
2401 684 2640 756 cupiens
2664 687 2924 751 adorare,
2948 691 3006 742 et
3022 687 3220 743 volens
3239 693 3474 745 secutus
3493 694 3584 748 est

219 779 372 849 cipes,
403 793 570 848 quam
599 781 902 833 venatores
924 776 1275 849 appellandi.
1309 777 1650 849 Expanditis
1669 777 1826 832 enim
1935 771 2211 843 populus,
2245 774 2943 846 paremqueimpietatem
2967 777 3088 848 pari
3113 777 3308 833 studio
3334 779 3585 850 comple-

218 869 319 920 rete
368 881 536 936 super
592 870 846 921 montem
907 866 1158 932 Thabor,
1221 882 1395 937 quem
1447 865 1828 938 Septuaginta
1935 866 2142 916 verunt
2173 862 2269 932 (ΙΙΙ
2302 863 2430 932 Reg.
2463 863 2587 932 xu).
2640 864 2899 934 Denique
2948 881 3064 920 non
3116 870 3475 924 revertentur
3510 869 3583 924 ad

213 947 472 1024 Ἰταϐύριον
512 953 936 1010 transtulerunt
962 955 1126 1024 (Mss.
1160 955 1504 1025 Itabyrium),
1538 954 1688 1010 hanc
1720 955 1824 1010 ha-
1935 949 2272 1015 Dominum,
2305 950 2445 1022 quia
2466 951 2621 1022 quod
2643 949 2962 1019 voluerant,
2989 953 3354 1021 invenerunt,
3385 960 3443 1010 et
3462 957 3581 1027 spi-

213 1041 386 1096 bentes
412 1043 910 1106 consuetudinem,
959 1047 1025 1097 ut
1056 1042 1294 1097 Hebr-agn
1339 1043 1579 1099 nomina
1629 1047 1824 1098 Graeco
1935 1037 2084 1093 ritus
2112 1038 2536 1103 fornicationis,
2588 1039 2687 1110 qui
2723 1040 2896 1109 juxta
2925 1040 3254 1111 apostolum
3307 1049 3585 1114 operatur

211 1145 443 1185 sermone
472 1129 783 1195 declinent,
818 1129 971 1185 sicut
1003 1131 1202 1201 Edom,
1256 1131 1361 1186 hoc
1392 1136 1498 1198 est,
1542 1133 1716 1198 Esau,
1770 1137 1825 1188 et
1935 1125 1992 1179 in
2027 1126 2163 1182 filiis
2194 1127 2564 1195 defﬁdentim,
2599 1128 2857 1199 possidet
2887 1145 3089 1184 eorum
3119 1131 3296 1185 corda
3326 1133 3576 1202 captiva,

210 1219 330 1282 Seir,
367 1232 588 1288 semper
616 1217 934 1272 Idumaeam
966 1217 1442 1290 interpretantur.
1498 1221 1596 1275 Est
1626 1225 1822 1276 autem
1933 1219 1992 1268 et
2013 1213 2225 1270 idcirco
2247 1213 2345 1270 illo
2369 1221 2666 1287 regnante,
2687 1216 3004 1272 Dominum
3026 1219 3378 1284 nescierunt,
3400 1219 3582 1275 immo

214 1305 416 1360 Thabor
442 1321 610 1359 mons
643 1305 701 1360 in
721 1305 976 1374 Galilaaa,
1001 1307 1150 1362 situs
1176 1306 1234 1360 in
1263 1308 1709 1378 campestribus,
1734 1326 1822 1364 πιο-
1931 1302 2094 1357 obliti
2126 1307 2265 1358 sunt
2289 1305 2578 1360 Creatoris
2601 1304 2689 1359 sui
2725 1305 2942 1376 (Eplies.
2969 1307 3051 1377 ιι).
3087 1305 3248 1362 Unde
3276 1312 3333 1363 et
3364 1307 3577 1378 princi-

214 1394 404 1448 tundus
431 1398 607 1464 atque
638 1393 932 1462 sublimis,
983 1401 1040 1451 et
1087 1411 1156 1450 ex
1203 1396 1362 1450 omni
1413 1401 1576 1468 parte
1623 1397 1826 1452 ﬁnitur
1933 1407 2037 1462 pes
2068 1391 2409 1464 dogmatum
2461 1409 2862 1464 perversorum
2893 1398 2951 1450 et
2980 1394 3259 1466 populum
3299 1395 3582 1456 Dominus

212 1480 491 1552 aequaliter.
518 1481 601 1536 De
618 1482 727 1537 hoc
752 1487 948 1538 monte
974 1488 1028 1538 et
1051 1485 1109 1538 in
1134 1483 1359 1554 psalmo
1380 1483 1632 1555 legimus
1651 1504 1668 1539 :
1697 1487 1824 1542 Tha-
1933 1480 2042 1548 [Αἰ.
2071 1480 2325 1552 Domini]
2358 1498 2471 1536 non
2505 1481 2732 1553 ignorat
2755 1500 2766 1538 :
2802 1499 2917 1538 non
2940 1484 3094 1554 quod
3117 1485 3245 1554 ejus
3271 1485 3476 1542 notitia
3496 1485 3581 1540 di-

212 1569 293 1624 bor
308 1578 350 1624 et
370 1571 589 1624 Hermon
617 1574 673 1624 in
699 1573 922 1626 nomine
942 1580 1032 1626 tuo
1052 1573 1531 1644 exsultabant(Ps.
1554 1591 1818 1642 Lxxxvm,
1930 1567 2030 1639 gui
2061 1567 2200 1632 sint.
2233 1570 2333 1624 sed
2370 1570 2508 1641 quia
2539 1569 2684 1624 nihil
2715 1587 2850 1626 eum
2885 1571 3062 1627 lateat
3089 1589 3287 1628 eorum
3323 1590 3454 1644 quae
3483 1590 3582 1630 oc-

210 1657 303 1727 13),
349 1658 500 1714 Hune
550 1663 812 1714 montem
843 1664 900 1714 et
931 1660 989 1714 in
1020 1661 1273 1716 Jeremia
1305 1662 1406 1716 48
1437 1662 1822 1734 Septuaginta,
1928 1655 2081 1711 culte
2111 1657 2350 1726 faciunt,
2384 1675 2633 1729 quorum
2656 1658 2754 1714 alii
2785 1659 3158 1730 deceperunt,
3193 1661 3291 1717 alii
3319 1668 3460 1718 sunt
3479 1663 3579 1718 de-

207 1747 474 1816 Itabyrium
492 1746 1021 1813 transtulerunt,in
1044 1765 1158 1820 quo
1181 1765 1313 1804 aves
1336 1749 1560 1820 laqueis
1577 1752 1705 1822 capi
1729 1768 1819 1806 εο-
1927 1744 2098 1816 cepti.
2121 1744 2234 1800 Nec
2261 1746 2486 1801 dabunt
2517 1747 2898 1820 cogitationes
2931 1765 3068 1804 suas
3100 1754 3164 1806 ut
3193 1755 3371 1822 agant
3402 1751 3582 1823 poeni-

208 1832 330 1889 lent.
356 1836 422 1889 Et
449 1837 711 1905 victimas,
746 1836 960 1908 inquit,
1015 1837 1324 1893 destinastis
1374 1841 1433 1894 in
1477 1840 1813 1910 profundum
1848 1876 1898 1941 Β
1925 1833 2196 1931 tentiam.
2226 1834 2325 1941 qui
2357 1850 2590 1941 semper
2619 1835 2677 1934 in
2712 1835 3035 1941 perditione
3066 1838 3396 1941 proﬁciunt.
3446 1839 3577 1941 Spi-

206 1923 320 1992 (ler.
348 1924 506 1993 xm),
536 1929 607 1979 ut
639 1924 838 1980 nullus
869 1931 1066 1998 ngeret
1095 1927 1516 1998 paenitentiam,
1542 1945 1644 1984 nec
1667 1930 1820 1984 oeci-
1851 1920 1898 1941 ¹¹
1930 1920 2078 1976 ritus
2107 1922 2263 1976 enim
2299 1922 2697 1979 fornicationis
2727 1941 2842 1995 quo
2875 1924 3139 1982 fornicati
3185 1931 3322 1982 sunt
3370 1927 3427 1981 in
3477 1929 3579 1984 Ec-

207 2026 292 2066 sus
316 2011 543 2068 elevaret
562 2018 762 2085 caput.
787 2015 1218 2070 Prohibuerunt
1247 2021 1304 2070 et
1336 2032 1520 2088 reges,
1554 2024 1611 2073 et
1636 2035 1784 2073 sacer

2004 2010 2128 2078 asia,
2179 2015 2238 2066 et
2283 2028 2318 2066 a
2365 2027 2496 2067 vero
2546 2011 2919 2078 matrimonio
2949 2020 3335 2083 recesserunt,
3386 2033 3581 2074 versa-

210 2100 343 2155 dotes
368 2101 446 2155 ire
474 2101 763 2174 populum
794 2104 864 2158 ad
899 2103 1180 2172 templum
1205 2105 1529 2161 Jerusalem
1555 2124 1568 2161 :
1601 2107 1818 2164 idcirco
1927 2100 2025 2152 ευτ’
2055 2098 2113 2152 in
2147 2099 2338 2155 medio
2369 2116 2570 2156 (δοταιῙὶ
2598 2116 2610 2155 ε
2645 2100 2772 2157 ideo
2801 2101 3120 2158 Dominum
3151 2119 3267 2159 non
3298 2119 3580 2176 οοεειονθ-

213 2186 258 2240 in
281 2189 613 2260 profundum
649 2191 918 2247 victimas
948 2193 1270 2248 declinasse
1301 2194 1593 2250 dicuntur.
1645 2196 1820 2253 Juxta
1931 2191 2086 2241 "mt-

210 2277 568 2349 tmpologiam,
624 2285 932 2336 accusatur
961 2281 1215 2352 populus
1247 2299 1317 2337 ne
1347 2300 1408 2339 se
1439 2283 1692 2340 alienum
1727 2302 1787 2340 ar

2002 2275 2182 2346 (Vere.
2215 2277 2294 2346 5.)
2327 2277 2390 2332 Et
2419 2278 2776 2349 respondebit
2804 2281 3122 2350 arrogantia
3150 2282 3318 2338 Israel
3341 2282 3402 2336 in
3429 2283 3579 2352 facie

207 2363 410 2420 hitretur
456 2383 488 2422 a
536 2367 810 2434 crimine,
863 2369 910 2424 si
961 2370 1235 2426 inductus
1266 2371 1342 2426 sit
1371 2388 1403 2425 a
1437 2373 1673 2444 regibus
1698 2377 1754 2428 et

2002 2381 2066 2429 ιε,
2113 2369 2165 2420 et
2211 2367 2376 2420 Israel
2420 2374 2476 2422 et
2517 2367 2785 2429 Ephraim
2832 2371 2995 2424 ruent
3034 2370 3096 2423 in
3121 2369 3415 2438 iniquitate
3457 2387 3579 2440 sua,

208 2455 585 2521 sacerdotibus,
625 2473 772 2528 quos
804 2457 1205 2513 hamticornm
1259 2459 1552 2532 principes
1599 2461 1816 2516 intem-
1927 2459 2053 2508 ruet
2073 2455 2234 2508 etiam
2255 2454 2398 2509 Iuda
2417 2470 2545 2510 cum
2561 2457 2660 2510 eis.
2678 2455 2844 2510 LXX:
2865 2458 2931 2511 Et
2951 2457 3339 2512 humiliabitur
3368 2459 3582 2529 injuria

203 2541 756 2616 gimus.lpsiquoque
779 2546 1071 2617 principes
1093 2553 1624 2619 accusantur,quod
1651 2551 1818 2621 quasi
1927 2543 2098 2597 Israel
2124 2544 2184 2596 in
2203 2545 2402 2613 [aciem
2427 2545 2582 2614 ejus:
2613 2547 2664 2600 et
2683 2545 2850 2600 Israel
2871 2549 2921 2600 et
2941 2546 3200 2615 Ephraim
3219 2545 3582 2614 inﬁrmabun-

203 2627 423 2700 laqueus,
443 2634 708 2705 ceperint
729 2634 1033 2706 populum,
1057 2640 1114 2690 et
1139 2637 1310 2707 positi
1337 2639 1732 2708 speculatores
1756 2640 1816 2694 in
1923 2639 2016 2686 tur
2033 2634 2093 2686 in
2114 2633 2500 2704 iniquitatibus
2523 2635 2659 2697 suis,
2679 2634 3057 2704 inﬁrmabitur
3072 2635 3240 2689 etiam
3259 2634 3428 2692 Iudas
3452 2652 3578 2691 eum

203 2715 438 2786 Ecclesia,
458 2737 553 2776 eos
577 2722 855 2777 duxerint
881 2723 938 2776 in
960 2739 1238 2779 errorem.
1271 2725 1339 2779 Et
1362 2725 1419 2780 in
1449 2732 1646 2782 monte
1676 2728 1817 2782 ’I‘ha-
1922 2723 2025 2776 eis.
2059 2721 2314 2776 Verbum
2345 2739 2494 2777 GAON
2525 2723 2694 2798 (11m)
2720 2721 3098 2793 Septuaginta
3119 2731 3171 2778 el
3191 2723 3579 2794 Symmachus

205 2803 282 2860 bor
306 2809 508 2864 excelso
551 2815 737 2881 atque
784 2809 1198 2882 pulcherrimo,
1249 2813 1351 2883 qui
1401 2814 1819 2886 interpretatur
1926 2810 2388 2882 interpretantur
2417 2812 2710 2882 injuriam,
2753 2810 2962 2882 Aquila
2991 2815 3048 2866 et
3075 2811 3431 2868 Theodotion
3479 2830 3579 2870 su-

203 2896 390 2949 mam
413 2897 885 2963 tumeminsidias
908 2905 1248 2969 posuerunt,
1270 2907 1334 2955 ut
1355 2901 1626 2974 deceptos
1647 2921 1818 2974 quos-
1923 2899 2193 2971 perbiam.
2249 2900 2539 2970 Quidquid
2574 2899 2755 2972 igitur
2785 2900 2920 2954 fecit
2949 2899 3144 2964 Israel,
3194 2900 3278 2955 vel
3330 2903 3579 2973 superbe

204 2995 293 3051 que
319 2985 711 3054 pertraherent
731 2986 788 3040 in
813 2987 1192 3058 profundum,
1219 2993 1276 3043 et
1296 2988 1671 3045 immolarent
1699 2992 1816 3046 daa-
1923 3003 2104 3059 agens
2136 2993 2338 3043 contra
2367 2988 2702 3055 Dominum,
2753 2987 2840 3044 vel
2874 2989 2931 3042 in
2965 2988 3242 3059 injuriam
3291 2989 3578 3046 Creatoris

205 3071 457 3143 monibus,
490 3079 544 3129 et
569 3075 639 3129 in
673 3075 1010 3130 barathrum
1043 3076 1308 3131 victimas
1338 3078 1720 3149 declinarent,
1746 3097 1816 3137 ne
1923 3074 2082 3130 idola
2128 3092 2433 3142 venerans.
2486 3077 2866 3149 respondebit
2915 3077 2974 3132 in
3031 3077 3175 3133 facie
3206 3079 3333 3149 ejus
3363 3083 3429 3134 ut
3459 3096 3573 3135 non

206 3156 477 3229 aliquando
503 3163 943 3234 resipiscerent,
977 3180 1048 3218 ne
1077 3165 1319 3220 domum
1363 3166 1460 3221 Dei
1497 3167 1812 3224 Ecclesium
1925 3164 2097 3220 abeat
2127 3165 2476 3236 impunitus,
2526 3166 2626 3220 sed
2663 3166 3011 3222 humilietur
3039 3168 3168 3238 ejus
3200 3167 3573 3234 contumelia,

203 3247 539 3318 suspirarent.
564 3252 818 3317 Quidam
840 3252 1072 3308 Thabor
1098 3253 1461 3325 interpretari
1496 3261 1707 3327 putant
1727 3257 1811 3314 la-
1843 3241 1885 3306 (ἶ
1924 3257 1980 3308 et
2009 3253 2262 3326 populus
2311 3258 2368 3308 et
2414 3271 2578 3327 reges
2608 3254 2664 3308 in
2696 3255 3002 3326 iniquitate
3053 3273 3160 3310 sua
3201 3256 3421 3327 pariter
3451 3273 3575 3312 cor-

202 3337 394 3402 cum,id
413 3344 517 3404 est,
544 3341 888 3406 cisternam,
914 3345 970 3395 et
992 3343 1256 3412 praesenti
1283 3344 1481 3398 sensui
1505 3347 1812 3402 convenire
1922 3347 2115 3406 ruant,
2149 3341 2268 3396 sive
2298 3341 2688 3412 inﬁrmentur,
2727 3348 2791 3398 ut
2823 3344 2921 3415 qui
2955 3345 3131 3399 fortes
3161 3348 3328 3399 erant
3355 3345 3413 3398 in
3447 3361 3570 3400 sce-

201 3424 323 3490 φξοὰ
351 3425 591 3482 δέδιθῐίοἱ
643 3427 894 3483 foderint
924 3429 1139 3500 laeum,
1189 3435 1247 3484 et
1294 3431 1604 3487 inciderint
1633 3434 1692 3488 in
1728 3435 1810 3489 fo-
1919 3430 2058 3496 lere,
2093 3431 2313 3486 inﬁrmi
2341 3431 2413 3485 ad
2447 3431 2760 3487 Dominum
2793 3432 2982 3487 redire
3013 3436 3315 3504 cogantur.
3358 3433 3426 3486 Et
3474 3432 3584 3488 hoc

205 3525 336 3566 vcem
366 3531 534 3585 quam
566 3518 833 3571 fecerunt
863 3517 976 3588 (Ps.
1011 3519 1141 3588 va).
1923 3536 2035 3574 non
2061 3518 2252 3574 solum
2278 3520 2502 3574 eveniet
2524 3519 2720 3575 Israeli
2743 3524 2798 3575 et
2819 3520 3120 3591 Ephraim,
3152 3520 3209 3574 id
3234 3525 3343 3586 est,
3370 3521 3571 3574 decem

253 3599 413 3669 (Vers.
444 3605 497 3670 3,
529 3607 614 3673 4.)
647 3607 712 3659 Et
737 3621 833 3674 ego
861 3607 1108 3662 eruditor
1135 3611 1380 3664 omnium
1403 3625 1613 3677 eorum,
1646 3617 1696 3666 el
1711 3628 1812 3683 ego
1921 3608 2194 3663 tribubus
2224 3612 2279 3662 et
2310 3609 2546 3680 regibus
2575 3624 2798 3672 earum,
2830 3614 2894 3662 ut
2923 3610 3215 3663 ducantur
3243 3608 3301 3662 in
3333 3607 3574 3679 captivi-

201 3689 290 3741 scio
331 3692 597 3763 Ephraim,
652 3698 704 3748 et
751 3695 922 3750 Israel
969 3711 1079 3750 non
1126 3701 1204 3750 est
1249 3699 1595 3754 absconditus
1623 3717 1656 3754 a
1684 3717 1811 3756 me:
1923 3701 2137 3763 tatem;
2173 3697 2273 3752 sed
2307 3697 2484 3751 etiam
2513 3700 2543 3750 J
2553 3697 2718 3760 udas,
2753 3697 2808 3750 id
2831 3701 2938 3763 est,
2971 3697 3097 3750 dua:
3121 3696 3310 3750 tribus
3333 3712 3460 3766 quae
3483 3711 3573 3750 re-

201 3778 304 3843 quia
328 3795 461 3834 nunc
487 3784 799 3852 fornicatus
827 3787 904 3838 est
953 3784 1235 3854 Ephraim,
1285 3789 1692 3843 contaminatus
1736 3794 1813 3844 est
1921 3785 2179 3856 gnabant
2206 3784 2266 3838 in
2297 3784 2645 3849 Jerusalem,
2686 3787 3010 3857 sequentur
3036 3782 3280 3855 vestigia
3311 3783 3570 3855 captivo-

200 3863 374 3920 lsraet:
400 3885 500 3924 non
532 3870 750 3926 dabunt
779 3873 1137 3942 cogitationes
1165 3890 1313 3943 suas,
1358 3878 1418 3928 ut
1465 3885 1815 3932 revertantur
1922 3890 2076 3944 rum,
2100 3878 2164 3927 ut
2185 3889 2436 3944 quorum
2457 3871 2766 3928 imitantur
2787 3870 3026 3937 scelera,
3047 3869 3351 3926 imitentur
3370 3876 3427 3927 et
3448 3887 3566 3942 p03-

198 3950 256 4003 ad
282 3956 435 4010 Deum
458 3975 648 4024 suum,
681 3961 811 4030 quia
830 3962 1064 4031 spiritus
1093 3964 1520 4032 [ornicationum
1552 3967 1608 4019 in
1638 3966 1814 4021 medio
1923 3960 2356 4018 nam.Ha2retici
2377 3965 2623 4015 matrem
2641 3958 2859 4015 habent
2877 3959 3210 4030 iniquitatis
3226 3977 3346 4015 sua:
3368 3977 3568 4032 super-

196 4051 366 4106 arum,
415 4055 461 4101 et
509 4049 805 4105 Dominum
855 4065 966 4104 non
1021 4060 1406 4120 eognnverunt.
1476 4054 1652 4109 LXX:
1707 4057 1814 4125 Ego
1922 4051 2256 4120 biam,dum
2280 4047 2737 4120 semperaltiora
2757 4048 2905 4104 scire
2925 4049 3372 4118 sejactitant,et
3398 4048 3457 4104 in
3476 4049 3578 4105 Ec-

192 4131 312 4184 enim
334 4138 582 4205 magister
611 4139 790 4192 vester
811 4155 830 4191 :
861 4155 955 4209 ego
985 4142 1212 4207 cognovi
1245 4141 1530 4212 Ephraim,
1559 4148 1616 4198 et
1645 4145 1816 4200 Israel
1922 4138 2110 4194 clesiaa
2133 4137 2546 4194 contumeliam
2569 4137 3024 4193 debacchentur.
3046 4137 3155 4192 Sed
3179 4136 3577 4194 infirmabitur

195 4229 282 4270 non
304 4227 505 4279 recessit
536 4242 569 4280 a
598 4241 708 4291 me,
741 4242 871 4297 quia
899 4243 1050 4281 nunc
1077 4231 1384 4298 fornicatus
1411 4234 1489 4285 est
1519 4232 1809 4304 Ephraim,
1923 4229 2259 4300 arrogantia
2300 4243 2501 4283 eorum
2550 4231 2607 4282 et
2655 4225 2910 4298 populus
2941 4241 3008 4282 ac
3047 4224 3314 4297 magistri
3361 4225 3582 4298 pariter

193 4313 580 4368 wmmaculatus
608 4319 694 4369 est
722 4313 887 4370 Israel
919 4334 938 4370 :
987 4331 1097 4370 non
1139 4317 1405 4372 dederunt
1458 4323 1818 4391 cogitationes
1926 4322 2197 4375 corruant
2225 4333 2239 4371 :
2287 4317 2471 4372 Judas
2503 4332 2734 4388 quoque
2765 4315 2865 4387 qui
2897 4313 3124 4370 videtur
3152 4330 3281 4369 esse
3313 4313 3371 4368 in
3404 4315 3578 4370 domo

193 4406 796 4458 Mtutreverterentur
825 4405 896 4459 ad
929 4405 1224 4460 Dominum
1253 4408 1424 4463 Deum
1453 4426 1637 4475 suum,
1689 4415 1821 4482 quia
1925 4407 2046 4472 Dei,
2097 4411 2155 4461 et
2201 4406 2260 4460 in
2311 4403 2586 4471 Ecclesia,
2640 4421 2754 4460 non
2805 4407 2997 4458 mente
3033 4402 3134 4456 ὅθ
3186 4402 3286 4457 sed
3337 4418 3577 4474 corpore

196 4483 386 4550 ερίνιϊιιε
413 4492 803 4558 fornicationis
829 4496 906 4548 est
938 4495 1000 4548 in
1025 4497 1105 4548 eis
1127 4514 1144 4548 :
1178 4497 1471 4551 Dominum
1498 4503 1684 4554 autem
1707 4515 1816 4554 non
1921 4499 2360 4552 commoratur:
2394 4500 2452 4550 et
2480 4493 2745 4548 eamdem
2787 4491 2962 4546 habet
2992 4506 3124 4545 cum
3179 4488 3464 4545 haereticis
3511 4490 3571 4544 in

197 4582 548 4671 fomuerunt.
571 4585 620 4634 Ο
643 4583 976 4638 sacerdotes
996 4587 1054 4637 et
1075 4599 1261 4655 reges,
1290 4584 1389 4656 qui
1417 4602 1611 4640 meum
1637 4604 1816 4658 popu-
1849 4608 1895 4671 D
1918 4602 2120 4642 errore
2151 4583 2538 4650 sententiam;
2589 4583 2806 4636 frustra
2853 4595 3062 4671 nomen
3096 4577 3572 4671 ecclesiasticum

195 4651 287 4713 ium
315 4662 651 4738 decepistis;
685 4674 743 4724 et
769 4675 854 4736 tu,
885 4671 1117 4743 popule,
1143 4651 1249 4743 qui
1273 4651 1551 4745 deceptus
1571 4651 1795 4740 emtam
1849 4651 2288 4746 “repromittit,
2333 4671 2470 4742 quia
2503 4675 2559 4725 et
2587 4669 2711 4741 ipse
2744 4685 2879 4724 cum
2913 4667 3198 4723 hisreticis
3233 4665 3572 4738 puniendus

195 4750 401 4812 graviter
425 4755 780 4827 deliquistis,
813 4763 878 4812 ut
907 4775 1021 4814 non
1053 4758 1242 4816 solum
1277 4761 1606 4818 occideritis
1637 4764 1800 4819 victi-
1909 4768 2020 4820 est.
2056 4762 2369 4817 Manifesta
2398 4757 2877 4823 transcurrimus,
2929 4761 2992 4812 ut
3035 4757 3094 4811 in
3133 4753 3574 4812 obscurioribus

197 4845 313 4905 H105,
337 4841 429 4895 sed
449 4847 508 4898 et
527 4845 588 4898 in
615 4845 974 4917 profundum
1001 4863 1098 4902 eas
1123 4848 1402 4904 miseritis
1427 4850 1634 4906 inferni
1661 4869 1672 4906 :
1703 4869 1802 4908 no-
1909 4839 2316 4907 immoremur.

195 4917 274 4976 lite
298 4929 546 4987 arbitrari
581 4935 986 5006 magnitudine
1015 4935 1251 4994 sceleris
1279 4955 1379 4994 vos
1400 4955 1434 4994 a
1456 4956 1547 4995 me
1571 4941 1802 5012 penitus
1983 4941 2168 5012 (Vers.
2201 4940 2256 5008 6,
2288 4938 2368 5006 7.)
2418 4939 2481 4992 In
2521 4936 2776 5008 gregibus
2805 4937 2922 4991 suis
2964 4943 3015 4990 et
3046 4936 3107 4990 in
3139 4934 3410 4989 armentis
3458 4934 3576 4988 suis

196 5016 482 5074 recessisse.
521 5021 636 5093 Ego
667 5040 800 5078 sum
834 5025 1114 5097 magister
1140 5031 1349 5093 vester,
1394 5028 1576 5083 immo
1605 5032 1800 5084 erudi-
1912 5029 2108 5084 vadent
2137 5028 2207 5082 ad
2237 5025 2594 5097 quaerendum
2623 5027 2934 5093 Dominum,
2985 5028 3036 5078 el
3080 5039 3187 5076 non
3237 5023 3516 5078 invenient
3548 5039 3568 5078 .'

197 5099 284 5162 tor,
313 5105 398 5174 qui
427 5111 735 5168 emendare
767 5113 1022 5186 cupiam,
1059 5131 1169 5169 non
1197 5115 1402 5186 punire
1433 5142 1447 5183 ς
1481 5122 1535 5172 et
1558 5117 1802 5185 salvare,
1915 5118 2132 5172 ablatus
2161 5125 2236 5170 est
2264 5116 2334 5170 ab
2368 5117 2489 5169 eis:
2524 5117 2583 5168 in
2613 5115 2841 5168 Domino
2874 5110 3067 5183 [Vulg
3093 5111 3406 5182 Dominum]
3429 5126 3576 5178 pra:-

197 5199 287 5241 που
315 5197 564 5262 perdere.
601 5200 738 5272 Ego,
772 5202 983 5274 inquit,
1016 5204 1134 5259 scio
1167 5204 1462 5276 Ephraim,
1498 5207 1552 5261 id
1583 5212 1692 5273 est,
1715 5209 1806 5263 Je-
1913 5206 2150 5260 varicati
2167 5211 2311 5271 sunt,
2333 5204 2466 5272 quia
2490 5203 2634 5272 filios
2658 5203 2865 5256 alienos
2890 5207 3217 5268 genuerunt,
3243 5215 3392 5254 nunc
3412 5199 3573 5255 devo-

197 5275 417 5350 rOboam,
449 5303 481 5340 a
511 5304 627 5358 quo
659 5291 936 5347 seductus
966 5297 1055 5347 est
1087 5293 1358 5364 populus,
1391 5299 1448 5348 et
1478 5311 1680 5352 omnes
1719 5313 1804 5352 re-
1917 5295 2061 5349 rabit
2083 5308 2170 5348 eos
2193 5293 2394 5346 mensis
2421 5308 2546 5345 cum
2562 5293 2814 5362 partibus
2835 5292 2970 5344 suis.
3008 5289 3184 5343 LXX:
3217 5290 3356 5344 Cum
3383 5289 3576 5343 ovibus

195 5374 275 5452 ξοδ
299 5371 388 5438 qui
416 5390 547 5430 eum
578 5381 638 5431 et
665 5378 946 5452 dignitate
987 5386 1044 5436 et
1074 5381 1289 5437 scelere
1320 5387 1460 5438 sunt
1489 5385 1696 5452 secuti,
1747 5390 1812 5440 et
1917 5389 1968 5439 et
1987 5384 2174 5437 vitulis
2197 5382 2352 5435 ibunt
2371 5381 2746 5452 et(a)quierent
2767 5379 3134 5441 Dominum,et
3155 5393 3265 5432 non
3286 5378 3571 5432 invenient

199 5447 345 5511 iamet
371 5477 480 5517 non
512 5471 602 5520 est
631 5447 1010 5526 absconditus
1041 5487 1075 5525 a
1106 5487 1217 5541 me,
1250 5471 1306 5525 id
1339 5476 1447 5539 est,
1477 5447 1809 5530 decem'tri-
1915 5490 2068 5539 eum,
2114 5447 2674 5536 declinavitillis,
2707 5470 2839 5541 quia
2870 5469 3158 5524 Dominum
3187 5466 3529 5539 reliquerunt
3555 5482 3575 5521 .'

259 5684 324 5757 (α)
350 5688 482 5749 Mss.
515 5695 779 5774 Palatini,
828 5710 888 5758 ut
937 5707 1216 5776 quaerant,
1257 5703 1498 5775 perinde
1527 5708 1702 5778 atque
1743 5705 1804 5765 in

937 5707 1216 5776 quarunt,
1257 5703 1498 5775 perinde
1527 5708 1702 5778 atque
1743 5705 1804 5765 in
1844 5706 2039 5765 Gruco
2055 5705 2154 5757 τοῦ
2183 5699 2496 5770 ὲκζητῆσαι.
