3994 6188
495 329 612 400 869

1743 338 1811 403 8.
1857 337 2166 403 EUSEBII
2214 341 2656 409 HIERONYMI
3706 362 3794 431 800

491 473 626 569 quia
665 471 810 542 ﬁlios
835 473 1046 569 alienos
1070 479 1384 569 genuerunt
1411 472 1540 569 sibi,
1572 490 1719 569 hunc
1745 473 2024 569 deuo—robii
2051 491 2138 569 eos
2167 480 2220 544 Α
2250 479 2611 569 cumutique
2640 481 2868 556 rubigo,
2901 483 2960 540 id
2990 488 3098 553 est,
3131 479 3342 562 ὲρυσίϐη
3371 505 3522 549 HASIL
3541 493 3622 553 Μ
3651 478 3792 569 (ὃπου)

488 564 706 632 rubigo,
737 569 790 617 et
807 562 977 616 cteros
997 577 1204 618 eorum.
1226 562 1351 617 Non
1374 561 1566 618 solum
1589 563 1761 619 Israel
1783 569 1839 619 et
1859 564 2133 635 prraim

487 650 658 706 ibunt
679 667 813 706 cum
831 651 1107 723 gregibus
1129 655 1185 707 et
1207 652 1488 707 armentis
1510 654 1582 707 ad
1604 653 1919 708 Dominum
1944 653 2133 725 requi-

487 739 759 806 rendum,
774 740 874 795 sed
895 739 1072 795 etiam
1086 740 1367 804 Judas,de
1385 757 1500 812 quo
1519 757 1699 813 supra
1715 742 1997 813 scriptum
2017 745 2131 796 est:

484 831 621 887 Ruet
639 831 807 885 etiam
829 829 996 885 ludas
1015 847 1139 885 cum
1163 831 1258 896 eis,
1287 829 1396 885 hoc
1418 830 1701 886 habentes
1722 847 1926 885 omnes
1953 836 2133 886 certa-

483 934 641 989 men,
658 923 723 973 ut
741 935 913 990 quem
936 918 1506 990 praevaricationibus
1525 918 1905 985 offenderant,
1922 919 2130 975 hostiis

483 1006 714 1078 placare
732 1007 1029 1075 nitantur;
1063 1012 1120 1063 et
1149 1024 1262 1062 non
1287 1007 1582 1062 invenient
1603 1023 1776 1078 quem
1801 1007 2126 1079 requirunt,

479 1095 619 1168 quia
640 1114 673 1152 a
694 1097 1096 1152 recedentibus
1119 1100 1176 1151 et
1192 1095 1316 1167 ipse
1339 1096 1631 1152 discessit.
1647 1096 1968 1151 Praesertim
1993 1113 2127 1152 cum

480 1189 539 1240 et
558 1184 697 1240 alibi
725 1185 998 1257 loquatur
1021 1202 1033 1239 :
1068 1186 1350 1256 Numquid
1369 1184 1706 1240 manducabo
1726 1200 1920 1239 carnes
1943 1189 2127 1240 tauro-

479 1290 602 1328 rum
629 1278 725 1329 aul
743 1276 1068 1344 sanguinem
1090 1275 1372 1329 hircorum
1393 1275 1573 1329 bibam
1590 1277 1614 1326 .9
1642 1274 1712 1328 Et
1731 1273 1940 1327 iterum
1965 1291 1977 1328 :
2012 1275 2126 1329 Non

478 1365 754 1433 accipiam
781 1364 845 1418 de
874 1363 1030 1418 domo
1061 1371 1156 1418 tua
1184 1364 1404 1430 vitulos,
1437 1378 1609 1434 neque
1637 1362 1703 1416 de
1730 1364 1983 1432 gregibus
2014 1364 2123 1417 luis

477 1450 657 1506 hircos
699 1452 812 1522 (Ps.
859 1468 1008 1516 XLIX,
1054 1452 1140 1514 13,
1179 1455 1229 1506 et
1258 1451 1356 1522 ιχ).
1394 1455 1458 1504 Et
1487 1451 1546 1504 in
1581 1450 1728 1505 Isaia
1757 1466 1769 1504 :
1804 1451 2124 1506 Holocausta

476 1541 735 1604 arietum,
767 1542 818 1594 et
844 1539 1062 1610 adipem
1090 1554 1379 1610 agnorum,
1411 1547 1462 1594 et
1491 1540 1815 1608 sanguinem
1845 1539 2124 1593 hircorum

473 1631 636 1698 atque
677 1631 967 1682 taurorum
1013 1626 1145 1683 nolo
1194 1629 1346 1700 (Isai.
1379 1645 1418 1696 ι,
1454 1628 1562 1695 11).
1599 1627 1949 1682 Prevaricati
1983 1631 2123 1682 sunt

392 1775 393 1778 η
471 1715 628 1771 enim
659 1715 718 1770 in
751 1715 1032 1782 Domino;
1066 1715 1206 1787 quia
1235 1713 1586 1771 fornicantes
1617 1731 1751 1769 cum
1784 1714 1976 1780 idolis,
2002 1731 2117 1770 non

470 1803 588 1860 Deo
638 1804 790 1860 ﬁlios
848 1808 1196 1875 genuerunt,
1249 1804 1350 1860 sed
1398 1803 1784 1859 daemonibus.
1847 1803 1960 1858 Alii
2009 1821 2116 1876 pu-

467 1896 597 1948 tant
642 1892 752 1948 hoc
799 1891 1114 1964 signiﬁcari
1171 1892 1326 1963 quod
1383 1892 1443 1946 in
1503 1891 1683 1946 Esdra
1742 1890 1925 1946 multo
1985 1897 2118 1964 post

467 1981 514 2054 (Ι
544 1980 731 2037 Esdrae
759 1981 816 2054 x)
865 1986 1126 2053 tempore
1156 1981 1386 2051 dicitur,
1436 1981 1669 2052 quando
1723 1997 1930 2036 uxores
1978 1980 2117 2036 alie-

469 2069 715 2143 nigenas
767 2073 1238 2141 assumpserunt,
1289 2073 1552 2124 creantes
1611 2085 1681 2123 ex
1736 2067 1819 2123 eis
1875 2067 2112 2138 liberos,

436 2163 528 2216 ,et
574 2164 773 2232 postea
820 2158 1126 2230 repudiare
1174 2157 1461 2228 compulsi
1508 2161 1664 2212 sunt.
1716 2157 1825 2212 Sed
1865 2156 1960 2211 hic
1992 2173 2112 2212 me-

468 2247 585 2304 lius
632 2253 723 2304 est
771 2247 992 2303 alienos
1040 2246 1190 2302 filios
1237 2245 1518 2317 accipere,
1568 2245 1668 2316 qui
1717 2245 1776 2300 in
1822 2244 2111 2300 idolorum

467 2353 661 2394 errore
683 2336 940 2410 generati
964 2339 1121 2402 sunt,
1148 2335 1265 2391 sive
1288 2351 1434 2407 quos
1456 2335 1734 2389 ducentes
1764 2351 1866 2405 per
1892 2333 2112 2406 ignem,

465 2426 638 2483 idolis
667 2429 1101 2482 consecrarunt.
1153 2424 1299 2487 Quia
1328 2423 1508 2495 igitur
1536 2422 1645 2477 hoc
1677 2422 1958 2489 fecerunt,
1995 2439 2109 2478 non

465 2514 650 2571 multo
685 2520 817 2587 post
847 2519 1124 2586 tempore,
1175 2530 1290 2568 non
1339 2527 1626 2567 annorum
1676 2511 1882 2582 spatiis
1909 2511 2109 2566 infini-

464 2604 561 2675 tis,
610 2609 668 2660 et
713 2607 778 2659 ut
823 2602 1032 2659 solitus
1078 2618 1237 2658 eram
1288 2599 1471 2672 prius,
1521 2598 1691 2672 longe
1733 2603 1865 2671 post
1911 2601 2110 2655 futura

464 2693 812 2766 praedicere;
872 2693 972 2748 sed
1027 2707 1180 2747 nunc
1231 2694 1287 2745 et
1337 2689 1396 2744 in
1443 2687 1886 2761 praesentiarum
1935 2689 2105 2744 adve-

462 2783 583 2838 niet
611 2781 905 2854 Assyrius,
956 2787 1126 2851 alque
1155 2777 1480 2848 Chaldaeus,
1529 2781 1588 2832 et
1617 2776 1979 2832 devorabunt
2008 2792 2105 2832 eos

460 2886 596 2925 cum
624 2870 908 2942 partibus,
937 2869 1057 2923 sive
1077 2867 1246 2923 cleris
1268 2867 1421 2933 suis,
1438 2866 1494 2920 id
1523 2871 1612 2921 est
1631 2882 1764 2921 cum
1788 2865 2104 2936 possessio-

461 2958 638 3014 nibus
659 2974 805 3030 quas
827 2957 886 3011 in
913 2955 1195 3011 divisione
1216 2959 1381 3011 terris
1404 2955 1475 3010 ad
1499 2970 1834 3010 mensuram
1859 2952 2101 3008 funiculi

458 3051 860 3119 susceperunt.
913 3051 1020 3101 Pro
1068 3045 1334 3117 eoquod
1368 3061 1474 3100 nos
1504 3044 1781 3109 diximus,
1825 3043 2102 3099 devorabit

459 3152 547 3193 eos
573 3137 797 3207 mensis,
847 3134 1228 3207 Septuaginta
1271 3133 1588 3202 rubiginem
1633 3131 2096 3187 transtulerunt:

524 3277 602 3350 (a)
634 3277 792 3333 Idem
823 3293 993 3343 mss.,
1023 3274 1162 3346 quod
1190 3275 1546 3345 elemosynis
1573 3273 1870 3341 redimunt,
1902 3277 2010 3328 etc.

2248 564 2591 636 appelletur,
2609 575 2675 624 ut
2689 569 2803 640 ipsi
2821 588 3056 645 quoque
3072 574 3336 632 dixerunt
3351 577 3408 633 in
3420 564 3789 652 Propheta-los];

2245 653 2519 724 Reliquias
2558 658 2753 713 bruchi
2789 661 3023 716 comedet
3070 663 3256 734 rubigo
3303 665 3454 736 (Joel.
3485 686 3522 734 ι,
3549 670 3616 740 4),
3642 672 3789 744 idest,

2243 758 2426 797 BASIL.
2463 744 2680 802 Mensis
2711 753 2905 804 autem
2928 767 3109 806 nonas
3139 753 3314 824 (is-tn)
3343 755 3572 811 dicitur:
3601 759 3792 832 denique

2239 831 2451 901 Aquila
2498 838 2832 905 neomenias,
2889 838 2945 893 id
2997 844 3106 909 est,
3155 842 3414 898 Kalendas
3459 831 3790 918 interpretatus

2240 923 2330 974 est
2354 936 2366 972 :
2397 920 2788 993 Symmachus
2818 930 2877 980 et
2904 927 3257 984 Tbeodotion
3277 947 3528 994 mensem:
3547 937 3596 988 et
3613 940 3684 989 est
3699 953 3791 990 sen-

2238 1023 2362 1073 sus,
2389 1025 2490 1079 per
2511 1011 2774 1084 singulos
2796 1031 3029 1071 menses
3059 1016 3242 1073 hostis
3270 1020 3537 1090 adveniet,
3566 1026 3615 1076 et
3638 1028 3792 1077 cuncta

2237 1098 2502 1153 vastabit.
2532 1101 2817 1172 Legamus
2849 1104 3069 1175 Regum
3094 1110 3150 1160 et
3175 1107 3624 1179 Paralipomenon
3641 1109 3790 1180 libros,

2234 1188 2291 1239 et
2314 1183 2678 1244 inveniemus
2701 1189 2811 1244 sub
2834 1207 2964 1263 rege
2991 1193 3228 1261 Phasee,
3254 1195 3351 1267 qui
3373 1197 3627 1268 regnabat
3647 1198 3793 1253 decem

2236 1272 2526 1341 tribubus,
2577 1278 2806 1334 venisse
2835 1279 3352 1355 Teglathphalasar
3381 1301 3560 1356 regem
3586 1286 3796 1357 Assyrio-

2233 1377 2386 1428 rum,
2407 1367 2464 1417 et
2490 1380 2760 1436 magnam
2788 1373 3013 1438 partem
3037 1371 3508 1442 populiSamariae
3528 1372 3797 1444 inAssyrios

2231 1451 2629 1520 transtulisse,
2680 1471 2794 1525 quo
2843 1461 3108 1529 tempore
3137 1461 3292 1531 apud
3322 1460 3537 1516 Graecos
3565 1461 3798 1516 secundus

2231 1553 2423 1593 annus
2453 1540 2655 1611 primae
2676 1542 3042 1615 Olympiadis
3065 1546 3206 1613 fuit;
3240 1553 3298 1603 et
3317 1549 3464 1620 apud
3488 1548 3688 1604 Latinos
3705 1549 3798 1618 (nec

2229 1625 2372 1680 dum
2404 1627 2587 1683 Roma
2618 1630 2874 1702 condita)
2921 1632 3078 1688 Albae
3117 1635 3391 1692 vicesimo
3419 1653 3560 1692 anno
3587 1634 3800 1690 Amulius

2227 1712 2572 1786 imperabat,
2623 1734 2795 1789 quem
2829 1725 3029 1791 postea
3071 1723 3356 1780 Romulus
3402 1741 3565 1796 regno
3608 1722 3797 1796 pepulit.

2228 1800 2488 1859 Haeretici
2505 1807 2882 1877 suspicantur
2897 1811 3052 1879 quod
3077 1811 3137 1866 in
3161 1812 3565 1868 sacriﬁciorum
3585 1813 3670 1869 52
3689 1810 3800 1866 mul-

2226 1889 2476 1946 titudine
2498 1893 2728 1964 placent
2751 1901 2930 1952 Deum
2954 1924 2968 1965 ;
2999 1903 3057 1954 et
3086 1901 3482 1969 ecclesiastici,
3506 1901 3641 1972 quod
3665 1900 3725 1970 (a)
3745 1900 3801 1953 fa-

2227 1978 2432 2034 ciendo
2449 1980 3168 2054 eleemosynas,redimant
3183 1989 3494 2060 peccata,in
3509 1987 3693 2060 quibus
3708 2003 3801 2058 per-

2225 2074 2498 2124 manent:
2533 2087 2666 2128 cum
2697 2089 2868 2129 omne
2907 2076 3263 2132 sacrificium
3319 2078 3591 2150 praeterita
3630 2075 3801 2131 scelera

2223 2155 2555 2221 deleat,non
2574 2162 2911 2232 praesentia;
2934 2163 3060 2220 ideo
3080 2183 3199 2222 non
3217 2166 3514 2222 inveniunt
3530 2165 3799 2231 Dominum,

2223 2244 2322 2316 qui
2355 2263 2424 2300 au
2437 2248 2615 2303 fertur
2645 2266 2679 2304 a
2707 2250 2946 2316 talibus,
2997 2259 3054 2309 et
3103 2255 3307 2326 procul
3339 2256 3561 2312 recedit.
3588 2253 3671 2309 Isti
3698 2269 3801 2307 vere

2222 2333 2327 2404 [AL
2355 2337 2506 2408 vero]
2531 2339 2884 2409 praevaricati
2911 2346 3051 2397 sunt
3077 2342 3133 2398 in
3159 2348 3364 2411 Deum,
3396 2349 3451 2400 et
3474 2343 3666 2399 alienos
3685 2341 3799 2396 ﬁlios

2221 2439 2336 2477 non
2369 2423 2618 2494 Christo,
2670 2428 2771 2482 sed
2820 2429 3052 2486 diabolo
3092 2438 3472 2503 procrearunt
3498 2449 3510 2487 :
3541 2432 3652 2487 ideo
3675 2428 3799 2486 omni

2217 2515 2476 2584 tempore
2497 2514 2806 2572 maledicta
2825 2532 2962 2574 sunt
2987 2536 3163 2591 opera
3187 2538 3411 2586 eorum,
3434 2525 3488 2577 et
3506 2523 3689 2586 cuncta
3703 2535 3798 2590 qua

2217 2600 2460 2668 faciunt,
2494 2605 2721 2659 cruenti
2742 2605 2952 2663 coloris
2982 2608 3192 2680 rubigo
3216 2610 3540 2683 populatur,
3562 2609 3684 2682 quia
3699 2625 3798 2662 san-

2215 2689 2377 2760 guini
2407 2695 2464 2746 et
2493 2691 2878 2750 interfectioni
2909 2697 3175 2767 proxima
3208 2702 3364 2754 sunt.
3415 2698 3621 2770 Rubigo
3648 2699 3798 2751 autem

2215 2778 2448 2849 proprie
2472 2779 2824 2838 descendere
2855 2784 3070 2840 dicitur
3097 2785 3158 2841 in
3183 2804 3315 2843 rore
3336 2791 3621 2854 nocturno,
3641 2801 3697 2840 ac
3713 2781 3798 2838 lac-

2214 2865 2398 2920 tantia
2432 2868 2488 2921 in
2522 2868 2700 2939 spicis
2749 2871 3046 2928 frumenta
3093 2875 3395 2932 maculare
3438 2875 3612 2932 colore
3653 2870 3800 2937 minii,

2209 2953 2297 3009 vel
2312 2955 2620 3028 sinopidis,
2635 2963 2691 3013 et
2707 2975 2811 3014 con
2819 2961 3146 3032 gruejuxta
3169 2963 3458 3038 ἀναγωγὴν
3474 2963 3649 3020 vastat
3659 2959 3802 3017 cleros

2210 3041 2640 3113 haereticorum,
2686 3048 2758 3102 de
2803 3049 3019 3120 quibus
3068 3052 3324 3108 dicitur:
3361 3053 3509 3108 Cleri
3533 3067 3698 3107 eorum
3717 3063 3800 3102 non

2207 3132 2507 3202 proderunt
2536 3137 2613 3190 eis
2647 3136 2863 3207 (larem.
2897 3156 2998 3206 x11,
3047 3141 3133 3210 13,
3165 3142 3468 3199 secundum
3496 3140 3660 3212 LXX).

1545 3559 1963 3652 LIBER
2025 3558 2760 3659 SECUNDUS.

511 3840 949 3916 51—52'Qui
998 3807 1150 3918 saepe
1203 3845 1456 3918 navigat,
1505 3843 1820 3914 aliquando
1863 3842 2083 3914 patitur
2113 3845 2155 3912 C
2193 3861 2326 3903 asse
2343 3848 3802 3927 rant,quodarripuimusopus,quodnullusantenos

444 3944 852 4014 tempestatem
889 3955 902 3992 :
937 3936 1036 4009 qui
1066 3935 1219 3990 viam
1256 3934 1588 4004 frequenter
1614 3931 1956 4003 ingreditur,
1991 3935 2091 3986 aut

444 4031 696 4088 sustinet
727 4027 1018 4082 latronum
1049 4025 1329 4096 impetus,
1353 4025 1454 4077 aut
1473 4024 1626 4075 certe
1657 4019 1883 4090 metuit,
1907 4020 2092 4076 omni-

443 4133 558 4190 que
591 4117 648 4170 in
681 4119 822 4182 arte,
856 4119 975 4168 tam
1007 4112 1192 4185 gloria
1222 4127 1397 4183 quam
1431 4109 1791 4179 obtrectatio,
1817 4109 2091 4164 secundis

441 4204 820 4274 adversisque
835 4201 1021 4257 ventis
1042 4200 1248 4268 oritur,
1262 4200 1402 4254 dum
1423 4203 1524 4254 aut
1539 4197 1708 4253 amici
1734 4197 1866 4269 plus
1883 4197 2089 4253 merito

440 4293 703 4359 laudant,
723 4294 822 4347 aut
839 4289 1062 4344 inimici
1081 4287 1385 4360 plusjusto
1402 4286 1747 4342 detrahunt:
1771 4303 2088 4358 rarumque

439 4381 704 4438 invenias
734 4379 835 4451 qui
865 4377 926 4433 in
969 4382 1287 4449 utramque
1335 4379 1560 4448 partem
1594 4392 1709 4430 non
1742 4375 1953 4441 favore,
1987 4378 2090 4430 aut

438 4471 592 4537 odio,
628 4470 728 4526 sed
761 4483 958 4524 rerum
987 4466 1260 4538 aequitate
1297 4466 1564 4520 ducatur.
1615 4464 1776 4530 Quod
1831 4463 1975 4518 mihi
2026 4463 2085 4518 in

438 4559 873 4632 Scripturarum
922 4554 1326 4627 explanatione
1373 4553 1611 4609 sudanti
1668 4552 1929 4608 accidere
1977 4551 2084 4622 [AL

437 4648 741 4719 accidisse]
757 4647 944 4702 video.
963 4644 1073 4700 Alii
1095 4643 1250 4700 enim
1271 4642 1439 4715 quasi
1461 4658 1638 4714 parva
1660 4643 2086 4708 contemmunt,

435 4742 494 4796 et
509 4735 794 4811 quidquid
815 4734 1238 4805 dixerimus,(a)
1252 4735 1547 4788 contracta
1567 4746 1706 4785 nare
1723 4728 2083 4801 despiciunt:

435 4826 534 4882 alii
557 4825 688 4882 odio
709 4823 965 4880 nominis
986 4821 1194 4892 nostri,
1223 4838 1337 4876 non
1366 4837 1479 4887 res,
1512 4820 1612 4875 sed
1646 4835 1926 4891 personas
1946 4834 2082 4873 con-

435 4915 734 4972 siderant:
767 4911 1076 4984 magisque
1107 4909 1355 4965 aliorum
1388 4908 1711 4972 silentium,
1743 4923 1921 4978 quam
1948 4923 2083 4962 nos-

433 5007 591 5060 trum
613 5001 876 5059 studium
900 5000 1168 5072 probant.
1188 4998 1339 5054 Sunt
1359 4996 1459 5069 qui
1482 4996 1755 5052 audacter
1775 5011 1881 5051 nos
1899 4995 2085 5050 facere

503 5162 582 5234 (a)
594 5165 703 5217 Pro
720 5161 753 5216 d
764 5161 950 5234 uobus
961 5160 1456 5234 verbis,contrac_ta
1470 5172 1763 5234 namque
1782 5171 1850 5234 ex
1867 5155 2083 5234 nostris

433 5227 577 5290 mss.
597 5237 749 5304 recto
763 5232 819 5286 id
835 5231 1102 5304 exigente
1113 5227 1758 5304 sensu,substituimus,
1797 5227 2084 5304 hactenus

433 5303 689 5361 obtinuit
720 5303 778 5358 in
809 5299 1060 5374 vulgatis
1091 5301 1255 5357 libris
1284 5305 1637 5374 contrectare,
1662 5299 2078 5374 quod_verbum

433 5376 528 5432 hic
558 5375 702 5430 nihil
748 5369 1207 5444 eratfsatisque
1234 5373 1564 5444 imanil’esto
1611 5369 1930 5444 apparebat
1977 5385 2080 5440 pro

431 5447 965 5513 duobus,contracta
977 5441 1352 5517 nare,scr_iptu
1363 5461 1435 5499 ra:
1447 5441 1787 5517 compendio
1804 5441 2077 5517 positum.

503 5519 578 5589 (b)
595 5512 688 5573 Sic
702 5518 996 5586 Amaﬁnios
1009 5512 1376 5589 restituimus
1390 5515 1464 5589 ad
1485 5512 1737 5568 historias
1755 5512 2079 5589 veritatem,

432 5583 886 5660 nostrorumque
915 5605 1061 5643 mss.
1095 5588 1290 5660 ﬁdem.
1337 5587 1552 5660 Vitiosa
1584 5591 1756 5641 antea
1784 5583 2084 5660 obtinebat

430 5659 764 5726 Amasinios,
790 5655 898 5730 pro
920 5674 1035 5728 quo
1056 5659 1302 5714 Amasios
1324 5657 1522 5717 minus
1543 5660 1696 5714 recte
1717 5655 2079 5713 substituen-

2199 3933 2537 3990 Latinorum
2561 3940 2783 3993 tentare
2806 3955 2988 3996 ausus
3008 3948 3115 3996 est.
3140 3943 3398 4006 Quidam
3420 3943 3478 3999 in
3499 3959 3560 3998 eo
3581 3955 3636 3996 se
3653 3937 3801 3992 diser-

2201 4027 2290 4078 tos
2322 4023 2682 4080 arbitrantur
2709 4030 2766 4081 et
2796 4028 3014 4097 doctos,
3047 4030 3096 4086 si
3119 4031 3317 4088 alieno
3338 4032 3493 4102 operi
3520 4026 3801 4085 detrahant.

2199 4115 2256 4167 et
2287 4129 2399 4166 non
2423 4111 2562 4184 quid
2587 4113 2697 4184 ipsi
2722 4118 2966 4185 possint,
2992 4119 3092 4173 sed
3117 4120 3262 4191 quid
3292 4138 3400 4178 nos
3422 4137 3533 4176 non
3554 4115 3804 4191 possimus

2199 4199 2543 4270 dijudicent.
2577 4205 2656 4256 Tu
2691 4207 2906 4271 autem,
2951 4206 3316 4280 Pammacbi,
3369 4209 3466 4282 qui
3513 4223 3612 4262 nos
3657 4204 3804 4257 facere

2198 4287 2520 4360 praecepisti
2569 4289 2696 4359 hoc,
2750 4307 2985 4349 necesse
3030 4299 3119 4351 est
3167 4301 3234 4352 ut
3273 4299 3469 4354 fautor
3497 4296 3576 4352 sis
3615 4284 3803 4364 imperii

2197 4379 2298 4435 53
2319 4378 2477 4434 —54
2506 4379 2590 4432 tui
2625 4380 2730 4449 [Αἱ.
2767 4380 3010 4453 imperio
3040 4385 3186 4456 tuo],
3228 4390 3290 4441 et
3318 4387 3396 4458 (b)
3425 4385 3730 4441 Amaﬁonos
3751 4390 3802 4431 ac

2198 4466 2466 4522 Rabirios
2496 4468 2680 4522 nostri
2710 4471 3016 4541 temporis,
3047 4472 3147 4544 qui
3180 4475 3256 4530 de
3285 4474 3502 4531 Grecis
3531 4470 3703 4534 bonis,
3723 4466 3803 4521 La-

2194 4556 2320 4611 tina
2351 4555 2570 4611 iaciunt
2590 4574 2706 4612 non
2728 4557 2882 4613 bona
2903 4584 2916 4626 ;
2949 4565 3006 4615 et
3025 4560 3293 4620 homines
3312 4558 3802 4636 eloquentissimos.

2194 4645 2308 4717 ipsi
2341 4645 2604 4718 elingues
2635 4646 3016 4718 transferunt,
3069 4652 3420 4724 Evangelico
3451 4650 3630 4707 calces
3657 4643 3805 4720 pede:

2194 4733 2560 4806 hydramque
2607 4734 2712 4805 [Αἱ.
2764 4733 3159 4810 viperamque]
3216 4745 3278 4797 et
3333 4739 3624 4812 scorpium
3671 4733 3809 4806 juxta

2195 4822 2426 4879 fabulas
2457 4827 2780 4894 poetarum,
2806 4825 3022 4882 aduras
3045 4829 3331 4899 cauterio,
3364 4829 3526 4886 solea
3545 4828 3806 4884 conteras:

2194 4916 2252 4968 et
2279 4910 2533 4983 Scylleos
2566 4927 2739 4966 canes
2779 4929 2846 4968 ac
2890 4915 3191 4972 mortifera
3222 4918 3495 4974 carmina
3524 4916 3807 4972 sirenarum

2194 5001 2375 5057 surda
2404 5016 2544 5055 aure
2574 5005 2942 5072 pertranseas
2969 5021 2982 5059 :
3015 5008 3081 5060 ut
3109 5005 3335 5077 pariter
3365 5005 3568 5062 audire
3596 5006 3650 5059 et
3670 5007 3809 5055 nosse

2193 5161 2336 5237 dum
2363 5157 2653 5237 Victorius
2685 5161 3030 5237 coniecerat,
3083 5167 3239 5237 quod
3262 5165 3514 5237 ,Amasis
3557 5158 3809 5237 maximqﬁ

2115 5212 2160 5276 Ι)
2192 5212 2655 5305 immissae
2670 5212 3239 5305 aesaes-Baetae:
3260 5212 3732 5302 ι’ίὶῖῖὲὖθὶἷιῗλι
3754 5226 3812 5305 de

2191 5296 2500 5378 lima-finio,
2533 5318 2599 5356 ac
2626 5296 3005 5378 Rabirioﬂnon
3033 5296 3451 5364 semel'Cicero
3480 5296 3810 5378 cujustesti-

2190 5373 2387 5430 monia
2404 5373 2790 5444 Hieronymus
2813 5375 3041 5433 alludit.
3057 5379 3201 5434 Vide
3213 5370 3613 5435 Academicar.
3627 5370 3809 5438 Quaest.

2191 5447 2291 5525 lib.
2326 5447 2468 5525 l,_n.
2502 5448 2648 5525 2_,.et_
2676 5446 3058 5525 Thusculanar,
3090 5450 3192 5506 lib.
3231 5468 3309 5516 IV,
3345 5451 3481 5525 n._3f,
3515 5450 3571 5504 in
3595 5453 3814 5525 eumque

2191 5523 2360 5574 notas
2386 5516 2670 5592 Lambini,
2703 5519 2951 5592 Gruteri,
2984 5521 3381 5592 aliorumque.
3415 5521 3624 5592 Notum
3645 5517 3814 5592 priete-

2191 5606 2384 5664 rca_ex
2401 5586 2665 5664 :Perentii
2695 5589 2931 5664 prologo
2953 5591 3010 5646 in
3035 5594 3211 5649 Andr.
3249 5586 3563 5664 sumptum
3585 5586 3714 5646 illud
3743 5602 3754 5639 :

2282 5662 2357 5712 De
2391 5659 2582 5710 Graecis
2649 5659 2822 5724 bonis,
2854 5659 3039 5716 Latina
3065 5664 3272 5718 faciunt
3305 5659 3425 5715 non
3452 5664 3610 5716 bona.
