3994 6188
211 383 325 454 861
1035 381 1786 450 COMMENTARIORUM
1831 383 1910 444 IN
1957 379 2156 444 OSEE
2199 379 2349 443 LIB.
2393 379 2471 442 ΙΙ.
2518 373 2692 442 CAP.
2737 377 2814 442 V.
3497 380 3617 448 862

211 521 517 580 valeamus
548 519 686 592 quid
723 517 1071 577 vaticinetur
1097 520 1240 577 Osee
1270 519 1569 591 propheta,
1599 517 1660 572 in
1691 517 1861 588 cujus
1891 517 1947 583 Α
1975 514 2131 570 haud
2164 513 2363 586 procul
2394 513 2453 568 in
2481 513 2637 569 tribu
2669 513 2967 586 Ephraim,
3031 513 3153 569 haec
3201 514 3342 571 urbs
3381 517 3618 573 condita

213 611 690 684 explanationem
712 609 1037 665 secundum
1057 609 1410 665 dictabimus
1441 608 1865 680 [ALdictamus]
1975 601 2310 659 est.ldcirco
2341 606 2536 658 autem
2593 603 2719 657 dico
2777 607 2953 676 atque
3010 603 3315 676 praecipio:
3350 603 3612 678 Clangite

214 700 461 756 librum.
497 698 761 769 Cumque
793 703 894 753 tuo
924 697 1085 753 laeter
1100 696 1456 752 adminiculo
1487 702 1579 751 :et
1599 694 1657 749 in
1682 693 1871 766 prima
1977 689 2227 745 buccina
2256 689 2314 744 in
2345 691 2558 757 Gabaa,
2593 696 2649 744 et
2676 689 2818 745 tuba
2846 690 2904 744 in
2947 691 3148 759 Rama,
3200 697 3258 748 et
3313 692 3533 748 ululate
3560 693 3618 748 in

217 790 366 846 urbe
401 794 713 855 terrarum,
749 788 1007 859 primum
1041 791 1097 842 et
1152 785 1449 841 nobilitate
1506 790 1563 838 et
1592 781 1872 854 religione
1979 779 2076 836 55
2113 778 2444 834 Bethaven:
2480 777 2617 850 quia
2674 779 2884 834 domus
2944 779 3105 851 regia
3161 779 3462 852 Ephraim,
3495 782 3614 837 sive

217 879 440 934 habere
475 893 565 931 me
596 875 882 947 gaudeam
907 875 1300 930 defensorem:
1330 878 1523 928 tamen
1557 871 1745 944 magis
1777 886 1873 941 op-

216 972 405 1022 tarem
421 963 568 1019 illud
589 963 735 1018 mihi
751 963 1267 1034 contingere,quod
1282 962 1450 1017 Titus
1463 961 1657 1016 Livius
1673 957 1876 1014 scribit

219 1057 289 1111 de
311 1057 551 1119 Catone,
577 1053 746 1123 cujus
767 1051 962 1124 gloria:
991 1067 1177 1123 neque
1205 1050 1421 1123 profuit
1443 1050 1735 1122 quispiam
1754 1047 1876 1102 lau-

218 1142 440 1207 dando,
476 1157 583 1196 nec
611 1139 996 1210 vituperando
1022 1139 1096 1210 (a)
1125 1139 1356 1194 nocuit:
1391 1155 1525 1193 cum
1559 1143 1874 1207 utrumque

219 1229 482 1288 summis
541 1228 764 1300 praediti
793 1228 1033 1283 fecerint
1057 1227 1327 1299 ingeniis.
1360 1226 1657 1299 Signiﬁcat
1679 1231 1874 1280 autem

219 1320 293 1376 M.
327 1318 669 1374 Ciceronem
701 1315 840 1372 etC.
867 1320 1182 1372 Czesarem:
1210 1333 1460 1386 quorum
1481 1315 1627 1370 alter
1650 1315 1874 1379 laudes,

222 1407 371 1463 alter
400 1405 864 1478 vituperationes
897 1405 1218 1476 supradicti
1278 1404 1512 1476 scripsit
1567 1402 1693 1458 viri.
1726 1403 1874 1458 Dum

221 1497 383 1552 enim
407 1495 746 1561 vivimus,et
770 1493 824 1547 in
846 1509 981 1548 vase
1002 1492 1193 1565 fragili
1215 1491 1880 1559 continemur,videntur

223 1585 558 1642 amicorum
591 1583 868 1655 prodesse
898 1582 1115 1649 studia,
1161 1586 1218 1637 et
1272 1597 1477 1636 nocere
1534 1580 1879 1636 aemulorum

225 1671 568 1746 opprobria.
602 1675 920 1742 Postquam
953 1674 1147 1726 autem
1176 1686 1404 1726 reversa
1434 1670 1608 1725 fuerit
1636 1674 1789 1725 terra
1819 1668 1879 1723 in

225 1767 450 1817 terram
483 1778 675 1831 suam,
707 1764 764 1815 et
793 1763 913 1815 tam
949 1775 1055 1814 nos
1086 1759 1186 1830 qui
1219 1758 1750 1830 scribimus,quam
1782 1773 1881 1811 eos

229 1851 333 1922 qui
368 1850 438 1904 de
471 1849 950 1947 uobisjudicapt,
985 1847 1204 1947 pallida
1233 1864 1390 1904 mors
1421 1846 1883 1947 subtraxprit,“et
1913 1883 1958 1947 Β

226 1938 347 1996 alia
377 1937 596 1992 venerit
625 1937 942 2010 generatio,
975 1937 1296 2008 primisque
1350 1935 1694 1991 cadentibus
1727 1934 1881 1990 foliis

225 2029 428 2084 virens
450 2027 612 2099 sylva
635 2025 1007 2095 succreverit,
1040 2029 1181 2080 tunc
1211 2025 1337 2082 sine
1355 2025 1663 2080 nominum
1686 2023 1881 2097 digni-

227 2121 372 2185 tate,
409 2115 536 2172 sola
555 2116 902 2187 judicantur
931 2113 1206 2187 ingenia:
1259 2131 1364 2170 nec
1422 2114 1751 2169 considerat
1781 2112 1882 2185 qui

228 2205 499 2261 lecturus
519 2210 628 2273 est,
649 2205 818 2275 cujus
843 2204 963 2271 ;sed
989 2202 1160 2274 quale
1192 2202 1269 2258 sit
1297 2203 1452 2274 quod
1476 2202 1734 2258 lecturus
1757 2205 1844 2257 est
1868 2217 1881 2257 :

230 2295 352 2350 sive
376 2293 475 2350 ille
498 2293 954 2365 episcopus,sive
973 2291 1050 2346 sit
1067 2291 1596 2363 laicus,imperator
1617 2296 1674 2346 et
1693 2291 1884 2346 domi-

230 2400 372 2448 nus,
421 2381 586 2437 miles
617 2386 674 2436 et
702 2397 943 2449 servus;
977 2384 1078 2435 aut
1100 2397 1361 2452 purpura
1417 2384 1474 2435 et
1521 2380 1748 2446 sericio,
1787 2385 1887 2434 aut

227 2471 528 2528 vilissimo
553 2471 974 2543 pannojaceat:
999 2486 1111 2524 non
1132 2469 1419 2524 honorum
1451 2469 1558 2539 [AL
1575 2469 1884 2540 bonorum]

230 2560 706 2630 diversitate,sed
738 2575 979 2631 operum
1013 2557 1218 2614 merito
1241 2556 1622 2628 judicabitur.

311 2737 499 2810 (Vers.
531 2737 586 2806 8,
616 2736 694 2807 9.)
728 2736 993 2806 Clangite
1022 2737 1266 2791 buccina
1295 2735 1354 2789 in
1383 2735 1597 2806 Gabaa,
1630 2736 1795 2790 turba
1825 2737 1889 2791 in

230 2832 434 2882 Rama
459 2844 472 2880 :
506 2823 731 2879 ululate
754 2825 818 2880 in
852 2824 1127 2879 Bethaven
1152 2833 1277 2895 post
1306 2830 1540 2896 tergum
1556 2831 1721 2881 tuum
1741 2827 1888 2880 Ben-

214 2916 437 2989 jamin
457 2933 476 2970 :
505 2914 788 2986 Ephraim
826 2915 884 2968 in
915 2914 1272 2969 desolatione
1301 2913 1412 2968 erit
1460 2913 1519 2968 in
1575 2914 1672 2968 die
1702 2930 1889 2969 corre-

227 3005 483 3076 ptionis,
527 3004 586 3058 in
645 3003 907 3059 tribubus
945 3003 1124 3057 Israel
1190 3002 1416 3057 ostendi
1459 3003 1648 3072 ﬁdem.
1697 3003 1833 3058 LXX
1874 3020 1887 3056 :

232 3095 517 3164 Clangite
573 3094 711 3148 tuba
740 3107 914 3162 super
956 3089 1162 3156 colles,
1193 3096 1387 3146 sanate
1440 3108 1614 3161 super
1643 3093 1889 3160 excelsa,

226 3184 570 3256 praedicate
600 3183 664 3237 in
684 3182 851 3236 domo
889 3176 962 3232 ὤν
999 3201 1014 3251 ;
1066 3185 1258 3235 mente
1313 3181 1535 3236 excidit
1568 3181 1890 3253 Benjamin,

1981 867 2107 939 ipse
2128 867 2426 940 Ephraim,
2456 868 2565 923 hoc
2589 872 2676 922 est
2704 867 3016 939 imperium
3053 867 3251 934 Israel,
3275 870 3400 939 jam
3434 871 3492 924 in
3519 871 3620 926 de-

1983 956 2264 1011 solatione
2295 957 2446 1025 erit;
2479 961 2534 1012 et
2567 957 2745 1012 instat
2795 957 2984 1012 vicina
3039 959 3366 1030 captivitas.
3428 961 3488 1014 In
3529 959 3623 1015 die

1984 1045 2366 1116 correptionis
2389 1050 2565 1117 atque
2597 1044 2869 1118 supplicii
2897 1046 3097 1102 decem
3131 1047 3392 1103 tribuum
3424 1048 3620 1118 Israel,

1984 1133 2209 1189 ostendi
2235 1150 2363 1188 mea
2384 1133 2578 1189 ﬁdelia
2607 1135 2802 1199 verba,
2835 1152 2960 1205 quae
2991 1152 3094 1207 per
3122 1137 3434 1208 prophetas
3464 1154 3621 1192 com-

1986 1223 2245 1277 minatus
2277 1239 2442 1278 sum:
2479 1227 2541 1277 ut
2573 1224 2727 1294 quod
2761 1240 3026 1280 sermone
3050 1225 3627 1298 praedixeram,opere

1984 1311 2704 1383 comprobarem.Quidam
2729 1312 3019 1368 Bethaven
3044 1315 3214 1384 juxta
3243 1316 3625 1388 Septuaginta

1986 1398 2087 1470 qui
2117 1399 2388 1454 dixerunt
2415 1400 2624 1454 domus
2657 1396 2754 1468 ὢν,
2775 1401 3062 1458 civitatem
3085 1403 3240 1468 solis,
3264 1403 3628 1476 interpretati

1987 1494 2129 1544 sunt
2165 1508 2178 1545 :
2211 1494 2268 1544 et
2299 1489 2482 1545 solem
2505 1490 2751 1560 justitize
2779 1491 3078 1547 Christum
3111 1493 3388 1560 dicentes,
3421 1495 3626 1550 urbem

1987 1577 2148 1634 illius
2179 1578 2491 1635 Ecclesiam
2523 1596 2650 1635 esse
2679 1580 3006 1636 voluerunt.
3041 1581 3201 1645 Quod
3237 1582 3380 1637 mihi
3426 1582 3628 1655 displi-

1989 1670 2079 1722 cet
2102 1683 2114 1720 :
2137 1683 2324 1738 neque
2365 1667 2521 1723 enim
2555 1669 2764 1724 domus
2794 1669 2957 1735 idoli,
2987 1687 3163 1742 quam
3198 1671 3409 1744 Aquila
3446 1671 3630 1726 inter-

1990 1759 2251 1827 pretatus
2279 1757 2621 1817 est.domum
2643 1758 2926 1825 inutilem,
2945 1759 3113 1830 juxta
3143 1760 3526 1832 tropologiam
3557 1759 3628 1814 ad

1989 1842 2308 1898 Ecclesiam
2341 1844 2538 1900 referri
2569 1851 2777 1917 potest.
2818 1848 2926 1903 Sed
2985 1847 3094 1904 hoc
3142 1848 3428 1917 dicamus,
3475 1849 3629 1921 quod

1992 1931 2252 1986 Haeretici
2286 1933 2385 2004 qui
2415 1932 2472 1986 in
2494 1935 2689 1989 Gabaa
2709 1940 2766 1990 et
2789 1936 3286 2003 Rama,excelsam
3315 1939 3425 1994 sibi
3447 1939 3632 1995 scien-

1989 2020 2134 2076 tiam
2167 2018 2848 2094 pollicenturJubeautur
2879 2025 3102 2082 ululare
3130 2029 3236 2096 [Αἰ.
3261 2027 3537 2100 jubilare]
3572 2028 3632 2084 in

1989 2109 2162 2164 domo
2186 2107 2371 2191 idoli_;
2393 2115 2450 2165 et
2470 2128 2582 2166 non
2616 2113 2732 2168 sint
2761 2118 2894 2170 ante
2926 2115 3131 2172 faciem
3165 2117 3498 2188 Benjamin,
3533 2115 3634 2189 qui

1992 2197 2588 2270 interpretaturﬁlius
2616 2202 2899 2260 dexterm:
2935 2205 3036 2259 sed
3069 2211 3203 2278 post
3225 2211 3452 2279 tergum
3483 2207 3632 2278 ejus,

1993 2285 2091 2340 ubi
2119 2287 2320 2342 oculos
2341 2304 2454 2342 non
2479 2289 2674 2345 habet.
2703 2291 2908 2348 Omnis
2934 2295 3092 2348 enim
3114 2295 3637 2368 Ephraimjactan-

1994 2373 2095 2441 tia,
2129 2391 2255 2444 qua:
2289 2375 2706 2448 interpretatur
2734 2381 2972 2447 ubertas,
3004 2383 3161 2438 brevi
3190 2383 3248 2438 in
3281 2385 3640 2441 desolatione

1995 2461 2122 2520 erit.
2151 2467 2208 2516 et
2237 2479 2368 2518 cum
2395 2465 2626 2537 judicii,
2658 2467 2870 2540 inquit,
2903 2469 3027 2525 dies
3058 2475 3115 2525 et
3172 2475 3407 2544 tempus
3449 2489 3637 2528 corre-

1996 2551 2214 2622 ptionis
2241 2553 2559 2621 advenerit,
2593 2557 2767 2612 verba
2799 2575 2927 2612 mea
2957 2575 3072 2614 non
3094 2577 3222 2616 esse
3249 2559 3445 2615 inania
3466 2561 3639 2617 rebus

1997 2639 2323 2696 ostendam.
2359 2641 2464 2697 Pro
2495 2659 2562 2698 eo
2593 2645 2746 2716 quod
2779 2663 2883 2701 nos
2915 2647 3326 2705 transtulimus
3355 2655 3480 2718 post
3524 2658 3639 2706 ter-

1998 2744 2129 2798 gum
2161 2735 2323 2784 tuum
2353 2732 2678 2802 Benjamin,
2711 2735 3089 2808 Septuaginta
3120 2743 3436 2807 verterunt,
3461 2747 3639 2795 mente

1996 2826 2182 2872 motus
2210 2828 2290 2874 est
2323 2820 2619 2891 Benjamin
2640 2840 2659 2877 .·
2673 2840 2902 2894 semper
2921 2824 3188 2892 ἔκστασιν,
3225 2827 3280 2882 id
3322 2829 3641 2893 est,mentis

1999 2922 2309 2962 excessum.
2346 2910 2668 2980 Benjamin,
2699 2913 2821 2968 viro
2855 2914 3248 2971 ecclesiastico
3279 2921 3637 2988 coaptantes.

2001 2994 2164 3050 Unde
2194 3000 2251 3050 et
2279 2997 2337 3051 in
2370 3001 2729 3071 sexagesimo
2755 3002 3003 3074 septimo
3053 3005 3279 3076 psalmo
3330 3006 3399 3078 (v.
3431 3007 3523 3076 28)
3555 3003 3642 3060 di-

2001 3084 2156 3138 citur
2180 3101 2192 3139 :
2215 3085 2295 3140 lbi
2316 3089 2422 3141 Ben
2421 3088 2606 3159 jamin
2619 3089 3053 3148 adolescentulus
3075 3095 3131 3148 in
3179 3103 3381 3150 mentis
3401 3110 3641 3150 excessu.

2001 3173 2072 3227 Et
2099 3173 2158 3227 in
2216 3175 2720 3234 benedictionibus
2751 3179 2929 3235 Jacob
2988 3183 3098 3238 sub
3159 3200 3409 3254 persona
3438 3184 3644 3255 Benia-

231 3249 529 3342 ls‘phraim
552 3273 609 3326 in
640 3249 1222 3341 desolationefaclus
1242 3276 1324 3323 est
1357 3270 1417 3324 in
1467 3249 1890 3325 diebus'corre;
1923 3249 1966 3316 C
2006 3261 2228 3329 mimde
2253 3279 2370 3334 qua
2400 3267 2529 3321 ribu
2588 3268 2804 3324 Paulus
2851 3249 3176 3342 apostolus
3199 3272 3328 3342 fuit,
3361 3249 3646 3344 scriptum

225 3361 548 3433 ptionis,in
569 3358 828 3414 tribubus
842 3359 1018 3413 Israel
1047 3357 1262 3413 ostendi
1289 3357 1501 3427 ﬁdelia.
1535 3357 1807 3429 Ephraim
1839 3363 1896 3414 et

232 3449 423 3507 Israel
455 3453 515 3504 et
534 3448 689 3504 Juda
710 3463 941 3503 menses
972 3446 1190 3518 singuli
1221 3447 1342 3501 sive
1374 3447 1577 3518 rubigo
1605 3464 1739 3502 cum
1771 3448 1893 3502 suis

233 3538 519 3611 partibus
552 3536 933 3591 devorabunt.
982 3536 1372 3599 Quamobrem
1433 3536 1702 3608 praecipio
1731 3536 1894 3593 vobis

233 3627 341 3701 qui
369 3626 615 3695 auditis,
648 3629 714 3680 ut
744 3642 858 3681 non
885 3641 1023 3681 voce
1054 3624 1316 3690 sublimi,
1343 3625 1443 3680 sed
1467 3624 1622 3680 clara
1651 3626 1896 3681 buccina

235 3714 611 3787 concrepetis
639 3733 652 3770 :
678 3714 832 3770 claro
864 3714 1020 3770 enim
1055 3714 1260 3769 auditu
1288 3731 1435 3785 opus
1463 3717 1574 3780 est,
1599 3719 1662 3769 ut
1690 3731 1896 3770 omnes

239 3805 497 3862 audiant
527 3803 629 3875 qui
660 3803 720 3858 in
774 3802 1022 3858 circuitu
1082 3805 1240 3858 sunt.
1275 3802 1522 3874 Clangite
1580 3803 1807 3858 buccina
1838 3805 1896 3858 in

243 3895 459 3960 Gabaa,
489 3893 664 3961 cujus
715 3891 1127 3963 etymologiam
1185 3891 1244 3946 in
1302 3892 1464 3946 rolles
1519 3892 1897 3964 Septuaginta

241 3980 719 4038 transtulerunt:
753 3984 808 4036 et
838 3982 972 4036 tuba
1003 3982 1062 4035 in
1094 3985 1302 4050 Rama,
1323 3997 1448 4052 quae
1483 3980 1900 4052 interpretatur

240 4071 472 4128 exceLsa
497 4088 510 4125 :
533 4068 657 4124 istae
679 4072 873 4123 autem
893 4067 1018 4122 duae
1041 4067 1254 4122 suntin
1276 4069 1429 4122 tribu
1462 4068 1779 4139 Benjamin,
1813 4068 1893 4123 vi-

236 4161 387 4216 cinas
414 4157 528 4213 sibi
553 4161 758 4213 mutuo
779 4157 1061 4227 civitates,
1095 4156 1149 4210 id
1181 4161 1289 4226 est,
1325 4157 1541 4223 Gabaa,
1563 4157 1620 4211 in
1655 4175 1771 4230 qua
1802 4176 1897 4214 na-

236 4254 336 4304 tus
373 4251 470 4304 est
497 4245 638 4302 Saul
672 4264 685 4314 ;
720 4249 776 4301 et
808 4245 1012 4308 Rama,
1048 4262 1174 4317 qua:
1203 4250 1293 4300 est
1342 4246 1512 4316 juxta
1569 4247 1784 4316 Gabaa,
1836 4247 1896 4302 in

232 4337 498 4410 septimo
541 4334 740 4407 lapide
771 4351 805 4390 a
860 4333 1240 4406 Jerosolymis
1298 4333 1451 4401 sita;
1484 4339 1542 4390 et
1593 4352 1768 4406 quam
1801 4353 1899 4392 rex

232 4425 421 4482 Israel
447 4439 734 4496 occupare
763 4427 1009 4478 conatus
1027 4427 1132 4487 est,
1164 4427 1228 4477 ut
1256 4423 1474 4478 exitum
1507 4428 1566 4479 et
1595 4423 1896 4480 introitum

233 4513 546 4569 clauderet
576 4511 755 4566 tribui
785 4510 970 4567 Judaa.
1005 4511 1065 4565 In
1099 4510 1297 4566 Gabaa
1321 4511 1520 4582 itaque
1550 4512 1686 4567 etin
1719 4517 1900 4569 Rama

2004 3349 2254 3424 legimus
2279 3370 2292 3408 :
2319 3359 2626 3427 Benjamin
2648 3359 2813 3430 lupus
2831 3377 3224 3431 rapaxnnane
3241 3363 3490 3418 comedet
3501 3376 3645 3434 prae-

2004 3438 2136 3494 dam
2157 3443 2596 3514 etadvesperam
2610 3447 2780 3503 dabit
2818 3465 3001 3504 escam
3028 3450 3186 3517 (Gen.
3211 3467 3361 3518 xux,
3393 3452 3504 3520 27).
3538 3448 3647 3515 Qui

2005 3528 2159 3584 enim
2187 3530 2244 3584 in
2279 3532 2564 3604 principio
2587 3536 3044 3607 persequebatur
3071 3536 3411 3606 Ecclesiam,
3443 3540 3647 3608 postea

2003 3615 2063 3671 in
2095 3622 2214 3674 toto
2238 3621 2375 3676 orbe
2398 3621 2689 3694 Evangelii
2712 3625 3084 3680 credentibus
3104 3623 3383 3682 alimenta
3398 3624 3646 3698 largitus

2005 3711 2114 3762 est.
2170 3708 2332 3764 Unde
2379 3715 2437 3765 et
2484 3711 2622 3768 Saul
2655 3713 2753 3784 qui
2785 3713 2857 3768 de
2887 3713 3042 3768 tribu
3074 3713 3378 3786 Benjamin
3404 3714 3534 3781 fuit,
3584 3713 3644 3768 in

2006 3796 2220 3851 mentis
2249 3815 2509 3866 excessu,
2545 3803 2665 3855 tota
2685 3800 2778 3856 die
2805 3817 2991 3872 usque
3012 3802 3083 3856 ad
3111 3819 3419 3876 vesperum
3443 3801 3644 3858 vatici-

2007 3893 2180 3940 natus
2196 3891 2284 3942 cst
2305 3886 2456 3943 inter
2477 3889 2892 3961 prophetarum
2921 3890 3162 3946 chorum
3187 3892 3230 3964 (I
3251 3897 3376 3964 Reg.
3409 3892 3487 3963 x).

2079 3973 2262 4045 (Vers.
2301 3978 2410 4044 10.)
2460 3977 2621 4033 Facti
2638 3987 2766 4034 sunt
2801 3980 3092 4052 principes
3110 3982 3268 4037 Juda
3295 3981 3459 4055 quasi
3484 3997 3643 4037 assu-

2004 4073 2220 4120 mentes
2253 4067 2587 4132 terminum;
2616 4084 2791 4136 super
2817 4084 2912 4124 eos
2940 4069 3230 4140 e/fundam
3249 4071 3410 4143 quasi
3436 4085 3648 4142 aquam

2007 4154 2167 4208 iram
2226 4169 2432 4209 meam.
2498 4156 2673 4212 LXX:
2737 4157 2890 4213 Facti
2943 4165 3071 4215 sunt
3147 4160 3434 4232 principes
3488 4160 3647 4216 Juda

2007 4243 2170 4315 quasi
2225 4245 2639 4314 transferentes
2664 4247 2936 4302 terminos
2965 4266 2984 4303 :
3011 4265 3184 4318 super
3229 4267 3320 4306 eos
3356 4251 3649 4322 eﬂ‘undam

2005 4333 2148 4389 sicut
2177 4349 2384 4404 aquam
2441 4335 2720 4405 impetum
2777 4353 2986 4392 meum.
3052 4340 3247 4394 Ductis
3278 4339 3553 4412 Ephraim
3594 4341 3652 4393 et

2009 4421 2186 4478 Israel
2241 4421 2300 4476 in
2355 4423 2772 4494 captivitatem,
2830 4431 2887 4480 et
2941 4427 3172 4483 redacta
3228 4431 3380 4482 terra
3446 4443 3649 4482 eorum

2008 4511 2067 4565 in
2097 4510 2497 4582 solitudinem,
2556 4513 2851 4586 principes
2903 4514 3056 4570 Juda
3112 4515 3212 4586 qui
3264 4515 3399 4570 ﬂere
3428 4515 3643 4570 debue-

234 4601 401 4658 clara
435 4600 687 4656 buccina
715 4604 773 4655 et
830 4600 972 4654 tuba
1001 4605 1310 4670 personata
1334 4618 1347 4666 ;
1375 4616 1624 4670 quorum
1651 4602 1895 4658 buccina
1929 4619 1976 4683 ι)
2007 4603 2160 4662 rant,
2191 4604 2250 4655 et
2279 4617 2453 4655 suum
2508 4601 2788 4672 populum
2849 4601 3138 4658 cohortari
3198 4607 3264 4658 ut
3319 4604 3652 4658 recederent

237 4688 564 4763 pastoralis
602 4694 711 4755 est,
743 4692 801 4743 et
830 4704 1011 4744 cornu
1049 4705 1291 4743 recurvo
1334 4689 1623 4743 efficitur:
1661 4691 1815 4746 unde
1847 4695 1900 4746 et

238 4778 483 4851 proprie
506 4777 785 4833 Hebraice
808 4793 1028 4832 sornaa
1048 4777 1265 4848 (15113),
1298 4776 1492 4832 Graece
1509 4775 1760 4850 κερατίνη
1795 4795 1895 4850 ap-

238 4868 523 4940 pellatur.
548 4867 718 4922 Tuba
748 4869 943 4921 autem
977 4867 1047 4920 de
1072 4883 1181 4920 zere
1211 4865 1486 4937 efficitur,
1519 4865 1606 4920 vel
1636 4873 1896 4939 argento,

239 4973 361 5028 qua
383 4956 564 5027 [quae]
599 4955 656 5009 in
680 4953 848 5010 bellis
877 4958 934 5010 et
963 4953 1438 5009 solemnitatibus
1469 4957 1899 5026 concrepabant

242 5045 353 5114 [Αι.
391 5044 750 5115 concrepat].
776 5043 963 5114 Super
987 5041 1298 5108 Betbaven,
1331 5059 1459 5113 qua:
1491 5043 1788 5112 quondam
1809 5061 1901 5098 vo-

243 5135 502 5188 cabatur
531 5130 756 5200 Betbel,
789 5137 845 5187 et
872 5135 959 5186 est
990 5131 1048 5185 in
1082 5130 1236 5185 tribu
1270 5130 1574 5202 Ephraim,
1605 5131 1664 5186 in
1688 5149 1804 5204 qua
1822 5133 1903 5188 vi-

243 5221 414 5276 tulus
446 5237 664 5277 aureus
704 5225 848 5283 erat,
907 5237 1022 5276 non
1082 5217 1352 5290 clangore
1407 5224 1464 5274 et
1521 5220 1736 5288 sonitu,
1799 5223 1897 5276 sed

243 5309 481 5365 ululatu
551 5327 700 5382 opus
766 5312 890 5364 est:
957 5308 1096 5380 quia
1161 5307 1351 5362 vicina
1409 5308 1714 5380 captivitas
1789 5314 1897 5365 est.

245 5399 314 5453 Et
347 5398 592 5470 pulchre
622 5397 767 5452 dixit
799 5397 954 5469 quod
1017 5396 1304 5451 Bethaven
1373 5401 1506 5468 post
1564 5402 1793 5471 tergum
1827 5399 1902 5453 sit

243 5485 594 5558 Benjamin:
661 5486 760 5540 ubi
825 5485 984 5540 enim
1053 5483 1240 5540 tribus
1308 5484 1508 5539 ﬁnitur
1574 5485 1902 5557 Benjamin,

2007 4689 2081 4743 ab
2111 4687 2457 4758 idololatria,
2492 4705 2564 4744 ne
2596 4693 2654 4744 et
2685 4689 2795 4762 ipsi
2817 4689 3035 4746 similia
3065 4691 3438 4762 sustinerent,
3470 4709 3651 4764 cmpe-

2009 4781 2146 4831 runt
2175 4777 2428 4849 gaudere
2460 4783 2631 4848 atque
2658 4777 2860 4850 laetari,
2895 4781 3050 4850 quod
3104 4784 3326 4852 pateret
3353 4779 3467 4836 sibi
3498 4784 3651 4836 terra

2007 4882 2209 4921 eorum
2238 4865 2307 4918 ad
2340 4865 2760 4936 possidendum
2817 4867 3031 4924 latius:
3085 4875 3143 4925 et
3201 4869 3332 4924 facti
3381 4873 3519 4924 sunt
3547 4869 3649 4926 58

2010 4953 2177 5025 quasi
2197 4959 2562 5009 assumentes
2588 4955 2871 5011 terminos
2906 4957 3480 5026 lsrael,transeuntes
3503 4959 3649 5014 ﬁnes

2010 5058 2148 5096 suos
2175 5061 2189 5109 ;
2220 5045 2275 5095 et
2306 5041 2363 5096 in
2397 5040 2539 5096 locis
2571 5044 2866 5114 quondam
2897 5061 3099 5100 eorum
3131 5061 3373 5118 regnum
3397 5063 3571 5102 suum
3593 5049 3653 5102 et

2010 5130 2439 5202 possessionem
2464 5130 2710 5188 dilatare
2731 5133 3050 5204 cupientes.
3080 5133 3467 5200 Quamobrem
3512 5134 3652 5192 dicit

2011 5219 2335 5274 Dominus:
2372 5219 2438 5274 Et
2468 5236 2645 5292 super
2675 5222 2833 5293 ipsos
2886 5222 3180 5295 principes
3234 5225 3385 5279 Juda
3421 5223 3654 5280 venient

2012 5306 2350 5379 Babylonii;
2382 5313 2439 5362 et
2467 5308 2550 5364 ita
2579 5326 2678 5365 eos
2709 5310 2875 5380 quasi
2909 5329 3073 5382 aquae
3121 5312 3374 5384 impetus
3404 5328 3651 5384 occupa-

2013 5398 2201 5451 bunt:
2235 5413 2350 5452 non
2375 5397 2498 5452 suis
2543 5397 2789 5464 viribus,
2822 5401 2922 5455 sed
2957 5401 3354 5473 indignatione
3385 5417 3533 5457 mea.
3563 5401 3654 5456 Di-

2013 5485 2093 5540 cit
2114 5502 2347 5556 quoque
2377 5489 2434 5540 ct
2460 5486 2532 5541 ad
2566 5486 2855 5559 principes
2883 5488 2915 5543 J
2924 5487 3058 5556 uda,
3090 5489 3198 5544 hoc
3229 5494 3318 5546 est
3365 5489 3648 5547 Ecclesia.

317 5700 403 5770 (al
438 5699 667 5756 Addunt
699 5699 890 5756 denuo
922 5695 1194 5770 impressi
1214 5695 1372 5764 libri,
1403 5699 1900 5772 quisquam,-quod
1939 5714 2050 5756 ms.
2086 5697 2378 5771 ignorant.
