3994 6188
386 417 520 484 ηενρ

1654 431 1718 491 S.
1761 420 2076 492 EUSEBII
2121 423 2564 492 HIER'ONYMI
2623 443 2626 445 ‘

3604 431 3706 499 ω

399 558 550 626 loca,
585 556 781 613 oculos
809 558 938 629 ejus
967 555 1146 615 vitare
1177 575 1292 615 non
1345 576 1685 632 possumus,
1717 566 1776 617 et
1814 577 2046 634 semper
2073 563 2129 630 Α
2158 579 2262 618 son
2295 580 2442 619 LAEM
2467 547 2618 635 (:mb
2658 563 2791 635 τω),
2829 563 2886 618 id
2916 567 3021 629 est,
3081 563 3302 619 vastatio
3352 565 3458 619 eis:
3491 563 3704 636 Symma-

401 645 495 700 Dei
525 646 787 717 regimur
817 649 1134 718 potestate:
1158 649 1790 721 Cum,inquit,profecti
1809 652 2043 707 fuerunt

399 735 454 788 in
486 734 779 806 Assyrios,
813 736 989 792 etiam
1015 737 1095 791 ibi
1123 738 1432 793 extendam
1489 743 1606 794 rete
1655 755 1873 808 meum,
1907 744 1966 795 et
1995 739 2043 795 si

387 815 629 878 ‘exaltati
660 823 878 879 fuerint
909 829 973 880 ut
1003 825 1425 892 volucres,inde
1455 827 1757 882 detraham
1784 827 2044 884 illos.De—

393 911 624 967 traham
653 909 788 968 illos
818 917 1011 969 autem
1044 931 1159 970 non
1188 915 1249 969 in
1281 915 1794 987 perditionem,sed
1827 920 1891 970 ut
1937 933 2039 971 cae-

387 996 531 1055 dam
564 1001 732 1072 quasi
763 1001 915 1059 ﬁlios
939 1020 951 1059 :
977 1008 1033 1058 et
1048 1005 1265 1060 caedam
1290 1005 1480 1059 nonin
1503 1005 2040 1077 poenarummagni-

393 1088 619 1157 tudine,
651 1092 754 1146 sed
784 1091 843 1147 in
872 1092 1101 1164 timore,
1125 1091 1190 1148 ut
1219 1094 1522 1149 audientes
1550 1098 1793 1150 ventura
1816 1095 1925 1161 Ml.
1953 1109 2043 1149 ve-

393 1171 539 1248 tera]
554 1179 1338 1252 snpplicia,solisterroribus
1351 1181 2045 1246 emendentur.Qureritur

397 1273 502 1322 eur
523 1263 802 1340 ‘Ephraim
832 1285 946 1326 non
970 1270 1099 1326 aliis
1130 1270 1474 1338 avibus,sed
1507 1269 1782 1326 colombaa
1807 1287 2041 1342 compa-

393 1361 556 1414 ratus
578 1359 673 1414 sit.
704 1361 852 1414 Aves
881 1364 1097 1416 caetera:
1128 1359 1321 1432 pullos
1352 1376 1490 1415 suos
1520 1359 1693 1415 etiam
1725 1375 1859 1414 cum
1891 1360 2042 1432 peri-

395 1449 524 1505 culo
557 1447 684 1505 vitae
715 1465 833 1504 suae
859 1454 1160 1521 protegere
1200 1449 1496 1519 festinant,
1533 1451 1626 1504 71
1691 1453 1747 1504 et
1801 1465 1935 1504 cum
1969 1450 2040 1504 ad

387 1539 599 1596 nidum
630 1554 804 1594 suum
837 1537 1195 1609 accipitrem,
1227 1537 1553 1605 colubrum,
1615 1553 1876 1602 corvum,
1924 1536 2042 1593 sive

393 1628 682 1684 cornicem
716 1628 988 1683 accedere
1018 1625 1285 1693 viderint,
1318 1627 1432 1681 huc
1461 1625 1721 1698 illucque
1777 1625 2038 1693 volitant,

390 1723 448 1774 et
471 1716 806 1772 immittunt
844 1729 906 1771 se
963 1731 1186 1785 morsu,
1213 1719 1272 1770 et
1329 1714 1626 1787 unguibus
1671 1715 1950 1784 lacerant,
1983 1721 2041 1775 et

390 1806 650 1862 dolerem
683 1802 1221 1876 parentis’querula
1247 1818 1385 1857 voce
1414 1807 1745 1870 testantur;
1783 1802 1908 1858 sola
1938 1819 2038 1858 co-

2155 652 2323 718 chus,
2357 655 2681 708 interitum:
2720 652 2817 708 78
2850 652 3458 721 Theodotio,miseriam
3483 653 3710 725 interpre-

2149 742 2253 795 tati
2287 745 2444 796 sunt.
2480 741 2655 796 Porro
2687 742 2745 795 in
2779 741 3030 797 editione
3082 740 3319 812 Vulgata
3359 740 3629 812 dupliciter
3647 741 3708 797 le-

2151 827 2346 898 gimus
2379 846 2391 894 ;
2428 829 2666 899 quidam
2702 829 2858 884 enim
2889 831 3116 884 codices
3172 828 3394 898 habent,
3426 824 3569 896 δῆλοὶ
3594 827 3712 895 clm,

2153 916 2262 971 hoc
2292 921 2398 984 est,
2431 920 2719 988 manifesti
2744 922 2874 972 sunt
2905 935 2918 973 :
2951 917 3049 973 alii
3081 913 3304 970 δειλαῖοί
3335 916 3476 986 εἰσιν,
3506 917 3598 972 hoc
3634 922 3715 984 est,

2149 1007 2468 1071 meticulosi,
2503 1007 2623 1062 sive
2655 1008 2844 1062 miseri
2907 1014 3051 1062 sunt.
3087 1007 3465 1062 Vastabuntur
3505 1005 3721 1076 igitur‘et

2151 1095 2351 1149 miseri
2383 1099 2572 1160 erunt,
2605 1100 2662 1150 et
2691 1111 2922 1166 semper
2973 1092 3244 1150 timentes
3291 1110 3354 1150 ac
3382 1094 3720 1160 formidantes,

2151 1184 2290 1254 quia
2320 1184 2672 1254 praevaricati
2707 1189 2848 1239 sunt
2878 1185 2936 1238 in
2969 1190 3172 1251 Deum,
3223 1183 3513 1239 adorantes
3544 1181 3724 1247 ’Vitulos

2151 1286 2378 1340 aureos,
2407 1276 2464 1327 et
2521 1271 2914 1344 relinquentes
2971 1288 3105 1328 eum
3157 1272 3256 1344 qui
3301 1271 3530 1327 redemit
3563 1287 3652 1327 eos
3673 1271 3726 1327 de

2148 1359 2415 1432 Egyptia
2443 1361 2740 1427 servitute,
2786 1365 2843 1416 et
2893 1361 3092 1416 eduxit
3145 1361 3206 1415 in
3253 1359 3464 1416 excelso
3513 1358 3726 1416 brachio.

2151 1448 2268 1520 Ipsi
2300 1464 2431 1504 vero
2465 1448 2641 1504 locuti
2677 1455 2816 1505 sunt
2845 1453 3043 1505 contra
3101 1449 3408 1505 Dominum
3455 1448 3729 1516 mendacio,

2151 1536 2410 1592 dicentes
2442 1539 2513 1593 de
2552 1538 2761 1594 idolis:
2826 1539 2894 1593 Hi
2947 1546 3074 1594 sunt
3125 1539 3210 1593 dii
3261 1539 3345 1593 tui
3396 1537 3558 1593 Israel
3590 1537 3730 1608 quite

2149 1626 2455 1681 eduxerunt
2497 1626 2562 1682 de
2621 1636 2768 1682 terra
2827 1628 3050 1699 XEgypti
3104 1627 3298 1697 (Exod.
3353 1629 3540 1694 χχχιι),
3570 1629 3732 1680 etnon

2150 1714 2550 1770 clamaverunt
2577 1717 2647 1771 ad
2705 1717 3016 1772 Dominum
3069 1716 3130 1771 in
3188 1716 3357 1772 corde
3409 1714 3642 1781 suo,sed
3687 1712 3735 1767 in

2146 1803 2483 1860 idololatriae
2517 1805 2996 1861 fornicationibus
3023 1805 3451 1861 volutabantur.
3481 1804 3600 1860 Sive
3629 1801 3738 1873 quia

387 1893 594 1993 lumba
619 1895 841 1951 ablatos
861 1891 1186 1993 pullos-non
1213 1890 1512 1993 doletmon
1535 1891 1781 1993 requirit
1800 1907 1812 1946 :
1833 1895 1890 1947 et
1909 1892 2036 1993 ideo
2068 1927 2115 1993 Β
2149 1892 2479 1993 daemonum
2513 1893 2733 1948 cultum
2793 1894 3058 1966 sequitur
3112 1894 3295 1993 libido
3323 1897 3380 1949 et
3405 1891 3630 1960 luxuria,
3658 1887 3739 1962 qui

389 1987 528 2043 huic
585 1989 738 2041 recte
783 1985 1156 2053 comparatur
1213 1979 1511 2051 Ephraim,
1545 1981 1698 2052 quod
1744 1986 2033 2035 vastatum

391 2094 494 2150 per
523 2078 717 2148 partes
749 2071 1028 2144 populum
1062 2086 1177 2124 non
1211 2070 1446 2135 sentiat,
1479 2070 1578 2124 sed
1629 2068 1932 2141 negligens
1961 2070 2038 2125 sit

392 2163 598 2223 salutis
630 2161 1058 2231 suze.Quodque
1087 2157 1245 2225 dicit,
1269 2157 1471 2213 caedam
1499 2173 1585 2213 eos
1613 2158 1909 2213 secundum
1939 2176 2037 2214 au-

395 2255 657 2311 ditionem
685 2259 846 2307 caztus
873 2264 1083 2320 eorum,
1114 2247 1224 2303 hoc
1255 2246 1583 2318 signiﬁcare
1612 2251 1840 2317 potest:
1884 2248 2037 2303 sicut

389 2345 598 2416 juncto
638 2339 881 2397 consilio
915 2354 1118 2393 omnes
1149 2334 1306 2391 idola
1333 2335 1594 2391 fabricati
1627 2340 1800 2391 sunt:
1832 2336 1914 2392 ita
1943 2353 2035 2392 me

393 2433 563 2504 irato,
588 2446 792 2487 omnes
804 2427 1020 2501 pariter
1042 2424 1771 2497 vastabuntur.Magistros
1803 2430 2032 2480 contra-

381 2514 614 2580 ‘rlOrum
644 2519 1010 2592 dogmatum,
1043 2513 1144 2588 qui
1170 2513 1463 2568 Christum
1495 2513 1779 2584 reliquere
1809 2514 2036 2586 sapien-

379 2612 552 2676 tiam,
585 2614 643 2666 et
671 2609 743 2663 de
771 2604 1031 2663 Ecclesia
1060 2608 1200 2660 sunt
1222 2603 1462 2675 egressi,
1485 2605 1638 2657 recte
1659 2602 2032 2675 insipientem

375 2706 446 2759 'et
474 2697 778 2757 excordem
809 2693 1142 2752 columbam
1174 2707 1491 2764 possumus
1523 2691 1732 2759 dicere,
1766 2692 1867 2762 qui
1911 2697 2031 2747 ter-

383 2792 530 2847 rena
559 2787 979 2850 desiderantes,
1038 2781 1295 2854 Assyriis
1348 2779 1546 2835 traditi
1596 2784 1753 2835 sunt.
1786 2784 1853 2834 Et
1898 2797 2031 2836 cum

387 2877 627 2953 profecti
658 2875 875 2932 fuerint
902 2873 974 2929 de
1003 2871 1276 2938 Ecclesia,
1309 2869 1586 2941 expandit
1617 2869 1895 2926 Dominus
1932 2887 2032 2925 su-

377 2984 490 3043 pper
527 2983 626 3022 eos
658 2969 777 3021 rete
808 2959 1367 3028 suum,testimoniis
1390 2959 1918 3030 Scripturarum,et
1941 2975 2030 3014 ar-

378 3056 525 3113 tifici
561 3053 860 3128 Sapientiae
892 3065 1160 3108 sermone
1189 3052 1541 3115 contextum,
1567 3052 1632 3102 ut
1660 3047 1948 3104 elevantes
1969 3065 2033 3104 se

373 3149 587 3204 centra
616 3142 962 3216 sapientiam
1021 3138 1140 3207 Dei,
1202 3142 1258 3194 et
1303 3137 1492 3192 instar
1546 3136 1668 3192 avis
1708 3137 1779 3192 ad
1809 3136 2034 3192 excelsa

384 3233 718 3304 volitantes,
751 3232 824 3286 ad
855 3226 1107 3284 humilia
1164 3225 1452 3294 detrahat,
1513 3229 1569 3280 et
1623 3225 1902 3297 corripiat
1930 3241 2030 3281 eos

2146 1981 2415 2036 colebant
2447 1983 2759 2050 daemones,
2792 1987 3214 2054 consequenter
3271 1983 3454 2038 instar
3480 1993 3740 2054 porcorum

2144 2070 2204 2124 in
2238 2087 2399 2126 como
2430 2070 2741 2126 libidinum
2773 2072 3174 2127 versabantur.
3198 2075 3272 2128 Et
3303 2071 3531 2143 pulchre
3557 2068 3742 2124 cantica

2146 2158 2316 2212 idolis
2347 2160 2744 2223 servientium,
2777 2177 2890 2215 non
2922 2161 3186 2215 carmina
3216 2161 3274 2215 in
3307 2165 3501 2230 Deum,
3516 2158 3604 2214 sed
3631 2160 3740 2210 utu-

2144 2247 2331 2302 latum
2365 2248 2830 2320 appellat.Super
2857 2249 3145 2305 haereticis
3179 2249 3367 2305 facilis
3398 2243 3742 2318 interpretatio

2143 2339 2232 2391 est
2264 2337 2418 2407 quod
2449 2353 2530 2391 va:
2593 2337 2848 2392 habeant
2892 2339 3342 2410 sempiternum,
3378 2337 3510 2409 quia
3531 2340 3746 2390 recesse-

2147 2428 2285 2480 sunt
2314 2442 2348 2480 a
2376 2425 2514 2494 Deo,
2547 2430 2603 2481 ct
2633 2426 2830 2482 miseri
2863 2430 3022 2493 sunt,
3055 2426 3200 2497 quia
3243 2425 3592 2498 reliquerunt
3613 2425 3747 2476 Crea-

2142 2517 2326 2570 torem
2359 2531 2532 2569 suum
2565 2514 2664 2586 qui
2695 2515 2943 2570 redemit
2969 2531 3067 2570 eos
3099 2514 3398 2587 sanguine
3422 2529 3562 2568 suo:
3589 2513 3642 2565 et
3657 2505 3749 2578 ipsi

2142 2602 2462 2674 loquuntur
2491 2610 2692 2658 contra
2747 2619 2881 2659 eum
2940 2603 3276 2673 mendacia,
3309 2601 3490 2674 impia
3517 2593 3751 2655 falsitatis

2143 2691 2417 2762 dogmata
2445 2696 2876 2764 componentes,
2912 2695 2968 2747 et
2997 2707 3114 2747 non
3142 2692 3406 2747 clamant
3432 2690 3490 2745 in
3518 2685 3757 2744 cordibus

2143 2780 2288 2847 suis,
2321 2781 2421 2835 sed
2454 2779 2684 2836 ululant
2712 2796 2942 2852 semper
2968 2780 3027 2835 in
3059 2779 3492 2844 conciliabulis,
3514 2772 3757 2849 quietior-

2141 2868 2278 2923 chre
2307 2868 2522 2924 cubilia
2553 2868 2824 2941 appellat,
2859 2873 2916 2925 et
2946 2869 3207 2924 ferarum
3231 2868 3442 2924 lustra.
3464 2855 3762 2923 Istiusmodi

2142 2973 2256 3012 non
2289 2961 2537 3028 possunt
2566 2957 2792 3014 dicere:
2830 2958 3038 3013 Lavabo
3065 2973 3169 3030 per
3223 2959 3478 3029 singulas
3505 2957 3667 3011 noctes
3691 2951 3759 3006 le-

2139 3054 2289 3101 ctum
2316 3062 2497 3102 meum
2553 3047 2815 3118 Iacrymis
2871 3048 3007 3102 meis
3063 3051 3310 3102 stratum
3373 3061 3552 3101 meum
3573 3038 3751 3113 rigato

2143 3137 2311 3206 (Psal.
2339 3153 2414 3201 v1,
2446 3136 2539 3207 7):
2575 3136 2676 3190 sed
2705 3135 3047 3190 volutantur
3103 3135 3169 3190 in
3233 3135 3510 3190 sordibus
3546 3124 3764 3186 libidini-

2141 3241 2308 3295 num,
2341 3228 2548 3279 vacant
2578 3223 2821 3296 stupris,
2855 3229 2913 3279 et
2945 3223 3240 3295 quidquid
3261 3223 3583 3296 loquuntur
3601 3223 3651 3275 et
3675 3225 3763 3288 pu-

377 3297 861 3387 'comminatione,
889 3322 946 3372 et
975 3314 1270 3371 auditione
1299 3330 1624 3386 poenarum,
1666 3318 1732 3369 ut
1788 3313 2026 3368 correcti
2058 3297 2102 3363 Ο
2143 3316 2394 3367 laverint
2425 3329 2486 3368 se
2528 3313 2584 3366 in
2617 3311 2851 3367 laudem
2908 3312 3006 3368 Dei
3065 3313 3288 3382 dicere,
3324 3311 3581 3368 ululatus
3624 3307 3769 3377 lupoL

390 3428 504 3469 non
536 3412 774 3484 pereant
802 3407 863 3482 in
889 3410 1192 3462 aeternum.
1650 3450 1657 3456 .

458 3500 645 3574 (Vers.
681 3499 792 3566 l3.)
829 3497 912 3553 Vae
940 3497 1040 3562 eis,
1070 3493 1331 3566 quoniam
1359 3495 1692 3547 recesserunt
1721 3507 1754 3545 a
1780 3507 1866 3546 me
1887 3509 1907 3545 .·
1930 3507 2024 3545 υα-

385 3593 698 3654 stabuntur,
730 3587 858 3657 quia
883 3582 1236 3655 praevaricati
1264 3588 1391 3635 sunt
1421 3581 1483 3634 in
1536 3596 1643 3634 me.
1695 3580 1801 3647 Ego
1831 3578 2023 3650 [Vulg

383 3683 451 3738 Et
479 3678 596 3749 ego]
621 3676 833 3733 redemi
859 3689 966 3738 eos,
997 3679 1047 3726 et
1077 3671 1184 3742 ipsi
1212 3670 1380 3725 locuti
1405 3672 1534 3723 sunt
1561 3675 1748 3724 contra
1776 3683 1864 3722 me
1880 3683 2028 3722 men-

381 3769 559 3836 dacia,
591 3769 640 3822 et
669 3780 782 3820 non
808 3762 1184 3818 clamauerunt
1241 3757 1316 3813 ad
1371 3772 1459 3813 me
1503 3758 1563 3810 in
1605 3756 1762 3812 corde
1789 3773 1904 3827 suo,
1937 3755 2028 3811 sed

376 3855 669 3914 ululabant
716 3854 779 3908 in
835 3850 1106 3906 cubilibus
1135 3845 1457 3903 suis.LXX:
1491 3846 1577 3902 Vae
1625 3847 1720 3911 eis,
1772 3847 2026 3914 quoniam

378 3951 714 4003 recesserunt
739 3959 774 3998 a
800 3957 889 3997 me
910 3959 928 3996 :
959 3939 1244 4010 manifesti
1271 3943 1420 4002 sunt,
1445 3937 1703 4007 quoniam
1722 3937 1890 4005 impie
1905 3950 2026 4002 ege-

379 4040 516 4092 ‘runt
545 4036 608 4089 in
634 4048 753 4095 me;
781 4046 875 4102 ego
898 4045 1024 4085 vero
1050 4027 1257 4083 redemi
1269 4041 1357 4081 eos
1378 4044 1397 4078 :
1419 4027 1527 4096 ipsi
1545 4039 1667 4079 vero
1699 4024 1864 4079 locuti
1903 4030 2033 4078 sunt

377 4129 572 4180 contra
599 4138 686 4176 me
717 4119 1082 4185 mendacium,
1139 4118 1190 4171 et
1243 4131 1355 4170 non
1409 4114 1782 4169 clamauerunt
1846 4112 1916 4167 ad
1944 4129 2029 4168 me

377 4211 542 4269 corda
571 4207 907 4277 eorum,'sed
937 4204 1231 4263 ululaba-nt
1260 4206 1321 4259 in
1349 4202 1626 4259 cubilibus
1654 4203 1790 4257 suis.
1811 4201 1901 4257 Me
1931 4218 2025 4257 ex-

372 4301 654 4358 tendente
686 4301 807 4354 rete
841 4311 1064 4363 meum,
1097 4298 1162 4349 ut
1218 4308 1316 4348 eos
1369 4291 1948 4364 comprehenderem,
1973 4294 2030 4346 et

384 4389 555 4465 quasi
582 4386 877 4445 volucrem
907 4384 1036 4442 coeli
1065 4385 1137 4440 de
1154 4381 1430 4455 superbia
1447 4381 1816 4452 deponerem,
1847 4386 1901 4435 et
1922 4396 2026 4434 cae-

383 4480 576 4537 derem
609 4478 671 4534 in
703 4477 907 4533 auditu
938 4473 1242 4546 angustiis,
1276 4471 1360 4526 illi
1392 4473 1758 4527 recesserunt
1796 4473 1853 4524 et
1882 4468 2028 4524 resi-

370 4557 598 4627 llierunt
627 4585 659 4624 a
689 4549 804 4633 me,
836 4565 946 4620 hoc
975 4563 1131 4619 enim
1164 4560 1450 4631 signiﬁcat
1472 4554 1847 4627 ἀπεπήδησαν,
1873 4557 2028 4629 quod

2140 3417 2272 3456 rum
2303 3406 2358 3456 et
2381 3402 2457 3473 (a)
2492 3399 2846 3456 baccharum
2901 3401 3341 3457 insanientium
3373 3458 3376 3462 ,
3405 3398 3626 3457 sonitus
3671 3395 3766 3449 est.

2138 3490 2288 3545 Raro
2319 3489 2628 3545 haereticus
2688 3489 2881 3561 diligit
2936 3489 3306 3559 castitatem,
3341 3493 3402 3546 et
3448 3488 3770 3561 quicumque

2138 3596 2333 3634 amare
2364 3577 2704 3651 pudicitiam
2765 3594 2826 3632 se
2875 3577 3184 3646 simulant,
3223 3584 3293 3635 ut
3333 3569 3694 3636 Manichacus,
3722 3572 3770 3624 et

2138 3667 2415 3734 Marcion,
2448 3672 2505 3722 et
2530 3667 2606 3738 (b)
2634 3667 2826 3732 Arius,
2861 3671 2917 3722 et
2945 3667 3262 3734 Tatianus,
3297 3673 3358 3724 et
3381 3663 3772 3741 instauratoreb

2134 3756 2344 3812 veteris
2373 3756 2678 3822 haereseos,
2727 3760 3006 3810 venenato
3054 3771 3157 3812 ore
3208 3755 3398 3812 mella
3435 3751 3771 3828 promittunt.

2136 3843 2416 3900 (laterum
2439 3845 2608 3914 juxta
2636 3843 2994 3914 Apostolum,
3027 3861 3158 3916 quae
3193 3851 3428 3902 secrete
3457 3844 3642 3915 agunt,
3667 3840 3778 3890 tur-

2138 3950 2207 4005 pe
2237 3938 2324 3989 est
2349 3933 2539 3988 dicere
2567 3932 2779 4004 (Ephes.
2816 3932 2894 4004 v).

2207 4021 2391 4092 (Vers.
2426 4022 2490 4074 14
2522 4022 2709 4092 seqq.)
2739 4022 2910 4092 Super
2937 4023 3194 4078 triticum
3226 4033 3291 4079 et
3321 4024 3519 4079 vinum

2139 4111 2267 4165 bant
2289 4113 2628 4165 recesserunt
2657 4127 2689 4164 a
2718 4125 2824 4178 me,
2857 4113 2910 4164 et
2938 4126 3031 4181 ego
3062 4113 3300 4168 ει·αάίυὶ
3317 4113 3394 4185 (c)
3415 4120 3468 4168 et
3497 4102 3780 4180 con/artati

2139 4199 2369 4254 brachia
2397 4214 2586 4254 eorum
2608 4215 2627 4252 :
2658 4206 2712 4254 et
2738 4199 2801 4253 in
2827 4214 2916 4254 me
2944 4201 3345 4269 cogitaverunt
3370 4202 3475 4257 70
3495 4197 3785 4256 malitiam:

2133 4289 2337 4343 reversi
2361 4291 2510 4358 sunt,
2540 4292 2600 4342 ut
2629 4295 2800 4344 essent
2828 4288 3029 4360 absque
3063 4292 3218 4361 jugo
3247 4309 3269 4346 :
3321 4292 3470 4363 [acti
3496 4294 3621 4345 sunt
3645 4280 3785 4358 quasi

2137 4393 2296 4433 arcus
2325 4377 2573 4432 dolosas:
2603 4377 2797 4432 cadent
2851 4379 2913 4432 in
2965 4379 3152 4450 gladio
3205 4381 3511 4453 principes
3541 4389 3731 4441 eorum,
3755 4384 3789 4426 α

2109 4540 2114 4545 ¹
2135 4469 2322 4538 furore
2351 4467 2554 4536 lingua:
2574 4483 2686 4522 suae
2705 4484 2725 4521 :-
2783 4469 2892 4522 ista
2931 4470 3310 4524 subsannatio
3340 4483 3542 4526 eorum
3571 4470 3628 4522 in
3671 4470 3794 4518 terra

2137 4556 2375 4628 Egypti.
2389 4555 2517 4610 LXX
2534 4574 2554 4611 :
2582 4556 2756 4624 Super
2773 4557 2952 4612 tritico
2971 4559 3022 4612 et
3042 4559 3172 4614 vino
3217 4557 3302 4631 (ἀ)
3364 4555 3798 4616 dissecabanlur.‘

369 4655 760 4732 Septuaginta
789 4651 1219 4709 transtulerunt
1245 4667 1258 4705 :
1291 4653 1348 4705 et
1386 4652 1690 4721 propterea
1733 4646 2028 4701 vastabun-
2064 4669 2110 4734 D
2141 4645 2345 4701 eruditi
2371 4648 2499 4699 sunt
2525 4646 2587 4699 in
2615 4660 2719 4711 me,
2745 4653 2796 4700 et
2825 4660 2922 4714 ego
2951 4647 3279 4716 confortavi
3312 4649 3568 4704 brachia

378 4725 488 4818 tur,
521 4725 652 4819 quia
676 4743 1039 4818 praevaricati
1066 4744 1194 4796 sunt
1251 4741 1311 4794 in
1338 4755 1444 4793 me.
1479 4737 1584 4792 Pro
1633 4753 1698 4791 eo
1743 4735 1895 4806 quod
1927 4751 2035 4791 nos
2064 4725 2104 4734 ”
2145 4739 2195 4789 ct
2222 4741 2416 4790 contra
2443 4750 2531 4788 me
2558 4735 2932 4804 cogitaverunt
2970 4735 3127 4789 mala
3150 4753 3171 4787 :
3206 4737 3477 4793 conversi
3495 4741 3622 4792 sunt
3647 4732 3703 4788 in
3727 4725 3806 4819 ni-

379 4838 656 4906 diximus,
690 4836 1073 4900 vastabuntur,
1106 4835 1162 4886 et
1217 4829 1277 4883 in
1337 4827 1568 4883 Hebraeo
1627 4825 1913 4897 scriptum
1945 4829 2035 4881 est

449 5052 526 5123 (a)
559 5052 621 5106 In
653 5047 910 5123 Palatio.
947 5063 1112 5123 mss.,
1145 5040 1628 5123 vaccarum_,qu.od
1660 5039 2034 5123 nonopassim

383 5109 553 5180 obvia
573 5123 602 5176 b
621 5120 1057 5178 etvlitterarum
1074 5109 1133 5172 in
1167 5109 1598 5188 pronuntiando
1629 5109 2032 5188 similitudine,

387 5194 488 5252 sed
523 5191 789 5249 consulto
823 5193 1039 5247 factum
1073 5189 1145 5244 ad
1168 5184 1494 5258 superioris
1551 5186 1852 5238 contextus
1901 5198 2032 5237 nor-

389 5281 545 5321 mam
578 5265 861 5335 videatur.
898 5333 905 5335 A
1014 5333 1023 5335 _
1155 5331 1188 5335 η
1476 5329 1485 5335 _
1517 5325 1530 5335 .
1703 5325 1713 5335 .

456 5339 537 5407 (b)
567 5334 722 5391 Nihil
755 5333 948 5408 simile
977 5333 1048 5408 ab
1072 5331 1192 5386 Arii
1224 5345 1416 5408 mores
1438 5329 1495 5381 et
1517 5325 1779 5408 haeresim
1798 5324 2032 5408 referas.

385 5399 615 5481 optime
644 5422 780 5481 vero
801 5406 882 5481 ad
916 5406 1158 5469 Aeriam,
1190 5401 1300 5481 _qui
1359 5399 1785 5481 Encratitarum
1845 5399 2034 5481 sectae,

386 5465 558 5550 cujus
597 5482 656 5534 et
675 5477 989 5550 Tatianus,
1027 5465 1450 5550 autalumnus,
1484 5465 1862 5550 ᾳυῐιὲξάρχωκί
1905 5466 2033 5521 fuit.

387 5538 639 5606 omnino
671 5548 848 5622 igitur
878 5538 1118 5622 rescribi
1150 5545 1244 5622 hic
1271 5543 1440 5622 velim
1470 5541 1659 5622 Acrius
1680 5538 1866 5619 {quod
1890 5554 2034 5622 prae.-

387 5629 546 5677 terea
596 5637 665 5675 ex
691 5609 1017 5676 “Philastrii
1076 5614 1437 5688 probaverim
1492 5609 1865 5688 testimon_io_,_
1911 5609 2030 5688 ubi,

390 5714 420 5740 (ι
453 5691 631 5761 serti,
657 5689 872 5761 inquit.
897 5690 970 5744 ab
1000 5680 1166 5761 Aerio
1194 5687 1449 5761 quodam
1482 5683 1565 5761 sic
1595 5680 2038 5761 appellatisunt

390 5759 494 5836 qui
513 5749 893 5818 ‘abétine'ntiis
920 5760 1147 5830 vacant,
1179 5749 1237 5815 et
1263 5756 1326 5812 in
1355 5749 1651 5831 provincia
1671 5749 2038 5830 'Pamphylia

2150 4823 2346 4891 hilum,
2379 4823 2516 4893 facti
2542 4825 2669 4877 sunt
2697 4825 2865 4892 quasi
2894 4838 3060 4878 arcus
3091 4826 3380 4896 intentus,
3401 4825 3607 4882 cadent
3630 4817 3805 4889 iugla-

2146 5051 2324 5110 quam
2345 5033 2584 5110 plurimi
2604 5036 3173 5110 commorantur,qui
3197 5041 3263 5092 et
3288 5033 3806 5110 Encratitadicuq-

2148 5096 2263 5172 tur,
2308 5096 2387 5180 id_
2427 5111 2535 5180 est,
2569 5105 2949 5161 abstinentes.
2984 5096 3061 5180 ῌῖ
3086 5096 3206 5161 non
3235 5109 3568 5180 possident
3588 5096 3807 5180 aliquid»

2145 5195 2310 5234 escas
2341 5177 2774 5240 abominantur,
2812 5194 2958 5248 quas
3007 5179 3162 5234 Deus
3233 5175 3388 5236 cum
3423 5175 3807 5237 benedictione

2145 5251 2405 5304 humano
2436 5248 2633 5320 generi
2666 5248 2889 5320 tribuit.
2927 5271 2954 5296 υ

2217 5323 2288 5392 (c)
2317 5311 2608 5394 Victorius
2633 5319 2905 5394 ‘voculam
2937 5336 3025 5374 eos
3055 5320 3248 5394 addit,
3286 5339 3366 5377 ex
3399 5322 3666 5394 Vulgata
3707 5311 3818 5394 egi-

2145 5384 2319 5457 tio'n'e,
2354 5395 2410 5446 et
2443 5390 2737 5445 llebraico.
2776 5384 3244 5466 llieronymiaqa'
3262 5399 3480 5449 autem
3505 5384 3815 5466 etditiqilla.

2147 5480 2323 5534 quam
2351 5466 2553 5517 auctor
2587 5461 3000 5534 commentarii
3042 5462 3097 5516 in
3124 5532 3131 5534 _
3154 5461 3395 5520 Oscam
3451 5461 3819 5521 subhdhino

2148 5532 2340 5590 Rulini
2373 5534 2593 5605 laudat,
2630 5532 2871 5605 minime
2902 5532 3185 5605 agnoscit.

2217 5607 2291 5679 (d)
2323 5609 2463 5680 Mss:
2495 5603 2768 5680 Palatini,
2828 5599 3275 5680 conEidebantur
3307 5623 3322 5661 :
3362 5613 3428 5664 et
3471 5599 3826 5680 paulli‘post,

2144 5676 2249 5734 ista
2270 5676 2344 5735 es!
2373 5677 2578 5734 subsan
2620 5676 2755 5745 alio,
2788 5691 2891 5749 pro
2920 5677 3000 5733 sic
3030 5679 3124 5746 est,
3146 5679 3276 5733 etc.
