3964 6184
241 324 367 398 883

1021 330 1769 404 COMMENTARIORUM
1811 332 1891 399 lN
1933 334 2133 401 osus
2176 298 2324 401 ms.
2370 336 2446 402 ιι.
2493 335 2665 403 CAP.
2709 334 2869 406 vm.

3522 328 3644 406 888

241 470 439 537 erant,
468 466 570 525 sed
601 466 663 525 in
692 472 814 527 Dan
845 472 905 528 et
930 468 991 529 in
1023 469 1268 544 Bethel),
1288 476 1355 528 ut
1384 470 1652 545 projiciat
1681 469 1892 527 vitulos
1921 468 1978 536 Α
2006 469 2285 539 minibus,
2321 487 2425 528 nec
2471 469 2730 545 aliquam
2787 476 3062 547 poterunt
3116 470 3369 547 speciem
3425 472 3641 549 segetis

245 574 429 630 super
456 574 604 630 quos
630 558 817 615 iratus
846 564 935 616 est
965 561 1263 618 Deus:sive
1292 559 1667 633 ἀποτρίψεται,
1701 559 1759 614 id
1781 563 1888 630 est,

246 647 479 720 defricet
511 665 526 716 ;
556 652 621 703 ut
651 665 799 721 quos
831 648 1015 705 multo
1037 655 1296 723 tempore
1317 648 1891 722 coluerat,paulatim

242 735 364 808 (a)a
392 752 454 792 se
475 736 784 793 defricetet
797 738 1341 811 emundet.Illisque
1371 756 1484 794 non
1499 737 1891 804 audientibus,

237 825 603 881 convertitur
629 827 699 882 ad
728 825 897 896 alios,
928 832 986 883 et
1015 828 1182 898 quasi
1214 829 1285 883 ad
1316 828 1549 883 tertiam
1582 842 1891 899 personam

234 911 549 986 loquitur:
588 916 866 986 Usquequo
912 932 1021 972 non
1074 919 1330 987 poterunt
1379 916 1674 972 emundari
1700 914 1728 969 ?
1758 916 1891 980 Quae

234 1000 356 1058 ista
382 1002 596 1074 inquit,
629 1004 858 1059 insania
904 1009 1016 1070 est,
1077 1020 1170 1060 me
1227 1006 1402 1060 dante
1426 1004 1534 1076 (Al.
1577 1002 1892 1074 mediante)

234 1089 436 1147 locum
469 1091 819 1164 pmnitentia
849 1091 980 1149 illos
1012 1093 1082 1149 ad
1106 1093 1421 1149 sanitatem
1451 1092 1603 1148 nolle
1638 1090 1893 1148 converti

235 1180 313 1235 Et
340 1180 483 1251 quia
510 1181 733 1237 dixerat
766 1199 778 1238 :
811 1184 1029 1254 Projice
1084 1184 1319 1238 vitulum
1371 1185 1550 1250 tuum,
1607 1181 1888 1245 Samaria,

237 1266 480 1338 exponit
508 1267 643 1339 quis
673 1267 783 1324 iste
811 1269 891 1324 sit
918 1268 1167 1325 vitulus:
1202 1268 1341 1341 quia
1373 1285 1443 1325 ex
1476 1268 1650 1325 Israel
1684 1274 1740 1323 et
1768 1267 1891 1339 ipse

234 1360 350 1412 est:
385 1373 502 1413 non
532 1357 607 1413 ab
637 1356 768 1413 aliis
799 1356 1158 1425 ait,vitulum
1191 1356 1465 1431 gentibus
1492 1356 1892 1430 accepistis,ut

231 1444 379 1501 Baal
411 1449 468 1501 et
498 1444 764 1501 Astaroth
798 1462 831 1501 a
858 1445 1137 1517 Sidoniis,
1193 1449 1257 1501 ut
1313 1444 1563 1502 Chamos
1590 1463 1624 1499 a
1672 1444 1886 1501 Moabi-

229 1533 315 1589 tis
344 1537 414 1589 ut
442 1532 667 1589 Moloch
700 1533 773 1588 ab
813 1533 1168 1589 Ammonitis
1227 1534 1325 1605 (IV
1354 1535 1479 1604 Reg.
1539 1534 1703 1605 XXIII)
1736 1550 1752 1601 ;
1785 1532 1887 1589 sed

230 1639 338 1679 vos
364 1621 501 1694 ipsi,
534 1626 593 1678 et
612 1638 711 1677 rex
738 1626 928 1678 vester
953 1622 1286 1690 Jeroboam,
1335 1622 1489 1695 quod
1554 1622 1613 1678 in
1645 1622 1885 1695 Egypto

227 1710 573 1767 didiceratis
601 1710 825 1767 fecistis
870 1709 927 1765 in
964 1709 1159 1766 Israel.
1226 1712 1337 1766 Aut
1394 1710 1589 1781 qualis
1645 1709 1742 1765 ille
1798 1712 1888 1765 est

2001 558 2212 616 habere
2244 560 2520 616 fecundae.
2554 563 2715 629 Quod
2748 563 2798 618 si
2848 580 2978 620 raro
3032 563 3273 621 aciderit
3330 567 3396 619 ut
3449 562 3644 620 Eccle-

2001 648 2219 704 siastici
2254 649 2389 722 quid
2428 651 2718 722 dogmatis
2766 652 2959 708 simile
3016 652 3231 709 habere
3284 652 3639 708 videantur:

2000 736 2194 809 ipsum
2226 754 2465 811 germen
2497 743 2553 795 et
2581 738 2744 812 spica
2762 740 3011 797 farinam
3036 758 3152 797 non
3179 741 3441 798 faciel.ln
3472 741 3642 813 cujus

2000 826 2202 882 farinae
2233 828 2377 901 satis
2408 828 2595 884 tribus
2653 829 2835 884 mittit
2894 831 3245 887 fermentum
3298 829 3645 902 Evsngelica

2001 915 2215 971 mulier
2244 916 2426 988 (Matt.
2461 918 2587 988 xui)
2621 935 2634 973 :
2671 922 2736 973 ut
2764 922 2821 973 et
2851 918 3094 990 spiritus
3126 936 3241 991 quo
3273 919 3644 986 sentimus,et

2001 1003 2198 1059 anima
2227 1020 2345 1076 qua
2372 1005 2643 1074 vivimus,
2678 1010 2733 1063 et
2763 1024 2975 1080 corpus
3025 1025 3140 1080 quo
3196 1008 3546 1078 incedimus,
3576 1004 3639 1062 in

2000 1108 2183 1148 unum
2215 1098 2488 1150 sanctum
2517 1094 2798 1166 Spiritum
2828 1096 3170 1168 redigantur
3199 1097 3368 1167 juxta
3394 1096 3641 1166 Aposto-

1998 1179 2121 1235 lum
2158 1199 2171 1236 :
2204 1184 2263 1237 In
2291 1185 2407 1253 ipso
2436 1185 2691 1251 vivimus,
2721 1200 3003 1240 movemur
3031 1188 3081 1240 et
3108 1201 3298 1240 sumus
3326 1183 3460 1256 (Act.
3499 1198 3637 1238 xvn.

2001 1269 2107 1340 18).
2142 1272 2300 1336 Quod
2341 1272 2393 1326 si
2420 1288 2550 1328 raro
2603 1272 2875 1329 acciderit
2904 1272 3210 1341 haereticis,
3267 1276 3333 1328 ut
3389 1270 3638 1328 farinam

1998 1374 2229 1429 quoque
2259 1361 2539 1415 sementis
2568 1377 2770 1416 eorum
2803 1361 2994 1430 faciat,
3028 1362 3099 1417 de
3129 1360 3238 1416 hac
3294 1360 3482 1417 farina
3538 1360 3640 1415 ﬁet

1997 1446 2421 1504 subcinericius
2448 1449 2638 1521 panis,
2673 1449 2774 1522 qui
2805 1467 2922 1506 non
2972 1451 3318 1516 revereatur,
3349 1452 3406 1504 et
3460 1465 3637 1521 quem

1996 1533 2169 1590 alieni
2195 1536 2519 1592 comedent.
2551 1537 2716 1593 Unde
2745 1541 2804 1594 et
2850 1554 3008 1594 nunc
3036 1538 3156 1593 ait:
3192 1536 3340 1606 Quod
3366 1544 3417 1594 et
3463 1538 3520 1593 si
3545 1535 3635 1611 fe-

1993 1625 2128 1678 cerit
2155 1626 2401 1695 farinam
2430 1626 2604 1682 alieni
2626 1626 2904 1683 comedent
2930 1644 3069 1684 eam.
3107 1626 3208 1682 86
3246 1625 3484 1682 Alienos
3526 1642 3635 1681 au-

1993 1716 2111 1767 tem
2142 1712 2274 1768 illos
2300 1714 2582 1770 debemus
2599 1714 2856 1787 accipere
2877 1716 2949 1771 de
2968 1714 3183 1788 quibus
3206 1715 3491 1787 scriptum
3521 1716 3630 1770 est:

226 1800 402 1867 deus,
436 1798 539 1872 qui
570 1815 747 1854 manu
808 1799 1098 1854 formatur
1138 1799 1381 1855 artificis
1431 1803 1454 1854 ξ’
1501 1798 1764 1897 Denique
1788 1800 1886 1899 ‘ut
1913 1834 1961 1899 B
1994 1801 2126 1856 Filii
2155 1802 2330 1857 alieni
2357 1805 2577 1859 mentiti
2603 1807 2732 1859 sunt
2757 1805 2901 1860 mihi
2927 1805 3039 1876 (Ps.
3096 1821 3236 1871 xvu,
3294 1804 3405 1875 46).
3450 1803 3522 1858 Et.
3575 1800 3637 1857 in

225 1905 581 1945 aranearum
614 1887 712 1943 ﬁla
741 1887 1144 1944 dissolvuntur
1171 1887 1231 1943 in
1272 1893 1535 1954 ventum,
1555 1886 1635 1942 ita
1663 1884 1882 1942 vitulus
1913 1884 1960 1899 ¹’
1991 1893 2193 1946 octavo
2214 1890 2452 1946 decimo
2485 1891 2714 1963 psalmo
2750 1908 2764 1950 :
2795 1892 2872 1948 Ab
2909 1893 3111 1949 ocultis
3124 1894 3262 1948 meis
3287 1891 3497 1947 munda
3527 1906 3636 1957 me,

222 1977 508 2035 Samaria:
529 1976 825 2050 redigetur
845 1976 905 2031 in
927 1975 1442 2048 nihilum.Projicit
1455 1975 1739 2031 Dominus
1760 1974 1880 2029 ha:-

226 2067 549 2125 reticorum
580 2065 794 2123 vitulos
821 2070 879 2122 et
908 2064 1204 2137 Samarizs,
1238 2065 1340 2137 qui
1379 2080 1442 2121 se
1489 2064 1693 2120 dicunt
1735 2062 1881 2136 legis

232 2159 534 2231 praecepta
562 2171 794 2211 servare
826 2171 839 2211 :
874 2155 974 2226 qui
1005 2154 1174 2210 vituli
1205 2155 1426 2210 harent
1453 2153 1718 2221 humo,et
1745 2168 1880 2223 ope-

228 2250 441 2302 rantur
467 2245 528 2300 in
556 2248 713 2301 terra
739 2260 856 2299 non
896 2242 1128 2316 spiritu,
1160 2259 1265 2299 nec
1298 2242 1499 2299 oculos
1555 2242 1628 2297 ad
1669 2240 1881 2296 coelum

230 2332 511 2399 Ievant;et
536 2332 755 2387 idcirco
785 2331 969 2387 iratus
999 2334 1089 2387 est
1115 2332 1276 2397 furor
1298 2329 1523 2387 Domini
1556 2346 1732 2400 super
1760 2345 1879 2392 eos,

233 2425 297 2478 et
329 2421 574 2477 miratur
603 2438 731 2493 quae
761 2420 839 2476 sit
864 2424 1029 2475 tanta
1050 2420 1491 2492 perversitas,ut
1509 2417 1695 2473 nolint
1716 2416 1885 2472 relin-

232 2526 419 2583 quere
446 2508 622 2577 idola,
652 2526 780 2582 quae
812 2509 921 2564 sibi
954 2508 1216 2565 fabricati
1251 2513 1410 2573 sunt,
1447 2512 1506 2563 et
1543 2511 1743 2562 ament
1774 2506 1878 2573 (Al.

234 2602 464 2666 amant)
494 2598 697 2654 sordes
734 2598 1035 2653 haereticas
1086 2615 1188 2670 pro
1242 2595 1507 2653 Ecclesiae
1549 2594 1878 2650 munditiis.

231 2690 394 2754 Quos
422 2686 637 2742 vitulos
666 2703 782 2741 non
811 2686 1034 2758 accepit
1064 2684 1266 2753 Israel,
1323 2684 1638 2739 Dominum
1687 2683 1883 2738 videre

226 2793 292 2833 se
325 2774 501 2848 tingit
528 2773 627 2831 85
659 2791 692 2829 a
723 2774 944 2829 ceteris
974 2772 1251 2846 gentibus
1286 2791 1299 2829 :
1334 2773 1432 2828 sed
1462 2773 1533 2828 de
1564 2770 1882 2843 Scripturis

224 2863 452 2920 sanctis
493 2862 605 2918 sibi
636 2862 763 2934 ipse
793 2860 1480 2933 conﬂavitintelligentizs
1514 2860 1879 2933 pravitatem,

1987 1979 2239 2047 Domine,
2272 1983 2324 2034 et
2354 1982 2423 2035 ab
2452 1980 2655 2035 alienis
2680 1997 2847 2053 parce
2874 1998 3026 2038 servo
3082 1989 3200 2037 tuo.
3233 1980 3342 2047 Qui
3400 1980 3450 2036 si
3472 1980 3638 2051 justo

1988 2065 2113 2121 viro
2144 2083 2259 2123 non
2284 2067 2503 2123 fuerint
2531 2068 2729 2124 domin
2747 2069 2840 2136 sti,
2874 2073 3014 2125 tunc
3055 2067 3475 2125 immaculatus
3506 2066 3637 2134 erit,

1989 2159 2046 2210 et
2076 2155 2461 2211 mundabitur
2488 2175 2525 2212 a
2553 2156 2761 2214 delicto
2792 2158 3067 2214 maximo.

2061 2243 2245 2314 (Vere.
2277 2243 2357 2315 8.)
2386 2245 2688 2301 Decor-atus
2716 2249 2796 2301 est
2831 2246 3027 2309 Israel,
3067 2261 3218 2301 nunc
3260 2247 3440 2315 factus
3467 2253 3547 2301 est
3576 2245 3637 2301 in

1988 2332 2313 2386 nationibus
2342 2332 2504 2403 quasi
2530 2349 2624 2388 vas
2667 2333 3032 2388 immundum.
3092 2332 3475 2405 Septuaginta
3531 2349 3635 2404 pro

1988 2418 2317 2489 immundo,
2350 2421 2550 2475 inutile
2578 2420 3103 2490 transtulerunt,(c)
3133 2424 3338 2477 caetera
3365 2418 3639 2477 similiter

1990 2507 2364 2563 immundum
2396 2525 2519 2575 vas,
2554 2508 2675 2565 sive
2706 2508 2934 2579 inutile,
2966 2508 3192 2565 Hebraei
3223 2507 3511 2564 matulam
3541 2525 3637 2565 vo-

1991 2601 2271 2669 cant,qua
2300 2597 2369 2652 ad
2404 2597 2781 2669 suscipienda
2813 2602 2871 2653 et
2902 2597 3262 2668 projicienda
3287 2601 3544 2653 stercora
3571 2600 3638 2653 ut

1990 2684 2273 2741 solemus.
2297 2685 2444 2740 Huic
2470 2686 2860 2741 immunditiis
2880 2684 3219 2742 idololatras
3247 2689 3304 2741 et
3332 2684 3635 2742 haereticos

1989 2777 2309 2844 comparat,
2336 2773 2436 2845 qui
2469 2773 2795 2830 miscentur
2822 2774 3117 2846 gentibus,
3180 2774 3323 2829 dum
3381 2772 3479 2829 Dei
3520 2790 3636 2830 non

1990 2861 2332 2917 custodiunt
2351 2862 2672 2928 veritatem,
2705 2866 2762 2918 et
2792 2862 2927 2917 facti
2958 2860 3141 2918 vasin
3174 2861 3474 2933 honorem,
3498 2878 3638 2918 con-

220 2956 283 3009 et
312 2950 526 3007 artifex
545 2954 635 3007 est
663 2950 761 3007 Dei
791 2951 905 3017 sui,
929 2950 1032 3022 qui
1062 2950 1175 3005 cito
1206 2949 1420 3022 peribit
1448 2954 1505 3004 et
1535 2963 1880 3004 aranearum
1988 2950 2137 3005 versi
2171 2953 2311 3005 sunt
2339 2950 2400 3005 in
2431 2967 2570 3006 vasa
2599 2951 2705 3019 (Al.
2738 2951 2861 3023 vas)
2892 2948 3278 3006 contumelias.
3300 2949 3449 3016 Quid
3478 2951 3638 3006 enim

224 3040 378 3098 telas
405 3038 755 3105 imitabitur,
780 3056 908 3112 quas
940 3038 1049 3095 levi
1080 3043 1442 3111 rumpuntur
1470 3040 1709 3093 attactu.
1990 3038 2356 3094 immundius
2395 3039 2714 3095 daamonico
2742 3038 2950 3111 spiritu
2980 3039 3033 3095 ei
3064 3037 3468 3095 haereticorum
3495 3038 3638 3112 dog-

297 3128 489 3201 (Vers.
523 3128 601 3200 7.)
635 3129 774 3197 Quia
802 3135 1029 3184 ventum
1064 3127 1414 3183 seminabunt
1459 3130 1513 3182 et
1570 3125 1882 3182 tubrbinem
1920 3192 1953 3201 _
1995 3128 2272 3193 matibus,
2307 3143 2433 3199 quae
2464 3143 2563 3183 eos
2593 3127 2846 3184 ethnicis
2872 3127 3241 3184 miscuerunt
3266 3126 3294 3182 ?
3325 3126 3484 3182 Talis
3514 3130 3640 3183 erat

222 3192 434 3275 nictent
465 3236 484 3273 :
512 3192 726 3272 culmus
752 3225 924 3283 stans,
954 3232 1066 3272 non
1095 3224 1172 3271 est
1201 3218 1260 3271 in
1289 3231 1349 3271 eo
1377 3231 1628 3285 germen,
1656 3230 1766 3271 non
1788 3215 1881 3284 fa-
1912 3192 1955 3259 ε
1995 3192 2304 3271 Jechonias
2322 3192 2501 3271 idolis
2533 3216 2922 3289 mancipatus,
2947 3217 3018 3273 de
3047 3233 3162 3288 quo
3191 3231 3296 3288 per
3320 3215 3636 3272 Jeremiam

224 3309 335 3363 ciet
366 3308 614 3378 farinam
636 3324 655 3361 :
685 3305 825 3376 quod
850 3307 963 3361 etsi
979 3306 1169 3376 fecerit
1213 3304 1386 3361 alieni
1419 3304 1695 3360 comedent
1738 3318 1881 3357 eam.
1994 3302 2257 3376 loquitur
2318 3308 2469 3360 Deus
2494 3321 2505 3359 :
2538 3303 2903 3360 Inhouoratus
2931 3313 3011 3360 est
3036 3303 3342 3372 Jcchonias,
3370 3304 3514 3359 sicut
3540 3320 3637 3359 vas

231 3394 376 3452 LXX
410 3411 426 3449 :
462 3395 605 3464 Quia
632 3403 887 3465 corrupta
915 3397 1069 3449 vento
1097 3395 1581 3459 seminaverunt,et
1608 3390 1883 3447 subversio
1990 3394 2145 3464 cujus
2163 3392 2321 3448 nulla
2351 3397 2431 3447 est
2479 3394 2688 3448 utilitas
2744 3394 2876 3465 (Jer.
2936 3410 3073 3448 χχιι.
3131 3392 3240 3459 18).
3299 3391 3636 3448 Econtrario

229 3500 423 3540 eorum
449 3484 709 3555 suscipiet
726 3482 1135 3553 ea:manipulus
1157 3497 1269 3537 non
1300 3482 1503 3536 habens
1534 3482 1678 3535 vires
1706 3488 1766 3534 ut
1795 3480 1883 3549 fa-
1993 3479 2208 3535 Paulus
2239 3479 2339 3551 qui
2370 3479 2560 3535 dicere
2591 3485 2818 3551 poterat
2852 3498 2865 3535 :
2902 3480 2984 3535 An
3012 3481 3453 3552 experimentum
3477 3494 3635 3550 qum-

230 3574 352 3629 οἱαί
373 3574 622 3643 farinam
657 3590 675 3626 :
707 3571 848 3644 quod
871 3572 994 3627 etsi
1016 3571 1224 3643 fecerit.
1241 3571 1417 3626 alieni
1437 3568 1720 3625 comedent
1737 3583 1879 3624 eam.
1989 3569 2117 3623 ritis
2145 3570 2262 3636 eius
2291 3570 2387 3640 qui
2424 3569 2481 3623 in
2505 3585 2590 3624 me
2621 3569 2863 3640 loquitur
2909 3568 3155 3624 Christus
3185 3566 3256 3639 (II
3297 3565 3419 3622 Cor.
3456 3565 3581 3638 XIII)
3611 3567 3641 3622 ‘l

229 3668 603 3718 Aranearum
639 3658 789 3727 telis,
816 3659 1092 3715 Samaria
1121 3657 1369 3714 vitulum
1409 3661 1709 3726 comparat
1740 3674 1753 3712 :
1789 3655 1878 3710 id-
1990 3655 2320 3728 appellatur
2366 3674 2467 3712 vas
2520 3656 2819 3712 electionis
2873 3672 3117 3712 aureum
3149 3660 3207 3711 et
3234 3658 3576 3728 argenteum
3622 3671 3636 3711 :

226 3753 388 3808 circo
418 3749 863 3822 methaphoram
895 3753 1087 3804 servat
1114 3747 1176 3803 in
1199 3746 1460 3818 reliquis,
1478 3750 1544 3800 ut
1573 3762 1721 3818 quos
1750 3762 1877 3800 ara-
1991 3743 2131 3815 quia
2157 3743 2409 3800 habebat
2439 3744 2789 3817 sapientiam
2820 3749 2882 3801 et
2907 3743 3228 3817 eloquium,
3261 3760 3377 3815 quo
3418 3742 3640 3799 Christi

226 3855 481 3896 nearum
515 3837 661 3894 telas
691 3837 916 3892 dixerat
949 3840 1248 3909 comparet
1301 3840 1495 3897 vento,
1524 3838 1582 3890 et
1634 3832 1876 3903 turbini,
1994 3832 2370 3904 Evangelium
2404 3833 2775 3905 praedicabat.
2809 3833 2971 3899 Quod
3004 3836 3199 3888 autem
3259 3830 3420 3901 dicit,
3478 3830 3640 3887 devo-

225 3926 566 3999 culmisque
598 3943 712 3982 non
743 3925 1039 3981 stantibus
1081 3941 1093 3979 :
1128 3928 1185 3980 et
1213 3924 1264 3980 si
1310 3923 1598 3989 steterint,
1630 3921 1877 3977 farinam
1990 3924 2145 3976 ratus
2175 3924 2272 3990 est,
2305 3920 2392 3977 vel
2421 3922 2719 3994 absorptus,
2746 3921 2856 3978 hoc
2883 3920 3196 3994 significat,
3230 3921 3385 3993 quod
3420 3920 3639 3977 mixtus

223 4034 346 4074 non
380 4015 740 4072 habentibus
771 4040 786 4082 ;
817 4018 875 4070 et
903 4014 953 4069 si
985 4013 1234 4070 farinam
1268 4009 1482 4083 inquit,
1514 4010 1773 4077 fecerint,
1806 4009 1878 4066 ab
1992 4008 2174 4065 idolis
2204 4016 2262 4066 et
2290 4010 2652 4080 nationibus,
2674 4010 2977 4084 proprium
2992 4008 3225 4067 Israelis
3253 4013 3311 4066 et
3338 4008 3642 4066 christiani

222 4105 363 4162 aliis
392 4103 790 4160 devorabitur.
813 4102 882 4158 Et
912 4102 1052 4174 quia
1084 4106 1204 4157 tam
1253 4100 1324 4156 de
1354 4099 1642 4155 hareticis
1700 4114 1879 4171 quam
1990 4115 2205 4154 nomen
2235 4099 2520 4156 amiserit.

224 4196 299 4252 de
332 4193 453 4262 his,
485 4192 587 4264 qui
619 4192 677 4247 in
713 4190 978 4248 Samaria
1011 4189 1277 4246 fabricati
1306 4193 1445 4244 sunt
1498 4187 1674 4259 idola,
1721 4203 1879 4243 com-
2063 4187 2248 4259 (Vere.
2289 4189 2466 4260 9,10.)
2496 4191 2647 4260 Quia
2672 4190 2784 4262 ipsi
2818 4188 3179 4246 ascenderunt
3206 4188 3274 4244 ab
3301 4188 3489 4255 Assur,
3516 4203 3647 4245 ona-

227 4282 434 4339 munis
465 4285 555 4337 est
585 4297 816 4344 sensus,
866 4278 1256 4335 communiter
1304 4276 1724 4349 disputandum
1771 4279 1879 4332 est.
1990 4292 2087 4345 ger
2125 4277 2412 4332 solitarius
2439 4278 2550 4333 sibi
2580 4294 2593 4334 :
2630 4277 2894 4350 Ephraim
2934 4293 3170 4332 munera
3196 4275 3457 4331 dederunt
3483 4292 3646 4330 ama-

230 4371 335 4427 Isti
366 4373 609 4427 ventum
640 4370 955 4435 seminant,
988 4367 1107 4424 sive
1128 4366 1578 4439 (b)qua3avento
1611 4370 1887 4437 corrupta
1992 4365 2221 4430 toribus,
2251 4365 2342 4421 sed
2370 4371 2422 4422 et
2466 4383 2591 4422 cum
2632 4365 2877 4423 mercede
2920 4364 3301 4421 conduxerunt
3354 4364 3641 4418 nationes:
3708 4371 3745 4397 ο

228 4463 375 4516 sunt
390 4458 623 4515 semina
643 4474 770 4530 qua:
792 4455 1109 4513 medullam
1125 4472 1241 4510 non
1257 4454 1494 4520 habent,
1511 4468 1688 4524 quam
1702 4452 1884 4509 Graeci
1995 4469 2145 4509 nunc
2171 4455 2510 4526 congregabo
2539 4471 2648 4522 eos,
2680 4459 2734 4510 et
2764 4456 3040 4526 quiescent
3074 4452 3354 4525 paulisper
3382 4450 3450 4505 ab
3480 4464 3645 4505 onere

228 4546 559 4622 ἐντεριώνην
588 4550 793 4602 vocant
821 4550 879 4601 et
906 4544 1124 4601 idcirco
1152 4559 1337 4599 vacua
1366 4541 1883 4607 seminantes,inu-
1918 4560 1965 4626 Β
1996 4544 2143 4614 regis
2170 4551 2222 4599 et
2247 4544 2589 4615 principum,
2616 4542 2752 4598 LXX
2782 4560 2801 4597 :
2834 4544 2974 4611 Quia
3005 4542 3115 4613 ipsi
3166 4538 3525 4626 ascenderunt
3572 4536 3645 4593 ad

230 4638 332 4694 nia
352 4620 669 4707 vacuaque
699 4634 1199 4707 recipiuntzimmo
1216 4630 1577 4688 seminantes
1606 4630 1666 4685 in
1695 4646 1887 4699 carne,
1918 4620 1955 4626 —
1997 4632 2601 4703 Assyrios,germinavit
2630 4630 2779 4703 apud
2798 4632 3147 4701 semetipsum
3178 4620 3448 4700 Ephraim
3478 4643 3497 4680 :
3525 4642 3645 4681 mu-

1994 4737 2132 4776 nera
2161 4720 2478 4776 dilexerunt
2506 4736 2528 4780 ;
2552 4719 2754 4775 idcirco
2774 4718 3063 4774 tradentur
3090 4719 3149 4774 in
3196 4714 3462 4788 gentibus,
3491 4729 3645 4771 nunc

1995 4809 2298 4879 suscipiam
2322 4814 2489 4875 eos,et
2512 4808 2797 4878 quiescent
2822 4823 3057 4879 parvum
3087 4810 3150 4861 ut
3177 4807 3391 4876 ungunt
3418 4818 3569 4873 reges
3593 4810 3645 4859 et

1995 4897 2296 4969 principes.
2320 4895 2640 4951 Devoratus
2669 4899 2778 4963 est,
2810 4895 3023 4967 inquit,
3057 4891 3234 4951 Israel
3263 4896 3321 4949 et
3341 4891 3530 4949 factus
3554 4895 3646 4948 est

1998 4988 2306 5055 tamquam
2337 4999 2439 5038 vas
2471 4982 2697 5050 inutile,
2728 4983 2849 5040 sive
2885 4981 3361 5048 immundum,de
3390 4994 3505 5052 quo
3526 4995 3644 5036 non

231 4728 305 4783 de
336 4740 518 4782 carne
548 4728 779 4780 metunt
807 4722 1266 4795 corruptionem,
1307 4723 1364 4775 et
1393 4719 1890 4775 circumferuntur

231 4815 399 4874 omni
424 4817 599 4870 vento
630 4811 927 4870 doctrinae.
960 4812 1226 4882 Cumque
1275 4814 1514 4864 ventum
1563 4807 1885 4865 seminave-

232 4905 376 4977 rint,
412 4908 639 4960 metent
668 4900 939 4957 turbines
964 4911 1021 4956 et.
1064 4902 1463 4970 tempestates,
1518 4902 1577 4952 et
1630 4896 1887 4969 primum

228 4992 479 5069 quidem
511 4989 766 5061 culmus,
800 4988 911 5045 hoc
938 4986 1276 5059 est,stipula
1303 5002 1416 5042 non
1449 4986 1558 5041 erit
1585 5001 1652 5041 ex
1681 4984 1774 5040 his
1797 5001 1886 5041 se-

1996 5143 2055 5200 id
2081 5146 2180 5206 est,
2211 5142 2578 5197 seminarium
2602 5146 2944 5198 mortuorum
2971 5143 3101 5197 sinu
3131 5147 3290 5196 terrae
3308 5140 3643 5210 confovetur.

2000 5219 2065 5270 Et
2094 5212 2340 5269 inferius
2369 5229 2437 5268 ex
2468 5218 2698 5269 suomet
2744 5230 2921 5269 sensu
2977 5229 2990 5267 :
3025 5212 3132 5281 Qui
3176 5213 3487 5283 potentiam
3547 5211 3647 5266 Dei

1996 5286 2372 5357 calumniaris
2399 5284 2541 5357 ‘tqui
2564 5292 2737 5356 potest
2764 5285 2830 5341 de
2855 5283 3117 5349 medulla,
3162 5282 3212 5357 et
3241 5282 3305 5338 de
3347 5283 3645 5357 seminario

1997 5360 2176 5414 vestro
2207 5352 2493 5430 ἐντεριώηῐη
2525 5352 2855 5430 nbncarnes
2884 5358 3101 5430 tantum
3138 5355 3207 5410 de
3237 5354 3522 5426 carnibus,
3554 5352 3648 5409 sed

1997 5427 2462 5501 corpusedu'cere,
2487 5436 2538 5482 et
2566 5427 2728 5482 aliud
2755 5443 2825 5501 eg
2853 5427 2964 5501 alio
2992 5427 3195 5501 facere,
3228 5430 3339 5482 etc.

2070 5495 2141 5570 (ὸ)
2172 5499 2253 5553 Ex
2281 5497 2499 5578 nostris
2530 5514 2674 5578 mss,
2698 5495 3042 5578 sutfecimus
3061 5496 3257 5578 verba,
3287 5495 3649 5578 exterasimt-

2000 5565 2131 5644 liter
2186 5585 2314 5640 qua:
2346 5568 2401 5624 id
2460 5567 2744 5626 hactenus
2810 5568 3064 5644 vulgatis
3119 5565 3285 5625 libris
3352 5565 3648 5625 desidera-

1998 5642 2233 5698 bantur.

298 5155 385 5232 (ᾳ)
410 5150 865 5232 _Vocula3,_a.se_,
898 5147 1170 5232 nescinunt
1200 5162 1344 5201 mss.
1377 5145 1584 5232 nostri.

301 5166 360 5232 (τι
414 5155 693 5217 Voculae,
724 5167 758 5205 a
784 5164 865 5214 se,
898 5155 1170 5230 nesciunt
1200 5162 1344 5201 mss.
1377 5155 1584 5200 nostri.

301 5155 386 5298 (b;
410 5221 717 5298 Interserit
735 5221 1029 5298 Victorius
1042 5222 1305 5298 Graecum
1320 5215 1685 5298 vocabulum
1700 5214 1891 5298 civ-epib-

226 5286 456 5378 φθὲρὲιν.
479 5294 636 5378 9209
669 5309 813 5376 ωεξε-
838 5293 1131 5378 igurari-
1156 5286 1887 5378 D?,%Y?€9£M£“Pi95?:

225 5358 364 5436 ron',
398 5358 514 5423 ubi
531 5365 799 5436 Origenis
829 5358 1180 5436 séntentiam
1213 5358 1524 5436 impugnat
1554 5358 1654 5436 lib.
1688 5362 1891 5414 contra

225 5387 364 5436 ron,
398 5381 501 5423 uol
531 5381 626 5421 UP]
673 5381 799 5420 enls
829 5381 1180 5419 sententiam
1214 5381 1524 5432 unpugnau
1554 5381 1654 5413 uo.
1688 5381 1890 5414 contra

223 5442 404 5498 Joan.
437 5381 836 5515 Jerosoéiymit.
870 5434 1138 5515 θυαμ-26
1166 5450 1178 5487 :
1214 5433 1397 5515 Neque
1425 5431 1575 5515 enim
1632 5431 1691 5484 in
1719 5445 1890 5515 grano

226 5512 421 5570 tritici
450 5501 693 5571 radices:
715 5508 947 5573 culmus,
978 5505 1135 5573 folia,
1167 5501 1368 5569 aristis,
1394 5503 1574 5572 paleae
1626 5505 1753 5556 sunt
1776 5501 1890 5555 d18-

232 5584 552 5643 solutarmc
582 5587 635 5634 et
655 5580 716 5633 in
732 5580 946 5634 ratione
964 5580 1332 5631 humanorum
1360 5588 1649 5645 corporum
1666 5580 1893 5645 manent

231 5656 510 5729 quadam
523 5651 789 5722 surgendi
796 5651 1029 5721 antiqua
1033 5647 1399 5720 principia,et
1410 5642 1569 5717 quasi
1581 5642 1886 5716 ἐντεριῴνῃ,
