  <div class='ocr_page' id='page_1' title='image "/cluster/home/n/w/nwhite01/storage/ocr_20150623/25/hvd.32044096580493/450.png"; bbox 0 0 3994 6188; ppageno 0'>
   <div class='ocr_carea' id='block_1_1' title="bbox 225 379 347 446">
    <p class='ocr_par' dir='ltr' id='par_1_1' title="bbox 225 379 347 446">
     <span class='ocr_line' id='line_1_1' title="bbox 225 379 347 446; baseline -0.016 1"><span class='ocrx_word' id='word_1_1' title='bbox 225 379 347 446; x_wconf 59' lang='grc' dir='ltr'>ΜΘ</span> 
     </span>
    </p>
   </div>
   <div class='ocr_carea' id='block_1_2' title="bbox 1025 367 2843 447">
    <p class='ocr_par' dir='ltr' id='par_1_2' title="bbox 1025 367 2843 447">
     <span class='ocr_line' id='line_1_2' title="bbox 1025 367 2843 447; baseline -0.005 0"><span class='ocrx_word' id='word_1_2' title='bbox 1025 370 1780 447; x_wconf 71' lang='lat' dir='ltr'>COMMENTARIORUM</span> <span class='ocrx_word' id='word_1_3' title='bbox 1827 367 1913 434; x_wconf 78' lang='lat' dir='ltr'>IN</span> <span class='ocrx_word' id='word_1_4' title='bbox 1953 368 2156 435; x_wconf 81' lang='lat' dir='ltr'>OSEE</span> <span class='ocrx_word' id='word_1_5' title='bbox 2199 373 2350 437; x_wconf 84' lang='lat' dir='ltr'>LIB.</span> <span class='ocrx_word' id='word_1_6' title='bbox 2394 373 2476 439; x_wconf 89' lang='grc' dir='ltr'>ῙῙ.</span> <span class='ocrx_word' id='word_1_7' title='bbox 2520 373 2694 440; x_wconf 78' lang='lat' dir='ltr'>CAP.</span> <span class='ocrx_word' id='word_1_8' title='bbox 2738 374 2843 440; x_wconf 87' lang='lat' dir='ltr'>1X.</span> 
     </span>
    </p>
   </div>
   <div class='ocr_carea' id='block_1_3' title="bbox 3466 371 3636 469">
    <p class='ocr_par' dir='ltr' id='par_1_3' title="bbox 3466 371 3636 469">
     <span class='ocr_line' id='line_1_3' title="bbox 3466 371 3636 469; baseline 0 -29"><span class='ocrx_word' id='word_1_9' title='bbox 3466 463 3472 469; x_wconf 28' lang='grc' dir='ltr'>ι</span> <span class='ocrx_word' id='word_1_10' title='bbox 3515 371 3636 440; x_wconf 74' lang='lat'>890</span> 
     </span>
    </p>
   </div>
   <div class='ocr_carea' id='block_1_4' title="bbox 227 505 3630 590">
    <p class='ocr_par' dir='ltr' id='par_1_4' title="bbox 227 505 3630 590">
     <span class='ocr_line' id='line_1_4' title="bbox 227 505 3630 590; baseline -0.001 -16"><span class='ocrx_word' id='word_1_11' title='bbox 227 516 427 574; x_wconf 79' lang='lat' dir='ltr'>dinem</span> <span class='ocrx_word' id='word_1_12' title='bbox 458 515 756 590; x_wconf 76' lang='lat' dir='ltr'>ritumque</span> <span class='ocrx_word' id='word_1_13' title='bbox 783 516 1151 582; x_wconf 79' lang='lat' dir='ltr'>simulantes,</span> <span class='ocrx_word' id='word_1_14' title='bbox 1183 517 1301 572; x_wconf 86' lang='lat' dir='ltr'>sive</span> <span class='ocrx_word' id='word_1_15' title='bbox 1331 514 1596 571; x_wconf 85' lang='lat' dir='ltr'>dederint</span> <span class='ocrx_word' id='word_1_16' title='bbox 1624 513 1870 570; x_wconf 89' lang='lat' dir='ltr'>eleemo-</span> <span class='ocrx_word' id='word_1_17' title='bbox 1901 505 1957 573; x_wconf 83' lang='lat' dir='ltr'>A</span> <span class='ocrx_word' id='word_1_18' title='bbox 1985 513 2321 570; x_wconf 89' lang='lat' dir='ltr'>mendacio:</span> <span class='ocrx_word' id='word_1_19' title='bbox 2358 529 2507 586; x_wconf 89' lang='lat' dir='ltr'>quas</span> <span class='ocrx_word' id='word_1_20' title='bbox 2532 511 2818 568; x_wconf 78' lang='lat' dir='ltr'>Dominus</span> <span class='ocrx_word' id='word_1_21' title='bbox 2844 510 2978 584; x_wconf 83' lang='lat' dir='ltr'>igne</span> <span class='ocrx_word' id='word_1_22' title='bbox 2999 509 3090 566; x_wconf 85' lang='lat' dir='ltr'>sui</span> <span class='ocrx_word' id='word_1_23' title='bbox 3123 510 3368 583; x_wconf 79' lang='lat' dir='ltr'>spiritus</span> <span class='ocrx_word' id='word_1_24' title='bbox 3388 529 3630 569; x_wconf 90' lang='lat' dir='ltr'>succen-</span> 
     </span>
    </p>
   </div>
   <div class='ocr_carea' id='block_1_5' title="bbox 227 599 1877 681">
    <p class='ocr_par' dir='ltr' id='par_1_5' title="bbox 227 599 1877 681">
     <span class='ocr_line' id='line_1_5' title="bbox 227 599 1877 681; baseline -0.007 -16"><span class='ocrx_word' id='word_1_25' title='bbox 227 623 457 681; x_wconf 68' lang='lat' dir='ltr'>synam,</span> <span class='ocrx_word' id='word_1_26' title='bbox 491 607 612 664; x_wconf 84' lang='lat' dir='ltr'>sive</span> <span class='ocrx_word' id='word_1_27' title='bbox 641 606 980 678; x_wconf 78' lang='lat' dir='ltr'>pudicitiam</span> <span class='ocrx_word' id='word_1_28' title='bbox 1026 605 1453 678; x_wconf 77' lang='lat' dir='ltr'>repromittant,</span> <span class='ocrx_word' id='word_1_29' title='bbox 1486 604 1604 658; x_wconf 85' lang='lat' dir='ltr'>sive</span> <span class='ocrx_word' id='word_1_30' title='bbox 1643 599 1877 657; x_wconf 90' lang='lat' dir='ltr'>humili-</span> 
     </span>
    </p>
   </div>
   <div class='ocr_carea' id='block_1_6' title="bbox 227 691 1877 766">
    <p class='ocr_par' dir='ltr' id='par_1_6' title="bbox 227 691 1877 766">
     <span class='ocr_line' id='line_1_6' title="bbox 227 691 1877 766; baseline -0.005 -13"><span class='ocrx_word' id='word_1_31' title='bbox 227 701 408 753; x_wconf 76' lang='lat' dir='ltr'>tatem</span> <span class='ocrx_word' id='word_1_32' title='bbox 439 695 736 764; x_wconf 76' lang='lat' dir='ltr'>simulent,</span> <span class='ocrx_word' id='word_1_33' title='bbox 755 696 1024 766; x_wconf 86' lang='lat' dir='ltr'>ﬁctisque</span> <span class='ocrx_word' id='word_1_34' title='bbox 1049 693 1347 749; x_wconf 81' lang='lat' dir='ltr'>blanditiis</span> <span class='ocrx_word' id='word_1_35' title='bbox 1378 691 1675 764; x_wconf 86' lang='lat' dir='ltr'>simplices</span> <span class='ocrx_word' id='word_1_36' title='bbox 1707 707 1877 763; x_wconf 89' lang='lat' dir='ltr'>quos-</span> 
     </span>
    </p>
   </div>
   <div class='ocr_carea' id='block_1_7' title="bbox 231 780 1877 856">
    <p class='ocr_par' dir='ltr' id='par_1_7' title="bbox 231 780 1877 856">
     <span class='ocr_line' id='line_1_7' title="bbox 231 780 1877 856; baseline -0.004 -16"><span class='ocrx_word' id='word_1_37' title='bbox 231 800 345 856; x_wconf 84' lang='lat' dir='ltr'>que</span> <span class='ocrx_word' id='word_1_38' title='bbox 374 783 690 856; x_wconf 83' lang='lat' dir='ltr'>decipiant,</span> <span class='ocrx_word' id='word_1_39' title='bbox 719 783 866 839; x_wconf 86' lang='lat' dir='ltr'>nihil</span> <span class='ocrx_word' id='word_1_40' title='bbox 898 785 968 840; x_wconf 91' lang='lat' dir='ltr'>de</span> <span class='ocrx_word' id='word_1_41' title='bbox 1000 782 1409 854; x_wconf 89' lang='lat' dir='ltr'>hujuscemodi</span> <span class='ocrx_word' id='word_1_42' title='bbox 1443 780 1746 836; x_wconf 81' lang='lat' dir='ltr'>sacrificits</span> <span class='ocrx_word' id='word_1_43' title='bbox 1778 784 1877 834; x_wconf 88' lang='lat' dir='ltr'>Do-</span> 
     </span>
    </p>
   </div>
   <div class='ocr_carea' id='block_1_8' title="bbox 230 872 761 944">
    <p class='ocr_par' dir='ltr' id='par_1_8' title="bbox 230 872 761 944">
     <span class='ocr_line' id='line_1_8' title="bbox 230 872 761 944; baseline -0.004 -15"><span class='ocrx_word' id='word_1_44' title='bbox 230 872 430 929; x_wconf 87' lang='lat' dir='ltr'>minus</span> <span class='ocrx_word' id='word_1_45' title='bbox 460 872 761 944; x_wconf 78' lang='lat' dir='ltr'>suscipiet.</span> 
     </span>
    </p>
   </div>
   <div class='ocr_carea' id='block_1_9' title="bbox 301 957 1874 1033">
    <p class='ocr_par' dir='ltr' id='par_1_9' title="bbox 301 957 1874 1033">
     <span class='ocr_line' id='line_1_9' title="bbox 301 957 1874 1033; baseline -0.002 -16"><span class='ocrx_word' id='word_1_46' title='bbox 301 960 468 1032; x_wconf 83' lang='lat' dir='ltr'>(Vers.</span> <span class='ocrx_word' id='word_1_47' title='bbox 508 962 594 1027; x_wconf 89' lang='grc'>13,</span> <span class='ocrx_word' id='word_1_48' title='bbox 630 961 738 1033; x_wconf 77' lang='grc'>14.)</span> <span class='ocrx_word' id='word_1_49' title='bbox 769 963 924 1017; x_wconf 84' lang='lat' dir='ltr'>Nunc</span> <span class='ocrx_word' id='word_1_50' title='bbox 949 960 1330 1016; x_wconf 83' lang='lat' dir='ltr'>recordabitur</span> <span class='ocrx_word' id='word_1_51' title='bbox 1348 961 1664 1031; x_wconf 78' lang='lat' dir='ltr'>iniquitates</span> <span class='ocrx_word' id='word_1_52' title='bbox 1689 957 1874 1030; x_wconf 89' lang='lat' dir='ltr'>[Vulg.</span> 
     </span>
    </p>
   </div>
   <div class='ocr_carea' id='block_1_10' title="bbox 229 1049 1878 1122">
    <p class='ocr_par' dir='ltr' id='par_1_10' title="bbox 229 1049 1878 1122">
     <span class='ocr_line' id='line_1_10' title="bbox 229 1049 1878 1122; baseline -0.002 -16"><span class='ocrx_word' id='word_1_53' title='bbox 229 1051 570 1122; x_wconf 77' lang='lat' dir='ltr'>iniquitatis]</span> <span class='ocrx_word' id='word_1_54' title='bbox 597 1065 812 1121; x_wconf 77' lang='lat' dir='ltr'>eorum,</span> <span class='ocrx_word' id='word_1_55' title='bbox 834 1057 884 1105; x_wconf 87' lang='lat' dir='ltr'>et</span> <span class='ocrx_word' id='word_1_56' title='bbox 911 1050 1157 1106; x_wconf 85' lang='lat' dir='ltr'>visitabit</span> <span class='ocrx_word' id='word_1_57' title='bbox 1174 1057 1388 1120; x_wconf 86' lang='lat' dir='ltr'>peccata</span> <span class='ocrx_word' id='word_1_58' title='bbox 1421 1065 1608 1105; x_wconf 87' lang='lat' dir='ltr'>eorum</span> <span class='ocrx_word' id='word_1_59' title='bbox 1641 1066 1653 1104; x_wconf 93' lang='lat'>:</span> <span class='ocrx_word' id='word_1_60' title='bbox 1687 1049 1795 1120; x_wconf 76' lang='lat' dir='ltr'>ipsi</span> <span class='ocrx_word' id='word_1_61' title='bbox 1818 1049 1878 1103; x_wconf 87' lang='lat' dir='ltr'>in</span> 
     </span>
    </p>
   </div>
   <div class='ocr_carea' id='block_1_11' title="bbox 230 1138 1874 1211">
    <p class='ocr_par' dir='ltr' id='par_1_11' title="bbox 230 1138 1874 1211">
     <span class='ocr_line' id='line_1_11' title="bbox 230 1138 1874 1211; baseline -0.001 -20"><span class='ocrx_word' id='word_1_62' title='bbox 230 1138 426 1211; x_wconf 87' lang='lat' dir='ltr'>[Vulg.</span> <span class='ocrx_word' id='word_1_63' title='bbox 456 1139 544 1205; x_wconf 84' lang='lat' dir='ltr'>ad]</span> <span class='ocrx_word' id='word_1_64' title='bbox 595 1139 895 1210; x_wconf 52' lang='lat' dir='ltr'>ﬁgi/ptum</span> <span class='ocrx_word' id='word_1_65' title='bbox 941 1142 1337 1204; x_wconf 85' lang='lat' dir='ltr'>convertentur,</span> <span class='ocrx_word' id='word_1_66' title='bbox 1371 1146 1421 1193; x_wconf 87' lang='lat' dir='ltr'>et</span> <span class='ocrx_word' id='word_1_67' title='bbox 1463 1139 1661 1193; x_wconf 87' lang='lat' dir='ltr'>oblitus</span> <span class='ocrx_word' id='word_1_68' title='bbox 1691 1140 1769 1192; x_wconf 88' lang='lat' dir='ltr'>est</span> <span class='ocrx_word' id='word_1_69' title='bbox 1799 1139 1874 1192; x_wconf 84' lang='lat' dir='ltr'>Is-</span> 
     </span>
    </p>
   </div>
   <div class='ocr_carea' id='block_1_12' title="bbox 226 1226 1879 1298">
    <p class='ocr_par' dir='ltr' id='par_1_12' title="bbox 226 1226 1879 1298">
     <span class='ocr_line' id='line_1_12' title="bbox 226 1226 1879 1298; baseline -0.002 -15"><span class='ocrx_word' id='word_1_70' title='bbox 226 1229 346 1283; x_wconf 84' lang='lat' dir='ltr'>rael</span> <span class='ocrx_word' id='word_1_71' title='bbox 373 1229 600 1298; x_wconf 77' lang='lat' dir='ltr'>factoris</span> <span class='ocrx_word' id='word_1_72' title='bbox 627 1229 738 1294; x_wconf 87' lang='lat' dir='ltr'>sui,</span> <span class='ocrx_word' id='word_1_73' title='bbox 769 1237 820 1284; x_wconf 91' lang='lat' dir='ltr'>et</span> <span class='ocrx_word' id='word_1_74' title='bbox 864 1227 1155 1298; x_wconf 75' lang='lat' dir='ltr'>aediﬁcavit</span> <span class='ocrx_word' id='word_1_75' title='bbox 1181 1227 1426 1293; x_wconf 87' lang='lat' dir='ltr'>delubra,</span> <span class='ocrx_word' id='word_1_76' title='bbox 1457 1236 1508 1282; x_wconf 90' lang='lat' dir='ltr'>et</span> <span class='ocrx_word' id='word_1_77' title='bbox 1536 1228 1706 1282; x_wconf 76' lang='lat' dir='ltr'>Iudas</span> <span class='ocrx_word' id='word_1_78' title='bbox 1740 1226 1879 1280; x_wconf 87' lang='lat' dir='ltr'>mul-</span> 
     </span>
    </p>
   </div>
   <div class='ocr_carea' id='block_1_13' title="bbox 226 1316 1880 1388">
    <p class='ocr_par' dir='ltr' id='par_1_13' title="bbox 226 1316 1880 1388">
     <span class='ocr_line' id='line_1_13' title="bbox 226 1316 1880 1388; baseline -0.001 -16"><span class='ocrx_word' id='word_1_79' title='bbox 226 1317 505 1388; x_wconf 75' lang='lat' dir='ltr'>tiplicauit</span> <span class='ocrx_word' id='word_1_80' title='bbox 530 1316 693 1371; x_wconf 85' lang='lat' dir='ltr'>urbes</span> <span class='ocrx_word' id='word_1_81' title='bbox 719 1317 986 1386; x_wconf 79' lang='lat' dir='ltr'>munitas,</span> <span class='ocrx_word' id='word_1_82' title='bbox 1018 1320 1075 1371; x_wconf 88' lang='lat' dir='ltr'>et</span> <span class='ocrx_word' id='word_1_83' title='bbox 1101 1319 1316 1372; x_wconf 84' lang='lat' dir='ltr'>mittam</span> <span class='ocrx_word' id='word_1_84' title='bbox 1345 1318 1527 1385; x_wconf 81' lang='lat' dir='ltr'>ignem</span> <span class='ocrx_word' id='word_1_85' title='bbox 1559 1318 1620 1372; x_wconf 82' lang='lat' dir='ltr'>in</span> <span class='ocrx_word' id='word_1_86' title='bbox 1663 1317 1880 1371; x_wconf 77' lang='lat' dir='ltr'>civitate</span> 
     </span>
    </p>
   </div>
   <div class='ocr_carea' id='block_1_14' title="bbox 224 1404 1879 1476">
    <p class='ocr_par' dir='ltr' id='par_1_14' title="bbox 224 1404 1879 1476">
     <span class='ocr_line' id='line_1_14' title="bbox 224 1404 1879 1476; baseline -0.002 -15"><span class='ocrx_word' id='word_1_87' title='bbox 224 1407 365 1476; x_wconf 74' lang='lat' dir='ltr'>ejus,</span> <span class='ocrx_word' id='word_1_88' title='bbox 391 1413 445 1461; x_wconf 84' lang='lat' dir='ltr'>et</span> <span class='ocrx_word' id='word_1_89' title='bbox 467 1404 748 1461; x_wconf 83' lang='lat' dir='ltr'>devorabit</span> <span class='ocrx_word' id='word_1_90' title='bbox 774 1405 920 1462; x_wconf 58' lang='lat' dir='ltr'>edes</span> <span class='ocrx_word' id='word_1_91' title='bbox 947 1405 1121 1460; x_wconf 88' lang='lat' dir='ltr'>illius.</span> <span class='ocrx_word' id='word_1_92' title='bbox 1158 1406 1294 1461; x_wconf 86' lang='lat' dir='ltr'>LXX</span> <span class='ocrx_word' id='word_1_93' title='bbox 1327 1422 1340 1460; x_wconf 93' lang='lat'>:</span> <span class='ocrx_word' id='word_1_94' title='bbox 1376 1407 1530 1461; x_wconf 88' lang='lat' dir='ltr'>Nunc</span> <span class='ocrx_word' id='word_1_95' title='bbox 1565 1404 1879 1461; x_wconf 87' lang='lat' dir='ltr'>recordabi-</span> 
     </span>
    </p>
   </div>
   <div class='ocr_carea' id='block_1_15' title="bbox 225 1493 1876 1565">
    <p class='ocr_par' dir='ltr' id='par_1_15' title="bbox 225 1493 1876 1565">
     <span class='ocr_line' id='line_1_15' title="bbox 225 1493 1876 1565; baseline -0.001 -18"><span class='ocrx_word' id='word_1_96' title='bbox 225 1497 322 1548; x_wconf 80' lang='lat' dir='ltr'>tur</span> <span class='ocrx_word' id='word_1_97' title='bbox 348 1493 675 1564; x_wconf 75' lang='lat' dir='ltr'>iniquitates</span> <span class='ocrx_word' id='word_1_98' title='bbox 704 1509 910 1562; x_wconf 87' lang='lat' dir='ltr'>eorum,</span> <span class='ocrx_word' id='word_1_99' title='bbox 930 1496 987 1549; x_wconf 80' lang='lat' dir='ltr'>et</span> <span class='ocrx_word' id='word_1_100' title='bbox 1012 1495 1308 1549; x_wconf 83' lang='lat' dir='ltr'>uleiscetur</span> <span class='ocrx_word' id='word_1_101' title='bbox 1330 1495 1634 1565; x_wconf 87' lang='lat' dir='ltr'>injustitias</span> <span class='ocrx_word' id='word_1_102' title='bbox 1652 1509 1839 1549; x_wconf 87' lang='lat' dir='ltr'>eorum</span> <span class='ocrx_word' id='word_1_103' title='bbox 1857 1509 1876 1546; x_wconf 88' lang='grc'><strong>.·</strong></span> 
     </span>
    </p>
   </div>
   <div class='ocr_carea' id='block_1_16' title="bbox 226 1581 1880 1653">
    <p class='ocr_par' dir='ltr' id='par_1_16' title="bbox 226 1581 1880 1653">
     <span class='ocr_line' id='line_1_16' title="bbox 226 1581 1880 1653; baseline -0.001 -17"><span class='ocrx_word' id='word_1_104' title='bbox 226 1583 338 1653; x_wconf 84' lang='lat' dir='ltr'>ipsi</span> <span class='ocrx_word' id='word_1_105' title='bbox 367 1583 429 1636; x_wconf 80' lang='lat' dir='ltr'>in</span> <span class='ocrx_word' id='word_1_106' title='bbox 457 1584 765 1652; x_wconf 71' lang='lat' dir='ltr'>AEgyptum</span> <span class='ocrx_word' id='word_1_107' title='bbox 811 1583 1056 1637; x_wconf 78' lang='lat' dir='ltr'>conversi</span> <span class='ocrx_word' id='word_1_108' title='bbox 1099 1587 1251 1648; x_wconf 85' lang='lat' dir='ltr'>sunt,</span> <span class='ocrx_word' id='word_1_109' title='bbox 1280 1587 1331 1637; x_wconf 90' lang='lat' dir='ltr'>et</span> <span class='ocrx_word' id='word_1_110' title='bbox 1359 1582 1561 1638; x_wconf 86' lang='lat' dir='ltr'>oblitus</span> <span class='ocrx_word' id='word_1_111' title='bbox 1592 1589 1670 1637; x_wconf 90' lang='lat' dir='ltr'>est</span> <span class='ocrx_word' id='word_1_112' title='bbox 1712 1581 1880 1636; x_wconf 84' lang='lat' dir='ltr'>Israel</span> 
     </span>
    </p>
   </div>
   <div class='ocr_carea' id='block_1_17' title="bbox 224 1669 1880 1741">
    <p class='ocr_par' dir='ltr' id='par_1_17' title="bbox 224 1669 1880 1741">
     <span class='ocr_line' id='line_1_17' title="bbox 224 1669 1880 1741; baseline -0.001 -15"><span class='ocrx_word' id='word_1_113' title='bbox 224 1685 354 1726; x_wconf 84' lang='lat' dir='ltr'>eum</span> <span class='ocrx_word' id='word_1_114' title='bbox 383 1672 480 1741; x_wconf 85' lang='lat' dir='ltr'>qui</span> <span class='ocrx_word' id='word_1_115' title='bbox 504 1671 633 1741; x_wconf 73' lang='lat' dir='ltr'>fecit</span> <span class='ocrx_word' id='word_1_116' title='bbox 661 1670 845 1741; x_wconf 89' lang='lat' dir='ltr'>illum,</span> <span class='ocrx_word' id='word_1_117' title='bbox 864 1674 915 1725; x_wconf 89' lang='lat' dir='ltr'>et</span> <span class='ocrx_word' id='word_1_118' title='bbox 937 1671 1345 1741; x_wconf 63' lang='lat' dir='ltr'>mdiﬁcuverunt</span> <span class='ocrx_word' id='word_1_119' title='bbox 1365 1671 1612 1736; x_wconf 87' lang='lat' dir='ltr'>delubra,</span> <span class='ocrx_word' id='word_1_120' title='bbox 1633 1674 1686 1725; x_wconf 90' lang='lat' dir='ltr'>et</span> <span class='ocrx_word' id='word_1_121' title='bbox 1703 1669 1880 1727; x_wconf 71' lang='lat' dir='ltr'>ludas</span> 
     </span>
    </p>
   </div>
   <div class='ocr_carea' id='block_1_18' title="bbox 226 1758 1882 1832">
    <p class='ocr_par' dir='ltr' id='par_1_18' title="bbox 226 1758 1882 1832">
     <span class='ocr_line' id='line_1_18' title="bbox 226 1758 1882 1832; baseline 0 -19"><span class='ocrx_word' id='word_1_122' title='bbox 226 1758 620 1829; x_wconf 73' lang='lat' dir='ltr'>multiplicauit</span> <span class='ocrx_word' id='word_1_123' title='bbox 648 1759 804 1815; x_wconf 80' lang='lat' dir='ltr'>urbes</span> <span class='ocrx_word' id='word_1_124' title='bbox 834 1762 1078 1815; x_wconf 88' lang='lat' dir='ltr'>munitas</span> <span class='ocrx_word' id='word_1_125' title='bbox 1109 1760 1216 1832; x_wconf 84' lang='grc' dir='ltr'>[ΑΙ.</span> <span class='ocrx_word' id='word_1_126' title='bbox 1239 1761 1527 1831; x_wconf 85' lang='lat' dir='ltr'>muratos],</span> <span class='ocrx_word' id='word_1_127' title='bbox 1556 1768 1606 1815; x_wconf 91' lang='lat' dir='ltr'>et</span> <span class='ocrx_word' id='word_1_128' title='bbox 1634 1761 1882 1815; x_wconf 84' lang='lat' dir='ltr'>emittam</span> 
     </span>
    </p>
   </div>
   <div class='ocr_carea' id='block_1_19' title="bbox 1984 600 3632 676">
    <p class='ocr_par' dir='ltr' id='par_1_19' title="bbox 1984 600 3632 676">
     <span class='ocr_line' id='line_1_19' title="bbox 1984 600 3632 676; baseline -0.002 -15"><span class='ocrx_word' id='word_1_129' title='bbox 1984 621 2190 661; x_wconf 87' lang='lat' dir='ltr'>surum</span> <span class='ocrx_word' id='word_1_130' title='bbox 2220 619 2348 660; x_wconf 90' lang='lat' dir='ltr'>esse</span> <span class='ocrx_word' id='word_1_131' title='bbox 2366 620 2428 658; x_wconf 90' lang='lat' dir='ltr'>se</span> <span class='ocrx_word' id='word_1_132' title='bbox 2457 602 2616 668; x_wconf 88' lang='lat' dir='ltr'>dicit,</span> <span class='ocrx_word' id='word_1_133' title='bbox 2631 608 2689 660; x_wconf 91' lang='lat' dir='ltr'>et</span> <span class='ocrx_word' id='word_1_134' title='bbox 2714 603 3120 658; x_wconf 89' lang='lat' dir='ltr'>devoratorum</span> <span class='ocrx_word' id='word_1_135' title='bbox 3153 600 3227 673; x_wconf 88' lang='lat' dir='ltr'>(b)</span> <span class='ocrx_word' id='word_1_136' title='bbox 3263 600 3448 676; x_wconf 84' lang='grc' dir='ltr'>βάρεις</span> <span class='ocrx_word' id='word_1_137' title='bbox 3479 602 3632 673; x_wconf 88' lang='lat' dir='ltr'>ejus,</span> 
     </span>
    </p>
   </div>
   <div class='ocr_carea' id='block_1_20' title="bbox 1985 690 3632 765">
    <p class='ocr_par' dir='ltr' id='par_1_20' title="bbox 1985 690 3632 765">
     <span class='ocr_line' id='line_1_20' title="bbox 1985 690 3632 765; baseline 0 -17"><span class='ocrx_word' id='word_1_138' title='bbox 1985 695 2044 749; x_wconf 90' lang='lat' dir='ltr'>id</span> <span class='ocrx_word' id='word_1_139' title='bbox 2077 700 2184 762; x_wconf 90' lang='lat' dir='ltr'>est,</span> <span class='ocrx_word' id='word_1_140' title='bbox 2205 711 2452 765; x_wconf 86' lang='lat' dir='ltr'>magnas</span> <span class='ocrx_word' id='word_1_141' title='bbox 2481 697 2536 748; x_wconf 89' lang='lat' dir='ltr'>et</span> <span class='ocrx_word' id='word_1_142' title='bbox 2557 693 2617 747; x_wconf 89' lang='lat' dir='ltr'>in</span> <span class='ocrx_word' id='word_1_143' title='bbox 2650 692 2890 747; x_wconf 90' lang='lat' dir='ltr'>modum</span> <span class='ocrx_word' id='word_1_144' title='bbox 2914 690 3167 746; x_wconf 91' lang='lat' dir='ltr'>turrium</span> <span class='ocrx_word' id='word_1_145' title='bbox 3191 690 3504 760; x_wconf 58' lang='lat' dir='ltr'>aedificatae</span> <span class='ocrx_word' id='word_1_146' title='bbox 3530 691 3632 748; x_wconf 92' lang='lat' dir='ltr'>do-</span> 
     </span>
    </p>
   </div>
   <div class='ocr_carea' id='block_1_21' title="bbox 1985 780 3636 853">
    <p class='ocr_par' dir='ltr' id='par_1_21' title="bbox 1985 780 3636 853">
     <span class='ocr_line' id='line_1_21' title="bbox 1985 780 3636 853; baseline -0.003 -11"><span class='ocrx_word' id='word_1_147' title='bbox 1985 803 2115 842; x_wconf 88' lang='lat' dir='ltr'>mos</span> <span class='ocrx_word' id='word_1_148' title='bbox 2147 801 2160 842; x_wconf 90' lang='lat'><strong>:</strong></span> <span class='ocrx_word' id='word_1_149' title='bbox 2193 790 2250 840; x_wconf 87' lang='lat' dir='ltr'>et</span> <span class='ocrx_word' id='word_1_150' title='bbox 2279 783 2659 838; x_wconf 88' lang='lat' dir='ltr'>fundamenta</span> <span class='ocrx_word' id='word_1_151' title='bbox 2688 780 2838 837; x_wconf 89' lang='lat' dir='ltr'>male</span> <span class='ocrx_word' id='word_1_152' title='bbox 2865 780 3053 853; x_wconf 89' lang='lat' dir='ltr'>posita</span> <span class='ocrx_word' id='word_1_153' title='bbox 3084 781 3526 848; x_wconf 89' lang='lat' dir='ltr'>subversurum,</span> <span class='ocrx_word' id='word_1_154' title='bbox 3562 799 3636 838; x_wconf 90' lang='lat' dir='ltr'>ne</span> 
     </span>
    </p>
   </div>
   <div class='ocr_carea' id='block_1_22' title="bbox 1987 869 3631 946">
    <p class='ocr_par' dir='ltr' id='par_1_22' title="bbox 1987 869 3631 946">
     <span class='ocr_line' id='line_1_22' title="bbox 1987 869 3631 946; baseline -0.001 -17"><span class='ocrx_word' id='word_1_155' title='bbox 1987 873 2215 946; x_wconf 84' lang='lat' dir='ltr'>possint</span> <span class='ocrx_word' id='word_1_156' title='bbox 2243 872 2548 944; x_wconf 85' lang='lat' dir='ltr'>sacrilegia</span> <span class='ocrx_word' id='word_1_157' title='bbox 2561 875 2762 928; x_wconf 91' lang='lat' dir='ltr'>contra</span> <span class='ocrx_word' id='word_1_158' title='bbox 2789 872 2974 926; x_wconf 90' lang='lat' dir='ltr'>Deum</span> <span class='ocrx_word' id='word_1_159' title='bbox 3007 869 3251 925; x_wconf 84' lang='lat' dir='ltr'>delubra</span> <span class='ocrx_word' id='word_1_160' title='bbox 3273 873 3631 927; x_wconf 89' lang='lat' dir='ltr'>construere.</span> 
     </span>
    </p>
   </div>
   <div class='ocr_carea' id='block_1_23' title="bbox 1986 959 3635 1028">
    <p class='ocr_par' dir='ltr' id='par_1_23' title="bbox 1986 959 3635 1028">
     <span class='ocr_line' id='line_1_23' title="bbox 1986 959 3635 1028; baseline -0.002 -11"><span class='ocrx_word' id='word_1_161' title='bbox 1986 963 2234 1027; x_wconf 84' lang='lat' dir='ltr'>Quidam</span> <span class='ocrx_word' id='word_1_162' title='bbox 2255 962 2429 1017; x_wconf 83' lang='lat' dir='ltr'>urbes</span> <span class='ocrx_word' id='word_1_163' title='bbox 2447 961 2643 1016; x_wconf 88' lang='lat' dir='ltr'>aJuda</span> <span class='ocrx_word' id='word_1_164' title='bbox 2665 960 2994 1014; x_wconf 86' lang='lat' dir='ltr'>munitasin</span> <span class='ocrx_word' id='word_1_165' title='bbox 3009 959 3223 1014; x_wconf 89' lang='lat' dir='ltr'>bonam</span> <span class='ocrx_word' id='word_1_166' title='bbox 3246 963 3468 1028; x_wconf 88' lang='lat' dir='ltr'>partem</span> <span class='ocrx_word' id='word_1_167' title='bbox 3492 960 3635 1026; x_wconf 82' lang='lat' dir='ltr'>acci-</span> 
     </span>
    </p>
   </div>
   <div class='ocr_carea' id='block_1_24' title="bbox 1985 1047 3635 1123">
    <p class='ocr_par' dir='ltr' id='par_1_24' title="bbox 1985 1047 3635 1123">
     <span class='ocr_line' id='line_1_24' title="bbox 1985 1047 3635 1123; baseline -0.002 -17"><span class='ocrx_word' id='word_1_168' title='bbox 1985 1051 2174 1123; x_wconf 92' lang='lat' dir='ltr'>piunt,</span> <span class='ocrx_word' id='word_1_169' title='bbox 2199 1056 2255 1106; x_wconf 91' lang='lat' dir='ltr'>et</span> <span class='ocrx_word' id='word_1_170' title='bbox 2284 1050 2428 1105; x_wconf 91' lang='lat' dir='ltr'>illud</span> <span class='ocrx_word' id='word_1_171' title='bbox 2452 1050 2606 1121; x_wconf 91' lang='lat' dir='ltr'>quod</span> <span class='ocrx_word' id='word_1_172' title='bbox 2632 1049 2771 1104; x_wconf 86' lang='lat' dir='ltr'>huic</span> <span class='ocrx_word' id='word_1_173' title='bbox 2803 1047 3001 1104; x_wconf 87' lang='lat' dir='ltr'>sensui</span> <span class='ocrx_word' id='word_1_174' title='bbox 3025 1047 3381 1103; x_wconf 89' lang='lat' dir='ltr'>contrarium</span> <span class='ocrx_word' id='word_1_175' title='bbox 3400 1048 3635 1104; x_wconf 87' lang='lat' dir='ltr'>videba-</span> 
     </span>
    </p>
   </div>
   <div class='ocr_carea' id='block_1_25' title="bbox 1986 1137 3642 1209">
    <p class='ocr_par' dir='ltr' id='par_1_25' title="bbox 1986 1137 3642 1209">
     <span class='ocr_line' id='line_1_25' title="bbox 1986 1137 3642 1209; baseline -0.002 -13"><span class='ocrx_word' id='word_1_176' title='bbox 1986 1146 2083 1196; x_wconf 89' lang='lat' dir='ltr'>tur</span> <span class='ocrx_word' id='word_1_177' title='bbox 2116 1159 2129 1195; x_wconf 89' lang='lat'>:</span> <span class='ocrx_word' id='word_1_178' title='bbox 2164 1143 2459 1195; x_wconf 77' lang='lat' dir='ltr'>immittam</span> <span class='ocrx_word' id='word_1_179' title='bbox 2503 1141 2685 1209; x_wconf 87' lang='lat' dir='ltr'>ignem</span> <span class='ocrx_word' id='word_1_180' title='bbox 2732 1140 2792 1192; x_wconf 87' lang='lat' dir='ltr'>in</span> <span class='ocrx_word' id='word_1_181' title='bbox 2823 1139 3072 1193; x_wconf 88' lang='lat' dir='ltr'>civitates</span> <span class='ocrx_word' id='word_1_182' title='bbox 3122 1139 3256 1209; x_wconf 83' lang='lat' dir='ltr'>ejus,</span> <span class='ocrx_word' id='word_1_183' title='bbox 3283 1140 3334 1192; x_wconf 89' lang='lat' dir='ltr'>et</span> <span class='ocrx_word' id='word_1_184' title='bbox 3362 1137 3642 1193; x_wconf 87' lang='lat' dir='ltr'>devorabit</span> 
     </span>
    </p>
   </div>
   <div class='ocr_carea' id='block_1_26' title="bbox 1985 1227 3641 1299">
    <p class='ocr_par' dir='ltr' id='par_1_26' title="bbox 1985 1227 3641 1299">
     <span class='ocr_line' id='line_1_26' title="bbox 1985 1227 3641 1299; baseline -0.003 -13"><span class='ocrx_word' id='word_1_185' title='bbox 1985 1231 2132 1288; x_wconf 56' lang='lat' dir='ltr'>edes</span> <span class='ocrx_word' id='word_1_186' title='bbox 2163 1230 2336 1299; x_wconf 85' lang='lat' dir='ltr'>illius,</span> <span class='ocrx_word' id='word_1_187' title='bbox 2358 1229 2440 1283; x_wconf 88' lang='lat' dir='ltr'>ita</span> <span class='ocrx_word' id='word_1_188' title='bbox 2468 1232 2794 1299; x_wconf 88' lang='lat' dir='ltr'>temperare</span> <span class='ocrx_word' id='word_1_189' title='bbox 2815 1227 3102 1294; x_wconf 91' lang='lat' dir='ltr'>nituntur,</span> <span class='ocrx_word' id='word_1_190' title='bbox 3126 1230 3191 1284; x_wconf 89' lang='lat' dir='ltr'>ut</span> <span class='ocrx_word' id='word_1_191' title='bbox 3221 1229 3532 1298; x_wconf 87' lang='lat' dir='ltr'>postquam</span> <span class='ocrx_word' id='word_1_192' title='bbox 3550 1243 3641 1281; x_wconf 89' lang='lat' dir='ltr'>ve-</span> 
     </span>
    </p>
   </div>
   <div class='ocr_carea' id='block_1_27' title="bbox 1988 1315 3639 1390">
    <p class='ocr_par' dir='ltr' id='par_1_27' title="bbox 1988 1315 3639 1390">
     <span class='ocr_line' id='line_1_27' title="bbox 1988 1315 3639 1390; baseline -0.003 -16"><span class='ocrx_word' id='word_1_193' title='bbox 1988 1319 2139 1374; x_wconf 90' lang='lat' dir='ltr'>nerit</span> <span class='ocrx_word' id='word_1_194' title='bbox 2162 1319 2312 1386; x_wconf 91' lang='lat' dir='ltr'>quod</span> <span class='ocrx_word' id='word_1_195' title='bbox 2343 1317 2662 1389; x_wconf 85' lang='lat' dir='ltr'>perfectum</span> <span class='ocrx_word' id='word_1_196' title='bbox 2693 1320 2802 1377; x_wconf 89' lang='lat' dir='ltr'>est,</span> <span class='ocrx_word' id='word_1_197' title='bbox 2828 1315 2886 1370; x_wconf 92' lang='lat' dir='ltr'>id</span> <span class='ocrx_word' id='word_1_198' title='bbox 2917 1316 3074 1387; x_wconf 90' lang='lat' dir='ltr'>quod</span> <span class='ocrx_word' id='word_1_199' title='bbox 3105 1332 3172 1370; x_wconf 88' lang='lat' dir='ltr'>ex</span> <span class='ocrx_word' id='word_1_200' title='bbox 3201 1319 3365 1387; x_wconf 89' lang='lat' dir='ltr'>parte</span> <span class='ocrx_word' id='word_1_201' title='bbox 3395 1319 3509 1390; x_wconf 80' lang='lat' dir='ltr'>est,</span> <span class='ocrx_word' id='word_1_202' title='bbox 3533 1315 3639 1370; x_wconf 86' lang='lat' dir='ltr'>de-</span> 
     </span>
    </p>
   </div>
   <div class='ocr_carea' id='block_1_28' title="bbox 1988 1403 3641 1478">
    <p class='ocr_par' dir='ltr' id='par_1_28' title="bbox 1988 1403 3641 1478">
     <span class='ocr_line' id='line_1_28' title="bbox 1988 1403 3641 1478; baseline -0.002 -14"><span class='ocrx_word' id='word_1_203' title='bbox 1988 1412 2266 1464; x_wconf 86' lang='lat' dir='ltr'>struatur.</span> <span class='ocrx_word' id='word_1_204' title='bbox 2299 1407 2458 1471; x_wconf 88' lang='lat' dir='ltr'>Quod</span> <span class='ocrx_word' id='word_1_205' title='bbox 2489 1407 2656 1475; x_wconf 83' lang='lat' dir='ltr'>juxta</span> <span class='ocrx_word' id='word_1_206' title='bbox 2677 1404 2818 1460; x_wconf 81' lang='lat' dir='ltr'>LXX</span> <span class='ocrx_word' id='word_1_207' title='bbox 2841 1405 3184 1476; x_wconf 76' lang='lat' dir='ltr'>interpretes</span> <span class='ocrx_word' id='word_1_208' title='bbox 3204 1403 3477 1478; x_wconf 79' lang='lat' dir='ltr'>legimus,</span> <span class='ocrx_word' id='word_1_209' title='bbox 3498 1410 3552 1471; x_wconf 62' lang='grc' dir='ltr'>σξη</span> <span class='ocrx_word' id='word_1_210' title='bbox 3588 1412 3641 1461; x_wconf 90' lang='lat' dir='ltr'>et</span> 
     </span>
    </p>
   </div>
   <div class='ocr_carea' id='block_1_29' title="bbox 1987 1479 3640 1568">
    <p class='ocr_par' dir='ltr' id='par_1_29' title="bbox 1987 1479 3640 1568">
     <span class='ocr_line' id='line_1_29' title="bbox 1987 1479 3640 1568; baseline -0.002 -16"><span class='ocrx_word' id='word_1_211' title='bbox 1987 1499 2044 1553; x_wconf 86' lang='lat' dir='ltr'>in</span> <span class='ocrx_word' id='word_1_212' title='bbox 2084 1498 2323 1568; x_wconf 84' lang='lat' dir='ltr'>Assyriis</span> <span class='ocrx_word' id='word_1_213' title='bbox 2370 1495 2658 1550; x_wconf 88' lang='lat' dir='ltr'>immunda</span> <span class='ocrx_word' id='word_1_214' title='bbox 2689 1494 3059 1557; x_wconf 78' lang='lat' dir='ltr'>comederunt,</span> <span class='ocrx_word' id='word_1_215' title='bbox 3091 1493 3150 1554; x_wconf 90' lang='lat' dir='ltr'>in</span> <span class='ocrx_word' id='word_1_216' title='bbox 3196 1492 3478 1554; x_wconf 88' lang='lat' dir='ltr'>Hebraico</span> <span class='ocrx_word' id='word_1_217' title='bbox 3524 1479 3640 1549; x_wconf 87' lang='lat' dir='ltr'>non</span> 
     </span>
    </p>
   </div>
   <div class='ocr_carea' id='block_1_30' title="bbox 1987 1581 3632 1654">
    <p class='ocr_par' dir='ltr' id='par_1_30' title="bbox 1987 1581 3632 1654">
     <span class='ocr_line' id='line_1_30' title="bbox 1987 1581 3632 1654; baseline -0.003 -12"><span class='ocrx_word' id='word_1_218' title='bbox 1987 1586 2254 1648; x_wconf 80' lang='lat' dir='ltr'>habetur,</span> <span class='ocrx_word' id='word_1_219' title='bbox 2285 1588 2343 1640; x_wconf 92' lang='lat' dir='ltr'>et</span> <span class='ocrx_word' id='word_1_220' title='bbox 2372 1583 2587 1638; x_wconf 91' lang='lat' dir='ltr'>idcirco</span> <span class='ocrx_word' id='word_1_221' title='bbox 2620 1582 2784 1639; x_wconf 90' lang='lat' dir='ltr'>obelo</span> <span class='ocrx_word' id='word_1_222' title='bbox 2815 1581 3260 1654; x_wconf 72' lang='lat' dir='ltr'>praenotandum</span> <span class='ocrx_word' id='word_1_223' title='bbox 3291 1585 3398 1638; x_wconf 88' lang='lat' dir='ltr'>est.</span> <span class='ocrx_word' id='word_1_224' title='bbox 3423 1581 3632 1637; x_wconf 89' lang='lat' dir='ltr'>Possu-</span> 
     </span>
    </p>
   </div>
   <div class='ocr_carea' id='block_1_31' title="bbox 1989 1669 3638 1744">
    <p class='ocr_par' dir='ltr' id='par_1_31' title="bbox 1989 1669 3638 1744">
     <span class='ocr_line' id='line_1_31' title="bbox 1989 1669 3638 1744; baseline -0.002 -16"><span class='ocrx_word' id='word_1_225' title='bbox 1989 1690 2122 1728; x_wconf 88' lang='lat' dir='ltr'>mus</span> <span class='ocrx_word' id='word_1_226' title='bbox 2145 1677 2340 1728; x_wconf 89' lang='lat' dir='ltr'>autem</span> <span class='ocrx_word' id='word_1_227' title='bbox 2370 1673 2467 1727; x_wconf 74' lang='lat'>91</span> <span class='ocrx_word' id='word_1_228' title='bbox 2505 1672 2716 1738; x_wconf 89' lang='lat' dir='ltr'>dicere,</span> <span class='ocrx_word' id='word_1_229' title='bbox 2735 1671 2888 1742; x_wconf 91' lang='lat' dir='ltr'>quod</span> <span class='ocrx_word' id='word_1_230' title='bbox 2907 1669 3306 1728; x_wconf 86' lang='lat' dir='ltr'>desiderantes</span> <span class='ocrx_word' id='word_1_231' title='bbox 3324 1669 3638 1744; x_wconf 70' lang='lat' dir='ltr'>Egyptum</span> 
     </span>
    </p>
   </div>
   <div class='ocr_carea' id='block_1_32' title="bbox 1989 1757 3642 1834">
    <p class='ocr_par' dir='ltr' id='par_1_32' title="bbox 1989 1757 3642 1834">
     <span class='ocr_line' id='line_1_32' title="bbox 1989 1757 3642 1834; baseline -0.002 -16"><span class='ocrx_word' id='word_1_232' title='bbox 1989 1762 2288 1829; x_wconf 83' lang='lat' dir='ltr'>Israelitae,</span> <span class='ocrx_word' id='word_1_233' title='bbox 2321 1761 2473 1832; x_wconf 89' lang='lat' dir='ltr'>capti</span> <span class='ocrx_word' id='word_1_234' title='bbox 2506 1760 2578 1815; x_wconf 80' lang='lat' dir='ltr'>ab</span> <span class='ocrx_word' id='word_1_235' title='bbox 2606 1759 2880 1834; x_wconf 83' lang='lat' dir='ltr'>Assyriis,</span> <span class='ocrx_word' id='word_1_236' title='bbox 2915 1757 2996 1813; x_wconf 87' lang='lat' dir='ltr'>ibi</span> <span class='ocrx_word' id='word_1_237' title='bbox 3035 1758 3345 1818; x_wconf 89' lang='lat' dir='ltr'>immunda</span> <span class='ocrx_word' id='word_1_238' title='bbox 3374 1759 3642 1823; x_wconf 83' lang='lat' dir='ltr'>comede-</span> 
     </span>
    </p>
   </div>
   <div class='ocr_carea' id='block_1_33' title="bbox 228 1845 3647 1938">
    <p class='ocr_par' dir='ltr' id='par_1_33' title="bbox 228 1845 3647 1938">
     <span class='ocr_line' id='line_1_33' title="bbox 228 1845 3647 1938; baseline 0 -36"><span class='ocrx_word' id='word_1_239' title='bbox 531 1848 775 1938; x_wconf 77' lang='lat' dir='ltr'>civitates</span> <span class='ocrx_word' id='word_1_240' title='bbox 803 1849 941 1919; x_wconf 83' lang='lat' dir='ltr'>ejus,</span> <span class='ocrx_word' id='word_1_241' title='bbox 964 1851 1013 1904; x_wconf 85' lang='lat' dir='ltr'>et</span> <span class='ocrx_word' id='word_1_242' title='bbox 1042 1849 1324 1905; x_wconf 77' lang='lat' dir='ltr'>devorabtt</span> <span class='ocrx_word' id='word_1_243' title='bbox 1341 1849 1708 1920; x_wconf 80' lang='lat' dir='ltr'>fundamenta</span> <span class='ocrx_word' id='word_1_244' title='bbox 1737 1850 1874 1938; x_wconf 72' lang='lat' dir='ltr'>ejus.</span> <span class='ocrx_word' id='word_1_245' title='bbox 1909 1874 1956 1938; x_wconf 79' lang='grc' dir='ltr'>Β</span> <span class='ocrx_word' id='word_1_246' title='bbox 1991 1851 2128 1919; x_wconf 88' lang='lat' dir='ltr'>rint,</span> <span class='ocrx_word' id='word_1_247' title='bbox 2154 1853 2325 1922; x_wconf 79' lang='lat' dir='ltr'>juxta</span> <span class='ocrx_word' id='word_1_248' title='bbox 2354 1847 2901 1938; x_wconf 15' lang='lat' dir='ltr'>Ezechielem,iquis</span> <span class='ocrx_word' id='word_1_249' title='bbox 2931 1865 3030 1902; x_wconf 91' lang='lat' dir='ltr'>eos</span> <span class='ocrx_word' id='word_1_250' title='bbox 3061 1847 3119 1904; x_wconf 92' lang='lat' dir='ltr'>in</span> <span class='ocrx_word' id='word_1_251' title='bbox 3151 1845 3419 1902; x_wconf 76' lang='lat' dir='ltr'>Chaldaea</span> <span class='ocrx_word' id='word_1_252' title='bbox 3465 1845 3647 1902; x_wconf 88' lang='lat' dir='ltr'>idolo-</span> 
     </span>
    </p>
   </div>
   <div class='ocr_carea' id='block_1_34' title="bbox 221 1932 1880 2009">
    <p class='ocr_par' dir='ltr' id='par_1_34' title="bbox 221 1932 1880 2009">
     <span class='ocr_line' id='line_1_34' title="bbox 221 1932 1880 2009; baseline 0.001 -19"><span class='ocrx_word' id='word_1_253' title='bbox 221 1934 386 1990; x_wconf 84' lang='lat' dir='ltr'>lnter</span> <span class='ocrx_word' id='word_1_254' title='bbox 411 1932 662 2007; x_wconf 82' lang='grc' dir='ltr'>ἀνομίαν,</span> <span class='ocrx_word' id='word_1_255' title='bbox 695 1936 754 1991; x_wconf 89' lang='lat' dir='ltr'>id</span> <span class='ocrx_word' id='word_1_256' title='bbox 794 1940 901 2003; x_wconf 88' lang='lat' dir='ltr'>est,</span> <span class='ocrx_word' id='word_1_257' title='bbox 935 1939 1304 2008; x_wconf 83' lang='lat' dir='ltr'>iniquitatem,</span> <span class='ocrx_word' id='word_1_258' title='bbox 1336 1941 1389 1993; x_wconf 89' lang='lat' dir='ltr'>et</span> <span class='ocrx_word' id='word_1_259' title='bbox 1435 1946 1737 2009; x_wconf 88' lang='lat' dir='ltr'>peccatum,</span> <span class='ocrx_word' id='word_1_260' title='bbox 1771 1937 1880 1992; x_wconf 87' lang='lat' dir='ltr'>hoc</span> 
     </span>
    </p>
   </div>
   <div class='ocr_carea' id='block_1_35' title="bbox 222 2021 1882 2099">
    <p class='ocr_par' dir='ltr' id='par_1_35' title="bbox 222 2021 1882 2099">
     <span class='ocr_line' id='line_1_35' title="bbox 222 2021 1882 2099; baseline 0.002 -21"><span class='ocrx_word' id='word_1_261' title='bbox 222 2021 494 2091; x_wconf 78' lang='lat' dir='ltr'>interest,</span> <span class='ocrx_word' id='word_1_262' title='bbox 514 2024 668 2095; x_wconf 92' lang='lat' dir='ltr'>quod</span> <span class='ocrx_word' id='word_1_263' title='bbox 687 2023 1026 2096; x_wconf 87' lang='lat' dir='ltr'>iniquitates</span> <span class='ocrx_word' id='word_1_264' title='bbox 1048 2029 1181 2080; x_wconf 86' lang='lat' dir='ltr'>ante</span> <span class='ocrx_word' id='word_1_265' title='bbox 1199 2025 1406 2099; x_wconf 86' lang='lat' dir='ltr'>legem,</span> <span class='ocrx_word' id='word_1_266' title='bbox 1425 2031 1723 2097; x_wconf 90' lang='lat' dir='ltr'>peccatum</span> <span class='ocrx_word' id='word_1_267' title='bbox 1750 2030 1882 2097; x_wconf 89' lang='lat' dir='ltr'>post</span> 
     </span>
    </p>
   </div>
   <div class='ocr_carea' id='block_1_36' title="bbox 221 2109 1880 2186">
    <p class='ocr_par' dir='ltr' id='par_1_36' title="bbox 221 2109 1880 2186">
     <span class='ocr_line' id='line_1_36' title="bbox 221 2109 1880 2186; baseline 0.004 -21"><span class='ocrx_word' id='word_1_268' title='bbox 221 2109 414 2183; x_wconf 82' lang='lat' dir='ltr'>legem</span> <span class='ocrx_word' id='word_1_269' title='bbox 446 2116 555 2180; x_wconf 82' lang='lat' dir='ltr'>est,</span> <span class='ocrx_word' id='word_1_270' title='bbox 589 2116 646 2168; x_wconf 90' lang='lat' dir='ltr'>et</span> <span class='ocrx_word' id='word_1_271' title='bbox 675 2113 774 2183; x_wconf 91' lang='lat' dir='ltr'>qui</span> <span class='ocrx_word' id='word_1_272' title='bbox 806 2119 1149 2185; x_wconf 87' lang='lat' dir='ltr'>permanent</span> <span class='ocrx_word' id='word_1_273' title='bbox 1174 2115 1233 2169; x_wconf 91' lang='lat' dir='ltr'>in</span> <span class='ocrx_word' id='word_1_274' title='bbox 1265 2114 1516 2181; x_wconf 88' lang='lat' dir='ltr'>delictis,</span> <span class='ocrx_word' id='word_1_275' title='bbox 1541 2115 1880 2186; x_wconf 88' lang='lat' dir='ltr'>iniquitates</span> 
     </span>
    </p>
   </div>
   <div class='ocr_carea' id='block_1_37' title="bbox 225 2201 1881 2275">
    <p class='ocr_par' dir='ltr' id='par_1_37' title="bbox 225 2201 1881 2275">
     <span class='ocr_line' id='line_1_37' title="bbox 225 2201 1881 2275; baseline 0.002 -21"><span class='ocrx_word' id='word_1_276' title='bbox 225 2213 443 2255; x_wconf 82' lang='lat' dir='ltr'>eorum</span> <span class='ocrx_word' id='word_1_277' title='bbox 458 2201 736 2256; x_wconf 89' lang='lat' dir='ltr'>Dominus</span> <span class='ocrx_word' id='word_1_278' title='bbox 755 2201 1178 2266; x_wconf 85' lang='lat' dir='ltr'>recordabitur,</span> <span class='ocrx_word' id='word_1_279' title='bbox 1195 2219 1342 2274; x_wconf 90' lang='lat' dir='ltr'>quas</span> <span class='ocrx_word' id='word_1_280' title='bbox 1365 2206 1497 2258; x_wconf 89' lang='lat' dir='ltr'>ante</span> <span class='ocrx_word' id='word_1_281' title='bbox 1512 2202 1700 2275; x_wconf 86' lang='lat' dir='ltr'>legem</span> <span class='ocrx_word' id='word_1_282' title='bbox 1727 2220 1881 2259; x_wconf 88' lang='lat' dir='ltr'>com-</span> 
     </span>
    </p>
   </div>
   <div class='ocr_carea' id='block_1_38' title="bbox 226 2287 1879 2360">
    <p class='ocr_par' dir='ltr' id='par_1_38' title="bbox 226 2287 1879 2360">
     <span class='ocr_line' id='line_1_38' title="bbox 226 2287 1879 2360; baseline 0.004 -19"><span class='ocrx_word' id='word_1_283' title='bbox 226 2287 514 2342; x_wconf 80' lang='lat' dir='ltr'>miserant</span> <span class='ocrx_word' id='word_1_284' title='bbox 538 2304 551 2344; x_wconf 83' lang='lat'><strong>:</strong></span> <span class='ocrx_word' id='word_1_285' title='bbox 584 2294 959 2360; x_wconf 79' lang='lat' dir='ltr'>peccatorum.</span> <span class='ocrx_word' id='word_1_286' title='bbox 974 2295 1168 2346; x_wconf 85' lang='lat' dir='ltr'>autem</span> <span class='ocrx_word' id='word_1_287' title='bbox 1192 2308 1305 2347; x_wconf 91' lang='lat' dir='ltr'>non</span> <span class='ocrx_word' id='word_1_288' title='bbox 1338 2293 1754 2360; x_wconf 86' lang='lat' dir='ltr'>recordabitur,</span> <span class='ocrx_word' id='word_1_289' title='bbox 1778 2293 1879 2348; x_wconf 91' lang='lat' dir='ltr'>sed</span> 
     </span>
    </p>
   </div>
   <div class='ocr_carea' id='block_1_39' title="bbox 223 2375 1878 2452">
    <p class='ocr_par' dir='ltr' id='par_1_39' title="bbox 223 2375 1878 2452">
     <span class='ocr_line' id='line_1_39' title="bbox 223 2375 1878 2452; baseline 0.003 -21"><span class='ocrx_word' id='word_1_290' title='bbox 223 2375 401 2431; x_wconf 75' lang='lat' dir='ltr'>faciet</span> <span class='ocrx_word' id='word_1_291' title='bbox 431 2376 734 2433; x_wconf 86' lang='lat' dir='ltr'>ultionem.</span> <span class='ocrx_word' id='word_1_292' title='bbox 760 2379 890 2434; x_wconf 91' lang='lat' dir='ltr'>Ideo</span> <span class='ocrx_word' id='word_1_293' title='bbox 923 2383 1116 2434; x_wconf 89' lang='lat' dir='ltr'>autem</span> <span class='ocrx_word' id='word_1_294' title='bbox 1147 2384 1203 2435; x_wconf 90' lang='lat' dir='ltr'>et</span> <span class='ocrx_word' id='word_1_295' title='bbox 1222 2384 1484 2436; x_wconf 90' lang='lat' dir='ltr'>veterum</span> <span class='ocrx_word' id='word_1_296' title='bbox 1509 2381 1878 2452; x_wconf 81' lang='lat' dir='ltr'>iniquitatem</span> 
     </span>
    </p>
   </div>
   <div class='ocr_carea' id='block_1_40' title="bbox 221 2465 1878 2541">
    <p class='ocr_par' dir='ltr' id='par_1_40' title="bbox 221 2465 1878 2541">
     <span class='ocr_line' id='line_1_40' title="bbox 221 2465 1878 2541; baseline 0.002 -21"><span class='ocrx_word' id='word_1_297' title='bbox 221 2465 650 2533; x_wconf 78' lang='lat' dir='ltr'>recordabitur,</span> <span class='ocrx_word' id='word_1_298' title='bbox 681 2470 738 2522; x_wconf 86' lang='lat' dir='ltr'>et</span> <span class='ocrx_word' id='word_1_299' title='bbox 767 2472 1003 2538; x_wconf 85' lang='lat' dir='ltr'>peccata</span> <span class='ocrx_word' id='word_1_300' title='bbox 1032 2467 1277 2540; x_wconf 85' lang='lat' dir='ltr'>pristina</span> <span class='ocrx_word' id='word_1_301' title='bbox 1307 2469 1571 2524; x_wconf 88' lang='lat' dir='ltr'>visitabit</span> <span class='ocrx_word' id='word_1_302' title='bbox 1603 2486 1616 2523; x_wconf 92' lang='lat'><strong>:</strong></span> <span class='ocrx_word' id='word_1_303' title='bbox 1651 2469 1790 2541; x_wconf 89' lang='lat' dir='ltr'>quia</span> <span class='ocrx_word' id='word_1_304' title='bbox 1819 2469 1878 2524; x_wconf 91' lang='lat' dir='ltr'>in</span> 
     </span>
    </p>
   </div>
   <div class='ocr_carea' id='block_1_41' title="bbox 219 2553 1880 2630">
    <p class='ocr_par' dir='ltr' id='par_1_41' title="bbox 219 2553 1880 2630">
     <span class='ocr_line' id='line_1_41' title="bbox 219 2553 1880 2630; baseline 0.004 -23"><span class='ocrx_word' id='word_1_305' title='bbox 219 2553 544 2626; x_wconf 60' lang='lat' dir='ltr'>[Egyptum-</span> <span class='ocrx_word' id='word_1_306' title='bbox 573 2558 713 2609; x_wconf 87' lang='lat' dir='ltr'>sunt</span> <span class='ocrx_word' id='word_1_307' title='bbox 743 2556 975 2624; x_wconf 89' lang='lat' dir='ltr'>reversi,</span> <span class='ocrx_word' id='word_1_308' title='bbox 1004 2557 1093 2611; x_wconf 90' lang='lat' dir='ltr'>vel</span> <span class='ocrx_word' id='word_1_309' title='bbox 1125 2557 1338 2612; x_wconf 88' lang='lat' dir='ltr'>auxilia</span> <span class='ocrx_word' id='word_1_310' title='bbox 1377 2557 1764 2630; x_wconf 87' lang='lat' dir='ltr'>postulantes,</span> <span class='ocrx_word' id='word_1_311' title='bbox 1792 2559 1880 2615; x_wconf 92' lang='lat' dir='ltr'>vel</span> 
     </span>
    </p>
   </div>
   <div class='ocr_carea' id='block_1_42' title="bbox 219 2641 1878 2720">
    <p class='ocr_par' dir='ltr' id='par_1_42' title="bbox 219 2641 1878 2720">
     <span class='ocr_line' id='line_1_42' title="bbox 219 2641 1878 2720; baseline 0.002 -22"><span class='ocrx_word' id='word_1_312' title='bbox 219 2641 468 2698; x_wconf 84' lang='lat' dir='ltr'>eosdem</span> <span class='ocrx_word' id='word_1_313' title='bbox 499 2641 752 2699; x_wconf 86' lang='lat' dir='ltr'>colentes</span> <span class='ocrx_word' id='word_1_314' title='bbox 782 2645 941 2715; x_wconf 91' lang='lat' dir='ltr'>deos,</span> <span class='ocrx_word' id='word_1_315' title='bbox 975 2645 1034 2700; x_wconf 89' lang='lat' dir='ltr'>in</span> <span class='ocrx_word' id='word_1_316' title='bbox 1075 2646 1291 2717; x_wconf 88' lang='lat' dir='ltr'>quibus</span> <span class='ocrx_word' id='word_1_317' title='bbox 1321 2647 1483 2718; x_wconf 88' lang='lat' dir='ltr'>prius</span> <span class='ocrx_word' id='word_1_318' title='bbox 1526 2652 1878 2720; x_wconf 88' lang='lat' dir='ltr'>erraverant,</span> 
     </span>
    </p>
   </div>
   <div class='ocr_carea' id='block_1_43' title="bbox 220 2725 1883 2806">
    <p class='ocr_par' dir='ltr' id='par_1_43' title="bbox 220 2725 1883 2806">
     <span class='ocr_line' id='line_1_43' title="bbox 220 2725 1883 2806; baseline 0.005 -24"><span class='ocrx_word' id='word_1_319' title='bbox 220 2725 353 2782; x_wconf 77' lang='grc' dir='ltr'>ἅπιν</span> <span class='ocrx_word' id='word_1_320' title='bbox 375 2733 435 2786; x_wconf 89' lang='lat' dir='ltr'>et</span> <span class='ocrx_word' id='word_1_321' title='bbox 459 2733 660 2801; x_wconf 83' lang='grc' dir='ltr'>μνεῦιν.</span> <span class='ocrx_word' id='word_1_322' title='bbox 690 2731 917 2788; x_wconf 80' lang='lat' dir='ltr'>Oblitus</span> <span class='ocrx_word' id='word_1_323' title='bbox 939 2737 1030 2789; x_wconf 83' lang='lat' dir='ltr'>est</span> <span class='ocrx_word' id='word_1_324' title='bbox 1054 2734 1209 2789; x_wconf 90' lang='lat' dir='ltr'>enim</span> <span class='ocrx_word' id='word_1_325' title='bbox 1233 2734 1410 2790; x_wconf 87' lang='lat' dir='ltr'>Israel</span> <span class='ocrx_word' id='word_1_326' title='bbox 1434 2735 1668 2791; x_wconf 85' lang='lat' dir='ltr'>factoris</span> <span class='ocrx_word' id='word_1_327' title='bbox 1690 2735 1802 2806; x_wconf 88' lang='lat' dir='ltr'>sui,</span> <span class='ocrx_word' id='word_1_328' title='bbox 1826 2739 1883 2791; x_wconf 91' lang='lat' dir='ltr'>et</span> 
     </span>
    </p>
   </div>
   <div class='ocr_carea' id='block_1_44' title="bbox 220 2818 1878 2892">
    <p class='ocr_par' dir='ltr' id='par_1_44' title="bbox 220 2818 1878 2892">
     <span class='ocr_line' id='line_1_44' title="bbox 220 2818 1878 2892; baseline 0.003 -18"><span class='ocrx_word' id='word_1_329' title='bbox 220 2818 542 2882; x_wconf 59' lang='lat' dir='ltr'>aediﬁcavit</span> <span class='ocrx_word' id='word_1_330' title='bbox 567 2820 812 2876; x_wconf 86' lang='lat' dir='ltr'>delubra</span> <span class='ocrx_word' id='word_1_331' title='bbox 839 2820 898 2876; x_wconf 90' lang='lat' dir='ltr'>in</span> <span class='ocrx_word' id='word_1_332' title='bbox 930 2821 1194 2892; x_wconf 88' lang='lat' dir='ltr'>excelsis,</span> <span class='ocrx_word' id='word_1_333' title='bbox 1229 2827 1382 2879; x_wconf 89' lang='lat' dir='ltr'>totos</span> <span class='ocrx_word' id='word_1_334' title='bbox 1414 2823 1588 2879; x_wconf 89' lang='lat' dir='ltr'>colles</span> <span class='ocrx_word' id='word_1_335' title='bbox 1622 2828 1678 2879; x_wconf 91' lang='lat' dir='ltr'>et</span> <span class='ocrx_word' id='word_1_336' title='bbox 1715 2841 1878 2892; x_wconf 75' lang='lat' dir='ltr'>mon~</span> 
     </span>
    </p>
   </div>
   <div class='ocr_carea' id='block_1_45' title="bbox 224 2909 1880 2980">
    <p class='ocr_par' dir='ltr' id='par_1_45' title="bbox 224 2909 1880 2980">
     <span class='ocr_line' id='line_1_45' title="bbox 224 2909 1880 2980; baseline 0.004 -18"><span class='ocrx_word' id='word_1_337' title='bbox 224 2911 344 2975; x_wconf 78' lang='lat' dir='ltr'>tes,</span> <span class='ocrx_word' id='word_1_338' title='bbox 377 2911 438 2962; x_wconf 84' lang='lat' dir='ltr'>et</span> <span class='ocrx_word' id='word_1_339' title='bbox 469 2909 776 2965; x_wconf 86' lang='lat' dir='ltr'>umbrosas</span> <span class='ocrx_word' id='word_1_340' title='bbox 815 2911 1072 2978; x_wconf 81' lang='lat' dir='ltr'>arbores,</span> <span class='ocrx_word' id='word_1_341' title='bbox 1102 2910 1236 2967; x_wconf 87' lang='lat' dir='ltr'>Baal</span> <span class='ocrx_word' id='word_1_342' title='bbox 1272 2917 1327 2967; x_wconf 91' lang='lat' dir='ltr'>et</span> <span class='ocrx_word' id='word_1_343' title='bbox 1375 2912 1663 2980; x_wconf 83' lang='lat' dir='ltr'>Astaroth,</span> <span class='ocrx_word' id='word_1_344' title='bbox 1696 2918 1753 2968; x_wconf 91' lang='lat' dir='ltr'>et</span> <span class='ocrx_word' id='word_1_345' title='bbox 1779 2914 1880 2968; x_wconf 75' lang='lat'><strong>99</strong></span> 
     </span>
    </p>
   </div>
   <div class='ocr_carea' id='block_1_46' title="bbox 218 2996 1880 3074">
    <p class='ocr_par' dir='ltr' id='par_1_46' title="bbox 218 2996 1880 3074">
     <span class='ocr_line' id='line_1_46' title="bbox 218 2996 1880 3074; baseline 0.004 -22"><span class='ocrx_word' id='word_1_346' title='bbox 218 2996 358 3052; x_wconf 80' lang='lat' dir='ltr'>aliis</span> <span class='ocrx_word' id='word_1_347' title='bbox 390 2996 564 3053; x_wconf 79' lang='lat' dir='ltr'>idolis</span> <span class='ocrx_word' id='word_1_348' title='bbox 596 3014 964 3055; x_wconf 85' lang='lat' dir='ltr'>eonsecrans.</span> <span class='ocrx_word' id='word_1_349' title='bbox 988 3000 1172 3056; x_wconf 89' lang='lat' dir='ltr'>Judas</span> <span class='ocrx_word' id='word_1_350' title='bbox 1195 3001 1774 3074; x_wconf 89' lang='lat' dir='ltr'>quoqueintelligens</span> <span class='ocrx_word' id='word_1_351' title='bbox 1799 3004 1880 3058; x_wconf 91' lang='lat' dir='ltr'>Is-</span> 
     </span>
    </p>
   </div>
   <div class='ocr_carea' id='block_1_47' title="bbox 220 3085 1882 3161">
    <p class='ocr_par' dir='ltr' id='par_1_47' title="bbox 220 3085 1882 3161">
     <span class='ocr_line' id='line_1_47' title="bbox 220 3085 1882 3161; baseline 0.004 -21"><span class='ocrx_word' id='word_1_352' title='bbox 220 3085 448 3141; x_wconf 83' lang='lat' dir='ltr'>raelem</span> <span class='ocrx_word' id='word_1_353' title='bbox 481 3085 555 3142; x_wconf 86' lang='lat' dir='ltr'>de</span> <span class='ocrx_word' id='word_1_354' title='bbox 583 3087 686 3142; x_wconf 88' lang='lat' dir='ltr'>Dei</span> <span class='ocrx_word' id='word_1_355' title='bbox 709 3104 904 3144; x_wconf 87' lang='lat' dir='ltr'>amore</span> <span class='ocrx_word' id='word_1_356' title='bbox 953 3089 1284 3161; x_wconf 86' lang='lat' dir='ltr'>recessisse,</span> <span class='ocrx_word' id='word_1_357' title='bbox 1316 3095 1374 3146; x_wconf 91' lang='lat' dir='ltr'>et</span> <span class='ocrx_word' id='word_1_358' title='bbox 1400 3090 1631 3145; x_wconf 86' lang='lat' dir='ltr'>visitata</span> <span class='ocrx_word' id='word_1_359' title='bbox 1678 3107 1882 3147; x_wconf 89' lang='lat' dir='ltr'>eorum</span> 
     </span>
    </p>
   </div>
   <div class='ocr_carea' id='block_1_48' title="bbox 221 3179 1876 3250">
    <p class='ocr_par' dir='ltr' id='par_1_48' title="bbox 221 3179 1876 3250">
     <span class='ocr_line' id='line_1_48' title="bbox 221 3179 1876 3250; baseline 0.002 -20"><span class='ocrx_word' id='word_1_360' title='bbox 221 3182 464 3247; x_wconf 81' lang='lat' dir='ltr'>peccata</span> <span class='ocrx_word' id='word_1_361' title='bbox 493 3191 642 3244; x_wconf 89' lang='lat' dir='ltr'>esse,</span> <span class='ocrx_word' id='word_1_362' title='bbox 677 3192 790 3230; x_wconf 89' lang='lat' dir='ltr'>non</span> <span class='ocrx_word' id='word_1_363' title='bbox 824 3185 908 3232; x_wconf 81' lang='lat' dir='ltr'>est</span> <span class='ocrx_word' id='word_1_364' title='bbox 941 3193 1257 3233; x_wconf 81' lang='lat' dir='ltr'>conversus</span> <span class='ocrx_word' id='word_1_365' title='bbox 1291 3179 1360 3233; x_wconf 91' lang='lat' dir='ltr'>ad</span> <span class='ocrx_word' id='word_1_366' title='bbox 1411 3179 1745 3250; x_wconf 90' lang='lat' dir='ltr'>Dominum,</span> <span class='ocrx_word' id='word_1_367' title='bbox 1780 3181 1876 3235; x_wconf 91' lang='lat' dir='ltr'>sed</span> 
     </span>
    </p>
   </div>
   <div class='ocr_carea' id='block_1_49' title="bbox 219 3263 1881 3338">
    <p class='ocr_par' dir='ltr' id='par_1_49' title="bbox 219 3263 1881 3338">
     <span class='ocr_line' id='line_1_49' title="bbox 219 3263 1881 3338; baseline 0.003 -20"><span class='ocrx_word' id='word_1_368' title='bbox 219 3263 277 3318; x_wconf 89' lang='lat' dir='ltr'>in</span> <span class='ocrx_word' id='word_1_369' title='bbox 308 3263 554 3320; x_wconf 88' lang='lat' dir='ltr'>urbium</span> <span class='ocrx_word' id='word_1_370' title='bbox 577 3264 902 3321; x_wconf 88' lang='lat' dir='ltr'>munitione</span> <span class='ocrx_word' id='word_1_371' title='bbox 915 3266 1174 3321; x_wconf 83' lang='lat' dir='ltr'>conﬁsus</span> <span class='ocrx_word' id='word_1_372' title='bbox 1198 3271 1460 3338; x_wconf 89' lang='lat' dir='ltr'>est,quas</span> <span class='ocrx_word' id='word_1_373' title='bbox 1483 3268 1766 3323; x_wconf 88' lang='lat' dir='ltr'>Dominus</span> <span class='ocrx_word' id='word_1_374' title='bbox 1785 3269 1881 3323; x_wconf 85' lang='lat' dir='ltr'>de-</span> 
     </span>
    </p>
   </div>
   <div class='ocr_carea' id='block_1_50' title="bbox 218 3354 1883 3426">
    <p class='ocr_par' dir='ltr' id='par_1_50' title="bbox 218 3354 1883 3426">
     <span class='ocr_line' id='line_1_50' title="bbox 218 3354 1883 3426; baseline 0.002 -18"><span class='ocrx_word' id='word_1_375' title='bbox 218 3356 596 3414; x_wconf 72' lang='lat' dir='ltr'>structurum</span> <span class='ocrx_word' id='word_1_376' title='bbox 609 3369 735 3409; x_wconf 91' lang='lat' dir='ltr'>esse</span> <span class='ocrx_word' id='word_1_377' title='bbox 754 3371 814 3409; x_wconf 89' lang='lat' dir='ltr'>se</span> <span class='ocrx_word' id='word_1_378' title='bbox 827 3354 1131 3426; x_wconf 88' lang='lat' dir='ltr'>dicit,(a)et</span> <span class='ocrx_word' id='word_1_379' title='bbox 1145 3372 1330 3426; x_wconf 91' lang='lat' dir='ltr'>usque</span> <span class='ocrx_word' id='word_1_380' title='bbox 1344 3357 1416 3411; x_wconf 92' lang='lat' dir='ltr'>ad</span> <span class='ocrx_word' id='word_1_381' title='bbox 1436 3356 1883 3412; x_wconf 88' lang='lat' dir='ltr'>fundamentum</span> 
     </span>
    </p>
   </div>
   <div class='ocr_carea' id='block_1_51' title="bbox 219 3439 1884 3516">
    <p class='ocr_par' dir='ltr' id='par_1_51' title="bbox 219 3439 1884 3516">
     <span class='ocr_line' id='line_1_51' title="bbox 219 3439 1884 3516; baseline 0.002 -20"><span class='ocrx_word' id='word_1_382' title='bbox 219 3439 387 3496; x_wconf 60' lang='lat' dir='ltr'>illius</span> <span class='ocrx_word' id='word_1_383' title='bbox 416 3447 781 3497; x_wconf 82' lang='lat' dir='ltr'>voraturum.</span> <span class='ocrx_word' id='word_1_384' title='bbox 814 3443 992 3510; x_wconf 83' lang='lat' dir='ltr'>Illius,</span> <span class='ocrx_word' id='word_1_385' title='bbox 1013 3443 1169 3498; x_wconf 91' lang='lat' dir='ltr'>haud</span> <span class='ocrx_word' id='word_1_386' title='bbox 1203 3444 1472 3511; x_wconf 88' lang='lat' dir='ltr'>dubium,</span> <span class='ocrx_word' id='word_1_387' title='bbox 1506 3445 1648 3516; x_wconf 89' lang='lat' dir='ltr'>quin</span> <span class='ocrx_word' id='word_1_388' title='bbox 1671 3445 1884 3500; x_wconf 87' lang='lat' dir='ltr'>Judam</span> 
     </span>
    </p>
   </div>
   <div class='ocr_carea' id='block_1_52' title="bbox 223 3528 1884 3604">
    <p class='ocr_par' dir='ltr' id='par_1_52' title="bbox 223 3528 1884 3604">
     <span class='ocr_line' id='line_1_52' title="bbox 223 3528 1884 3604; baseline 0.003 -21"><span class='ocrx_word' id='word_1_389' title='bbox 223 3529 334 3600; x_wconf 73' lang='grc' dir='ltr'>[Αι.</span> <span class='ocrx_word' id='word_1_390' title='bbox 367 3528 548 3601; x_wconf 82' lang='lat' dir='ltr'>Juda]</span> <span class='ocrx_word' id='word_1_391' title='bbox 579 3529 868 3602; x_wconf 79' lang='lat' dir='ltr'>signiﬁcet</span> <span class='ocrx_word' id='word_1_392' title='bbox 900 3548 912 3586; x_wconf 91' lang='lat'><strong>:</strong></span> <span class='ocrx_word' id='word_1_393' title='bbox 949 3531 1086 3588; x_wconf 90' lang='lat' dir='ltr'>licet</span> <span class='ocrx_word' id='word_1_394' title='bbox 1117 3532 1358 3604; x_wconf 90' lang='lat' dir='ltr'>quidam</span> <span class='ocrx_word' id='word_1_395' title='bbox 1393 3533 1771 3589; x_wconf 82' lang='lat' dir='ltr'>fundamenta</span> <span class='ocrx_word' id='word_1_396' title='bbox 1791 3549 1884 3588; x_wconf 87' lang='lat' dir='ltr'>ea-</span> 
     </span>
    </p>
   </div>
   <div class='ocr_carea' id='block_1_53' title="bbox 222 3617 1887 3694">
    <p class='ocr_par' dir='ltr' id='par_1_53' title="bbox 222 3617 1887 3694">
     <span class='ocr_line' id='line_1_53' title="bbox 222 3617 1887 3694; baseline 0.002 -21"><span class='ocrx_word' id='word_1_397' title='bbox 222 3635 378 3682; x_wconf 74' lang='lat' dir='ltr'>rum,</span> <span class='ocrx_word' id='word_1_398' title='bbox 410 3617 470 3671; x_wconf 89' lang='lat' dir='ltr'>id</span> <span class='ocrx_word' id='word_1_399' title='bbox 502 3623 610 3687; x_wconf 89' lang='lat' dir='ltr'>est,</span> <span class='ocrx_word' id='word_1_400' title='bbox 634 3619 870 3675; x_wconf 89' lang='lat' dir='ltr'>urbium</span> <span class='ocrx_word' id='word_1_401' title='bbox 899 3637 1002 3692; x_wconf 90' lang='lat' dir='ltr'>pro</span> <span class='ocrx_word' id='word_1_402' title='bbox 1025 3621 1180 3677; x_wconf 82' lang='lat' dir='ltr'>illius</span> <span class='ocrx_word' id='word_1_403' title='bbox 1203 3621 1415 3694; x_wconf 90' lang='lat' dir='ltr'>legant.</span> <span class='ocrx_word' id='word_1_404' title='bbox 1439 3623 1769 3678; x_wconf 88' lang='lat' dir='ltr'>Secundum</span> <span class='ocrx_word' id='word_1_405' title='bbox 1789 3639 1887 3677; x_wconf 89' lang='lat' dir='ltr'>au-</span> 
     </span>
    </p>
   </div>
   <div class='ocr_carea' id='block_1_54' title="bbox 222 3706 1886 3782">
    <p class='ocr_par' dir='ltr' id='par_1_54' title="bbox 222 3706 1886 3782">
     <span class='ocr_line' id='line_1_54' title="bbox 222 3706 1886 3782; baseline 0.001 -20"><span class='ocrx_word' id='word_1_406' title='bbox 222 3709 350 3762; x_wconf 75' lang='lat' dir='ltr'>tam</span> <span class='ocrx_word' id='word_1_407' title='bbox 375 3721 698 3779; x_wconf 77' lang='lat' dir='ltr'>anagogem</span> <span class='ocrx_word' id='word_1_408' title='bbox 719 3707 1143 3780; x_wconf 86' lang='lat' dir='ltr'>iniquitates,id</span> <span class='ocrx_word' id='word_1_409' title='bbox 1166 3715 1337 3777; x_wconf 85' lang='lat' dir='ltr'>est,et</span> <span class='ocrx_word' id='word_1_410' title='bbox 1367 3709 1587 3782; x_wconf 66' lang='grc' dir='ltr'>ἀνομίαι</span> <span class='ocrx_word' id='word_1_411' title='bbox 1610 3715 1665 3765; x_wconf 87' lang='lat' dir='ltr'>ct</span> <span class='ocrx_word' id='word_1_412' title='bbox 1684 3706 1886 3763; x_wconf 78' lang='grc' dir='ltr'>ἀδικίαι</span> 
     </span>
    </p>
   </div>
   <div class='ocr_carea' id='block_1_55' title="bbox 179 3798 1887 3871">
    <p class='ocr_par' dir='ltr' id='par_1_55' title="bbox 179 3798 1887 3871">
     <span class='ocr_line' id='line_1_55' title="bbox 179 3798 1887 3871; baseline 0.003 -22"><span class='ocrx_word' id='word_1_413' title='bbox 179 3813 182 3816; x_wconf 67' lang='grc'><strong>’</strong></span> <span class='ocrx_word' id='word_1_414' title='bbox 223 3798 540 3860; x_wconf 77' lang='lat' dir='ltr'>vocantur,</span> <span class='ocrx_word' id='word_1_415' title='bbox 573 3811 724 3866; x_wconf 87' lang='lat' dir='ltr'>quas</span> <span class='ocrx_word' id='word_1_416' title='bbox 775 3801 909 3852; x_wconf 89' lang='lat' dir='ltr'>ante</span> <span class='ocrx_word' id='word_1_417' title='bbox 957 3798 1319 3871; x_wconf 84' lang='lat' dir='ltr'>baptismum</span> <span class='ocrx_word' id='word_1_418' title='bbox 1371 3799 1798 3867; x_wconf 88' lang='lat' dir='ltr'>commisimus,</span> <span class='ocrx_word' id='word_1_419' title='bbox 1831 3804 1887 3855; x_wconf 91' lang='lat' dir='ltr'>et</span> 
     </span>
    </p>
   </div>
   <div class='ocr_carea' id='block_1_56' title="bbox 226 3882 1888 3960">
    <p class='ocr_par' dir='ltr' id='par_1_56' title="bbox 226 3882 1888 3960">
     <span class='ocr_line' id='line_1_56' title="bbox 226 3882 1888 3960; baseline 0.004 -24"><span class='ocrx_word' id='word_1_420' title='bbox 226 3899 370 3953; x_wconf 62' lang='lat' dir='ltr'>qua</span> <span class='ocrx_word' id='word_1_421' title='bbox 397 3882 562 3937; x_wconf 81' lang='lat' dir='ltr'>nobis</span> <span class='ocrx_word' id='word_1_422' title='bbox 591 3882 648 3937; x_wconf 89' lang='lat' dir='ltr'>in</span> <span class='ocrx_word' id='word_1_423' title='bbox 669 3884 1022 3956; x_wconf 87' lang='lat' dir='ltr'>baptismate</span> <span class='ocrx_word' id='word_1_424' title='bbox 1043 3893 1182 3942; x_wconf 83' lang='lat' dir='ltr'>sunt</span> <span class='ocrx_word' id='word_1_425' title='bbox 1213 3887 1469 3942; x_wconf 67' lang='lat' dir='ltr'>dimissa:</span> <span class='ocrx_word' id='word_1_426' title='bbox 1499 3903 1511 3941; x_wconf 91' lang='lat'><strong>:</strong></span> <span class='ocrx_word' id='word_1_427' title='bbox 1536 3893 1768 3960; x_wconf 85' lang='lat' dir='ltr'>peccata</span> <span class='ocrx_word' id='word_1_428' title='bbox 1790 3905 1888 3943; x_wconf 91' lang='lat' dir='ltr'>au-</span> 
     </span>
    </p>
   </div>
   <div class='ocr_carea' id='block_1_57' title="bbox 225 3973 1886 4048">
    <p class='ocr_par' dir='ltr' id='par_1_57' title="bbox 225 3973 1886 4048">
     <span class='ocr_line' id='line_1_57' title="bbox 225 3973 1886 4048; baseline 0.004 -24"><span class='ocrx_word' id='word_1_429' title='bbox 225 3975 352 4034; x_wconf 74' lang='lat' dir='ltr'>tem</span> <span class='ocrx_word' id='word_1_430' title='bbox 385 3987 512 4043; x_wconf 69' lang='lat' dir='ltr'>quae</span> <span class='ocrx_word' id='word_1_431' title='bbox 543 3978 675 4043; x_wconf 88' lang='lat' dir='ltr'>post</span> <span class='ocrx_word' id='word_1_432' title='bbox 707 3973 1067 4046; x_wconf 88' lang='lat' dir='ltr'>baptismum</span> <span class='ocrx_word' id='word_1_433' title='bbox 1099 3975 1349 4044; x_wconf 83' lang='lat' dir='ltr'>egimus,</span> <span class='ocrx_word' id='word_1_434' title='bbox 1382 3977 1453 4032; x_wconf 91' lang='lat' dir='ltr'>de</span> <span class='ocrx_word' id='word_1_435' title='bbox 1498 3977 1712 4048; x_wconf 91' lang='lat' dir='ltr'>quibus</span> <span class='ocrx_word' id='word_1_436' title='bbox 1743 3981 1798 4033; x_wconf 91' lang='lat' dir='ltr'>et</span> <span class='ocrx_word' id='word_1_437' title='bbox 1825 3976 1886 4031; x_wconf 91' lang='lat' dir='ltr'>in</span> 
     </span>
    </p>
   </div>
   <div class='ocr_carea' id='block_1_58' title="bbox 225 4058 1893 4135">
    <p class='ocr_par' dir='ltr' id='par_1_58' title="bbox 225 4058 1893 4135">
     <span class='ocr_line' id='line_1_58' title="bbox 225 4058 1893 4135; baseline 0.004 -19"><span class='ocrx_word' id='word_1_438' title='bbox 225 4058 466 4132; x_wconf 68' lang='lat' dir='ltr'>psalmo</span> <span class='ocrx_word' id='word_1_439' title='bbox 513 4061 799 4133; x_wconf 84' lang='lat' dir='ltr'>scriptum</span> <span class='ocrx_word' id='word_1_440' title='bbox 846 4068 935 4118; x_wconf 90' lang='lat' dir='ltr'>est</span> <span class='ocrx_word' id='word_1_441' title='bbox 969 4081 982 4119; x_wconf 92' lang='lat'>:</span> <span class='ocrx_word' id='word_1_442' title='bbox 1015 4065 1172 4120; x_wconf 81' lang='lat' dir='ltr'>Beati</span> <span class='ocrx_word' id='word_1_443' title='bbox 1216 4083 1448 4135; x_wconf 86' lang='lat' dir='ltr'>quorum</span> <span class='ocrx_word' id='word_1_444' title='bbox 1495 4067 1736 4121; x_wconf 64' lang='lat' dir='ltr'>remissae</span> <span class='ocrx_word' id='word_1_445' title='bbox 1763 4074 1893 4122; x_wconf 88' lang='lat' dir='ltr'>sunt</span> 
     </span>
    </p>
   </div>
   <div class='ocr_carea' id='block_1_59' title="bbox 225 4149 1885 4227">
    <p class='ocr_par' dir='ltr' id='par_1_59' title="bbox 225 4149 1885 4227">
     <span class='ocr_line' id='line_1_59' title="bbox 225 4149 1885 4227; baseline 0.005 -25"><span class='ocrx_word' id='word_1_446' title='bbox 225 4149 571 4219; x_wconf 80' lang='lat' dir='ltr'>iniquitates,</span> <span class='ocrx_word' id='word_1_447' title='bbox 603 4158 659 4205; x_wconf 85' lang='lat' dir='ltr'>et</span> <span class='ocrx_word' id='word_1_448' title='bbox 685 4166 915 4221; x_wconf 86' lang='lat' dir='ltr'>quorum</span> <span class='ocrx_word' id='word_1_449' title='bbox 975 4155 1114 4208; x_wconf 85' lang='lat' dir='ltr'>tecta</span> <span class='ocrx_word' id='word_1_450' title='bbox 1143 4158 1271 4208; x_wconf 79' lang='lat' dir='ltr'>sunt</span> <span class='ocrx_word' id='word_1_451' title='bbox 1312 4163 1528 4224; x_wconf 84' lang='lat' dir='ltr'>peccata</span> <span class='ocrx_word' id='word_1_452' title='bbox 1559 4156 1674 4226; x_wconf 91' lang='lat' dir='ltr'>(Ps.</span> <span class='ocrx_word' id='word_1_453' title='bbox 1708 4156 1885 4227; x_wconf 73' lang='lat' dir='ltr'>xxxx).</span> 
     </span>
    </p>
   </div>
   <div class='ocr_carea' id='block_1_60' title="bbox 224 4237 1887 4311">
    <p class='ocr_par' dir='ltr' id='par_1_60' title="bbox 224 4237 1887 4311">
     <span class='ocr_line' id='line_1_60' title="bbox 224 4237 1887 4311; baseline 0.006 -21"><span class='ocrx_word' id='word_1_454' title='bbox 224 4237 374 4303; x_wconf 67' lang='lat' dir='ltr'>Quo</span> <span class='ocrx_word' id='word_1_455' title='bbox 398 4237 600 4292; x_wconf 88' lang='lat' dir='ltr'>omnia</span> <span class='ocrx_word' id='word_1_456' title='bbox 647 4239 1100 4311; x_wconf 85' lang='lat' dir='ltr'>imputabuntur</span> <span class='ocrx_word' id='word_1_457' title='bbox 1132 4242 1416 4298; x_wconf 67' lang='lat' dir='ltr'>haereticis</span> <span class='ocrx_word' id='word_1_458' title='bbox 1459 4247 1523 4299; x_wconf 89' lang='lat' dir='ltr'>ut</span> <span class='ocrx_word' id='word_1_459' title='bbox 1566 4249 1623 4300; x_wconf 91' lang='lat' dir='ltr'>et</span> <span class='ocrx_word' id='word_1_460' title='bbox 1666 4248 1887 4300; x_wconf 88' lang='lat' dir='ltr'>veteres</span> 
     </span>
    </p>
   </div>
   <div class='ocr_carea' id='block_1_61' title="bbox 224 4324 1885 4406">
    <p class='ocr_par' dir='ltr' id='par_1_61' title="bbox 224 4324 1885 4406">
     <span class='ocr_line' id='line_1_61' title="bbox 224 4324 1885 4406; baseline 0.005 -24"><span class='ocrx_word' id='word_1_461' title='bbox 224 4324 667 4398; x_wconf 77' lang='lat' dir='ltr'>iuiquitates,et</span> <span class='ocrx_word' id='word_1_462' title='bbox 691 4345 840 4384; x_wconf 85' lang='lat' dir='ltr'>nova</span> <span class='ocrx_word' id='word_1_463' title='bbox 869 4329 954 4385; x_wconf 83' lang='lat' dir='ltr'>eis</span> <span class='ocrx_word' id='word_1_464' title='bbox 972 4335 1208 4406; x_wconf 82' lang='lat' dir='ltr'>peccata</span> <span class='ocrx_word' id='word_1_465' title='bbox 1237 4333 1575 4388; x_wconf 89' lang='lat' dir='ltr'>reddantur.</span> <span class='ocrx_word' id='word_1_466' title='bbox 1595 4333 1700 4396; x_wconf 87' lang='lat' dir='ltr'>Qui</span> <span class='ocrx_word' id='word_1_467' title='bbox 1728 4334 1885 4390; x_wconf 89' lang='lat' dir='ltr'>enim</span> 
     </span>
    </p>
   </div>
   <div class='ocr_carea' id='block_1_62' title="bbox 224 4407 1884 4493">
    <p class='ocr_par' dir='ltr' id='par_1_62' title="bbox 224 4407 1884 4493">
     <span class='ocr_line' id='line_1_62' title="bbox 224 4407 1884 4493; baseline 0.005 -24"><span class='ocrx_word' id='word_1_468' title='bbox 224 4415 304 4470; x_wconf 82' lang='lat' dir='ltr'>de</span> <span class='ocrx_word' id='word_1_469' title='bbox 327 4415 580 4487; x_wconf 62' lang='lat' dir='ltr'>Egypto</span> <span class='ocrx_word' id='word_1_470' title='bbox 610 4416 869 4474; x_wconf 81' lang='lat' dir='ltr'>exierant</span> <span class='ocrx_word' id='word_1_471' title='bbox 898 4434 1002 4491; x_wconf 88' lang='lat' dir='ltr'>per</span> <span class='ocrx_word' id='word_1_472' title='bbox 1021 4419 1442 4476; x_wconf 85' lang='lat' dir='ltr'>confessionem</span> <span class='ocrx_word' id='word_1_473' title='bbox 1483 4407 1721 4488; x_wconf 83' lang='lat' dir='ltr'>Christi,</span> <span class='ocrx_word' id='word_1_474' title='bbox 1756 4438 1884 4493; x_wconf 87' lang='lat' dir='ltr'>per-</span> 
     </span>
    </p>
   </div>
   <div class='ocr_carea' id='block_1_63' title="bbox 231 4502 1885 4577">
    <p class='ocr_par' dir='ltr' id='par_1_63' title="bbox 231 4502 1885 4577">
     <span class='ocr_line' id='line_1_63' title="bbox 231 4502 1885 4577; baseline 0.005 -20"><span class='ocrx_word' id='word_1_475' title='bbox 231 4502 382 4558; x_wconf 67' lang='lat' dir='ltr'>ﬁdia</span> <span class='ocrx_word' id='word_1_476' title='bbox 407 4503 469 4556; x_wconf 72' lang='lat' dir='ltr'>in</span> <span class='ocrx_word' id='word_1_477' title='bbox 522 4504 826 4577; x_wconf 64' lang='lat' dir='ltr'>Egyptum</span> <span class='ocrx_word' id='word_1_478' title='bbox 859 4513 998 4563; x_wconf 85' lang='lat' dir='ltr'>sunt</span> <span class='ocrx_word' id='word_1_479' title='bbox 1044 4510 1278 4565; x_wconf 83' lang='lat' dir='ltr'>reversi.</span> <span class='ocrx_word' id='word_1_480' title='bbox 1312 4509 1543 4566; x_wconf 89' lang='lat' dir='ltr'>Oblitus</span> <span class='ocrx_word' id='word_1_481' title='bbox 1573 4515 1663 4566; x_wconf 88' lang='lat' dir='ltr'>est</span> <span class='ocrx_word' id='word_1_482' title='bbox 1710 4511 1885 4567; x_wconf 86' lang='lat' dir='ltr'>Israel</span> 
     </span>
    </p>
   </div>
   <div class='ocr_carea' id='block_1_64' title="bbox 1989 1935 3642 2014">
    <p class='ocr_par' dir='ltr' id='par_1_64' title="bbox 1989 1935 3642 2014">
     <span class='ocr_line' id='line_1_64' title="bbox 1989 1935 3642 2014; baseline -0.004 -18"><span class='ocrx_word' id='word_1_483' title='bbox 1989 1940 2156 2014; x_wconf 83' lang='lat' dir='ltr'>thyta</span> <span class='ocrx_word' id='word_1_484' title='bbox 2201 1937 2524 1995; x_wconf 86' lang='lat' dir='ltr'>comedisse</span> <span class='ocrx_word' id='word_1_485' title='bbox 2571 1937 2850 1993; x_wconf 89' lang='lat' dir='ltr'>describit</span> <span class='ocrx_word' id='word_1_486' title='bbox 2889 1937 3102 2004; x_wconf 68' lang='lat' dir='ltr'>(Ezech.</span> <span class='ocrx_word' id='word_1_487' title='bbox 3135 1936 3212 2007; x_wconf 84' lang='grc' dir='ltr'>ιν)</span> <span class='ocrx_word' id='word_1_488' title='bbox 3248 1954 3267 1990; x_wconf 92' lang='lat'><strong><em>:</em></strong></span> <span class='ocrx_word' id='word_1_489' title='bbox 3297 1938 3354 1990; x_wconf 92' lang='lat' dir='ltr'>et</span> <span class='ocrx_word' id='word_1_490' title='bbox 3398 1935 3461 1992; x_wconf 90' lang='lat' dir='ltr'>in</span> <span class='ocrx_word' id='word_1_491' title='bbox 3512 1938 3642 1995; x_wconf 87' lang='lat' dir='ltr'>tan-</span> 
     </span>
    </p>
   </div>
   <div class='ocr_carea' id='block_1_65' title="bbox 1991 2023 3647 2099">
    <p class='ocr_par' dir='ltr' id='par_1_65' title="bbox 1991 2023 3647 2099">
     <span class='ocr_line' id='line_1_65' title="bbox 1991 2023 3647 2099; baseline -0.004 -15"><span class='ocrx_word' id='word_1_492' title='bbox 1991 2033 2118 2085; x_wconf 90' lang='lat' dir='ltr'>tum</span> <span class='ocrx_word' id='word_1_493' title='bbox 2150 2028 2440 2085; x_wconf 85' lang='lat' dir='ltr'>idolorum</span> <span class='ocrx_word' id='word_1_494' title='bbox 2471 2025 2694 2099; x_wconf 91' lang='lat' dir='ltr'>polluta</span> <span class='ocrx_word' id='word_1_495' title='bbox 2721 2025 3089 2091; x_wconf 88' lang='lat' dir='ltr'>sordibus,ut</span> <span class='ocrx_word' id='word_1_496' title='bbox 3118 2023 3375 2085; x_wconf 85' lang='lat' dir='ltr'>humano</span> <span class='ocrx_word' id='word_1_497' title='bbox 3405 2023 3647 2082; x_wconf 81' lang='lat' dir='ltr'>stercori</span> 
     </span>
    </p>
   </div>
   <div class='ocr_carea' id='block_1_66' title="bbox 1991 2111 3647 2188">
    <p class='ocr_par' dir='ltr' id='par_1_66' title="bbox 1991 2111 3647 2188">
     <span class='ocr_line' id='line_1_66' title="bbox 1991 2111 3647 2188; baseline -0.003 -14"><span class='ocrx_word' id='word_1_498' title='bbox 1991 2122 2425 2188; x_wconf 86' lang='lat' dir='ltr'>comparentur.</span> <span class='ocrx_word' id='word_1_499' title='bbox 2469 2114 2732 2172; x_wconf 56' lang='lat' dir='ltr'>Haeretici</span> <span class='ocrx_word' id='word_1_500' title='bbox 2777 2131 3028 2188; x_wconf 88' lang='lat' dir='ltr'>quoque,</span> <span class='ocrx_word' id='word_1_501' title='bbox 3062 2130 3312 2186; x_wconf 89' lang='lat' dir='ltr'>quorum</span> <span class='ocrx_word' id='word_1_502' title='bbox 3353 2111 3647 2186; x_wconf 85' lang='lat' dir='ltr'>principes</span> 
     </span>
    </p>
   </div>
   <div class='ocr_carea' id='block_1_67' title="bbox 1989 2202 3650 2279">
    <p class='ocr_par' dir='ltr' id='par_1_67' title="bbox 1989 2202 3650 2279">
     <span class='ocr_line' id='line_1_67' title="bbox 1989 2202 3650 2279; baseline -0.004 -17"><span class='ocrx_word' id='word_1_503' title='bbox 1989 2211 2130 2263; x_wconf 87' lang='lat' dir='ltr'>sunt</span> <span class='ocrx_word' id='word_1_504' title='bbox 2162 2206 2383 2279; x_wconf 82' lang='lat' dir='ltr'>Assyrii</span> <span class='ocrx_word' id='word_1_505' title='bbox 2414 2205 2507 2276; x_wconf 91' lang='lat' dir='ltr'>(de</span> <span class='ocrx_word' id='word_1_506' title='bbox 2530 2205 2754 2278; x_wconf 89' lang='lat' dir='ltr'>quibus</span> <span class='ocrx_word' id='word_1_507' title='bbox 2776 2204 2978 2260; x_wconf 87' lang='lat' dir='ltr'>crebro</span> <span class='ocrx_word' id='word_1_508' title='bbox 3002 2203 3303 2273; x_wconf 85' lang='lat' dir='ltr'>diximus),</span> <span class='ocrx_word' id='word_1_509' title='bbox 3335 2202 3650 2262; x_wconf 87' lang='lat' dir='ltr'>comedunt</span> 
     </span>
    </p>
   </div>
   <div class='ocr_carea' id='block_1_68' title="bbox 1990 2290 3640 2367">
    <p class='ocr_par' dir='ltr' id='par_1_68' title="bbox 1990 2290 3640 2367">
     <span class='ocr_line' id='line_1_68' title="bbox 1990 2290 3640 2367; baseline -0.004 -16"><span class='ocrx_word' id='word_1_510' title='bbox 1990 2296 2144 2367; x_wconf 87' lang='lat' dir='ltr'>apud</span> <span class='ocrx_word' id='word_1_511' title='bbox 2163 2293 2754 2362; x_wconf 86' lang='lat' dir='ltr'>eosimmunda,dum</span> <span class='ocrx_word' id='word_1_512' title='bbox 2775 2291 3010 2348; x_wconf 91' lang='lat' dir='ltr'>illorum</span> <span class='ocrx_word' id='word_1_513' title='bbox 3034 2291 3306 2348; x_wconf 90' lang='lat' dir='ltr'>sordibus</span> <span class='ocrx_word' id='word_1_514' title='bbox 3328 2290 3640 2364; x_wconf 76' lang='lat' dir='ltr'>inquinan-</span> 
     </span>
    </p>
   </div>
   <div class='ocr_carea' id='block_1_69' title="bbox 1987 2387 2104 2441">
    <p class='ocr_par' dir='ltr' id='par_1_69' title="bbox 1987 2387 2104 2441">
     <span class='ocr_line' id='line_1_69' title="bbox 1987 2387 2104 2441; baseline 0.009 -1"><span class='ocrx_word' id='word_1_515' title='bbox 1987 2387 2104 2441; x_wconf 93' lang='lat' dir='ltr'>tur.</span> 
     </span>
    </p>
   </div>
   <div class='ocr_carea' id='block_1_70' title="bbox 2061 2468 3644 2544">
    <p class='ocr_par' dir='ltr' id='par_1_70' title="bbox 2061 2468 3644 2544">
     <span class='ocr_line' id='line_1_70' title="bbox 2061 2468 3644 2544; baseline -0.003 -15"><span class='ocrx_word' id='word_1_516' title='bbox 2061 2474 2220 2544; x_wconf 89' lang='lat' dir='ltr'>(Cap.</span> <span class='ocrx_word' id='word_1_517' title='bbox 2239 2473 2328 2528; x_wconf 87' lang='lat' dir='ltr'>IX.</span> <span class='ocrx_word' id='word_1_518' title='bbox 2353 2504 2420 2514; x_wconf 91' lang='lat'><strong><em>—</em></strong></span> <span class='ocrx_word' id='word_1_519' title='bbox 2439 2471 2604 2527; x_wconf 87' lang='lat' dir='ltr'>Vers.</span> <span class='ocrx_word' id='word_1_520' title='bbox 2631 2473 2681 2539; x_wconf 85' lang='grc'>1,</span> <span class='ocrx_word' id='word_1_521' title='bbox 2707 2471 2902 2543; x_wconf 83' lang='grc' dir='ltr'>2)Νοιί</span> <span class='ocrx_word' id='word_1_522' title='bbox 2929 2471 3128 2536; x_wconf 71' lang='lat' dir='ltr'>laetari,</span> <span class='ocrx_word' id='word_1_523' title='bbox 3161 2469 3328 2526; x_wconf 85' lang='lat' dir='ltr'>Israel</span> <span class='ocrx_word' id='word_1_524' title='bbox 3358 2487 3377 2524; x_wconf 93' lang='lat'><em>:</em></span> <span class='ocrx_word' id='word_1_525' title='bbox 3407 2468 3526 2524; x_wconf 86' lang='lat' dir='ltr'>noli</span> <span class='ocrx_word' id='word_1_526' title='bbox 3553 2483 3644 2524; x_wconf 72' lang='lat' dir='ltr'>ex-</span> 
     </span>
    </p>
   </div>
   <div class='ocr_carea' id='block_1_71' title="bbox 1987 2557 3646 2633">
    <p class='ocr_par' dir='ltr' id='par_1_71' title="bbox 1987 2557 3646 2633">
     <span class='ocr_line' id='line_1_71' title="bbox 1987 2557 3646 2633; baseline -0.003 -16"><span class='ocrx_word' id='word_1_527' title='bbox 1987 2563 2195 2618; x_wconf 84' lang='lat' dir='ltr'>sultare</span> <span class='ocrx_word' id='word_1_528' title='bbox 2214 2563 2353 2617; x_wconf 78' lang='lat' dir='ltr'>sicut</span> <span class='ocrx_word' id='word_1_529' title='bbox 2375 2561 2565 2633; x_wconf 83' lang='lat' dir='ltr'>pepuli</span> <span class='ocrx_word' id='word_1_530' title='bbox 2587 2578 2606 2615; x_wconf 89' lang='lat'><strong><em>:</em></strong></span> <span class='ocrx_word' id='word_1_531' title='bbox 2628 2561 2758 2632; x_wconf 88' lang='lat' dir='ltr'>quia</span> <span class='ocrx_word' id='word_1_532' title='bbox 2778 2561 3082 2630; x_wconf 78' lang='lat' dir='ltr'>fornicatus</span> <span class='ocrx_word' id='word_1_533' title='bbox 3101 2575 3160 2615; x_wconf 90' lang='lat' dir='ltr'>es</span> <span class='ocrx_word' id='word_1_534' title='bbox 3182 2575 3220 2614; x_wconf 90' lang='lat' dir='ltr'>a</span> <span class='ocrx_word' id='word_1_535' title='bbox 3243 2563 3350 2616; x_wconf 91' lang='lat' dir='ltr'>Deo</span> <span class='ocrx_word' id='word_1_536' title='bbox 3370 2565 3459 2613; x_wconf 89' lang='lat' dir='ltr'>tuo</span> <span class='ocrx_word' id='word_1_537' title='bbox 3478 2557 3646 2613; x_wconf 86' lang='lat' dir='ltr'>:dile-</span> 
     </span>
    </p>
   </div>
   <div class='ocr_carea' id='block_1_72' title="bbox 1987 2647 3646 2722">
    <p class='ocr_par' dir='ltr' id='par_1_72' title="bbox 1987 2647 3646 2722">
     <span class='ocr_line' id='line_1_72' title="bbox 1987 2647 3646 2722; baseline -0.005 -15"><span class='ocrx_word' id='word_1_538' title='bbox 1987 2653 2126 2707; x_wconf 58' lang='grc' dir='ltr'>,τὰςιί</span> <span class='ocrx_word' id='word_1_539' title='bbox 2135 2651 2431 2710; x_wconf 87' lang='lat' dir='ltr'>mercedem</span> <span class='ocrx_word' id='word_1_540' title='bbox 2445 2667 2506 2705; x_wconf 85' lang='lat' dir='ltr'>su</span> <span class='ocrx_word' id='word_1_541' title='bbox 2514 2666 2610 2722; x_wconf 89' lang='lat' dir='ltr'>per</span> <span class='ocrx_word' id='word_1_542' title='bbox 2620 2665 2805 2705; x_wconf 86' lang='lat' dir='ltr'>omnes</span> <span class='ocrx_word' id='word_1_543' title='bbox 2826 2665 2982 2704; x_wconf 88' lang='lat' dir='ltr'>areas</span> <span class='ocrx_word' id='word_1_544' title='bbox 2994 2649 3184 2703; x_wconf 86' lang='lat' dir='ltr'>tritici.</span> <span class='ocrx_word' id='word_1_545' title='bbox 3193 2648 3228 2702; x_wconf 83' lang='grc' dir='ltr'><em>Α</em></span> <span class='ocrx_word' id='word_1_546' title='bbox 3238 2662 3327 2702; x_wconf 90' lang='lat' dir='ltr'>rea</span> <span class='ocrx_word' id='word_1_547' title='bbox 3338 2653 3391 2702; x_wconf 91' lang='lat' dir='ltr'>et</span> <span class='ocrx_word' id='word_1_548' title='bbox 3404 2647 3646 2702; x_wconf 83' lang='lat' dir='ltr'>torcular</span> 
     </span>
    </p>
   </div>
   <div class='ocr_carea' id='block_1_73' title="bbox 1991 2735 3653 2811">
    <p class='ocr_par' dir='ltr' id='par_1_73' title="bbox 1991 2735 3653 2811">
     <span class='ocr_line' id='line_1_73' title="bbox 1991 2735 3653 2811; baseline -0.003 -17"><span class='ocrx_word' id='word_1_549' title='bbox 1991 2757 2100 2796; x_wconf 83' lang='lat' dir='ltr'>non</span> <span class='ocrx_word' id='word_1_550' title='bbox 2122 2741 2301 2811; x_wconf 83' lang='lat' dir='ltr'>pascet</span> <span class='ocrx_word' id='word_1_551' title='bbox 2322 2755 2426 2803; x_wconf 86' lang='lat' dir='ltr'>eos,</span> <span class='ocrx_word' id='word_1_552' title='bbox 2450 2741 2500 2794; x_wconf 88' lang='lat' dir='ltr'>et</span> <span class='ocrx_word' id='word_1_553' title='bbox 2519 2739 2710 2793; x_wconf 86' lang='lat' dir='ltr'>vinum</span> <span class='ocrx_word' id='word_1_554' title='bbox 2729 2739 3024 2794; x_wconf 81' lang='lat' dir='ltr'>mentietur</span> <span class='ocrx_word' id='word_1_555' title='bbox 3045 2739 3143 2791; x_wconf 89' lang='lat' dir='ltr'>eis.</span> <span class='ocrx_word' id='word_1_556' title='bbox 3174 2735 3314 2792; x_wconf 89' lang='lat' dir='ltr'>LXX</span> <span class='ocrx_word' id='word_1_557' title='bbox 3336 2753 3356 2791; x_wconf 89' lang='lat'><strong><em>:</em></strong></span> <span class='ocrx_word' id='word_1_558' title='bbox 3374 2735 3502 2791; x_wconf 80' lang='lat' dir='ltr'>Noli</span> <span class='ocrx_word' id='word_1_559' title='bbox 3515 2750 3653 2806; x_wconf 83' lang='lat' dir='ltr'>gau-</span> 
     </span>
    </p>
   </div>
   <div class='ocr_carea' id='block_1_74' title="bbox 1989 2825 3648 2899">
    <p class='ocr_par' dir='ltr' id='par_1_74' title="bbox 1989 2825 3648 2899">
     <span class='ocr_line' id='line_1_74' title="bbox 1989 2825 3648 2899; baseline 0.001 -16"><span class='ocrx_word' id='word_1_560' title='bbox 1989 2829 2133 2898; x_wconf 87' lang='lat' dir='ltr'>dere,</span> <span class='ocrx_word' id='word_1_561' title='bbox 2164 2829 2353 2899; x_wconf 86' lang='lat' dir='ltr'>Israel,</span> <span class='ocrx_word' id='word_1_562' title='bbox 2387 2834 2440 2883; x_wconf 89' lang='lat' dir='ltr'>et</span> <span class='ocrx_word' id='word_1_563' title='bbox 2465 2828 2585 2882; x_wconf 83' lang='lat' dir='ltr'>noli</span> <span class='ocrx_word' id='word_1_564' title='bbox 2603 2828 2785 2884; x_wconf 62' lang='lat' dir='ltr'>lwtari</span> <span class='ocrx_word' id='word_1_565' title='bbox 2805 2829 2948 2882; x_wconf 87' lang='lat' dir='ltr'>sicut</span> <span class='ocrx_word' id='word_1_566' title='bbox 2972 2825 3168 2897; x_wconf 83' lang='lat' dir='ltr'>populi</span> <span class='ocrx_word' id='word_1_567' title='bbox 3197 2844 3215 2880; x_wconf 89' lang='lat'><em>:</em></span> <span class='ocrx_word' id='word_1_568' title='bbox 3248 2826 3380 2896; x_wconf 84' lang='lat' dir='ltr'>quia</span> <span class='ocrx_word' id='word_1_569' title='bbox 3404 2825 3648 2894; x_wconf 81' lang='lat' dir='ltr'>fornica-</span> 
     </span>
    </p>
   </div>
   <div class='ocr_carea' id='block_1_75' title="bbox 1992 2915 3654 2986">
    <p class='ocr_par' dir='ltr' id='par_1_75' title="bbox 1992 2915 3654 2986">
     <span class='ocr_line' id='line_1_75' title="bbox 1992 2915 3654 2986; baseline -0.003 -13"><span class='ocrx_word' id='word_1_570' title='bbox 1992 2925 2077 2973; x_wconf 86' lang='lat' dir='ltr'>tus</span> <span class='ocrx_word' id='word_1_571' title='bbox 2105 2934 2159 2973; x_wconf 91' lang='lat' dir='ltr'>es</span> <span class='ocrx_word' id='word_1_572' title='bbox 2179 2933 2213 2972; x_wconf 91' lang='lat' dir='ltr'>a</span> <span class='ocrx_word' id='word_1_573' title='bbox 2231 2918 2334 2972; x_wconf 87' lang='lat' dir='ltr'>Deo</span> <span class='ocrx_word' id='word_1_574' title='bbox 2349 2921 2441 2971; x_wconf 86' lang='lat' dir='ltr'>tuo</span> <span class='ocrx_word' id='word_1_575' title='bbox 2471 2934 2489 2971; x_wconf 87' lang='lat'><strong><em>:</em></strong></span> <span class='ocrx_word' id='word_1_576' title='bbox 2519 2915 2771 2972; x_wconf 73' lang='lat' dir='ltr'>dilexisti</span> <span class='ocrx_word' id='word_1_577' title='bbox 2789 2931 3023 2970; x_wconf 87' lang='lat' dir='ltr'>munera</span> <span class='ocrx_word' id='word_1_578' title='bbox 3044 2929 3209 2986; x_wconf 89' lang='lat' dir='ltr'>super</span> <span class='ocrx_word' id='word_1_579' title='bbox 3225 2928 3443 2981; x_wconf 31' lang='lat' dir='ltr'>omnem,</span> <span class='ocrx_word' id='word_1_580' title='bbox 3462 2927 3654 2968; x_wconf 90' lang='lat' dir='ltr'>aream</span> 
     </span>
    </p>
   </div>
   <div class='ocr_carea' id='block_1_76' title="bbox 1993 3002 3654 3072">
    <p class='ocr_par' dir='ltr' id='par_1_76' title="bbox 1993 3002 3654 3072">
     <span class='ocr_line' id='line_1_76' title="bbox 1993 3002 3654 3072; baseline -0.002 -12"><span class='ocrx_word' id='word_1_581' title='bbox 1993 3007 2183 3061; x_wconf 87' lang='lat' dir='ltr'>tritici.</span> <span class='ocrx_word' id='word_1_582' title='bbox 2200 3006 2339 3060; x_wconf 83' lang='lat' dir='ltr'>Area</span> <span class='ocrx_word' id='word_1_583' title='bbox 2363 3013 2416 3060; x_wconf 88' lang='lat' dir='ltr'>et</span> <span class='ocrx_word' id='word_1_584' title='bbox 2440 3006 2681 3062; x_wconf 86' lang='lat' dir='ltr'>torcular</span> <span class='ocrx_word' id='word_1_585' title='bbox 2696 3020 2804 3060; x_wconf 86' lang='lat' dir='ltr'>non</span> <span class='ocrx_word' id='word_1_586' title='bbox 2821 3005 3066 3072; x_wconf 83' lang='lat' dir='ltr'>cognovit</span> <span class='ocrx_word' id='word_1_587' title='bbox 3086 3019 3196 3069; x_wconf 81' lang='lat' dir='ltr'>eos,</span> <span class='ocrx_word' id='word_1_588' title='bbox 3213 3010 3265 3058; x_wconf 90' lang='lat' dir='ltr'>et</span> <span class='ocrx_word' id='word_1_589' title='bbox 3284 3002 3478 3057; x_wconf 86' lang='lat' dir='ltr'>vinum</span> <span class='ocrx_word' id='word_1_590' title='bbox 3498 3018 3654 3058; x_wconf 84' lang='lat' dir='ltr'>men-</span> 
     </span>
    </p>
   </div>
   <div class='ocr_carea' id='block_1_77' title="bbox 1991 3090 3654 3164">
    <p class='ocr_par' dir='ltr' id='par_1_77' title="bbox 1991 3090 3654 3164">
     <span class='ocr_line' id='line_1_77' title="bbox 1991 3090 3654 3164; baseline -0.003 -15"><span class='ocrx_word' id='word_1_591' title='bbox 1991 3095 2152 3150; x_wconf 88' lang='lat' dir='ltr'>titum</span> <span class='ocrx_word' id='word_1_592' title='bbox 2184 3103 2261 3150; x_wconf 87' lang='lat' dir='ltr'>est</span> <span class='ocrx_word' id='word_1_593' title='bbox 2292 3095 2425 3155; x_wconf 82' lang='lat' dir='ltr'>illis.</span> <span class='ocrx_word' id='word_1_594' title='bbox 2460 3092 2567 3158; x_wconf 90' lang='lat' dir='ltr'>Qui</span> <span class='ocrx_word' id='word_1_595' title='bbox 2600 3110 2633 3148; x_wconf 92' lang='lat' dir='ltr'>a</span> <span class='ocrx_word' id='word_1_596' title='bbox 2671 3093 2788 3150; x_wconf 89' lang='lat' dir='ltr'>Deo</span> <span class='ocrx_word' id='word_1_597' title='bbox 2838 3095 3227 3159; x_wconf 89' lang='lat' dir='ltr'>recesserunt,</span> <span class='ocrx_word' id='word_1_598' title='bbox 3261 3107 3394 3148; x_wconf 89' lang='lat' dir='ltr'>cum</span> <span class='ocrx_word' id='word_1_599' title='bbox 3426 3090 3487 3146; x_wconf 91' lang='lat' dir='ltr'>in</span> <span class='ocrx_word' id='word_1_600' title='bbox 3518 3107 3654 3164; x_wconf 90' lang='lat' dir='ltr'>pro-</span> 
     </span>
    </p>
   </div>
   <div class='ocr_carea' id='block_1_78' title="bbox 1995 3178 3651 3255">
    <p class='ocr_par' dir='ltr' id='par_1_78' title="bbox 1995 3178 3651 3255">
     <span class='ocr_line' id='line_1_78' title="bbox 1995 3178 3651 3255; baseline -0.003 -16"><span class='ocrx_word' id='word_1_601' title='bbox 1995 3184 2243 3240; x_wconf 88' lang='lat' dir='ltr'>fundum</span> <span class='ocrx_word' id='word_1_602' title='bbox 2274 3182 2536 3242; x_wconf 89' lang='lat' dir='ltr'>venerint</span> <span class='ocrx_word' id='word_1_603' title='bbox 2557 3185 2944 3255; x_wconf 84' lang='lat' dir='ltr'>peccatorum,</span> <span class='ocrx_word' id='word_1_604' title='bbox 2964 3185 3020 3236; x_wconf 87' lang='lat' dir='ltr'>et</span> <span class='ocrx_word' id='word_1_605' title='bbox 3041 3179 3473 3252; x_wconf 89' lang='lat' dir='ltr'>desperaverint</span> <span class='ocrx_word' id='word_1_606' title='bbox 3494 3178 3651 3250; x_wconf 85' lang='lat' dir='ltr'>salu-</span> 
     </span>
    </p>
   </div>
   <div class='ocr_carea' id='block_1_79' title="bbox 1995 3267 3653 3342">
    <p class='ocr_par' dir='ltr' id='par_1_79' title="bbox 1995 3267 3653 3342">
     <span class='ocr_line' id='line_1_79' title="bbox 1995 3267 3653 3342; baseline -0.005 -12"><span class='ocrx_word' id='word_1_607' title='bbox 1995 3277 2112 3330; x_wconf 91' lang='lat' dir='ltr'>tem</span> <span class='ocrx_word' id='word_1_608' title='bbox 2145 3289 2336 3339; x_wconf 87' lang='lat' dir='ltr'>suam,</span> <span class='ocrx_word' id='word_1_609' title='bbox 2371 3271 2645 3328; x_wconf 89' lang='lat' dir='ltr'>universa</span> <span class='ocrx_word' id='word_1_610' title='bbox 2667 3274 3045 3340; x_wconf 65' lang='lat' dir='ltr'>contemneth</span> <span class='ocrx_word' id='word_1_611' title='bbox 3073 3269 3254 3342; x_wconf 89' lang='lat' dir='ltr'>(Prov.</span> <span class='ocrx_word' id='word_1_612' title='bbox 3270 3268 3454 3340; x_wconf 84' lang='lat' dir='ltr'>xvur).</span> <span class='ocrx_word' id='word_1_613' title='bbox 3478 3267 3653 3324; x_wconf 91' lang='lat' dir='ltr'>Deni-</span> 
     </span>
    </p>
   </div>
   <div class='ocr_carea' id='block_1_80' title="bbox 1993 3355 3652 3435">
    <p class='ocr_par' dir='ltr' id='par_1_80' title="bbox 1993 3355 3652 3435">
     <span class='ocr_line' id='line_1_80' title="bbox 1993 3355 3652 3435; baseline -0.003 -18"><span class='ocrx_word' id='word_1_614' title='bbox 1993 3379 2108 3435; x_wconf 90' lang='lat' dir='ltr'>que</span> <span class='ocrx_word' id='word_1_615' title='bbox 2138 3365 2195 3417; x_wconf 88' lang='lat' dir='ltr'>et</span> <span class='ocrx_word' id='word_1_616' title='bbox 2237 3360 2410 3418; x_wconf 91' lang='lat' dir='ltr'>Israel</span> <span class='ocrx_word' id='word_1_617' title='bbox 2453 3360 2729 3416; x_wconf 89' lang='lat' dir='ltr'>recedens</span> <span class='ocrx_word' id='word_1_618' title='bbox 2761 3376 2795 3414; x_wconf 91' lang='lat' dir='ltr'>a</span> <span class='ocrx_word' id='word_1_619' title='bbox 2823 3358 2949 3432; x_wconf 89' lang='lat' dir='ltr'>lege</span> <span class='ocrx_word' id='word_1_620' title='bbox 2980 3358 3103 3428; x_wconf 89' lang='lat' dir='ltr'>Dei,</span> <span class='ocrx_word' id='word_1_621' title='bbox 3138 3363 3195 3415; x_wconf 90' lang='lat' dir='ltr'>et</span> <span class='ocrx_word' id='word_1_622' title='bbox 3224 3358 3424 3416; x_wconf 89' lang='lat' dir='ltr'>colens</span> <span class='ocrx_word' id='word_1_623' title='bbox 3472 3355 3652 3426; x_wconf 91' lang='lat' dir='ltr'>idola,</span> 
     </span>
    </p>
   </div>
   <div class='ocr_carea' id='block_1_81' title="bbox 1995 3445 3654 3524">
    <p class='ocr_par' dir='ltr' id='par_1_81' title="bbox 1995 3445 3654 3524">
     <span class='ocr_line' id='line_1_81' title="bbox 1995 3445 3654 3524; baseline -0.003 -16"><span class='ocrx_word' id='word_1_624' title='bbox 1995 3469 2062 3508; x_wconf 83' lang='lat' dir='ltr'>ex</span> <span class='ocrx_word' id='word_1_625' title='bbox 2087 3449 2290 3506; x_wconf 88' lang='lat' dir='ltr'>multis</span> <span class='ocrx_word' id='word_1_626' title='bbox 2321 3449 2593 3524; x_wconf 90' lang='lat' dir='ltr'>gentibus</span> <span class='ocrx_word' id='word_1_627' title='bbox 2611 3464 2789 3503; x_wconf 90' lang='lat' dir='ltr'>unam</span> <span class='ocrx_word' id='word_1_628' title='bbox 2808 3452 3041 3521; x_wconf 89' lang='lat' dir='ltr'>gentem</span> <span class='ocrx_word' id='word_1_629' title='bbox 3068 3463 3197 3502; x_wconf 89' lang='lat' dir='ltr'>esse</span> <span class='ocrx_word' id='word_1_630' title='bbox 3221 3463 3283 3503; x_wconf 87' lang='lat' dir='ltr'>se</span> <span class='ocrx_word' id='word_1_631' title='bbox 3306 3445 3448 3506; x_wconf 80' lang='lat' dir='ltr'>dicit</span> <span class='ocrx_word' id='word_1_632' title='bbox 3472 3463 3485 3501; x_wconf 92' lang='lat'>:</span> <span class='ocrx_word' id='word_1_633' title='bbox 3513 3460 3654 3517; x_wconf 87' lang='lat' dir='ltr'>gau-</span> 
     </span>
    </p>
   </div>
   <div class='ocr_carea' id='block_1_82' title="bbox 1996 3531 3655 3610">
    <p class='ocr_par' dir='ltr' id='par_1_82' title="bbox 1996 3531 3655 3610">
     <span class='ocr_line' id='line_1_82' title="bbox 1996 3531 3655 3610; baseline -0.005 -16"><span class='ocrx_word' id='word_1_634' title='bbox 1996 3539 2142 3595; x_wconf 90' lang='lat' dir='ltr'>dens</span> <span class='ocrx_word' id='word_1_635' title='bbox 2171 3542 2228 3594; x_wconf 92' lang='lat' dir='ltr'>et</span> <span class='ocrx_word' id='word_1_636' title='bbox 2257 3537 2561 3610; x_wconf 89' lang='lat' dir='ltr'>gratulans</span> <span class='ocrx_word' id='word_1_637' title='bbox 2593 3536 2747 3609; x_wconf 92' lang='lat' dir='ltr'>quod</span> <span class='ocrx_word' id='word_1_638' title='bbox 2784 3553 2818 3593; x_wconf 86' lang='lat' dir='ltr'>a</span> <span class='ocrx_word' id='word_1_639' title='bbox 2848 3534 2948 3594; x_wconf 91' lang='lat' dir='ltr'>Dei</span> <span class='ocrx_word' id='word_1_640' title='bbox 2999 3533 3206 3589; x_wconf 86' lang='lat' dir='ltr'>notitia</span> <span class='ocrx_word' id='word_1_641' title='bbox 3237 3531 3569 3608; x_wconf 72' lang='lat' dir='ltr'>recesserit,</span> <span class='ocrx_word' id='word_1_642' title='bbox 3597 3534 3655 3586; x_wconf 90' lang='lat' dir='ltr'>et</span> 
     </span>
    </p>
   </div>
   <div class='ocr_carea' id='block_1_83' title="bbox 1996 3623 3653 3700">
    <p class='ocr_par' dir='ltr' id='par_1_83' title="bbox 1996 3623 3653 3700">
     <span class='ocr_line' id='line_1_83' title="bbox 1996 3623 3653 3700; baseline -0.005 -18"><span class='ocrx_word' id='word_1_643' title='bbox 1996 3625 2071 3683; x_wconf 90' lang='lat' dir='ltr'>sit</span> <span class='ocrx_word' id='word_1_644' title='bbox 2103 3644 2246 3700; x_wconf 88' lang='lat' dir='ltr'>gens</span> <span class='ocrx_word' id='word_1_645' title='bbox 2282 3625 2464 3682; x_wconf 84' lang='lat' dir='ltr'>mixta</span> <span class='ocrx_word' id='word_1_646' title='bbox 2494 3641 2629 3680; x_wconf 90' lang='lat' dir='ltr'>cum</span> <span class='ocrx_word' id='word_1_647' title='bbox 2660 3623 2904 3687; x_wconf 74' lang='lat' dir='ltr'>caeteris,</span> <span class='ocrx_word' id='word_1_648' title='bbox 2927 3627 2982 3677; x_wconf 90' lang='lat' dir='ltr'>et</span> <span class='ocrx_word' id='word_1_649' title='bbox 3012 3626 3314 3698; x_wconf 87' lang='lat' dir='ltr'>propterea</span> <span class='ocrx_word' id='word_1_650' title='bbox 3345 3637 3502 3676; x_wconf 90' lang='lat' dir='ltr'>nunc</span> <span class='ocrx_word' id='word_1_651' title='bbox 3525 3637 3653 3678; x_wconf 88' lang='lat' dir='ltr'>cor-</span> 
     </span>
    </p>
   </div>
   <div class='ocr_carea' id='block_1_84' title="bbox 2007 3709 3654 3787">
    <p class='ocr_par' dir='ltr' id='par_1_84' title="bbox 2007 3709 3654 3787">
     <span class='ocr_line' id='line_1_84' title="bbox 2007 3709 3654 3787; baseline -0.004 -17"><span class='ocrx_word' id='word_1_652' title='bbox 2007 3714 2149 3787; x_wconf 88' lang='lat' dir='ltr'>ripit</span> <span class='ocrx_word' id='word_1_653' title='bbox 2179 3731 2299 3782; x_wconf 89' lang='lat' dir='ltr'>eos,</span> <span class='ocrx_word' id='word_1_654' title='bbox 2331 3717 2388 3769; x_wconf 92' lang='lat' dir='ltr'>et</span> <span class='ocrx_word' id='word_1_655' title='bbox 2418 3712 2558 3768; x_wconf 89' lang='lat' dir='ltr'>dicit</span> <span class='ocrx_word' id='word_1_656' title='bbox 2589 3730 2601 3768; x_wconf 90' lang='lat'><strong>:</strong></span> <span class='ocrx_word' id='word_1_657' title='bbox 2636 3711 2717 3766; x_wconf 90' lang='lat' dir='ltr'>Ne</span> <span class='ocrx_word' id='word_1_658' title='bbox 2747 3711 3026 3784; x_wconf 85' lang='lat' dir='ltr'>gaudeas,</span> <span class='ocrx_word' id='word_1_659' title='bbox 3060 3727 3132 3766; x_wconf 92' lang='lat' dir='ltr'>ne</span> <span class='ocrx_word' id='word_1_660' title='bbox 3161 3709 3392 3778; x_wconf 78' lang='lat' dir='ltr'>laeteris,</span> <span class='ocrx_word' id='word_1_661' title='bbox 3417 3725 3523 3765; x_wconf 91' lang='lat' dir='ltr'>nec</span> <span class='ocrx_word' id='word_1_662' title='bbox 3547 3726 3654 3782; x_wconf 90' lang='lat' dir='ltr'>pu-</span> 
     </span>
    </p>
   </div>
   <div class='ocr_carea' id='block_1_85' title="bbox 1995 3791 3655 3872">
    <p class='ocr_par' dir='ltr' id='par_1_85' title="bbox 1995 3791 3655 3872">
     <span class='ocr_line' id='line_1_85' title="bbox 1995 3791 3655 3872; baseline -0.005 -12"><span class='ocrx_word' id='word_1_663' title='bbox 1995 3791 2085 3860; x_wconf 80' lang='lat' dir='ltr'>tes</span> <span class='ocrx_word' id='word_1_664' title='bbox 2112 3808 2168 3859; x_wconf 91' lang='lat' dir='ltr'>te</span> <span class='ocrx_word' id='word_1_665' title='bbox 2215 3801 2392 3858; x_wconf 89' lang='lat' dir='ltr'>talem</span> <span class='ocrx_word' id='word_1_666' title='bbox 2425 3818 2574 3872; x_wconf 85' lang='lat' dir='ltr'>esse,</span> <span class='ocrx_word' id='word_1_667' title='bbox 2608 3804 2673 3856; x_wconf 89' lang='lat' dir='ltr'>ut</span> <span class='ocrx_word' id='word_1_668' title='bbox 2719 3803 2860 3855; x_wconf 90' lang='lat' dir='ltr'>sunt</span> <span class='ocrx_word' id='word_1_669' title='bbox 2888 3803 3101 3854; x_wconf 65' lang='lat' dir='ltr'>caeteras</span> <span class='ocrx_word' id='word_1_670' title='bbox 3150 3797 3439 3854; x_wconf 90' lang='lat' dir='ltr'>nationes.</span> <span class='ocrx_word' id='word_1_671' title='bbox 3469 3797 3655 3857; x_wconf 82' lang='lat' dir='ltr'>Aliter</span> 
     </span>
    </p>
   </div>
   <div class='ocr_carea' id='block_1_86' title="bbox 1996 3886 3650 3960">
    <p class='ocr_par' dir='ltr' id='par_1_86' title="bbox 1996 3886 3650 3960">
     <span class='ocr_line' id='line_1_86' title="bbox 1996 3886 3650 3960; baseline -0.003 -11"><span class='ocrx_word' id='word_1_672' title='bbox 1996 3893 2153 3949; x_wconf 91' lang='lat' dir='ltr'>enim</span> <span class='ocrx_word' id='word_1_673' title='bbox 2176 3891 2442 3946; x_wconf 89' lang='lat' dir='ltr'>nesciens</span> <span class='ocrx_word' id='word_1_674' title='bbox 2474 3887 2855 3954; x_wconf 90' lang='lat' dir='ltr'>Deum,aliter</span> <span class='ocrx_word' id='word_1_675' title='bbox 2883 3886 3125 3960; x_wconf 89' lang='lat' dir='ltr'>punitur</span> <span class='ocrx_word' id='word_1_676' title='bbox 3153 3887 3428 3944; x_wconf 87' lang='lat' dir='ltr'>recedens</span> <span class='ocrx_word' id='word_1_677' title='bbox 3451 3903 3485 3943; x_wconf 90' lang='lat' dir='ltr'>a</span> <span class='ocrx_word' id='word_1_678' title='bbox 3509 3887 3650 3956; x_wconf 92' lang='lat' dir='ltr'>Deo,</span> 
     </span>
    </p>
   </div>
   <div class='ocr_carea' id='block_1_87' title="bbox 2000 3975 3659 4053">
    <p class='ocr_par' dir='ltr' id='par_1_87' title="bbox 2000 3975 3659 4053">
     <span class='ocr_line' id='line_1_87' title="bbox 2000 3975 3659 4053; baseline -0.003 -17"><span class='ocrx_word' id='word_1_679' title='bbox 2000 3981 2137 4053; x_wconf 87' lang='lat' dir='ltr'>quia</span> <span class='ocrx_word' id='word_1_680' title='bbox 2152 3997 2355 4038; x_wconf 90' lang='lat' dir='ltr'>servus</span> <span class='ocrx_word' id='word_1_681' title='bbox 2370 3977 2470 4051; x_wconf 90' lang='lat' dir='ltr'>qui</span> <span class='ocrx_word' id='word_1_682' title='bbox 2484 3975 3190 4034; x_wconf 83' lang='lat' dir='ltr'>scitvoluntatemdomini</span> <span class='ocrx_word' id='word_1_683' title='bbox 3208 3975 3384 4045; x_wconf 87' lang='lat' dir='ltr'>sui,et</span> <span class='ocrx_word' id='word_1_684' title='bbox 3398 3975 3659 4032; x_wconf 83' lang='lat' dir='ltr'>nonfacit</span> 
     </span>
    </p>
   </div>
   <div class='ocr_carea' id='block_1_88' title="bbox 1997 4064 3660 4142">
    <p class='ocr_par' dir='ltr' id='par_1_88' title="bbox 1997 4064 3660 4142">
     <span class='ocr_line' id='line_1_88' title="bbox 1997 4064 3660 4142; baseline -0.004 -16"><span class='ocrx_word' id='word_1_685' title='bbox 1997 4064 3660 4142; x_wconf 80' lang='lat' dir='ltr'>eam,vapulabit(e)multum(Luc.xn).Mercedemfornica-</span> 
     </span>
    </p>
   </div>
   <div class='ocr_carea' id='block_1_89' title="bbox 1999 4153 3660 4226">
    <p class='ocr_par' dir='ltr' id='par_1_89' title="bbox 1999 4153 3660 4226">
     <span class='ocr_line' id='line_1_89' title="bbox 1999 4153 3660 4226; baseline -0.002 -12"><span class='ocrx_word' id='word_1_686' title='bbox 1999 4158 2176 4215; x_wconf 90' lang='lat' dir='ltr'>tionis</span> <span class='ocrx_word' id='word_1_687' title='bbox 2194 4163 2306 4222; x_wconf 72' lang='lat' dir='ltr'>tuae</span> <span class='ocrx_word' id='word_1_688' title='bbox 2330 4175 2494 4214; x_wconf 89' lang='lat' dir='ltr'>areas</span> <span class='ocrx_word' id='word_1_689' title='bbox 2518 4156 2734 4211; x_wconf 85' lang='lat' dir='ltr'>multas</span> <span class='ocrx_word' id='word_1_690' title='bbox 2751 4160 2807 4212; x_wconf 91' lang='lat' dir='ltr'>et</span> <span class='ocrx_word' id='word_1_691' title='bbox 2831 4154 3148 4223; x_wconf 86' lang='lat' dir='ltr'>toreularia</span> <span class='ocrx_word' id='word_1_692' title='bbox 3171 4153 3553 4226; x_wconf 77' lang='lat' dir='ltr'>reputasti,ut</span> <span class='ocrx_word' id='word_1_693' title='bbox 3575 4169 3660 4210; x_wconf 88' lang='lat' dir='ltr'>re-</span> 
     </span>
    </p>
   </div>
   <div class='ocr_carea' id='block_1_90' title="bbox 1999 4241 3662 4304">
    <p class='ocr_par' dir='ltr' id='par_1_90' title="bbox 1999 4241 3662 4304">
     <span class='ocr_line' id='line_1_90' title="bbox 1999 4241 3662 4304; baseline -0.003 -1"><span class='ocrx_word' id='word_1_694' title='bbox 1999 4263 2132 4304; x_wconf 90' lang='lat' dir='ltr'>rum</span> <span class='ocrx_word' id='word_1_695' title='bbox 2165 4247 2430 4302; x_wconf 91' lang='lat' dir='ltr'>omnium</span> <span class='ocrx_word' id='word_1_696' title='bbox 2482 4245 2846 4302; x_wconf 86' lang='lat' dir='ltr'>abundantia</span> <span class='ocrx_word' id='word_1_697' title='bbox 2895 4243 3174 4300; x_wconf 89' lang='lat' dir='ltr'>fruereris</span> <span class='ocrx_word' id='word_1_698' title='bbox 3210 4259 3225 4298; x_wconf 89' lang='lat'><strong>:</strong></span> <span class='ocrx_word' id='word_1_699' title='bbox 3258 4241 3388 4298; x_wconf 89' lang='lat' dir='ltr'>ideo</span> <span class='ocrx_word' id='word_1_700' title='bbox 3437 4258 3571 4298; x_wconf 89' lang='lat' dir='ltr'>area</span> <span class='ocrx_word' id='word_1_701' title='bbox 3601 4246 3662 4298; x_wconf 91' lang='lat' dir='ltr'>et</span> 
     </span>
    </p>
   </div>
   <div class='ocr_carea' id='block_1_91' title="bbox 1996 4331 3659 4408">
    <p class='ocr_par' dir='ltr' id='par_1_91' title="bbox 1996 4331 3659 4408">
     <span class='ocr_line' id='line_1_91' title="bbox 1996 4331 3659 4408; baseline -0.005 -15"><span class='ocrx_word' id='word_1_702' title='bbox 1996 4334 2548 4403; x_wconf 88' lang='lat' dir='ltr'>torcular,triticum</span> <span class='ocrx_word' id='word_1_703' title='bbox 2579 4334 2900 4405; x_wconf 89' lang='lat' dir='ltr'>vinumque</span> <span class='ocrx_word' id='word_1_704' title='bbox 2930 4348 3048 4388; x_wconf 91' lang='lat' dir='ltr'>non</span> <span class='ocrx_word' id='word_1_705' title='bbox 3081 4331 3390 4408; x_wconf 38' lang='lat' dir='ltr'>facient,‘et</span> <span class='ocrx_word' id='word_1_706' title='bbox 3421 4331 3659 4388; x_wconf 75' lang='lat' dir='ltr'>mentie~</span> 
     </span>
    </p>
   </div>
   <div class='ocr_carea' id='block_1_92' title="bbox 1999 4420 3660 4498">
    <p class='ocr_par' dir='ltr' id='par_1_92' title="bbox 1999 4420 3660 4498">
     <span class='ocr_line' id='line_1_92' title="bbox 1999 4420 3660 4498; baseline -0.003 -17"><span class='ocrx_word' id='word_1_707' title='bbox 1999 4429 2100 4481; x_wconf 90' lang='lat' dir='ltr'>tur</span> <span class='ocrx_word' id='word_1_708' title='bbox 2127 4424 2212 4480; x_wconf 90' lang='lat' dir='ltr'>eis</span> <span class='ocrx_word' id='word_1_709' title='bbox 2241 4422 2517 4488; x_wconf 78' lang='lat' dir='ltr'>torcular,</span> <span class='ocrx_word' id='word_1_710' title='bbox 2551 4423 2672 4478; x_wconf 92' lang='lat' dir='ltr'>sive</span> <span class='ocrx_word' id='word_1_711' title='bbox 2703 4421 2939 4498; x_wconf 88' lang='lat' dir='ltr'>negabit</span> <span class='ocrx_word' id='word_1_712' title='bbox 2966 4420 3168 4476; x_wconf 89' lang='lat' dir='ltr'>vinum</span> <span class='ocrx_word' id='word_1_713' title='bbox 3220 4435 3420 4486; x_wconf 87' lang='lat' dir='ltr'>suum,</span> <span class='ocrx_word' id='word_1_714' title='bbox 3452 4434 3564 4489; x_wconf 91' lang='lat' dir='ltr'>quo</span> <span class='ocrx_word' id='word_1_715' title='bbox 3596 4433 3660 4476; x_wconf 89' lang='lat' dir='ltr'>se</span> 
     </span>
    </p>
   </div>
   <div class='ocr_carea' id='block_1_93' title="bbox 1996 4505 3660 4585">
    <p class='ocr_par' dir='ltr' id='par_1_93' title="bbox 1996 4505 3660 4585">
     <span class='ocr_line' id='line_1_93' title="bbox 1996 4505 3660 4585; baseline -0.005 -17"><span class='ocrx_word' id='word_1_716' title='bbox 1996 4513 2367 4570; x_wconf 90' lang='lat' dir='ltr'>inebriandos</span> <span class='ocrx_word' id='word_1_717' title='bbox 2404 4511 2707 4585; x_wconf 87' lang='lat' dir='ltr'>putabant.</span> <span class='ocrx_word' id='word_1_718' title='bbox 2744 4509 3020 4582; x_wconf 81' lang='lat' dir='ltr'>Legimus</span> <span class='ocrx_word' id='word_1_719' title='bbox 3045 4509 3155 4563; x_wconf 91' lang='lat' dir='ltr'>sub</span> <span class='ocrx_word' id='word_1_720' title='bbox 3185 4507 3384 4562; x_wconf 90' lang='lat' dir='ltr'>Achab</span> <span class='ocrx_word' id='word_1_721' title='bbox 3406 4521 3540 4578; x_wconf 89' lang='lat' dir='ltr'>rege</span> <span class='ocrx_word' id='word_1_722' title='bbox 3576 4505 3660 4560; x_wconf 89' lang='lat' dir='ltr'>Is-</span> 
     </span>
    </p>
   </div>
   <div class='ocr_carea' id='block_1_94' title="bbox 229 4590 3655 4674">
    <p class='ocr_par' dir='ltr' id='par_1_94' title="bbox 229 4590 3655 4674">
     <span class='ocr_line' id='line_1_94' title="bbox 229 4590 3655 4674; baseline 0.001 -29"><span class='ocrx_word' id='word_1_723' title='bbox 229 4590 477 4647; x_wconf 57' lang='grc' dir='ltr'>διακαεὶς</span> <span class='ocrx_word' id='word_1_724' title='bbox 507 4593 621 4658; x_wconf 85' lang='lat' dir='ltr'>sui,</span> <span class='ocrx_word' id='word_1_725' title='bbox 651 4598 711 4649; x_wconf 89' lang='lat' dir='ltr'>et</span> <span class='ocrx_word' id='word_1_726' title='bbox 739 4594 1005 4652; x_wconf 80' lang='lat' dir='ltr'>Great-ore</span> <span class='ocrx_word' id='word_1_727' title='bbox 1036 4602 1386 4669; x_wconf 88' lang='lat' dir='ltr'>contempto,</span> <span class='ocrx_word' id='word_1_728' title='bbox 1420 4597 1600 4653; x_wconf 91' lang='lat' dir='ltr'>alium</span> <span class='ocrx_word' id='word_1_729' title='bbox 1633 4599 1746 4654; x_wconf 89' lang='lat' dir='ltr'>sibi</span> <span class='ocrx_word' id='word_1_730' title='bbox 1777 4599 1888 4654; x_wconf 68' lang='grc' dir='ltr'>θη-</span> <span class='ocrx_word' id='word_1_731' title='bbox 1919 4600 1970 4667; x_wconf 89' lang='lat' dir='ltr'>D</span> <span class='ocrx_word' id='word_1_732' title='bbox 2002 4603 2213 4672; x_wconf 91' lang='lat' dir='ltr'>rael,et</span> <span class='ocrx_word' id='word_1_733' title='bbox 2243 4601 2368 4658; x_wconf 88' lang='lat' dir='ltr'>Elia</span> <span class='ocrx_word' id='word_1_734' title='bbox 2387 4600 2690 4674; x_wconf 87' lang='lat' dir='ltr'>propheta,</span> <span class='ocrx_word' id='word_1_735' title='bbox 2714 4598 2928 4653; x_wconf 86' lang='lat' dir='ltr'>famem</span> <span class='ocrx_word' id='word_1_736' title='bbox 2959 4595 3362 4674; x_wconf 88' lang='lat' dir='ltr'>gravissimam</span> <span class='ocrx_word' id='word_1_737' title='bbox 3390 4594 3572 4650; x_wconf 89' lang='lat' dir='ltr'>fuisse</span> <span class='ocrx_word' id='word_1_738' title='bbox 3597 4593 3655 4648; x_wconf 90' lang='lat' dir='ltr'>in</span> 
     </span>
    </p>
   </div>
   <div class='ocr_carea' id='block_1_95' title="bbox 229 4679 1892 4757">
    <p class='ocr_par' dir='ltr' id='par_1_95' title="bbox 229 4679 1892 4757">
     <span class='ocr_line' id='line_1_95' title="bbox 229 4679 1892 4757; baseline 0.007 -24"><span class='ocrx_word' id='word_1_739' title='bbox 229 4679 314 4733; x_wconf 73' lang='lat' dir='ltr'>xit</span> <span class='ocrx_word' id='word_1_740' title='bbox 345 4680 684 4739; x_wconf 78' lang='lat' dir='ltr'>dominum.</span> <span class='ocrx_word' id='word_1_741' title='bbox 716 4682 901 4740; x_wconf 83' lang='lat' dir='ltr'>Judas</span> <span class='ocrx_word' id='word_1_742' title='bbox 923 4701 1178 4757; x_wconf 87' lang='lat' dir='ltr'>quoque,</span> <span class='ocrx_word' id='word_1_743' title='bbox 1203 4685 1262 4742; x_wconf 91' lang='lat' dir='ltr'>id</span> <span class='ocrx_word' id='word_1_744' title='bbox 1297 4691 1406 4754; x_wconf 89' lang='lat' dir='ltr'>est,</span> <span class='ocrx_word' id='word_1_745' title='bbox 1427 4686 1512 4741; x_wconf 91' lang='lat' dir='ltr'>vir</span> <span class='ocrx_word' id='word_1_746' title='bbox 1533 4686 1892 4744; x_wconf 80' lang='lat' dir='ltr'>Ecclesiasti-</span> 
     </span>
    </p>
   </div>
   <div class='ocr_carea' id='block_1_96' title="bbox 232 4767 1890 4852">
    <p class='ocr_par' dir='ltr' id='par_1_96' title="bbox 232 4767 1890 4852">
     <span class='ocr_line' id='line_1_96' title="bbox 232 4767 1890 4852; baseline 0.007 -30"><span class='ocrx_word' id='word_1_747' title='bbox 232 4783 362 4836; x_wconf 86' lang='lat' dir='ltr'>cus,</span> <span class='ocrx_word' id='word_1_748' title='bbox 383 4767 445 4822; x_wconf 90' lang='lat' dir='ltr'>in</span> <span class='ocrx_word' id='word_1_749' title='bbox 480 4767 654 4825; x_wconf 88' lang='lat' dir='ltr'>malis</span> <span class='ocrx_word' id='word_1_750' title='bbox 686 4772 980 4852; x_wconf 86' lang='lat' dir='ltr'>operibus,</span> <span class='ocrx_word' id='word_1_751' title='bbox 999 4773 1084 4829; x_wconf 90' lang='lat' dir='ltr'>vel</span> <span class='ocrx_word' id='word_1_752' title='bbox 1116 4774 1174 4828; x_wconf 91' lang='lat' dir='ltr'>in</span> <span class='ocrx_word' id='word_1_753' title='bbox 1199 4779 1532 4830; x_wconf 88' lang='lat' dir='ltr'>sanctarum</span> <span class='ocrx_word' id='word_1_754' title='bbox 1562 4776 1890 4848; x_wconf 86' lang='lat' dir='ltr'>Scriptura—</span> 
     </span>
    </p>
   </div>
   <div class='ocr_carea' id='block_1_97' title="bbox 237 4857 1893 4940">
    <p class='ocr_par' dir='ltr' id='par_1_97' title="bbox 237 4857 1893 4940">
     <span class='ocr_line' id='line_1_97' title="bbox 237 4857 1893 4940; baseline 0.008 -30"><span class='ocrx_word' id='word_1_755' title='bbox 237 4871 382 4933; x_wconf 62' lang='lat' dir='ltr'>rum</span> <span class='ocrx_word' id='word_1_756' title='bbox 407 4857 888 4940; x_wconf 73' lang='lat' dir='ltr'>interpretatione</span> <span class='ocrx_word' id='word_1_757' title='bbox 915 4879 1206 4935; x_wconf 81' lang='lat' dir='ltr'>perversa,</span> <span class='ocrx_word' id='word_1_758' title='bbox 1238 4864 1548 4928; x_wconf 58' lang='lat' dir='ltr'>aedificavit</span> <span class='ocrx_word' id='word_1_759' title='bbox 1575 4865 1686 4921; x_wconf 89' lang='lat' dir='ltr'>sibi</span> <span class='ocrx_word' id='word_1_760' title='bbox 1720 4867 1893 4923; x_wconf 90' lang='lat' dir='ltr'>urbes</span> 
     </span>
    </p>
   </div>
   <div class='ocr_carea' id='block_1_98' title="bbox 233 4945 1890 5027">
    <p class='ocr_par' dir='ltr' id='par_1_98' title="bbox 233 4945 1890 5027">
     <span class='ocr_line' id='line_1_98' title="bbox 233 4945 1890 5027; baseline 0.007 -27"><span class='ocrx_word' id='word_1_761' title='bbox 233 4945 534 5024; x_wconf 53' lang='lat' dir='ltr'>munitas,</span> <span class='ocrx_word' id='word_1_762' title='bbox 558 4963 676 5008; x_wconf 84' lang='lat' dir='ltr'>non</span> <span class='ocrx_word' id='word_1_763' title='bbox 705 4945 938 5027; x_wconf 46' lang='lat' dir='ltr'>aquilio</span> <span class='ocrx_word' id='word_1_764' title='bbox 972 4951 1092 5020; x_wconf 86' lang='lat' dir='ltr'>Dei,</span> <span class='ocrx_word' id='word_1_765' title='bbox 1127 4953 1228 5018; x_wconf 87' lang='lat' dir='ltr'>sed</span> <span class='ocrx_word' id='word_1_766' title='bbox 1260 4953 1477 5014; x_wconf 29' lang='lat' dir='ltr'>artiﬁci,</span> <span class='ocrx_word' id='word_1_767' title='bbox 1503 4953 1610 5023; x_wconf 80' lang='grc' dir='ltr'>[ΑΙ.</span> <span class='ocrx_word' id='word_1_768' title='bbox 1641 4956 1890 5027; x_wconf 76' lang='lat' dir='ltr'>artiﬁcis]</span> 
     </span>
    </p>
   </div>
   <div class='ocr_carea' id='block_1_99' title="bbox 397 5051 1894 5134">
    <p class='ocr_par' dir='ltr' id='par_1_99' title="bbox 397 5051 1894 5134">
     <span class='ocr_line' id='line_1_99' title="bbox 397 5051 1894 5134; baseline 0.007 -27"><span class='ocrx_word' id='word_1_769' title='bbox 397 5051 492 5134; x_wconf 54' lang='lat' dir='ltr'>in</span> <span class='ocrx_word' id='word_1_770' title='bbox 519 5069 638 5110; x_wconf 84' lang='lat' dir='ltr'>uno</span> <span class='ocrx_word' id='word_1_771' title='bbox 667 5055 1304 5134; x_wconf 33' lang='lat' dir='ltr'>Palat_._,‘destructurum</span> <span class='ocrx_word' id='word_1_772' title='bbox 1334 5077 1447 5134; x_wconf 84' lang='lat' dir='ltr'>esse</span> <span class='ocrx_word' id='word_1_773' title='bbox 1472 5078 1528 5118; x_wconf 87' lang='lat' dir='ltr'>se</span> <span class='ocrx_word' id='word_1_774' title='bbox 1571 5062 1702 5117; x_wconf 87' lang='lat' dir='ltr'>dicit</span> <span class='ocrx_word' id='word_1_775' title='bbox 1729 5077 1894 5134; x_wconf 59' lang='lat' dir='ltr'>usque</span> 
     </span>
    </p>
   </div>
   <div class='ocr_carea' id='block_1_100' title="bbox 233 5118 1896 5196">
    <p class='ocr_par' dir='ltr' id='par_1_100' title="bbox 233 5118 1896 5196">
     <span class='ocr_line' id='line_1_100' title="bbox 233 5118 1896 5196; baseline 0.006 -18"><span class='ocrx_word' id='word_1_776' title='bbox 233 5118 772 5196; x_wconf 75' lang='lat' dir='ltr'>fundamentum</span> <span class='ocrx_word' id='word_1_777' title='bbox 818 5118 972 5196; x_wconf 77' lang='lat' dir='ltr'>illius</span> <span class='ocrx_word' id='word_1_778' title='bbox 1018 5138 1334 5186; x_wconf 83' lang='lat' dir='ltr'>voraturum</span> <span class='ocrx_word' id='word_1_779' title='bbox 1361 5131 1523 5188; x_wconf 64' lang='lat' dir='ltr'>aedes.</span> <span class='ocrx_word' id='word_1_780' title='bbox 1558 5134 1715 5188; x_wconf 85' lang='lat' dir='ltr'>Illius</span> <span class='ocrx_word' id='word_1_781' title='bbox 1747 5118 1896 5190; x_wconf 71' lang='lat' dir='ltr'>hciud</span> 
     </span>
    </p>
   </div>
   <div class='ocr_carea' id='block_1_101' title="bbox 233 5192 1894 5326">
    <p class='ocr_par' dir='ltr' id='par_1_101' title="bbox 233 5192 1894 5326">
     <span class='ocr_line' id='line_1_101' title="bbox 233 5192 1894 5326; baseline 0.006 -76"><span class='ocrx_word' id='word_1_782' title='bbox 233 5192 633 5326; x_wconf 38' lang='grc' dir='ltr'><strong>Μέθη.</strong></span> <span class='ocrx_word' id='word_1_783' title='bbox 671 5201 731 5255; x_wconf 89' lang='lat' dir='ltr'>In</span> <span class='ocrx_word' id='word_1_784' title='bbox 749 5192 967 5266; x_wconf 80' lang='lat' dir='ltr'>altero,</span> <span class='ocrx_word' id='word_1_785' title='bbox 991 5207 1044 5257; x_wconf 87' lang='lat' dir='ltr'>et</span> <span class='ocrx_word' id='word_1_786' title='bbox 1071 5218 1236 5275; x_wconf 87' lang='lat' dir='ltr'>usque</span> <span class='ocrx_word' id='word_1_787' title='bbox 1264 5202 1334 5260; x_wconf 89' lang='lat' dir='ltr'>ad</span> <span class='ocrx_word' id='word_1_788' title='bbox 1359 5204 1716 5274; x_wconf 80' lang='lat' dir='ltr'>fundamenta</span> <span class='ocrx_word' id='word_1_789' title='bbox 1738 5222 1894 5260; x_wconf 85' lang='lat' dir='ltr'>vora-</span> 
     </span>
    </p>
   </div>
   <div class='ocr_carea' id='block_1_102' title="bbox 377 5281 598 5330">
    <p class='ocr_par' dir='ltr' id='par_1_102' title="bbox 377 5281 598 5330">
     <span class='ocr_line' id='line_1_102' title="bbox 377 5281 598 5330; baseline 0.014 -11"><span class='ocrx_word' id='word_1_790' title='bbox 377 5281 457 5330; x_wconf 66' lang='lat' dir='ltr'>ne,</span> <span class='ocrx_word' id='word_1_791' title='bbox 490 5281 598 5322; x_wconf 65' lang='lat'>000-.</span> 
     </span>
    </p>
   </div>
   <div class='ocr_carea' id='block_1_103' title="bbox 310 5337 1894 5421">
    <p class='ocr_par' dir='ltr' id='par_1_103' title="bbox 310 5337 1894 5421">
     <span class='ocr_line' id='line_1_103' title="bbox 310 5337 1894 5421; baseline 0.007 -31"><span class='ocrx_word' id='word_1_792' title='bbox 310 5337 400 5404; x_wconf 64' lang='grc'>(1)).</span> <span class='ocrx_word' id='word_1_793' title='bbox 413 5341 691 5421; x_wconf 74' lang='lat' dir='ltr'>corrupte</span> <span class='ocrx_word' id='word_1_794' title='bbox 713 5340 996 5421; x_wconf 80' lang='lat' dir='ltr'>hactenus</span> <span class='ocrx_word' id='word_1_795' title='bbox 1016 5345 1154 5399; x_wconf 88' lang='lat' dir='ltr'>editi</span> <span class='ocrx_word' id='word_1_796' title='bbox 1179 5345 1446 5421; x_wconf 75' lang='lat' dir='ltr'>scribunt</span> <span class='ocrx_word' id='word_1_797' title='bbox 1467 5345 1650 5421; x_wconf 81' lang='grc' dir='ltr'>βαρεῖς</span> <span class='ocrx_word' id='word_1_798' title='bbox 1669 5363 1682 5400; x_wconf 90' lang='lat'>:</span> <span class='ocrx_word' id='word_1_799' title='bbox 1699 5349 1894 5421; x_wconf 83' lang='lat' dir='ltr'>etjam</span> 
     </span>
    </p>
   </div>
   <div class='ocr_carea' id='block_1_104' title="bbox 234 5409 1892 5495">
    <p class='ocr_par' dir='ltr' id='par_1_104' title="bbox 234 5409 1892 5495">
     <span class='ocr_line' id='line_1_104' title="bbox 234 5409 1892 5495; baseline 0.006 -33"><span class='ocrx_word' id='word_1_800' title='bbox 234 5423 362 5495; x_wconf 51' lang='lat' dir='ltr'>ne?</span> <span class='ocrx_word' id='word_1_801' title='bbox 391 5409 946 5495; x_wconf 45' lang='lat' dir='ltr'>magnai‘domgsﬁed</span> <span class='ocrx_word' id='word_1_802' title='bbox 971 5431 1138 5495; x_wconf 80' lang='lat' dir='ltr'>grave</span> <span class='ocrx_word' id='word_1_803' title='bbox 1158 5415 1294 5495; x_wconf 77' lang='lat' dir='ltr'>quid</span> <span class='ocrx_word' id='word_1_804' title='bbox 1328 5409 1566 5495; x_wconf 54' lang='lat' dir='ltr'>notant}</span> <span class='ocrx_word' id='word_1_805' title='bbox 1583 5435 1713 5495; x_wconf 68' lang='lat' dir='ltr'>non</span> <span class='ocrx_word' id='word_1_806' title='bbox 1733 5409 1892 5495; x_wconf 74' lang='lat' dir='ltr'>enim</span> 
     </span>
    </p>
   </div>
   <div class='ocr_carea' id='block_1_105' title="bbox 235 5478 1890 5560">
    <p class='ocr_par' dir='ltr' id='par_1_105' title="bbox 235 5478 1890 5560">
     <span class='ocr_line' id='line_1_105' title="bbox 235 5478 1890 5560; baseline -0.006 -8"><span class='ocrx_word' id='word_1_807' title='bbox 235 5496 279 5560; x_wconf 63' lang='grc' dir='ltr'>ξ</span> <span class='ocrx_word' id='word_1_808' title='bbox 308 5478 500 5551; x_wconf 67' lang='grc' dir='ltr'>βαρὺςζ</span> <span class='ocrx_word' id='word_1_809' title='bbox 534 5484 633 5560; x_wconf 62' lang='lat' dir='ltr'>sed</span> <span class='ocrx_word' id='word_1_810' title='bbox 674 5503 707 5540; x_wconf 91' lang='lat' dir='ltr'>a</span> <span class='ocrx_word' id='word_1_811' title='bbox 758 5478 937 5560; x_wconf 44' lang='lat' dir='ltr'>paen,</span> <span class='ocrx_word' id='word_1_812' title='bbox 967 5478 1312 5543; x_wconf 71' lang='lat' dir='ltr'>vocabulum</span> <span class='ocrx_word' id='word_1_813' title='bbox 1357 5488 1513 5544; x_wconf 87' lang='lat' dir='ltr'>istud</span> <span class='ocrx_word' id='word_1_814' title='bbox 1557 5478 1890 5544; x_wconf 66' lang='lat' dir='ltr'>deducitur.</span> 
     </span>
    </p>
   </div>
   <div class='ocr_carea' id='block_1_106' title="bbox 235 5550 1897 5635">
    <p class='ocr_par' dir='ltr' id='par_1_106' title="bbox 235 5550 1897 5635">
     <span class='ocr_line' id='line_1_106' title="bbox 235 5550 1897 5635; baseline -0.001 -19"><span class='ocrx_word' id='word_1_815' title='bbox 235 5550 524 5616; x_wconf 33' lang='lat' dir='ltr'>Erro’rem,</span> <span class='ocrx_word' id='word_1_816' title='bbox 548 5550 1004 5635; x_wconf 48' lang='lat' dir='ltr'>huncéosalibi</span> <span class='ocrx_word' id='word_1_817' title='bbox 1039 5560 1321 5635; x_wconf 78' lang='lat' dir='ltr'>cavimus,</span> <span class='ocrx_word' id='word_1_818' title='bbox 1345 5561 1588 5635; x_wconf 81' lang='lat' dir='ltr'>docente</span> <span class='ocrx_word' id='word_1_819' title='bbox 1611 5561 1737 5633; x_wconf 90' lang='lat' dir='ltr'>ipso</span> <span class='ocrx_word' id='word_1_820' title='bbox 1767 5561 1897 5615; x_wconf 83' lang='lat' dir='ltr'>Hie-</span> 
     </span>
    </p>
   </div>
   <div class='ocr_carea' id='block_1_107' title="bbox 240 5629 1894 5709">
    <p class='ocr_par' dir='ltr' id='par_1_107' title="bbox 240 5629 1894 5709">
     <span class='ocr_line' id='line_1_107' title="bbox 240 5629 1894 5709; baseline 0.006 -31"><span class='ocrx_word' id='word_1_821' title='bbox 240 5638 504 5709; x_wconf 60' lang='lat' dir='ltr'>nqnxtga,</span> <span class='ocrx_word' id='word_1_822' title='bbox 520 5629 876 5709; x_wconf 68' lang='lat' dir='ltr'>epist.t&#39;ﬁad.</span> <span class='ocrx_word' id='word_1_823' title='bbox 895 5631 1250 5709; x_wconf 60' lang='lat' dir='ltr'>Principiam</span> <span class='ocrx_word' id='word_1_824' title='bbox 1269 5648 1435 5709; x_wconf 57' lang='lat' dir='ltr'>num,</span> <span class='ocrx_word' id='word_1_825' title='bbox 1451 5633 1523 5709; x_wconf 66' lang='lat' dir='ltr'>l4</span> <span class='ocrx_word' id='word_1_826' title='bbox 1539 5631 1610 5688; x_wconf 90' lang='lat' dir='ltr'>de</span> <span class='ocrx_word' id='word_1_827' title='bbox 1632 5629 1894 5709; x_wconf 49' lang='lat' dir='ltr'>penny,</span> 
     </span>
    </p>
   </div>
   <div class='ocr_carea' id='block_1_108' title="bbox 240 5692 1895 5778">
    <p class='ocr_par' dir='ltr' id='par_1_108' title="bbox 240 5692 1895 5778">
     <span class='ocr_line' id='line_1_108' title="bbox 240 5692 1895 5778; baseline -0.001 -16"><span class='ocrx_word' id='word_1_828' title='bbox 240 5692 384 5763; x_wconf 45' lang='lat' dir='ltr'>BM;</span> <span class='ocrx_word' id='word_1_829' title='bbox 406 5692 620 5770; x_wconf 57' lang='lat' dir='ltr'>Pretio,</span> <span class='ocrx_word' id='word_1_830' title='bbox 649 5692 876 5775; x_wconf 50' lang='lat' dir='ltr'>inquit;</span> <span class='ocrx_word' id='word_1_831' title='bbox 894 5703 1042 5778; x_wconf 74' lang='lat' dir='ltr'>quod</span> <span class='ocrx_word' id='word_1_832' title='bbox 1065 5692 1604 5773; x_wconf 59' lang='lat' dir='ltr'>nbatmtulim,</span> <span class='ocrx_word' id='word_1_833' title='bbox 1632 5692 1670 5762; x_wconf 69' lang='lat' dir='ltr'>a</span> <span class='ocrx_word' id='word_1_834' title='bbox 1706 5692 1895 5762; x_wconf 49' lang='lat' dir='ltr'>domi-&#39;-</span> 
     </span>
    </p>
   </div>
   <div class='ocr_carea' id='block_1_109' title="bbox 2002 4679 3654 4748">
    <p class='ocr_par' dir='ltr' id='par_1_109' title="bbox 2002 4679 3654 4748">
     <span class='ocr_line' id='line_1_109' title="bbox 2002 4679 3654 4748; baseline -0.007 0"><span class='ocrx_word' id='word_1_835' title='bbox 2002 4691 2265 4748; x_wconf 90' lang='lat' dir='ltr'>Samaria</span> <span class='ocrx_word' id='word_1_836' title='bbox 2302 4708 2314 4746; x_wconf 94' lang='lat'>:</span> <span class='ocrx_word' id='word_1_837' title='bbox 2349 4689 2429 4745; x_wconf 91' lang='lat' dir='ltr'>ita</span> <span class='ocrx_word' id='word_1_838' title='bbox 2458 4693 2523 4743; x_wconf 88' lang='lat' dir='ltr'>ut</span> <span class='ocrx_word' id='word_1_839' title='bbox 2554 4694 2770 4743; x_wconf 88' lang='lat' dir='ltr'>matres</span> <span class='ocrx_word' id='word_1_840' title='bbox 2801 4686 3055 4742; x_wconf 81' lang='lat' dir='ltr'>ﬁliorum</span> <span class='ocrx_word' id='word_1_841' title='bbox 3089 4701 3330 4741; x_wconf 90' lang='lat' dir='ltr'>suorum</span> <span class='ocrx_word' id='word_1_842' title='bbox 3362 4679 3654 4738; x_wconf 88' lang='lat' dir='ltr'>cadaveri-</span> 
     </span>
    </p>
   </div>
   <div class='ocr_carea' id='block_1_110' title="bbox 2003 4771 3657 4848">
    <p class='ocr_par' dir='ltr' id='par_1_110' title="bbox 2003 4771 3657 4848">
     <span class='ocr_line' id='line_1_110' title="bbox 2003 4771 3657 4848; baseline -0.007 -14"><span class='ocrx_word' id='word_1_843' title='bbox 2003 4780 2123 4836; x_wconf 86' lang='lat' dir='ltr'>bus.</span> <span class='ocrx_word' id='word_1_844' title='bbox 2159 4781 2534 4842; x_wconf 81' lang='lat' dir='ltr'>vescerentur</span> <span class='ocrx_word' id='word_1_845' title='bbox 2583 4776 2679 4848; x_wconf 93' lang='lat' dir='ltr'>(III</span> <span class='ocrx_word' id='word_1_846' title='bbox 2731 4776 2854 4844; x_wconf 75' lang='lat' dir='ltr'>Reg.</span> <span class='ocrx_word' id='word_1_847' title='bbox 2906 4774 2980 4846; x_wconf 75' lang='grc' dir='ltr'>ν),</span> <span class='ocrx_word' id='word_1_848' title='bbox 3031 4774 3110 4832; x_wconf 86' lang='lat' dir='ltr'>Eo</span> <span class='ocrx_word' id='word_1_849' title='bbox 3158 4777 3444 4843; x_wconf 86' lang='lat' dir='ltr'>tempore,</span> <span class='ocrx_word' id='word_1_850' title='bbox 3487 4771 3657 4842; x_wconf 74' lang='lat' dir='ltr'>juxta</span> 
     </span>
    </p>
   </div>
   <div class='ocr_carea' id='block_1_111' title="bbox 2000 4858 3654 4940">
    <p class='ocr_par' dir='ltr' id='par_1_111' title="bbox 2000 4858 3654 4940">
     <span class='ocr_line' id='line_1_111' title="bbox 2000 4858 3654 4940; baseline -0.002 -16"><span class='ocrx_word' id='word_1_851' title='bbox 2000 4868 2280 4940; x_wconf 84' lang='lat' dir='ltr'>litteram,</span> <span class='ocrx_word' id='word_1_852' title='bbox 2313 4882 2448 4932; x_wconf 86' lang='lat' dir='ltr'>area</span> <span class='ocrx_word' id='word_1_853' title='bbox 2473 4868 2532 4921; x_wconf 88' lang='lat' dir='ltr'>et</span> <span class='ocrx_word' id='word_1_854' title='bbox 2578 4863 2836 4926; x_wconf 87' lang='lat' dir='ltr'>torcular</span> <span class='ocrx_word' id='word_1_855' title='bbox 2883 4880 3004 4930; x_wconf 75' lang='lat' dir='ltr'>non.</span> <span class='ocrx_word' id='word_1_856' title='bbox 3030 4861 3185 4935; x_wconf 77' lang='lat' dir='ltr'>pavit</span> <span class='ocrx_word' id='word_1_857' title='bbox 3214 4877 3346 4928; x_wconf 73' lang='lat' dir='ltr'>eos,</span> <span class='ocrx_word' id='word_1_858' title='bbox 3367 4863 3426 4916; x_wconf 87' lang='lat' dir='ltr'>et</span> <span class='ocrx_word' id='word_1_859' title='bbox 3453 4858 3654 4920; x_wconf 76' lang='lat' dir='ltr'>vinum</span> 
     </span>
    </p>
   </div>
   <div class='ocr_carea' id='block_1_112' title="bbox 2005 4947 3656 5023">
    <p class='ocr_par' dir='ltr' id='par_1_112' title="bbox 2005 4947 3656 5023">
     <span class='ocr_line' id='line_1_112' title="bbox 2005 4947 3656 5023; baseline -0.005 -11"><span class='ocrx_word' id='word_1_860' title='bbox 2005 4955 2316 5022; x_wconf 79' lang='lat' dir='ltr'>mentitum</span> <span class='ocrx_word' id='word_1_861' title='bbox 2348 4957 2438 5010; x_wconf 87' lang='lat' dir='ltr'>est</span> <span class='ocrx_word' id='word_1_862' title='bbox 2464 4951 2577 5020; x_wconf 69' lang='lat' dir='ltr'>eis,</span> <span class='ocrx_word' id='word_1_863' title='bbox 2603 4956 2663 5012; x_wconf 83' lang='lat' dir='ltr'>et.</span> <span class='ocrx_word' id='word_1_864' title='bbox 2692 4951 2750 5007; x_wconf 90' lang='lat' dir='ltr'>in</span> <span class='ocrx_word' id='word_1_865' title='bbox 2781 4954 3036 5023; x_wconf 81' lang='lat' dir='ltr'>egestate</span> <span class='ocrx_word' id='word_1_866' title='bbox 3065 4950 3402 5006; x_wconf 82' lang='lat' dir='ltr'>tabuerunt.</span> <span class='ocrx_word' id='word_1_867' title='bbox 3438 4947 3656 5010; x_wconf 80' lang='lat' dir='ltr'>Dicitur</span> 
     </span>
    </p>
   </div>
   <div class='ocr_carea' id='block_1_113' title="bbox 2002 5054 3652 5130">
    <p class='ocr_par' dir='ltr' id='par_1_113' title="bbox 2002 5054 3652 5130">
     <span class='ocr_line' id='line_1_113' title="bbox 2002 5054 3652 5130; baseline -0.006 -13"><span class='ocrx_word' id='word_1_868' title='bbox 2002 5063 2114 5117; x_wconf 89' lang='lat' dir='ltr'>bus</span> <span class='ocrx_word' id='word_1_869' title='bbox 2143 5059 2439 5127; x_wconf 86' lang='lat' dir='ltr'>eburneis,</span> <span class='ocrx_word' id='word_1_870' title='bbox 2457 5060 2590 5130; x_wconf 84' lang='lat' dir='ltr'>quia</span> <span class='ocrx_word' id='word_1_871' title='bbox 2610 5060 2668 5113; x_wconf 88' lang='lat' dir='ltr'>in</span> <span class='ocrx_word' id='word_1_872' title='bbox 2700 5063 2894 5113; x_wconf 70' lang='lat' dir='ltr'>Graeco</span> <span class='ocrx_word' id='word_1_873' title='bbox 2911 5058 3175 5130; x_wconf 79' lang='lat' dir='ltr'>scriptum</span> <span class='ocrx_word' id='word_1_874' title='bbox 3192 5064 3286 5128; x_wconf 88' lang='lat' dir='ltr'>est,</span> <span class='ocrx_word' id='word_1_875' title='bbox 3304 5055 3409 5130; x_wconf 63' lang='grc' dir='ltr'>ἀπὸ</span> <span class='ocrx_word' id='word_1_876' title='bbox 3446 5054 3652 5130; x_wconf 69' lang='grc' dir='ltr'>βαρέων</span> 
     </span>
    </p>
   </div>
   <div class='ocr_carea' id='block_1_114' title="bbox 2004 5125 3651 5215">
    <p class='ocr_par' dir='ltr' id='par_1_114' title="bbox 2004 5125 3651 5215">
     <span class='ocr_line' id='line_1_114' title="bbox 2004 5125 3651 5215; baseline -0.002 -29"><span class='ocrx_word' id='word_1_877' title='bbox 2004 5125 2284 5215; x_wconf 50' lang='grc' dir='ltr'>ἐλεφανεείν</span> <span class='ocrx_word' id='word_1_878' title='bbox 2291 5151 2362 5184; x_wconf 84' lang='grc' dir='ltr'>ων</span> <span class='ocrx_word' id='word_1_879' title='bbox 2375 5125 2636 5215; x_wconf 36' lang='lat' dir='ltr'>,‘qu&#39;idam</span> <span class='ocrx_word' id='word_1_880' title='bbox 2651 5131 2971 5215; x_wconf 71' lang='lat' dir='ltr'>Latinorum</span> <span class='ocrx_word' id='word_1_881' title='bbox 2985 5125 3048 5183; x_wconf 83' lang='lat' dir='ltr'>ob</span> <span class='ocrx_word' id='word_1_882' title='bbox 3059 5129 3214 5215; x_wconf 56' lang='lat' dir='ltr'>verbi</span> <span class='ocrx_word' id='word_1_883' title='bbox 3222 5125 3651 5215; x_wconf 72' lang='lat' dir='ltr'>ambiguitatem,</span> 
     </span>
    </p>
   </div>
   <div class='ocr_carea' id='block_1_115' title="bbox 2002 5198 3658 5349">
    <p class='ocr_par' dir='ltr' id='par_1_115' title="bbox 2002 5198 3658 5349">
     <span class='ocr_line' id='line_1_115' title="bbox 2002 5198 3656 5277; baseline -0.004 -18"><span class='ocrx_word' id='word_1_884' title='bbox 2002 5222 2036 5259; x_wconf 89' lang='lat' dir='ltr'>a</span> <span class='ocrx_word' id='word_1_885' title='bbox 2066 5198 2342 5277; x_wconf 78' lang='lat' dir='ltr'>gravibus</span> <span class='ocrx_word' id='word_1_886' title='bbox 2373 5198 2724 5272; x_wconf 76' lang='lat' dir='ltr'>interpretati</span> <span class='ocrx_word' id='word_1_887' title='bbox 2768 5206 2901 5254; x_wconf 83' lang='lat' dir='ltr'>sunt</span> <span class='ocrx_word' id='word_1_888' title='bbox 2914 5216 2936 5260; x_wconf 85' lang='grc'>,·</span> <span class='ocrx_word' id='word_1_889' title='bbox 2967 5215 3090 5253; x_wconf 86' lang='lat' dir='ltr'>cum</span> <span class='ocrx_word' id='word_1_890' title='bbox 3123 5198 3277 5273; x_wconf 63' lang='grc' dir='ltr'>βᾶρις</span> <span class='ocrx_word' id='word_1_891' title='bbox 3310 5198 3530 5254; x_wconf 83' lang='lat' dir='ltr'>verbum</span> <span class='ocrx_word' id='word_1_892' title='bbox 3579 5199 3656 5253; x_wconf 85' lang='lat' dir='ltr'>sit</span> 
     </span>
     <span class='ocr_line' id='line_1_116' title="bbox 2005 5269 3658 5349; baseline -0.003 -20"><span class='ocrx_word' id='word_1_893' title='bbox 2005 5275 2306 5349; x_wconf 77' lang='grc' dir='ltr'>ἐπιχώριον</span> <span class='ocrx_word' id='word_1_894' title='bbox 2327 5274 2668 5349; x_wconf 59' lang='lat' dir='ltr'>Palestina;</span> <span class='ocrx_word' id='word_1_895' title='bbox 2699 5279 2762 5349; x_wconf 37' lang='lat' dir='ltr'>et.</span> <span class='ocrx_word' id='word_1_896' title='bbox 2781 5285 2958 5349; x_wconf 80' lang='lat' dir='ltr'>usque</span> <span class='ocrx_word' id='word_1_897' title='bbox 2973 5269 3133 5349; x_wconf 48' lang='lat' dir='ltr'>hodie</span> <span class='ocrx_word' id='word_1_898' title='bbox 3162 5271 3358 5349; x_wconf 76' lang='lat' dir='ltr'>domus</span> <span class='ocrx_word' id='word_1_899' title='bbox 3385 5286 3455 5333; x_wconf 69' lang='lat' dir='ltr'>ex</span> <span class='ocrx_word' id='word_1_900' title='bbox 3505 5271 3658 5332; x_wconf 85' lang='lat' dir='ltr'>omni</span> 
     </span>
    </p>
   </div>
   <div class='ocr_carea' id='block_1_116' title="bbox 2001 5341 3654 5420">
    <p class='ocr_par' dir='ltr' id='par_1_116' title="bbox 2001 5341 3654 5420">
     <span class='ocr_line' id='line_1_117' title="bbox 2001 5341 3654 5420; baseline -0.004 -18"><span class='ocrx_word' id='word_1_901' title='bbox 2001 5341 2161 5420; x_wconf 71' lang='lat' dir='ltr'>parte</span> <span class='ocrx_word' id='word_1_902' title='bbox 2187 5341 2472 5420; x_wconf 54' lang='lat' dir='ltr'>conclusa,</span> <span class='ocrx_word' id='word_1_903' title='bbox 2486 5347 2536 5399; x_wconf 89' lang='lat' dir='ltr'>et</span> <span class='ocrx_word' id='word_1_904' title='bbox 2553 5342 2852 5420; x_wconf 38' lang='lat' dir='ltr'>inAmodum</span> <span class='ocrx_word' id='word_1_905' title='bbox 2871 5341 3160 5420; x_wconf 57' lang='lat' dir='ltr'>aedificatae</span> <span class='ocrx_word' id='word_1_906' title='bbox 3176 5343 3420 5420; x_wconf 53' lang='lat' dir='ltr'>turrium</span> <span class='ocrx_word' id='word_1_907' title='bbox 3437 5357 3502 5396; x_wconf 85' lang='lat' dir='ltr'>ac</span> <span class='ocrx_word' id='word_1_908' title='bbox 3520 5357 3654 5420; x_wconf 78' lang='lat' dir='ltr'>mae-</span> 
     </span>
    </p>
   </div>
   <div class='ocr_carea' id='block_1_117' title="bbox 2003 5411 3654 5492">
    <p class='ocr_par' dir='ltr' id='par_1_117' title="bbox 2003 5411 3654 5492">
     <span class='ocr_line' id='line_1_118' title="bbox 2003 5411 3654 5492; baseline -0.004 -18"><span class='ocrx_word' id='word_1_909' title='bbox 2003 5411 2163 5492; x_wconf 63' lang='lat' dir='ltr'>nium</span> <span class='ocrx_word' id='word_1_910' title='bbox 2195 5411 2576 5492; x_wconf 68' lang='lat' dir='ltr'>publicorum,</span> <span class='ocrx_word' id='word_1_911' title='bbox 2615 5411 2807 5492; x_wconf 68' lang='grc' dir='ltr'>βάρεις</span> <span class='ocrx_word' id='word_1_912' title='bbox 2827 5413 3189 5492; x_wconf 87' lang='lat' dir='ltr'>appellentur.</span> <span class='ocrx_word' id='word_1_913' title='bbox 3228 5412 3372 5469; x_wconf 85' lang='lat' dir='ltr'>Vide</span> <span class='ocrx_word' id='word_1_914' title='bbox 3411 5428 3539 5492; x_wconf 71' lang='lat' dir='ltr'>qua:</span> <span class='ocrx_word' id='word_1_915' title='bbox 3593 5412 3654 5467; x_wconf 88' lang='lat' dir='ltr'>in</span> 
     </span>
    </p>
   </div>
   <div class='ocr_carea' id='block_1_118' title="bbox 2007 5486 3065 5546">
    <p class='ocr_par' dir='ltr' id='par_1_118' title="bbox 2007 5486 3065 5546">
     <span class='ocr_line' id='line_1_119' title="bbox 2007 5486 3065 5546; baseline -0.007 -1"><span class='ocrx_word' id='word_1_916' title='bbox 2007 5490 2164 5546; x_wconf 91' lang='lat' dir='ltr'>hunc</span> <span class='ocrx_word' id='word_1_917' title='bbox 2193 5486 2388 5542; x_wconf 83' lang='lat' dir='ltr'>locum</span> <span class='ocrx_word' id='word_1_918' title='bbox 2416 5486 3065 5542; x_wconf 40' lang='lat' dir='ltr'>fusius&#39;annotavimus.</span> 
     </span>
    </p>
   </div>
   <div class='ocr_carea' id='block_1_119' title="bbox 2077 5551 3657 5631">
    <p class='ocr_par' dir='ltr' id='par_1_119' title="bbox 2077 5551 3657 5631">
     <span class='ocr_line' id='line_1_120' title="bbox 2077 5551 3657 5631; baseline -0.003 -16"><span class='ocrx_word' id='word_1_919' title='bbox 2077 5561 2149 5631; x_wconf 80' lang='grc' dir='ltr'>(ο)</span> <span class='ocrx_word' id='word_1_920' title='bbox 2180 5559 2394 5616; x_wconf 87' lang='lat' dir='ltr'>Victor.</span> <span class='ocrx_word' id='word_1_921' title='bbox 2423 5575 2491 5614; x_wconf 84' lang='lat' dir='ltr'>ex</span> <span class='ocrx_word' id='word_1_922' title='bbox 2520 5561 2773 5631; x_wconf 76' lang='lat' dir='ltr'>quatuor</span> <span class='ocrx_word' id='word_1_923' title='bbox 2787 5554 3087 5631; x_wconf 62' lang='lat' dir='ltr'>Florentia;</span> <span class='ocrx_word' id='word_1_924' title='bbox 3108 5551 3657 5622; x_wconf 45' lang='lat' dir='ltr'>codicibus,.et.Vul-</span> 
     </span>
    </p>
   </div>
   <div class='ocr_carea' id='block_1_120' title="bbox 2007 5627 2997 5704">
    <p class='ocr_par' dir='ltr' id='par_1_120' title="bbox 2007 5627 2997 5704">
     <span class='ocr_line' id='line_1_121' title="bbox 2007 5627 2997 5704; baseline -0.007 -16"><span class='ocrx_word' id='word_1_925' title='bbox 2007 5627 2142 5704; x_wconf 85' lang='lat' dir='ltr'>gata</span> <span class='ocrx_word' id='word_1_926' title='bbox 2171 5631 2445 5702; x_wconf 88' lang='lat' dir='ltr'>editione,</span> <span class='ocrx_word' id='word_1_927' title='bbox 2479 5627 2761 5702; x_wconf 82' lang='lat' dir='ltr'>vapulabit</span> <span class='ocrx_word' id='word_1_928' title='bbox 2787 5627 2997 5682; x_wconf 82' lang='lat' dir='ltr'>multis.</span> 
     </span>
    </p>
   </div>
  </div>
