3994 6188
265 265 389 331 Μ

1077 269 1825 338 COMMENTARIORUM
1861 268 1950 336 ll!
1984 267 2193 335 esse
2237 271 2386 334 LIB.
2431 271 2510 335 ΙΙ.
2556 270 2731 335 CAP.
2775 271 2880 335 1X.

272 399 654 475 Beelpbgor,
695 403 849 476 quod
872 404 1050 461 habet
1093 405 1156 461 in
1203 422 1302 462 ore
1350 405 1581 478 pellem.
1617 406 1915 479 Quidquid
1937 408 2001 473 -Α
2031 419 2265 461 munem
2290 403 2543 478 gloriam
2575 405 2753 461 Israel
2781 403 2992 461 habuit
3015 404 3076 460 in
3095 403 3497 475 multitudine,
3528 411 3588 462 et
3614 405 3676 464 in

267 489 429 545 enim
452 491 714 564 loquitur
729 493 1058 564 haereticus,
1076 495 1436 550 mortiferum
1454 499 1562 564 est,
1578 501 1634 551 et
1650 496 1926 550 avivente
2033 510 2100 550 eo
2131 510 2193 550 se
2224 495 2504 566 majorem
2532 494 2856 549 arbitratus
2875 497 2972 549 est
2997 493 3152 549 Juda
3181 494 3356 551 fratre
3376 511 3504 566 suo,
3540 497 3681 569 quia

268 578 368 634 Dei
399 595 677 637 sermone
707 583 1064 654 sejunctum.
1097 584 1224 640 Sive
1242 584 1608 639 intraverunt
1635 585 1704 639 ad
1728 583 1922 639 libidi-

267 683 407 723 nem
434 685 447 722 :
483 669 720 727 difficile
751 676 839 727 est
859 672 1014 728 enim
1037 672 1375 728 haereticum
1399 672 1669 744 reperire,
1703 671 1803 744 qui
1837 671 1923 728 di-

2033 583 2158 655 ipse
2188 585 2385 640 decem
2409 582 2707 652 tribubus,
2733 582 2835 637 ille
2853 582 3086 638 duabus
3105 583 3354 654 praafuit.
3376 583 3546 640 Unde
3568 590 3675 642 Do-

2034 672 2232 726 m‘iuu‘s
2265 671 2543 742 loquitur,
2579 672 2730 742 quod
2772 671 2946 726 etiam
2974 671 3022 726 si
3048 672 3598 745 enutrierint-ﬁlios,
3620 678 3678 730 et

265 755 414 828 ligat
443 758 795 831 castitatem,
827 777 942 816 non
975 762 1128 832 quod
1152 777 1279 816 eam
1305 761 1571 833 praeferre
1600 761 1846 817 desistat
1863 761 1921 815 in
2032 759 2347 815 liberorum
2377 759 2819 815 multitudinem
2845 761 3342 832 congregaverint,
3376 763 3682 818 tradentur

267 843 470 914 labiis(
501 848 602 903 sed
637 849 791 920 quod
819 865 938 904 non
964 853 1154 905 servet
1173 850 1233 904 in
1255 849 1634 915 conscientia,
1665 845 1822 904 aliud
1848 849 1926 905 lo-

269 949 484 1006 quens,
498 939 557 992 et
571 936 731 992 aliud
752 938 998 1008 faciens;
1019 938 1176 994 unde
1191 942 1248 994 et
1264 936 1572 994 abalienati
1591 943 1730 994 sunt
1744 955 1777 993 a
1793 943 1922 1007 Deo,

263 1028 326 1078 et
348 1022 570 1079 habent
588 1025 833 1093 gloriam
856 1026 916 1082 in
933 1027 1335 1083 confusionem
1356 1039 1547 1097 suam,
1560 1032 1619 1082 et
1635 1027 1766 1082 facti
1785 1037 1927 1082 sunt

271 1111 718 1184 abominabiles,
752 1113 853 1186 qui
876 1115 1041 1186 prius
1062 1114 1459 1187 diligebantur
1479 1116 1537 1170 in
1561 1116 1848 1187 patribus.
1865 1115 1924 1170 Si

268 1205 471 1256 autem
489 1200 848 1258 voluerimus
870 1203 1080 1276 legere,
1097 1205 1232 1274 facti
1249 1209 1375 1259 sunt
1395 1205 1929 1273 abominabiles,sic—

266 1293 328 1344 ut
346 1289 559 1356 dilecti,
587 1291 743 1362 quod
769 1296 966 1348 tamen
988 1292 1049 1347 in
1071 1291 1350 1348 Hebraico
1373 1309 1488 1349 non
1513 1293 1764 1348 habetur
1789 1311 1801 1348 :
1836 1286 1926 1349 di-

268 1394 476 1435 cemus
489 1379 575 1435 ita
589 1380 770 1436 factos
786 1396 915 1437 esse
931 1379 1304 1453 gentiles,qui
1325 1385 1464 1438 sunt
1479 1381 1925 1449 abominabiles,

268 1468 571 1540 quomodo
600 1472 658 1524 et
691 1467 991 1525 haereticos
1013 1469 1114 1540 qui
1141 1469 1306 1541 prius
1327 1469 1722 1542 diligebantur
1740 1471 1797 1525 in
1823 1486 1924 1542 pa-

263 1556 486 1624 tribus,
517 1555 629 1612 hoc
658 1561 766 1623 est,
796 1562 864 1612 ut
889 1561 949 1613 et
970 1557 1056 1622 hi,
1088 1561 1145 1612 et
1164 1556 1248 1612 illi
1269 1557 1485 1629 pariter
1503 1558 1925 1614 abominabiles

267 1645 396 1700 sint
423 1649 481 1699 et
508 1643 690 1717 culpae
723 1647 823 1701 rei.

345 1733 531 1803 (Vers.
565 1734 674 1804 12.)
706 1734 969 1806 Ephraim
998 1737 1159 1806 quasi
1187 1737 1304 1790 avis
1331 1736 1610 1791 avolavit:
1637 1736 1814 1807 gloria
1835 1749 1924 1791 eo-

267 1837 401 1876 rum
417 1838 459 1877 a
474 1826 663 1892 partu,
689 1825 740 1877 et
761 1823 827 1877 ab
847 1827 1020 1890 utero,
1051 1832 1102 1878 et
1120 1841 1155 1878 a
1174 1833 1470 1896 conceptu:
1502 1824 1642 1894 quod
1661 1831 1714 1880 et
1729 1827 1782 1880 si
1797 1835 1931 1879 enu»

271 1912 496 1966 trierint
515 1911 657 1980 ﬁlios
677 1929 823 1982 suos,
847 1913 1047 1984 absque
1071 1912 1264 1968 liberis
1282 1929 1368 1969 eos
1386 1915 1596 1984 faciam
1616 1915 1677 1968 in
1697 1913 1930 1969 homini-

273 2001 390 2054 bus.
419 2000 526 2056 Sed
555 2009 604 2056 et
631 2017 709 2056 v2
733 2003 812 2056 eis
839 2018 964 2057 cum
995 2017 1260 2058 recessero
1285 2004 1352 2057 ab
1383 2004 1480 2058 eis.
1537 2004 1820 2074 Ephraim,
1870 2011 1932 2059 ut

271 2088 406 2157 vidi,
441 2089 616 2160 Tyrus
635 2098 753 2145 erat
775 2091 1011 2161 fundata
1031 2093 1095 2146 in
1111 2091 1520 2162 pulchritudine
1542 2108 1560 2144 :
1592 2095 1642 2147 et
1666 2093 1930 2163 Ephraim

270 2179 458 2234 educet
500 2179 575 2234 ad
623 2181 1031 2250 interfectorem
1075 2180 1219 2250 ﬁlios
1248 2196 1393 2236 suos.
1450 2181 1588 2235 LXX
1620 2197 1633 2236 ε
1665 2182 1929 2253 Ephraim

270 2270 433 2340 quasi
460 2269 576 2323 avis
605 2269 882 2324 avolavit:
909 2269 1088 2340 gloria
1115 2284 1306 2324 eorum
1336 2272 1395 2324 in
1419 2279 1609 2341 partu,
1641 2278 1692 2325 et
1717 2272 1780 2325 in
1802 2287 1929 2341 par-

165 2365 176 2372 ’
267 2357 634 2413 tui-itionibus
648 2362 700 2414 et
720 2362 979 2430 conceptu
994 2361 1170 2430 :‘quia
1184 2360 1353 2414 etiam
1366 2362 1413 2414 si
1428 2361 1774 2414 enumerant
1784 2360 1930 2429 ﬁlios

265 2463 418 2512 suos,
453 2447 574 2502 sine
593 2447 727 2518 ﬁliis
745 2456 906 2503 erunt
924 2449 987 2502 in
1007 2447 1355 2504 hominibus:
1386 2449 1518 2519 quia
1538 2452 1590 2503 et
1608 2463 1694 2504 vae
1714 2449 1791 2502 eis
1811 2451 1928 2503 est:

265 2551 408 2591 caro
436 2549 559 2590 mea
587 2550 656 2591 ea:
684 2537 779 2591 eis.
829 2535 1119 2607 Ephraim,
1174 2537 1314 2591 sicut
1349 2536 1484 2601 vidi,
1536 2537 1595 2590 in
1623 2537 1930 2608 captionem

264 2623 518 2695 praebuit
541 2624 686 2694 ﬁlios
712 2637 837 2679 suos
861 2642 879 2678 :
908 2634 962 2679 et
991 2625 1271 2696 Ephraim,
1303 2628 1366 2679 ut
1394 2624 1644 2680 educeret
1671 2625 1742 2680 ad
1761 2628 1930 2680 inter-

263 2714 566 2784 fectionem
593 2713 731 2780 ﬁlios
751 2729 896 2768 suos.
925 2713 1178 2768 Multum
1201 2713 1260 2767 in
1283 2713 1392 2769 hoc
1414 2713 1537 2770 loco
1560 2714 1711 2769 inter
1727 2725 1792 2770 se
1813 2714 1928 2770 dis-

265 2803 522 2858 cordant
561 2801 928 2874 interpretes.
972 2801 1034 2856 In
1085 2818 1153 2857 eo
1202 2802 1358 2857 enim
1392 2801 1538 2870 loco,
1581 2803 1641 2856 in
1675 2819 1790 2874 quo
1819 2819 1926 2859 nos

264 2891 556 2960 diximus,
588 2903 672 2946 va:
698 2892 776 2946 eis
803 2905 929 2944 cum
959 2905 1222 2946 recessero
1250 2890 1322 2946 ab
1341 2891 1439 2956 eis,
1469 2892 1850 2963 Septuaginta
1867 2883 1928 2948 et

263 2979 634 3035 Theodotion
663 2978 1114 3046 transtulerunt,
1151 2991 1244 3036 vae
1271 2981 1374 3048 eis,
1401 2996 1530 3036 caro
1557 2997 1678 3036 mea
1708 2996 1778 3036 ea:
1806 2983 1884 3036 eis
1905 2999 1924 3036 :

264 3083 660 3141 querensque
678 3081 915 3124 causam
935 3085 1038 3123 cur
1053 3069 1129 3124 sit
1144 3071 1306 3124 tanta
1324 3069 1593 3136 varietas,
1611 3068 1760 3125 hanc
1779 3070 1923 3125 mihi

1958 1779 2004 1842 Β

2027 849 2159 904 neci
2185 867 2198 904 :
2232 855 2289 904 et
2318 865 2474 904 nunc
2502 850 2587 904 eis
2611 861 2816 904 verum
2860 849 3164 905 incumbat
3188 866 3294 917 vsa,
3327 864 3460 906 cum
3485 851 3565 907 ab
3595 853 3679 908 eis

2027 938 2337 994 recesserit
2374 938 2547 992 Deus.
2598 939 2669 992 Et
2712 943 3136 1009 consequenter
3181 939 3434 1012 exponit,
3487 940 3678 1012 qualis

2023 1027 2228 1098 quond
2238 1039 2329 1082 am
2354 1025 2835 1098 fceritEphraim,
2851 1027 2950 1098 qui
2971 1032 3113 1082 tunc
3130 1028 3392 1083 desertus
3407 1033 3501 1084 est
3516 1041 3532 1086 ':
3556 1034 3679 1086 tam

2033 1115 2296 1187 pulcher,
2330 1116 2541 1186 inquit,
2575 1121 2720 1181 erat,
2751 1120 2808 1170 et
2837 1115 2920 1170 sic
2952 1115 3051 1172 Dei
3085 1115 3413 1172 vallabatn'r
3441 1119 3677 1185 auxilio,

2035 1209 2100 1258 ut
2125 1205 2312 1275 Tyrus
2341 1219 2469 1276 quae
2499 1204 2647 1259 mari
2681 1203 2955 1276 cingitur,
2984 1204 3071 1260 vel
3103 1209 3276 1276 certe,
3309 1209 3375 1260 ut
3405 1207 3682 1280 scopulus

2033 1292 2410 1359 durissimus,
2429 1293 2528 1364 qui
2553 1293 2701 1349 fixus
2717 1293 2776 1347 in
2798 1297 2972 1360 terra,
2987 1303 3194 1349 omnes
3209 1296 3684 1368 'contemm'tzpro-

2033 1379 2230 1452 cellas,
2261 1385 2319 1436 et
2350 1382 2422 1436 de
2465 1381 2800 1436 turbinibus
2830 1381 3136 1454 ventisque
3167 1398 3284 1438 non
3317 1388 3500 1440 curat.
3551 1386 3684 1458 ipse

2025 1476 2250 1538 autem,
2285 1470 2342 1524 id
2371 1473 2483 1540 est,
2515 1469 2814 1542 Ephraim,
2846 1470 2970 1525 sive
2996 1471 3204 1542 Tyrus,
3229 1488 3365 1543 quae
3390 1479 3515 1529 erat
3545 1476 3682 1531 fun-

2033 1559 2169 1613 data
2185 1558 2242 1612 in
2265 1559 2444 1614 maris
2466 1557 2904 1630 pulchritudine
2922 1559 3028 1627 [Αι.
3053 1559 3685 1633 plenitudine],eduoet

2033 1647 2103 1700 ad
2140 1646 2534 1718 captivitatem
2565 1647 2714 1702 ﬁlios
2747 1663 2907 1702 suos.
2940 1647 3102 1703 Multi
3128 1650 3236 1704 hoc
3259 1650 3582 1722 capitulum
3608 1653 3682 1710 ad

2034 1734 2260 1790 Azaelis
2279 1740 2543 1804 tempora
2563 1736 2841 1802 referunt,
2871 1736 2976 1808 qui
3000 1737 3232 1792 obsedit
3250 1737 3600 1809 Samariam,
3625 1745 3687 1798 et

2037 1825 2209 1896 longo
2239 1830 2500 1896 tempore
2529 1824 2736 1880 afﬂixit
2767 1827 2940 1892 fame,
2975 1829 3038 1879 ut
3057 1825 3240 1881 levius
3259 1827 3688 1886 arbitrarentur

2037 1913 2259 1969 obsessi
2291 1913 2485 1985 gladio
2515 1913 2724 1984 perire,
2757 1930 2934 1985 quam
2963 1913 3160 1970 inedia
3185 1915 3282 1983 (IV
3314 1917 3438 1988 Reg.
3470 1935 3549 1974 v1.
3581 1936 3683 1990 vn,

2035 2011 2092 2057 et
2142 2003 2284 2072 VIII).
2337 2001 2455 2057 Nos
2505 2007 2698 2057 autem
2747 2003 3015 2058 dicamus
3055 2003 3227 2074 juxta
3274 2005 3684 2079 tropologi'am,

2037 2091 2332 2162 Ephraim,
2368 2091 2422 2144 id
2456 2097 2564 2158 est,
2597 2091 2919 2162 haereticos,
2953 2091 3123 2163 quasi
3156 2109 3319 2147 avem
3342 2093 3413 2149 de
3437 2095 3688 2152 Ecclesia

2037 2180 2370 2245 recessisse,
2401 2184 2458 2235 et
2486 2197 2720 2236 omnem
2753 2179 2967 2236 habere
2996 2181 3244 2253 gloriam
3293 2183 3352 2238 in
3406 2189 3598 2256 partu,
3629 2190 3689 2241 et

2033 2268 2096 2322 in
2129 2272 2313 2336 utero,
2347 2274 2405 2324 et
2433 2269 2491 2323 in
2523 2275 2826 2340 conceptu,
2853 2269 2902 2324 si
2937 2268 3152 2325 multos
3183 2272 3490 2342 genuerint
3513 2273 3686 2342 ﬁlios,

2037 2374 2184 2428 quos
2205 2358 2485 2412 Dominus
2505 2359 2921 2422 comminatur,
2935 2357 3163 2414 etiamsi
3182 2360 3421 2414 enutriti
3445 2361 3682 2430 fuerint,

2036 2451 2092 2500 et
2123 2447 2266 2500 ιθι
2305 2445 2650 2518 puniendos,
2702 2461 2816 2500 non
2863 2446 2936 2502 ab
2987 2444 3102 2501 alio
3150 2447 3434 2519 quolibet,
3476 2451 3578 2505 sed
3611 2451 3685 2506 ab

2034 2533 2162 2605 ipso
2177 2533 2442 2600 Domino,
2457 2533 2732 2605 quoniam
2749 2533 2902 2588 ﬁlios
2916 2533 3315 2590 fornicationis
3327 2538 3683 2608 generarint,

2035 2627 2090 2677 et
2106 2637 2309 2678 verum
2335 2621 2452 2677 illis
2473 2622 2550 2677 sit
2569 2638 2667 2689 vas,
2703 2637 2837 2676 cum
2870 2626 3019 2677 Deus
3041 2624 3346 2679 recesserit
3369 2625 3442 2680 ab
3465 2625 3571 2682 eis.
3595 2626 3684 2682 Si-

2035 2711 2276 2783 mulque
2296 2710 2538 2782 replicat
2557 2709 2752 2782 qualis
2776 2710 2950 2765 fuerit
2970 2709 3244 2782 Ephraim
3271 2727 3285 2766 :
3315 2715 3573 2784 quando,
3601 2714 3686 2770 in-

2035 2800 2182 2871 quit,
2205 2799 2264 2853 in
2283 2798 2537 2854 Ecclesia
2555 2803 2696 2865 erat,
2720 2800 2794 2854 ita
2822 2799 3018 2854 seculi
3037 2799 3214 2870 hujus
3236 2801 3681 2872 tentationibua,

2034 2888 2202 2960 quasi
2235 2889 2422 2960 Tyrus
2454 2887 2635 2942 maris
2667 2887 2941 2944 ﬂuctibus
2980 2889 3357 2956 tondebatur,
3397 2896 3681 2948 attamen

2033 2977 2176 3032 nihil
2201 2977 2424 3033 adversi
2453 2981 2680 3049 poterat
2699 2977 3008 3044 sustinere,
3035 2978 3448 3050 quia-habebat
3473 2979 3681 3037 funda-

2034 3071 2295 3122 mentum
2327 3065 2564 3133 Christi,
2598 3081 2774 3138 super
2794 3083 2908 3137 quo
2929 3067 3214 3123 mditicata
3240 3068 3475 3133 domus,
3505 3070 3682 3126 everti

257 3157 472 3214 videor
499 3155 785 3228 reperisse
817 3175 830 3213 :
865 3157 1004 3213 Caro
1033 3173 1174 3224 mea,
1205 3157 1412 3230 lingua
1441 3157 1678 3214 Hebraea
1706 3159 1921 3215 dicitur
1943 3144 1990 3210 CC
2031 3165 2143 3211 nan
2177 3159 2368 3227 potest
2397 3154 2606 3227 (Matth.
2629 3157 2752 3225 vn).
2787 3155 2952 3210 Nunc
2983 3159 3178 3212 autem
3199 3155 3364 3213 'filios
3387 3175 3524 3214 suos
3541 3160 3684 3215 edu-

259 3261 476 3303 BASARI
508 3247 702 3317 (9118:)
733 3263 747 3302 :
780 3262 1016 3302 rursum
1048 3247 1096 3302 si
1119 3246 1408 3317 dicamus,
1440 3249 1667 3303 recessio
1685 3264 1826 3316 mea,
1852 3248 1926 3304 si-

253 3352 354 3402 ve,
385 3335 687 3391 declinatio
715 3351 858 3402 mea,
906 3335 1121 3391 dicitur
1162 3352 1362 3391 usos!
1403 3337 1644 3408 (#11131).
1678 3335 1922 3410 Septua-

255 3426 436 3498 ginta
455 3424 638 3498 igitur
664 3428 722 3480 et
749 3421 1109 3480 Theodotion
1144 3441 1247 3496 pro
1279 3439 1367 3490 eo,
1400 3426 1552 3497 quod
1586 3430 1673 3480 est
1696 3428 1923 3482 recessio

255 3531 412 3585 mea,
427 3518 497 3570 et
515 3513 802 3569 diclinatio
821 3529 970 3579 mea,
991 3518 1310 3579 verterunt,
1340 3530 1466 3570 caro
1487 3530 1632 3569 mea.
1667 3519 1922 3570 Rursum

253 3604 368 3658 ubi
388 3618 499 3658 nos
523 3601 860 3674 posuimus:
889 3602 1170 3674 Ephraim,
1186 3607 1245 3657 ut
1263 3603 1398 3668 vidi,
1420 3606 1602 3675 Tyrus
1615 3607 1752 3668 erat,
1769 3595 1923 3658 100

249 3691 652 3764 Septuaginta
681 3691 1041 3762 interpretati
1089 3696 1246 3761 sunt,
1301 3692 1492 3766 θήραν,
1526 3691 1582 3746 id
1614 3696 1722 3756 est,
1754 3707 1922 3747 vena-

254 3783 497 3850 tionem,
545 3780 666 3836 sive
695 3784 978 3851 capturum
1005 3798 1023 3834 :
1074 3779 1285 3852 Aquila
1329 3785 1386 3836 et
1433 3779 1821 3852 Symmachus
1866 3785 1925 3837 et

267 3868 654 3939 Theddotion,
670 3871 883 3940 petram
901 3868 1280 3940 durissimam,
1303 3869 1361 3924 id
1385 3874 1492 3937 est,
1523 3869 1771 3939 silicem,
1796 3887 1922 3942 quas

258 3956 765 4029 linguaHebraica
779 3956 1231 4027 appellatursua
1243 3957 1406 4028 (πως
1428 3958 1580 4029 quod
1596 3956 1644 4013 si
1656 3957 1922 4032 legamus

261 4061 399 4114 son,
419 4041 590 4117 Tyrus
609 4045 1128 4101 dicitur.Putantes
1145 4049 1339 4101 autem
1355 4047 1738 4118 Septuaginta
1753 4046 1926 4103 inter-

257 4138 462 4208 pretes
493 4133 568 4189 ob
610 4132 935 4190 litterarum
980 4132 1430 4190 similitudinem
1464 4150 1567 4190 ass
1596 4141 1653 4190 et
1684 4151 1921 4204 DALETH,

247 4238 379 4279 non
402 4237 537 4279 esse
555 4237 683 4290 ass,
709 4223 809 4278 sed
832 4235 1070 4286 unum,
1092 4221 1361 4294 legerunt
1382 4239 1515 4291 sun,
1548 4224 1607 4280 id
1630 4229 1727 4281 est
1754 4241 1919 4282 vena-

258 4315 496 4380 tionem,
530 4311 650 4367 sive
676 4319 984 4384 capturam,
1019 4311 1174 4366 unde
1204 4315 1261 4367 et
1290 4327 1597 4369 smsnm
1628 4313 1922 4387 (mimum)

241 4402 455 4460 “domu:
481 4399 697 4456 dicitur
719 4408 1068 4456 venatorum.
1105 4399 1513 4457 Diversitatem
1534 4401 1919 4475 interpretum

2034 3245 2113 3300 cit
2142 3244 2212 3300 ad
2246 3243 2673 3299 interfectorem
2700 3259 2712 3298 :
2743 3243 2853 3298 hoc
2875 3247 2986 3311 est,
3011 3245 3083 3299 ad
3104 3244 3429 3301 diabolum.
3463 3247 3531 3302 Et
3561 3245 3686 3319 pul-

2031 3328 2168 3389 chre
2199 3332 2363 3404 dixit,
2395 3333 2614 3398 educit,
2647 3332 2704 3386 id
2737 3336 2841 3402 est,
2875 3332 2946 3388 de
2975 3333 3231 3389 Ecclesia
3262 3335 3400 3390 facit
3424 3336 3582 3392 exire
3605 3335 3685 3391 lb-

2031 3439 2146 3478 ras.
2169 3422 2492 3476 Possumus
2515 3420 2668 3476 filios
2685 3420 2984 3492 Ephraim,
2999 3421 3378 3492 cogitationes
3396 3424 3684 3494 pessimae

2033 3510 2243 3580 dicere,
2275 3514 2333 3564 et
2361 3508 2652 3564 contraria
2680 3509 2956 3579 dogmata
2976 3509 3226 3578 veritati,
3258 3526 3384 3581 quas
3409 3511 3686 3567 interﬁcit

2037 3599 2314 3654 Dominus
2345 3597 2553 3669 spiritu
2579 3599 2697 3652 oris
2729 3597 2842 3664 sui,
2873 3601 2929 3650 et
2947 3611 3047 3651 eos
3064 3596 3212 3652 tales
3234 3595 3448 3653 liberos
3469 3599 3684 3655 habere

2032 3703 2146 3742 non
2180 3687 2420 3758 patitur,
2473 3690 2531 3740 et
2577 3688 2789 3740 aeterno
2821 3683 3083 3739 interitui
3113 3683 3485 3756 derelinquit.
3517 3687 3683 3750 Quod

2032 3779 2227 3830 autem
2258 3775 2318 3830 in
2351 3774 2730 3846 Septuaginta
2771 3772 3046 3845 legimus,
3096 3773 3231 3829 Caro
3276 3790 3401 3829 mea
3446 3791 3518 3831 ea:
3560 3778 3679 3830 eis:

2030 3865 2314 3936 Ephraim,
2354 3863 2613 3934 quomodo
2637 3863 2782 3932 vidi,
2814 3863 2874 3917 in
2902 3863 3246 3918 venationem
3270 3864 3510 3935 praebuit
3537 3865 3680 3934 ﬁlios

2031 3969 2176 4024 suos,
2208 3953 2290 4008 ita
2318 3952 2702 4024 intelligimus
2731 3968 2744 4006 ε
2776 3951 2832 4005 Si
2865 3950 3130 4007 Christus
3159 3957 3338 4024 caput
3357 3957 3450 4009 est
3477 3961 3682 4026 carpo-

2032 4042 2134 4111 ris,
2168 4042 2224 4098 id
2259 4046 2366 4112 est,
2400 4040 2689 4109 Ecclesia,
2721 4056 2926 4096 omnes
2953 4055 3063 4096 nos
3093 4040 3308 4098 Christi
3337 4045 3395 4098 et
3409 4041 3683 4098 Ecclesia

2029 4132 2297 4187 membra
2343 4146 2572 4186 sumus.
2623 4129 2731 4196 Qui
2763 4145 2901 4203 ergo
2946 4129 3018 4185 de
3065 4130 3318 4187 Ecclesia
3354 4131 3681 4200 recesserit,

2030 4221 2238 4277 Christi
2272 4235 2485 4292 corpus
2515 4217 2770 4275 lacerat:
2804 4218 2985 4291 igitur
3013 4224 3072 4274 et
3100 4219 3378 4291 Ephraim
3407 4233 3542 4278 caro
3571 4222 3687 4280 fuit

2014 4315 2087 4367 et
2115 4310 2447 4366 membrum
2473 4307 2704 4364 Domini
2727 4307 3064 4364 Salvato'ris.
3098 4308 3210 4364 Sed
3232 4308 3292 4364 in
3311 4311 3681 4369 venationem

2031 4399 2280 4473 praabuit
2300 4398 2453 4454 ﬁlios
2481 4413 2640 4466 suos,
2671 4397 2730 4452 in
2755 4397 3120 4453 venationem
3145 4401 3338 4453 autem
3361 4413 3584 4467 eorum,
3607 4402 3687 4458 de

245 4488 562 4578 diximus;
597 4493 958 4578 revertamur
987 4490 1059 4545 ad
1099 4503 1360 4578 sensum.
1399 4490 1696 4562 Ephraim,
1731 4491 1786 4546 id
1807 4495 1918 4559 est,
1948 4511 1997 4578 Β
2031 4489 2248 4561 quibus
2270 4488 2554 4560 scriptum
2577 4491 2694 4542 est:
2714 4487 2918 4578 Anima
2932 4492 3124 4578 nostra
3142 4487 3686 4578 sicutpasser'erepaa

244 4581 465 4636 decem
488 4577 699 4648 tribus,
727 4577 897 4650 quasi
919 4578 1044 4634 avis
1063 4575 1314 4634 avolavit
1337 4578 1394 4633 in
1421 4579 1840 4651 captivitatem,
1865 4586 1923 4636 et

249 4670 328 4725 de
360 4680 476 4725 suo
508 4667 750 4724 recessit
770 4666 915 4724 loco.
947 4669 1124 4722 Avem
1158 4671 1353 4722 autem
1377 4666 1710 4739 appellavit,
1743 4674 1808 4724 ut
1825 4685 1919 4725 ve-

245 4757 449 4813 locem
483 4756 542 4810 in
575 4754 930 4828 Babylonem
962 4755 1279 4811 transitum
1321 4755 1768 4812 demonstraret.
1819 4757 1919 4814 Sin

259 4851 463 4902 autem
497 4844 834 4918 legerimus,
884 4847 1041 4916 quasi
1069 4847 1187 4900 avis
1213 4843 1460 4900 avolavit
1492 4844 1684 4916 gloria
1711 4862 1920 4919 eorum,

263 4934 374 4991 hoc
396 4932 676 5001 dicimus,
705 4934 859 5005 quod
889 4934 983 4988 Dei
1015 4934 1086 4988 ab
1109 4933 1194 4989 eis
1214 4933 1518 4990 recesserit
1539 4939 1596 4990 et
1615 4935 1926 4992 avolaverit

265 5021 576 5079 auxilium.
612 5022 896 5093 Quodque
928 5023 1216 5094 sequitur,
1244 5040 1278 5077 a
1305 5025 1492 5093 partu,
1524 5030 1577 5078 et
1605 5024 1671 5078 ab
1701 5029 1853 5080 utero
1874 5028 1924 5080 et

265 5128 299 5166 a
328 5113 607 5184 conceptu,
636 5110 949 5182 dupliciter
975 5111 1221 5181 intelligi
1255 5115 1464 5183 potest,
1498 5116 1562 5166 ut
1590 5110 1776 5184 gloria
1797 5129 1923 5185 qua

265 5197 517 5257 avolavit
537 5201 608 5255 ab
631 5199 931 5272 Ephraim,
964 5200 1139 5255 etiam
1171 5216 1205 5254 a
1234 5204 1427 5272 partu,
1460 5203 1517 5256 et
1547 5201 1620 5255 ab
1651 5205 1837 5266 utero,
1869 5207 1926 5258 et

267 5306 302 5343 a
332 5293 620 5361 conceptu
651 5305 854 5345 eorum
886 5288 1140 5354 recedat,
1172 5287 1278 5344 hoc
1328 5292 1435 5355 est,
1487 5289 1721 5345 deserat
1773 5290 1925 5347 ﬁlios

266 5392 495 5442 eorum,
524 5382 581 5432 et
610 5382 875 5450 posteros
907 5375 1296 5449 derelinquat.
1329 5379 1443 5432 Aut
1463 5380 1616 5432 certe
1645 5377 1920 5451 dicimus,

2030 4583 2107 4634 est
2152 4578 2217 4633 de
2260 4579 2451 4648 laqueo
2495 4577 2816 4631 venantium
2843 4575 3015 4646 (Psal.
3047 4587 3242 4642 cxxm,
3269 4575 3354 4647 '7).
3386 4576 3456 4631 Et
3483 4577 3685 4633 eduxit

2031 4669 2102 4723 de
2121 4665 2381 4722 Ecclesia
2403 4665 2618 4720 liberos
2640 4669 2799 4728 suos,
2824 4663 2895 4718 ad
2919 4663 3293 4730 occisionem,
3324 4663 3445 4720 sive
3463 4665 3537 4720 ad
3557 4665 3680 4721 vul-

2032 4757 2386 4812 nerandum:
2413 4757 2479 4808 ut
2499 4752 2880 4808 vulnerentur
2895 4752 2968 4806 ab
2986 4751 3080 4806 his
3097 4752 3198 4824 qui
3223 4752 3464 4808 mittunt
3479 4755 3684 4810 ardea-

2030 4849 2119 4900 tes
2148 4843 2486 4915 sagittas,ut
2514 4841 2843 4913 percutiant
2874 4840 3091 4913 pariter
3119 4846 3177 4896 et
3205 4845 3466 4896 exurunt.

2103 4930 2290 5002 (Vers.
2339 4930 2448 5001 14.)
2496 4930 2574 4983 Da
2620 4931 2718 4998 eis,
2772 4929 3040 4985 Domine:
3089 4927 3229 4999 quid
3267 4928 3423 4984 dabis
3468 4929 3682 4986 eis?~da

2031 5022 2110 5075 eis
2139 5021 2360 5074 vulvam
2386 5020 2504 5073 sine
2522 5018 2630 5088 ﬁne
2663 5017 2853 5089 [Vulg.
2889 5015 3120 5090 liberis],
3171 5025 3224 5072 et
3267 5016 3435 5072 ubera
3464 5021 3680 5074 arentia

2034 5110 2111 5182 (a)
2137 5109 2287 5164 LXX
2307 5107 2597 5164 similiter.
2625 5107 2684 5162 Si
2707 5105 2800 5162 his
2822 5121 2952 5178 quae
2973 5105 3126 5161 Deus
3151 5123 3253 5178 pro
3280 5107 3679 5163 benedictione

2033 5199 2289 5266 donavit,
2323 5196 2474 5252 male
2495 5197 2826 5264 abutamur,
2862 5200 2918 5252 et
2940 5196 2998 5250 in
3023 5196 3378 5252 contrarium
3403 5212 3581 5269 quam
3604 5195 3678 5252 ab

2033 5305 2098 5344 eo
2130 5288 2265 5342 data
2295 5289 2433 5341 sunt
2463 5288 2892 5351 convertantur,
2925 5284 3155 5356 expedit
3188 5289 3252 5341 ut
3282 5284 3678 5342 auferantura

2034 5377 2220 5433 nobis.
2242 5375 2497 5446 Denique
2518 5373 2720 5446 lingua
2741 5373 2876 5428 data
2899 5377 2988 5429 est
3011 5373 3082 5428 ad
3105 5373 3466 5431 laudandum
3485 5373 3678 5432 Domi-

345 5574 423 5649 (a)
451 5573 642 5635 Verba
670 5574 794 5636 LXX
818 5576 1093 5650 similiter,
1138 5591 1268 5654 qua)
1297 5574 1558 5650 deerant,
1601 5591 1671 5637 ex
1701 5576 1918 5640 nostris
1956 5591 2100 5638 mss.
2132 5572 2493 5636 suﬁ'eoimus.
