3994 6188
396 325 400 328 .
418 274 537 337 899

1666 273 1731 332 S.
1778 269 2090 332 EUSEBII
2129 270 2582 335 HIERONYMI

3662 280 3758 344 900

420 424 562 462 num
583 407 788 477 Deum,
806 407 863 460 et
880 421 1007 475 quae
1030 403 1183 459 bona
1203 406 1342 459 sunt
1361 402 1722 475 eloquenda:
1758 401 1818 457 Si
1841 403 1975 474 quis
1995 419 2063 458 ea
2091 407 2145 471 Α
2176 409 2232 459 et
2261 422 2374 459 non
2409 406 2585 461 addat
2609 409 2674 462 ut
2698 405 2904 480 diligat
2931 423 3052 476 eos,
3084 408 3341 481 quandiu
3369 409 3429 464 in
3457 425 3629 467 errore
3655 429 3756 483 per-

417 498 694 552 abutatur
708 495 766 548 in
789 493 1448 565 blasphemiam,contra
1463 493 1620 546 hunc
1634 490 1944 547 Psalmista
1957 491 2062 546 Do-

414 584 639 639 miuum
663 583 1042 654 deprecatur:
1076 581 1218 636 Muta
1247 581 1385 651 ﬁant
1415 581 1563 636 labia
1582 580 1784 642 dolosa,
1823 594 1946 651 quae
1976 580 2058 632 lo-

411 681 653 743 quuntur
682 671 943 726 adversus
954 673 1169 742 justum
1194 672 1544 741 iniquitatem
1575 671 1633 724 in
1656 668 1912 740 superbia
1931 675 1981 723 et
2000 670 2058 722 in

408 762 669 817 abusione
719 761 825 832 (Ps.
877 777 1010 830 xxx,
1063 760 1170 830 19).
1225 760 1290 814 Et
1318 759 1378 813 in
1411 759 1523 814 alio
1569 757 1732 811 loco:
1768 756 2057 825 Disperdat

409 853 670 907 Dominus
697 851 957 906 universa
985 849 1134 905 labia
1161 849 1367 914 dolosa,
1411 856 1461 903 et
1500 848 1755 916 linguam
1783 845 2055 916 magnilo-

409 958 578 1013 quam
607 940 779 1012 (Psal.
811 956 892 1009 x1,
923 940 996 1007 4).
1030 938 1176 1002 Quia
1203 937 1382 1009 igitur
1402 936 1674 1008 Ephraim
1699 934 2058 1006 gloriabatur

405 1030 465 1084 in
499 1034 684 1098 utero,
713 1033 771 1084 et
799 1029 858 1083 in
891 1032 1193 1098 conceptu,
1235 1030 1292 1081 et
1319 1025 1375 1080 in
1411 1031 1600 1098 partu,
1633 1029 1692 1079 et
1720 1023 1778 1077 in
1813 1021 2053 1094 populo-

409 1135 541 1174 rum
574 1107 974 1184 multitudine,
1007 1117 1159 1170 102
1193 1113 1476 1186 Propheta
1505 1111 1819 1167 Dominum
1853 1111 2052 1182 depre-

408 1211 574 1263 catur
600 1215 653 1262 et
685 1206 860 1261 dicit:
899 1210 983 1260 Da
1007 1207 1104 1269 eis,
1138 1205 1382 1259 Domine.
1414 1201 1796 1272 Sibiqueipse
1823 1214 2056 1270 respon-

408 1297 528 1352 dit:
563 1296 708 1364 Quid
730 1295 884 1350 dabis
909 1296 1029 1350 eis?
1073 1298 1130 1347 et
1156 1292 1353 1348 statim
1377 1291 1549 1346 infert
1573 1307 1585 1344 :
1618 1291 1698 1345 Da
1726 1290 1805 1344 eis
1834 1289 2056 1343 vulvam

407 1387 668 1453 sterilem,
701 1394 752 1440 et
778 1385 947 1440 ubera
975 1383 1211 1448 arentia,
1247 1398 1317 1436 ne
1346 1381 1601 1436 habeant
1621 1395 1830 1434 causas
1851 1394 2053 1449 super-

407 1476 536 1542 bia),
570 1481 634 1530 ut
665 1475 723 1528 in
747 1490 861 1545 quo
884 1472 997 1528 sibi
1017 1470 1254 1543 gloriari
1277 1470 1484 1538 solent,
1520 1469 1578 1522 in
1600 1485 1665 1524 eo
1687 1466 2052 1522 confundan-

405 1569 521 1618 tur.
555 1563 714 1626 Quod
746 1566 803 1616 et
834 1561 904 1615 de
937 1559 1234 1631 magistris
1265 1557 1685 1614 contrariorum
1709 1557 2052 1626 dogmatum

406 1650 649 1722 intelligi
684 1666 876 1722 posse,
911 1649 1284 1720 perspicuum
1317 1651 1426 1714 est,
1462 1645 1562 1717 qui
1592 1645 1652 1699 in
1703 1642 2051 1716 populorum

405 1739 781 1796 multitudine
811 1738 1152 1811 gloriantur,
1187 1740 1244 1792 et
1267 1737 1324 1790 in
1348 1735 1419 1790 iis
1440 1733 1638 1790 liberis
1661 1749 1806 1804 quos
1831 1729 2050 1785 nutrie-

404 1831 524 1886 rint
550 1829 606 1883 in
641 1827 962 1893 interitum,
1015 1831 1079 1880 ut
1131 1826 1443 1881 educerent
1470 1840 1568 1878 eos
1599 1823 1670 1877 de
1699 1818 1956 1876 Ecclesia
1997 1821 2054 1873 et

404 1919 749 1975 inducerent
777 1917 846 1972 ad
879 1915 1331 1970 interfectorem.
1363 1916 1468 1968 Tot
1487 1911 1639 1967 enim
1663 1907 1932 1964 diabolus
1951 1907 2051 1977 ju-

406 2007 590 2081 gulat,
639 2009 782 2075 quot
826 2003 1081 2059 haeretici
1114 2002 1173 2057 in
1205 2018 1397 2057 errore
1425 1998 1736 2072 genuerint
1765 1995 1939 2051 ﬁlios.
1973 1999 2051 2050 De

405 2095 743 2154 istiusmodi
765 2095 962 2150 anima
981 2093 1194 2148 dicitur
1217 2109 1230 2147 :
1266 2093 1424 2146 Beata
1451 2089 1653 2143 sterilis
1674 2085 2048 2153 immaculata,

404 2203 523 2259 quae
566 2201 674 2242 non
718 2185 964 2253 cognovit
1009 2182 1190 2237 cubile
1236 2181 1293 2235 in
1340 2181 1558 2250 peccato
1606 2176 1755 2247 (Sap.
1810 2191 1895 2240 III,
1939 2171 2047 2242 12).

405 2276 618 2332 Beatus
661 2277 750 2329 est
778 2272 934 2327 enim
967 2270 1055 2325 vir
1085 2266 1549 2331 Ecclesiasticus,
1598 2263 1698 2336 qui
1750 2277 2050 2332 compara-

403 2364 560 2420 tione
589 2361 841 2418 haaretici
879 2361 937 2416 in
971 2375 1161 2416 errore
1192 2357 1342 2413 filios
1373 2372 1489 2410 non
1523 2352 1857 2426 procrearit.
1892 2351 1960 2404 Et
1988 2349 2047 2403 in

401 2455 515 2511 alio
546 2453 671 2509 loco
702 2450 973 2523 legimus.
1025 2449 1213 2503 Melius
1258 2453 1336 2502 est
1371 2445 1515 2515 ﬁlios
1545 2458 1656 2498 non
1702 2440 1899 2496 habere
1925 2454 2050 2493 cum

399 2546 616 2600 virtute.
648 2543 732 2596 Ex
761 2541 951 2610 iniquo
979 2539 1132 2594 enim
1153 2535 1438 2591 concubitu
1467 2548 1650 2588 semen
1672 2529 1877 2601 peribit
1895 2528 2045 2599 (Sap.

403 2651 456 2689 IV
485 2638 537 2689 et
567 2649 650 2699 Ill,
683 2645 786 2686 sec.
824 2627 978 2699 LXX)
1005 2644 1018 2681 :
1062 2631 1118 2681 et
1148 2642 1281 2680 cum
1312 2622 1471 2694 longi
1503 2619 1717 2675 fuerint
1745 2615 2046 2688 temporis,

402 2720 831 2793 reputabuntur
858 2716 918 2771 in
951 2713 1202 2771 nihilum
1233 2716 1288 2767 et
1316 2708 1593 2783 ignobilis
1621 2708 1680 2762 in
1714 2701 2049 2762 novissimis

401 2791 512 2864 erit
541 2810 811 2861 senectus
841 2819 1041 2858 eorum
1066 2817 1080 2855 ι
1114 2799 1362 2856 fecunda
1383 2799 1537 2853 enim
1563 2796 1877 2860 impiorum
1902 2791 2049 2846 mul-

399 2895 590 2950 titudo
620 2895 692 2950 ad
724 2891 974 2947 nihilum
1005 2894 1094 2945 est
1123 2888 1323 2955 utilis;
1357 2902 1546 2957 neque
1574 2883 1729 2939 enim
1761 2882 2049 2936 aestimare

401 2985 704 3048 debemus,
757 2981 911 3054 quod
939 2977 1171 3034 vulvam
1203 2975 1486 3042 sterilem;
1531 2978 1587 3028 et
1617 2973 1797 3026 ubera
1827 2968 2049 3025 arentia

402 3069 778 3144 corporaliter
805 3069 1150 3140 deprecatus
1177 3066 1270 3120 sit.

2173 499 2860 568 manserunt,omnesque
2885 498 3174 570 principes
3197 515 3396 554 eorum
3427 500 3759 558 recedentesa

2170 581 2285 636 Deo
2319 587 2476 647 sunt,
2512 584 2631 638 sive
2660 584 3154 657 inohedientes,ut
3181 587 3754 658 Valentinus,Marcion

2169 674 2226 724 et
2256 672 2465 726 caeteri.
2500 672 2820 729 Possumus
2852 675 3143 748 principes
3161 676 3554 732 haereticorum
3584 678 3756 734 daemo-

2173 774 2276 813 nes
2311 759 2626 832 dicere,qui
2659 779 2791 818 vere
2823 781 2854 818 a
2885 765 3000 820 Deo
3033 771 3398 822 recesserunt
3425 771 3480 821 et
3507 767 3756 838 appellan-

2174 851 2272 901 tur
2289 848 2776 920 principes,juxta
2801 853 2952 924 quod
2968 853 3251 910 Dominus
3272 854 3496 926 loquitu
3512 856 3592 909 rin
3613 856 3756 912 Evan-

2165 935 2314 1006 gelio
2346 955 2365 991 :
2397 938 2465 1008 (ε)
2505 941 2684 994 Veniet
2709 943 2964 1013 princeps
2994 944 3156 1014 hujus
3184 943 3452 1010 mundi,et
3481 947 3692 1000 inveniet
3712 948 3756 1000 in

2164 1040 2250 1080 me
2276 1025 2422 1081 nihil
2452 1028 2629 1098 (Joan.
2653 1046 2766 1096 xxv,
2791 1031 2900 1099 30).
2935 1031 3003 1086 Et
3050 1031 3347 1103 apostolus
3399 1033 3658 1088 adversus
3681 1049 3756 1105 po.

2166 1115 2798 1189 testates’,principatus
2819 1125 2875 1174 et
2907 1124 3158 1176 rectores
3173 1122 3537 1178 tenebrarum
3553 1122 3754 1177 istarum

2165 1218 2425 1274 pugnare
2447 1221 2554 1260 nos
2587 1204 2728 1260 dicit
2757 1207 3390 1279 (Ephes.v1).0ua3retur
3419 1215 3600 1266 autem
3623 1211 3758 1281 juxta

2164 1289 2493 1362 historiam,
2523 1296 2815 1364 quomodo
2844 1297 2915 1351 de
2946 1297 3118 1353 domo
3169 1315 3278 1353 sua
3334 1299 3556 1370 ejecerit
3583 1317 3685 1366 eos,
3712 1300 3756 1356 id

2163 1383 2270 1445 est,
2303 1380 2500 1436 decem
2534 1383 2744 1451 tribus,
2780 1401 2913 1439 cum
2944 1387 3002 1439 in
3035 1386 3209 1442 domo
3239 1387 3341 1443 Dei
3394 1405 3504 1443 non
3537 1388 3758 1444 fuerint?

2164 1467 2274 1524 Sed
2307 1469 2546 1525 domum
2582 1473 2791 1542 Dei,vel
2827 1479 3040 1529 terram
3057 1480 3319 1532 sanctam
3351 1476 3754 1549 appellabimus,

2162 1555 2222 1611 in
2245 1574 2420 1628 quam
2453 1559 2766 1616 introducti
2797 1563 3048 1626 sunt,vel
3081 1564 3295 1620 falsum
3330 1583 3535 1622 nomen
3567 1566 3758 1622 Israelis

2161 1645 2248 1698 vel
2283 1648 2435 1717 quod
2471 1649 2541 1703 ad
2573 1665 2673 1704 eos
2716 1651 2882 1722 quasi
2943 1653 3228 1725 p0pulum
3289 1655 3388 1710 Dei
3427 1656 3758 1711 mittebantur

2164 1734 2480 1806 prophetae.
2517 1739 2677 1802 Quod
2711 1743 2902 1795 autem
2939 1758 3052 1796 non
3086 1743 3266 1798 addat
3295 1747 3362 1798 ut
3392 1743 3584 1816 diligat
3610 1747 3758 1814 eos,et

2161 1838 2366 1878 omnes
2398 1840 2562 1896 rcges
2583 1827 2757 1882 Israel
2780 1845 2813 1882 a
2833 1829 2950 1884 Deo
2975 1829 3193 1886 fuerint
3219 1832 3754 1904 recedentes,perspi-

2159 1927 2333 1966 cuum
2365 1917 2470 1968 est:
2507 1931 2692 1986 usque
2722 1915 2892 1972 hodie
2925 1919 3080 1974 enim
3115 1921 3521 1992 permanentia
3551 1920 3750 1993 captivi-

2158 2002 2296 2054 tate.
2329 2000 2440 2055 Alii
2466 2001 2575 2057 hoc
2607 2006 2760 2075 quod
2795 2005 3079 2078 scriptum
3112 2013 3223 2074 est,
3257 2009 3322 2066 de
3349 2010 3498 2064 domo
3540 2026 3644 2065 mea
3668 2010 3748 2080 eji-

2155 2089 2305 2142 ciam
2333 2104 2439 2155 eos,
2464 2091 2534 2145 ad
2571 2108 2816 2163 regnum
2837 2095 2992 2150 Juda
3021 2097 3223 2152 referri
3262 2099 3752 2169 arbitrantur,quod

2157 2180 2216 2230 et
2245 2177 2357 2247 ipsi
2387 2179 2636 2234 ducendi
2670 2182 2791 2237 sint
2822 2182 2877 2237 in
2909 2185 3332 2254 captivitatem.
3368 2187 3474 2242 Sed
3508 2187 3750 2258 quomodo

2158 2265 2242 2318 eis
2278 2266 2486 2336 poterit
2517 2269 2764 2340 adptari,
2795 2288 2906 2326 non
2934 2273 3132 2328 addam
3161 2278 3226 2329 ut
3261 2275 3495 2346 diligam
3520 2292 3615 2343 eos,
3639 2292 3748 2331 cum

2156 2356 2359 2423 postea
2385 2353 2802 2429 Jerssolymam
2815 2359 3198 2416 sintreducti:
3239 2368 3297 2418 et
3325 2379 3501 2419 omnes
3522 2365 3752 2435 principes

2155 2456 2346 2496 eorum
2373 2445 2485 2498 sint
2513 2447 2831 2514 recedentes,
2861 2465 2996 2503 cum
3053 2449 3375 2522 legerimus
3436 2453 3613 2519 David,
3641 2455 3749 2519 Asa,

2153 2530 2456 2601 Josapbat,
2491 2534 2816 2604 Ezechiam,
2851 2541 2908 2592 et
2937 2538 3158 2594 Josiam
3186 2557 3356 2613 reges
3379 2541 3548 2596 fuisse
3572 2540 3752 2613 justas?

2158 2616 2319 2674 Unde
2349 2621 2420 2674 ad
2452 2621 2663 2676 Christi
2697 2628 2957 2696 tempora
2982 2629 3521 2699 transeundum,est
3545 2629 3677 2702 quod
3702 2629 3748 2684 in

2157 2707 2404 2764 adventu
2437 2711 2563 2780 ejus
2595 2712 2760 2781 ejecti
2790 2715 2908 2768 sint
2928 2716 3000 2769 de
3029 2716 3200 2772 domo
3230 2718 3413 2784 Dei,et
3429 2732 3748 2790 nequaquam

2155 2797 2452 2852 salvantur
2478 2804 2539 2854 ut
2578 2801 2774 2870 Israel,
2808 2804 2908 2858 sed
2970 2809 3034 2858 ut
3091 2805 3348 2876 populus
3405 2807 3745 2864 Christianus.

2156 2885 2316 2940 Unde
2347 2891 2403 2942 et
2433 2887 2716 2944 Dominus
2745 2890 2880 2946 fecit
2910 2892 3019 2946 sibi
3059 2892 3363 2966 ﬂagellum
3394 2897 3462 2950 de
3491 2893 3747 2961 funiculis,

2155 2979 2212 3029 et
2239 2975 2408 3045 ejecit
2428 2992 2526 3031 eos
2557 2979 2627 3033 de
2649 2980 2864 3051 templo
2899 2998 2911 3036 :
2949 2982 3086 3053 quia
3107 2983 3353 3039 domum
3384 2984 3557 3041 Patris
3584 2985 3691 3054 ejus
3707 2982 3748 3036 fe

2155 3068 2350 3118 carent
2381 3065 2623 3120 domum
2657 3070 3067 3140 negotiationis
3099 3071 3282 3144 (Joan,
3318 3074 3397 3143 ιι).

471 3160 658 3233 (Vers.
683 3158 792 3229 15.)
825 3157 1017 3212 Omnes
1047 3156 1305 3226 nequitiae
1334 3168 1521 3210 eorum
1552 3153 1611 3205 in
1645 3151 1847 3218 Galgal
1867 3167 1887 3203 :
1916 3149 2048 3220 quia

2228 3153 2410 3219 (Vers.
2477 3155 2542 3208 16
2571 3161 2625 3210 et
2658 3156 2767 3224 17.)
2815 3158 3107 3214 Percussus
3148 3168 3231 3216 est
3273 3163 3529 3230 Ephraim
3557 3180 3573 3215 :
3613 3159 3748 3215 radix

395 3250 476 3306 ibi
502 3265 685 3305 exesos
716 3248 885 3302 habui
912 3261 1022 3302 eos.
1071 3245 1145 3316 (a)
1204 3243 1344 3298 LXX
1373 3241 1663 3296 similiter.
1717 3241 1778 3293 In
1835 3237 2038 3310 Galgal

396 3337 534 3394 Saul
565 3341 776 3393 unctus
797 3336 855 3389 in
878 3349 1074 3406 regem
1095 3336 1202 3402 est,
1227 3330 1493 3386 Samuele
1525 3329 1671 3385 iram
1703 3327 1801 3383 Dei
1828 3326 2039 3398 populo

395 3425 704 3483 nuntiante
725 3424 770 3496 (Ι
794 3425 917 3495 Reg.
942 3424 1022 3495 x).
1053 3422 1153 3489 Ibi,
1186 3420 1398 3492 inquit,
1430 3434 1618 3474 exosos
1648 3417 1821 3472 habui
1843 3432 1949 3478 eos,
1985 3419 2042 3469 et

394 3515 505 3572 sibi
530 3529 724 3587 regem
749 3512 1046 3568 hominem
1072 3509 1458 3582 postulantes,
1481 3525 1515 3563 a
1537 3523 1663 3561 meo
1684 3503 1931 3576 imperio
1958 3519 2042 3558 re-

394 3607 715 3661 cesserunt.
749 3601 878 3658 Sive
909 3599 1046 3672 quia
1076 3596 1314 3671 Galgala
1343 3595 1686 3652 idololatria:
1736 3593 1898 3649 locus
1929 3597 2038 3662 est,

393 3693 492 3749 ubi
516 3692 714 3748 omnia
729 3690 950 3747 scelera
966 3687 1404 3745 commiserunt.
1421 3690 1636 3740 Verum
1655 3683 1790 3756 quia
1803 3682 1902 3738 Gal
1911 3681 2043 3752 gala

394 3784 810 3854 interpretatur
823 3779 1098 3842 revelatio,
1114 3780 1214 3832 aut
1231 3772 1514 3846 κυλισμοὶ,
1531 3774 1589 3828 id
1607 3778 1714 3836 est,
1736 3771 2039 3835 volutabra,

395 3887 596 3928 omnes
617 3869 872 3926 malitias
903 3867 1306 3922 haereticorum
1337 3864 1481 3919 dicit
1509 3879 1575 3918 eo
1598 3868 1860 3934 tempore
1879 3877 2042 3916 reve-

396 3959 624 4024 landas,
657 3974 790 4012 cum
823 3956 906 4012 eis
937 3955 1161 4010 dederit
1210 3955 1358 4008 Deus
1405 3952 1637 4007 vulvam
1690 3950 1947 4007 sterilem
1988 3955 2045 4005 et

397 4049 578 4103 ubera
599 4045 841 4111 arentia,
875 4048 931 4098 et
953 4043 1201 4098 viderint
1220 4041 1603 4115 ignominiam
1628 4057 1818 4094 suam.
1852 4041 1922 4094 Et
1944 4039 2045 4110 qui

396 4154 458 4192 se
479 4135 785 4206 jactabant
815 4149 916 4204 per
946 4131 1304 4204 superbiam,
1354 4130 1506 4202 quod
1549 4130 1620 4185 ad
1654 4127 1881 4184 excelsa
1909 4143 2044 4183 con-

398 4222 748 4290 scenderint,
799 4220 1176 4277 devolventur
1203 4219 1260 4274 in
1295 4225 1534 4286 terram,
1577 4218 1696 4273 sive
1726 4218 1797 4272 ad
1830 4217 2046 4272 inferos

397 4313 825 4387 pertrahentur.
880 4310 1027 4366 Vere
1081 4308 1336 4364 haeretici
1385 4308 1516 4364 odio
1567 4309 1661 4362 Dei
1692 4307 1854 4379 digni
1885 4314 2046 4368 sunt.

397 4403 495 4477 qui
519 4402 839 4475 loquuntur
861 4404 1064 4456 contra
1087 4397 1397 4455 Dominum
1422 4397 1814 4464 mendacium,
1835 4397 1905 4452 de
1927 4399 2050 4468 qui-

397 4493 508 4548 bus
538 4490 680 4546 dicit
707 4490 768 4546 in
798 4488 1298 4561 consequentibus
1326 4505 1340 4542 :

465 4583 694 4654 Pr0pter
737 4579 1014 4635 malitiam
1057 4578 1516 4633 adinventionum
1563 4591 1751 4631 eorum
1796 4576 1862 4631 de
1889 4577 2048 4632 domo

394 4686 519 4726 mea
545 4671 766 4742 ejiciam
811 4684 918 4724 eos.
967 4669 1086 4723 Non
1128 4666 1328 4723 addam
1356 4670 1418 4720 ut
1449 4665 1680 4736 diligam
1705 4680 1792 4720 eos
1819 4681 1832 4720 :
1863 4682 2050 4722 omnes

397 4760 672 4831 principes
697 4773 888 4812 eorum
907 4755 1232 4824 recedentes,
1248 4756 1367 4810 sive
1389 4755 1776 4811 inobedientes.
1790 4755 1865 4826 (b)
1888 4755 2050 4818 Quod

399 4857 454 4904 et
505 4846 888 4918 Septuaginta
934 4844 1223 4901 similiter.
1279 4845 1344 4899 Et
1385 4845 1457 4898 de
1487 4843 1778 4900 haereticis
1810 4845 2048 4916 quidem

401 4953 515 4993 non
547 4940 634 4993 est
665 4935 933 5003 dubium,
956 4935 1098 5003 quin
1130 4935 1200 4990 de
1231 4934 1404 4989 domo
1423 4935 1575 4990 102
1599 4933 1696 4990 Dei
1718 4934 1886 5004 ejecti
1911 4934 2048 5004 sint,

471 5097 549 5223 (git)
578 5096 791 5222 Egeriam
826 5111 1063 5151 rursum
1093 5095 1287 5162 verba,
1321 5095 1446 5150 LXX
1471 5095 1749 5165 similiter,
1775 5094 2053 5168 supplent

471 5186 481 5223 ι
546 5185 593 5223 r1
758 5210 771 5222 .

403 5186 440 5224 n
450 5183 593 5225 OSll‘l
630 5183 771 5222 [1183.

473 5241 549 5313 (b)
582 5239 801 5313 Iterum
832 5240 889 5291 et
914 5237 1080 5313 tertio
1104 5236 1491 5313 addidimuse
1515 5239 1731 5294 nostris
1752 5256 1894 5294 mss.
1925 5255 2052 5310 quas

403 5308 647 5368 deerant
674 5310 869 5379 verba,
904 5308 1052 5376 Quod
1080 5319 1131 5364 et
1157 5309 1281 5364 LXX
1311 5311 1589 5365 similiter.

471 5383 543 5455 (c)
575 5382 882 5455 Victorius,
914 5381 1062 5455 venit
1076 5384 1144 5455 et
1165 5383 1550 5455 moxinvenit,
1578 5397 1646 5455 ex
1671 5379 1914 5455 Vulgata
1932 5381 2052 5436 edi-

401 5451 561 5509 tione
618 5458 677 5508 et
723 5453 916 5508 Graeco
959 5453 1177 5523 codice,
1231 5452 1320 5507 cui
1372 5451 1626 5520 lectioni,
1676 5451 1886 5523 inquit,
1939 5469 2053 5507 non

401 5525 594 5596 solum
617 5525 906 5596 impressa
923 5525 1119 5578 omnia
1145 5539 1444 5596 sacrorum
1468 5524 1733 5596 codicum
1757 5523 2054 5595 exempla-

403 5595 513 5672 ria,
535 5596 638 5656 sed
663 5593 841 5659 etiam
863 5610 990 5676 qua
1010 5598 1151 5658 sunt
1169 5595 1323 5671 apud
1346 5611 1440 5657 me
1460 5593 1670 5656 collata
1689 5611 1833 5658 mss.
1856 5593 2056 5656 omnia

2147 3257 2336 3295 eorum
2381 3244 2652 3298 exsiccata
2697 3253 2774 3299 est
2794 3263 2814 3300 :
2859 3249 3097 3316 fructum
3151 3265 3499 3322 nequaquam
3542 3249 3747 3322 facient:

2148 3329 2287 3399 quod
2315 3337 2370 3384 et
2403 3333 2456 3384 si
2490 3335 2797 3398 genuerint,
2848 3335 3177 3406 interﬁciam
3226 3340 3596 3394 amantissima
3634 3336 3748 3391 uteri

2149 3433 2356 3472 eorum.
2388 3419 2614 3491 Abjiciet
2635 3437 2722 3476 eos
2745 3424 2883 3479 Deus
2900 3424 2978 3496 (ά)
3007 3441 3179 3492 meus,
3204 3429 3340 3498 quia
3367 3445 3473 3482 non
3499 3427 3746 3482 audierunt

2149 3523 2272 3563 eum
2311 3526 2330 3561 :
2377 3517 2429 3563 et
2475 3515 2637 3564 erunt
2683 3514 2812 3582 vagi
2859 3514 2919 3567 in
2973 3516 3316 3571 nationibus.
3371 3516 3550 3572 LXX:
3597 3514 3745 3570 Doluit

2149 3597 2415 3665 hphraim
2444 3598 2653 3653 radices
2679 3615 2805 3655 suas
2827 3619 2845 3654 :
2875 3600 3152 3674 arefactus
3181 3613 3284 3672 est,
3315 3608 3548 3676 fructum
3576 3617 3738 3672 nequa-

2150 3702 2314 3756 quam
2342 3688 2544 3757 a/fert:
2577 3689 2711 3758 quia
2739 3693 2791 3744 et
2817 3691 2871 3744 si
2897 3692 3208 3758 genuerint,
3243 3694 3556 3762 interﬁciam
3570 3688 3738 3746 deside-

2148 3777 2354 3830 rabilia
2381 3778 2530 3831 uteri
2555 3793 2767 3833 eorum.
2801 3779 3038 3850 Repellet
3062 3795 3149 3834 eos
3177 3780 3338 3846 Deus,
3387 3782 3510 3854 quia
3542 3796 3630 3834 non
3656 3793 3740 3832 au-

2150 3864 2371 3920 dierunt
2399 3882 2524 3919 eum
2550 3883 2563 3921 :
2597 3868 2645 3919 et
2693 3867 2848 3922 104
2879 3871 3039 3922 erunt
3066 3871 3196 3936 vagi
3224 3871 3289 3924 in
3315 3869 3626 3926 nationibus.
3653 3869 3742 3920 Me-

2150 3953 2458 4024 taphoram
2491 3955 2674 4009 sumit
2698 3956 2770 4010 ab
2801 3956 3024 4024 arbore,
3081 3958 3252 4028 cujus
3296 3959 3343 4015 si
3377 3959 3584 4014 radices
3609 3969 3746 4011 arue-

2153 4041 2291 4108 rint,
2344 4043 2600 4098 i'ructum
2651 4044 2855 4099 afferre
2902 4061 3016 4100 non
3051 4046 3282 4118 poterit,
3316 4052 3373 4104 et
3413 4048 3460 4104 si
3491 4042 3750 4119 paululum

2156 4130 2588 4197 fecerit,statim
2614 4132 2670 4187 in
2695 4133 2821 4203 ipso
2845 4132 2983 4189 ﬂore
3006 4134 3500 4193 siccabitur.Dicit
3517 4130 3751 4190 autede

2154 4219 2452 4291 Ephraim,
2482 4221 2650 4291 cujus
2679 4221 2840 4276 radix
2863 4223 3034 4294 aruit,
3060 4225 3197 4295 quia
3223 4227 3422 4292 Deum,
3448 4227 3500 4280 in
3523 4239 3624 4296 quo
3645 4220 3746 4275 fun-

2155 4309 2328 4364 datus
2368 4314 2511 4375 erat,
2563 4310 2833 4382 perdidit,
2885 4311 3006 4367 sive
3062 4318 3254 4385 patres
3301 4332 3437 4372 suos
3485 4311 3746 4373 Abraham,

2157 4397 2338 4465 Isaac,
2371 4403 2428 4452 et
2457 4399 2657 4464 Jacoh,
2689 4400 2746 4453 in
2779 4399 2995 4471 quibus
3024 4402 3282 4458 radicem
3307 4405 3555 4470 miserat,
3577 4397 3749 4454 habere

2075 4515 2123 4580 Β
2159 4502 2271 4541 non
2294 4487 2541 4580 meruit:
2565 4492 2623 4543 et
2638 4494 2942 4560 propterea
2958 4489 3211 4546 fructum
3226 4491 3471 4562 justitia:
3490 4506 3593 4544 non
3614 4483 3747 4547 facit;

2158 4576 2312 4646 quod
2340 4580 2398 4630 et
2425 4575 2475 4630 si
2507 4577 2724 4644 fecerit,
2761 4579 3108 4648 lnterﬁciam,
3154 4579 3368 4651 inquit,
3415 4573 3751 4634 amantissima

2157 4665 2303 4718 uteri
2329 4666 2463 4735 ejus,
2489 4665 2661 4736 juxta
2691 4667 2748 4720 id
2781 4668 2933 4737 quod
2967 4685 3148 4740 supra
3179 4669 3436 4724 dixerat:
3467 4667 3526 4723 Si
3551 4660 3750 4720 enutrie-

2160 4754 2271 4807 rint
2297 4753 2442 4822 ﬁlios
2470 4771 2615 4824 suos,
2649 4755 2850 4825 absque
2879 4757 3071 4812 liberis
3115 4773 3203 4813 eos
3231 4758 3434 4827 faciam
3473 4758 3527 4810 in
3555 4746 3752 4808 homini-

2161 4841 2256 4895 bus
2280 4858 2292 4896 :
2325 4844 2481 4898 unde
2510 4847 2568 4898 et
2597 4845 2809 4914 abjecit
2839 4861 2938 4900 eos
2966 4845 3138 4912 Deus,
3172 4851 3229 4901 ct
3259 4847 3392 4902 fecit
3412 4846 3489 4900 ire
3517 4838 3748 4913 captivos.

2160 4930 2229 4984 Et
2256 4939 2417 4986 erunt
2447 4935 2574 5002 vagi
2600 4934 2658 4986 in
2690 4934 3026 4988 nationibus.
3061 4935 3380 4989 Possumus
3406 4933 3508 4987 hoc
3526 4923 3751 5001 ipsumet

2161 5093 2582 5151 assentiuntur.
2616 5093 2764 5149 Sunt
2793 5097 2988 5148 autem
3020 5093 3121 5149 illa
3146 5111 3385 5150 numero
3414 5084 3750 5164 quadraginta

2161 5183 2283 5235 sex,
2343 5181 2593 5235 quorum
2644 5156 3452 5238 quindecimLongobardicis
3500 5156 3750 5238 characte-

2162 5227 2324 5293 ribus
2358 5227 2608 5305 exarata,
2632 5227 3038 5291 e‘monasterio
3069 5227 3278 5293 Mo’ntis
3299 5227 3746 5305 Cassiniacccptaz

2163 5327 2232 5365 an
2244 5324 2451 5364 norum
2475 5293 2614 5380 sunt
2635 5325 2746 5362 non
2772 5309 2966 5364 minus
2990 5293 3668 5380 noningentorum,Locus
3681 5293 3750 5380 est

2159 5381 2447 5436 Joan.xv1
2474 5371 2493 5434 ί
2523 5380 2672 5434 Venit
2690 5380 2834 5434 enim
2858 5382 3111 5451 princeps
3141 5371 3333 5435 m'undi
3351 5371 3521 5446 hujus,
3544 5373 3588 5428 et
3607 5371 3657 5425 in
3679 5373 3750 5420 me

2162 5468 2268 5507 non
2301 5452 2462 5506 habet
2498 5451 2816 5522 quidquam.

2233 5524 2310 5599 (ἀ)
2340 5521 2587 5579 Palatini
2619 5521 2761 5588 mss.
2796 5521 3055 5602 reticent,
3085 5538 3262 5582 meus.
