3964 6184
150 248 274 310 901

975 254 1728 322 COMMENTARIORUM
1772 259 1852 321 IN
1897 261 2096 325 OSEE
2137 262 2286 324 LIB.
2332 264 2407 326 II.
2456 266 2626 328 CAP.
2672 270 2750 331 X.

3442 282 3562 349 902

148 381 230 488 ge
253 380 529 437 omnibus
546 381 770 488 Judaais
791 384 980 441 dicere
1004 403 1255 458 quorum
1281 391 1419 488 quia
1451 391 1744 462 principes
1835 426 1889 488 Α
1920 393 2165 488 debitus.
2181 394 2463 488 Dicamus
2483 403 2541 454 et
2566 397 2770 456 aliter:
2798 402 2943 461 Vitis
2966 405 3241 467 frondosa
3261 415 3563 488 sivejuxta

147 468 277 524 Deo
303 476 690 536 recesserunt,
713 481 1146 532 commoventes
1165 477 1468 549 populum,
1494 483 1559 533 ut
1577 496 1711 534 eum
1734 479 1807 534 ad
1835 468 1889 488 “
1918 481 2297 554 Septuaginta
2354 483 2794 559 εὐκληματοῦσα,
2838 492 2891 548 id
2965 503 3073 563 est,
3123 468 3310 559 bonas

147 565 412 614 mortem
445 565 814 631 expeterent:
851 568 1160 635 propterea
1207 567 1378 636 ejecit
1421 583 1520 622 eos
1537 568 1607 622 de
1635 569 1807 622 domo

144 663 293 716 sua,
323 652 377 702 et
397 665 511 703 non
536 650 729 716 addet,
755 656 821 706 ut
842 651 994 707 ultra
1016 653 1220 725 diligat
1239 671 1357 709 eos.
1397 655 1691 710 Percussit
1713 672 1807 710 ra-

143 735 352 791 dicem
378 753 580 792 eorum
602 744 658 793 et
678 739 1005 810 exsiccavit,
1030 747 1086 797 et
1112 745 1365 798 fructum
1391 743 1544 798 ultra
1581 761 1694 798 non
1721 744 1808 798 fa-

143 823 527 896 cientzquod
552 830 607 882 et
641 827 690 882 si
741 829 999 896 fecerint,
1051 835 1107 886 et
1153 831 1257 886 visi
1312 833 1526 886 fuerint
1554 833 1809 903 Scriptu-

144 929 288 968 ram
311 918 596 983 sanctam,
623 917 951 989 Legemque
969 920 1259 986 meditari,
1276 926 1334 975 et
1350 921 1805 992 quasi(a)aman-

144 1001 426 1058 tissimos
456 1002 608 1059 ﬁlios
637 1005 859 1076 aliquid
891 1007 1149 1062 scientiae
1209 1014 1385 1081 atque
1429 1010 1706 1065 doctrinae
1735 1010 1808 1064 de

145 1107 269 1146 suo
289 1093 460 1148 corde
483 1093 853 1164 protulerint,
876 1096 1218 1154 adversante
1242 1098 1486 1153 Domino
1512 1116 1526 1167 ;
1551 1099 1809 1154 succide-

144 1185 276 1235 tur.
317 1182 539 1252 Abjecit
567 1182 722 1237 enim
755 1199 854 1240 eos
886 1189 1034 1241 Deus
1067 1186 1332 1242 omnium
1364 1188 1803 1259 prophetarum,

145 1270 302 1342 quia
336 1287 449 1326 non
481 1272 798 1328 audierunt
827 1290 1002 1329 eum:
1038 1279 1095 1330 et
1122 1275 1251 1348 vagi
1283 1277 1531 1332 eruntin
1555 1275 1806 1332 nationi-

146 1361 294 1425 bus,
329 1376 445 1415 non
477 1359 759 1417 habentes
800 1361 998 1428 altare,
1047 1381 1161 1419 non
1193 1366 1412 1431 sedem,
1465 1383 1580 1421 non
1610 1365 1806 1421 civita-

145 1455 274 1505 tem
313 1450 628 1522 propriam.
664 1450 825 1506 Unde
856 1456 912 1506 et
940 1452 1119 1508 David
1149 1452 1413 1524 loquitur
1448 1456 1508 1509 in
1539 1454 1804 1526 psalmo:

143 1540 228 1594 Ne
258 1539 473 1594 occidas
502 1554 609 1604 eos,
643 1556 713 1594 ne
745 1541 959 1610 quando
1003 1541 1391 1597 obliviscantur
1443 1545 1629 1614 populi
1658 1545 1804 1598 mei:

144 1630 414 1700 disperge
442 1630 567 1684 illos
598 1631 658 1683 in
686 1632 888 1685 virtute
926 1634 1025 1686 tua
1072 1632 1242 1698 (Psal.
1291 1648 1453 1702 xvm,
1507 1633 1615 1702 12).
1649 1633 1717 1686 Et
1747 1631 1805 1686 in

145 1717 269 1773 alio
303 1717 430 1774 loco
456 1736 468 1773 :
492 1717 801 1774 Secundum
823 1719 1232 1775 multitudinem
1258 1723 1600 1792 impietatum
1617 1736 1808 1776 eorum

147 1807 373 1879 expelle
406 1823 512 1878 eos,
546 1809 804 1878 quoniam
834 1810 1213 1876 irritaverant,
1277 1791 1343 1865 te,
1381 1811 1608 1866 Domine
1636 1809 1807 1882 (Psal.
1841 1791 1887 1855 B

149 1916 208 1966 ν,
238 1898 352 1968 13).
387 1896 468 1952 De
497 1895 606 1952 hac
639 1899 843 1953 arbore
872 1898 1048 1953 etiam
1078 1898 1138 1952 in
1175 1899 1481 1970 Evangelio
1511 1897 1763 1971 legimus
1790 1915 1804 1952 :

145 1990 273 2044 1am
293 1987 506 2042 securis
524 1986 596 2041 ad
611 1986 820 2042 radices
841 1989 1106 2044 arborum
1120 1990 1298 2058 posita
1317 1993 1417 2044 est.
1443 1989 1632 2045 Omnis
1650 1988 1812 2044 arbor

150 2091 285 2147 quae
310 2089 423 2129 non
449 2077 585 2146 facit
613 2077 862 2145 [ructam
895 2077 1116 2147 bonum,
1150 2077 1428 2133 excidetur
1453 2082 1503 2133 et
1536 2079 1599 2132 in
1629 2079 1813 2146 ignem

151 2168 408 2221 mittetur
429 2163 638 2235 (Matth.
663 2182 748 2230 In,
774 2164 880 2236 lO).
906 2165 1217 2222 Hiereticos
1239 2167 1463 2222 fructus
1487 2167 1671 2221 facere
1697 2182 1810 2221 non

150 2270 336 2328 posse
363 2254 668 2320 virtutum,
702 2253 842 2325 quia
871 2253 1184 2310 Dominum
1208 2255 1608 2327 perdiderunt,
1636 2272 1812 2327 super

151 2360 280 2414 quo
304 2344 411 2414 [Αι.
434 2343 608 2415 quod]
623 2343 794 2414 juxta
816 2343 1159 2415 Apostolum
1183 2345 1422 2400 radicati
1444 2361 1571 2400 esse
1595 2344 1810 2400 debue-

143 2438 298 2488 rant
322 2437 379 2486 et
409 2431 630 2487 fundati
664 2432 878 2503 (Ephes.
913 2433 1020 2504 In),
1046 2448 1218 2488 nemo
1268 2432 1530 2488 dubitet:
1565 2433 1721 2504 quod
1753 2436 1812 2488 et

147 2523 202 2578 si
227 2521 498 2588 fecerint,
520 2525 578 2576 et
603 2519 833 2592 aliquos
855 2521 998 2577 uteri
1026 2521 1117 2577 sui
1169 2522 1521 2577 fecunditate
1569 2538 1808 2593 genera-

146 2611 295 2677 rint,
322 2609 568 2666 Domine
591 2611 952 2678 adversante,
986 2611 1329 2666 morientur.
1361 2610 1490 2665 Sive
1521 2610 1660 2682 quia
1690 2610 1807 2664 fru-

147 2705 287 2755 ctus
302 2715 507 2754 eorum
522 2703 661 2754 sunt
673 2698 942 2755 universa
955 2716 1080 2771 quae
1097 2699 1344 2772 fingunt,
1361 2704 1417 2754 et
1429 2701 1500 2754 de
1515 2716 1621 2754 suo
1639 2699 1810 2754 corde

147 2793 463 2860 generant,
496 2789 734 2844 aretient
763 2793 820 2843 et
847 2789 1158 2861 peribunt:
1190 2793 1247 2844 et
1267 2790 1377 2843 erit
1406 2790 1555 2845 105
1583 2787 1808 2843 cunctis

149 2878 561 2950 perspicuum,
614 2877 830 2934 siccam
892 2878 1146 2933 radicem
1206 2879 1401 2950 fruges
1458 2878 1661 2933 afferre
1693 2893 1806 2933 non

148 2983 349 3038 posse.
385 2966 485 3021 Isti
517 2965 886 3036 abjicientur,
921 2965 1103 3022 immo
1162 2967 1370 3036 abjecti
1421 2970 1561 3023 sunt
1591 2984 1625 3021 a
1650 2967 1804 3022 Deo:

149 3055 298 3126 quia
329 3071 445 3109 non
478 3054 789 3110 audierunt
819 3071 955 3111 eum
1014 3056 1303 3111 dicentem
1334 3075 1347 3112 :
1394 3060 1478 3112 Ne
1508 3058 1808 3128 transferas

1916 572 2288 659 propagines,
2345 579 2402 628 et
2457 576 2685 649 ﬂagella
2737 582 3034 643 fructifear
3067 631 3082 659 ,
3117 596 3332 650 multos
3364 597 3561 653 botros

1917 658 2130 723 attulit,
2167 666 2223 715 et
2248 679 2489 759 uvarum
2517 669 2863 740 fecunditas,
2891 658 3183 736 ramorum
3211 689 3562 759 magnitudi-

1919 763 2052 802 nem
2100 752 2422 821 comquavit
2445 770 2456 807 :
2484 758 2582 810 sed
2614 757 2733 815 haec
2755 778 2879 832 quae
2902 767 3066 838 prius
3087 772 3222 828 talis
3243 752 3367 832 erat
3397 785 3560 837 ante-

1916 852 2094 906 quam
2127 839 2444 897 offenderet
2473 843 2679 912 Deum,
2724 855 2926 920 postea
2981 858 3404 923 abundantiam
3437 869 3558 926 tru-

1917 929 2319 1028 ctuum‘ve‘rtit
2348 929 2406 1028 in
2441 933 2674 1028 offensae
2707 939 3143 1004 multitudinem
3171 967 3184 1004 :
3245 958 3310 1009 ut
3341 965 3558 1028 quanto

1916 1012 2112 1106 plures
2127 1014 2811 1106 haberetpopulos,tanto
2827 1030 2992 1102 plura
3005 1012 3536 1106 aediﬁcareta‘ltaria

1916 1107 1973 1156 et
2001 1102 2417 1161 abundantiam
2456 1113 2616 1166 terra:
2675 1132 2919 1176 numero
2959 1124 3213 1184 vinceret
3244 1095 3560 1195 idolorum:

2049 1192 2402 1297 simulacris,
2427 1198 2814 1297 bep-tuaginta
2827 1214 3124 1271 verterunt
3162 1216 3388 1292 στήλας,
3412 1192 3560 1297 quas

1917 1543 1974 1640 in
2001 1546 2172 1640 domo
2221 1549 2341 1621 Dei,
2361 1555 2716 1614 vocabantur
2759 1565 2925 1622 vinea
2947 1570 3139 1640 Sorec,
3163 1581 3220 1631 et
3240 1579 3561 1640 afferebant

1918 1633 2244 1737 uberrimos
2268 1640 2746 1737 fructuszpostea
2764 1668 2896 1710 vero
2939 1633 3156 1729 quanto

1918 1727 2076 1788 sunt,
2112 1729 2274 1824 tanto
2302 1730 2412 1824 sibi
2470 1727 3003 1808 multiplicaverunt
3054 1727 3276 1824 altaria,

1921 1826 2021 1880 pro
2054 1829 2169 1869 uno
2201 1814 2368 1871 altari
2400 1824 2550 1891 quod
2583 1841 2782 1884 verum
2831 1838 2942 1900 est,
3001 1837 3198 1908 plures
3225 1814 3436 1915 gerrori
3465 1853 3557 1908 sui

1921 1914 2052 1996 aras
2069 1907 2452 1996 exstruerent,
2477 1913 2714 1981 etjuxta
2735 1907 3059 1981 ubertatem
3082 1907 3250 1986 terra;
3270 1952 3388 1990 sum
3415 1907 3558 1996 exue

1920 1986 2268 2087 beraver-unt
2305 1995 2656 2058 simulacris.
2691 2004 3100 2070 Haareticorum
3128 2023 3284 2076 terra
3314 1986 3560 2087 fecunda

1920 2082 2027 2189 est,
2193 2099 2226 2136 a
2261 2085 2371 2140 Deo
2401 2104 2644 2146 acumen
2671 2110 2881 2154 sensus
2911 2108 2968 2156 et
2995 2103 3211 2178 ingenii
3241 2080 3563 2189 percipiet;

1921 2169 2537 2272 tes,‘ut.bonanaturae
2571 2181 2628 2236 in
2652 2183 2751 2239 Dei
2803 2189 3024 2248 cultum
3056 2169 3376 2272 verterent,

1923 2259 2060 2356 runt
2088 2257 2196 2312 sibi
2328 2261 2424 2356 his
2452 2265 2624 2324 idola.
2655 2272 2863 2332 Nullus
2894 2281 3046 2337 enim
3079 2291 3270 2356 potest
3292 2257 3557 2355 hmresim

1922 2347 2302 2443 struerehnisi
2326 2352 2426 2422 qui
2450 2357 2710 2414 ardentis
2733 2363 2949 2436 ingenii
2971 2347 3160 2440 est,-et
3204 2347 3562 2443 habet‘do—n-a

1922 2440 2144 2531 naturae
2167 2453 2180 2502 ;
2215 2455 2342 2509 quae
2366 2459 2408 2531 7a
2442 2448 2551 2500 Deo
2581 2450 2803 2508 artifice
2833 2463 2972 2512 sunt
3002 2469 3213 2521 creata.
3265 2469 3422 2527 Talis

1920 2519 2284 2631 Xalen'tinu‘s,
2301 2530 2433 2585 talis
2445 2532 2721 2608 Marcion,
2743 2557 2890 2613 quos
2904 2519 3558 2631 doctissimoslegimus:

1919 2609 2075 2713 "I‘alis
2098 2613 2478 2713 Bardesanes,
2494 2626 2663 2695 cujus
2684 2609 2859 2686 etiam
2883 2634 3212 2713 phi1080phi

1865 2739 1869 2744 .
2033 2699 2357 2797 ingenium.
2381 2707 2479 2764 Isti
2504 2729 2639 2786 ergo
2662 2721 2828 2775 terrae
2850 2699 2969 2779 sua:
2990 2699 3143 2785 bona
3176 2699 3558 2797 verterunt-in

1919 2786 2121 2886 titulos
2153 2801 2537 2870 mortuorum,
2566 2805 2704 2875 quia
2723 2811 2914 2866 omnis
2936 2814 3199 2875 doctrina
3219 2801 3420 2882 eorum
3445 2786 3561 2886 non

1919 2877 2270 2989 ad‘viventes
2297 2887 2563 2962 refertur,
2589 2894 2689 2949 sed
2713 2897 2783 2951 ad
2809 2906 3092 2974 mortuos,
3140 2877 3381 2970 tameos
3413 2877 3561 2989 quos

1919 2966 2139 3060 colunt,
2171 2989 2347 3043 quam
2379 2976 2508 3034 illos
2539 2997 2686 3052 quos
2719 2986 3036 3060 decipiunt,

1989 3057 2172 3128 (Vers.
2206 3063 2279 3126 2).
2313 3065 2560 3124 Divisum
2587 3075 2668 3126 est
2685 3089 2778 3130 cor
2791 3057 2978 3135 eorum
3003 3057 3029 3136 :7
3047 3100 3198 3142 nunc
3219 3089 3520 3149 interibunt
3544 3115 3558 3153 :

148 3145 426 3246 fefronfnos
471 3159 602 3243 quos
627 3149 926 3245 pos-uerunt
948 3153 1135 3244 patres
1165 3147 1247 3246 tui
1275 3146 1451 3216 (Deut.
1483 3145 1709 3246 mat/12.
1743 3145 1813 3199 Et
1842 3154 1884 3222 ο
1923 3149 2039 3216 ipse
2059 3152 2369 3223 conp-inget
2403 3160 2705 3218 simulacra
2757 3181 2943 3223 eorum
2986 3145 3406 3246 depopulabitur

151 3233 376 3289 idcirco
437 3233 566 3304 vagi
625 3238 798 3288 erunt
855 3235 913 3288 in
973 3233 1332 3300 nationibus,
1389 3250 1545 3289 nunc
1576 3234 1647 3288 ad
1675 3234 1803 3304 has,

150 3339 272 3378 non
310 3321 380 3377 ad
413 3321 545 3376 illas
576 3322 897 3378 sententias
951 3327 1326 3378 transeuntes
1354 3339 1367 3377 :
1403 3323 1543 3378 dum
1577 3339 1691 3378 non
1722 3323 1806 3379 eis

151 3411 370 3483 placet,
403 3412 560 3482 quod
591 3411 772 3468 semel
811 3413 1150 3485 repererint,
1203 3412 1302 3468 sed
1356 3429 1588 3484 semper
1613 3417 1808 3468 vetera

152 3505 394 3555 mutant
423 3499 608 3571 novis,
641 3504 696 3556 et
724 3499 1090 3556 ethnicorum
1124 3501 1433 3556 imitantur
1451 3519 1695 3558 errores.

230 3590 391 3661 (Cap.
417 3589 482 3644 X.
516 3619 586 3629 —-
614 3589 777 3645 Vers.
812 3591 888 3661 1.)
925 3591 1057 3646 Vitis
1083 3590 1341 3660 frondosa
1368 3591 1534 3646 Israel
1559 3607 1572 3644 :
1594 3596 1807 3662 fructus

153 3678 478 3748 adaequatus
501 3687 578 3734 est
597 3681 652 3734 ei
674 3696 686 3733 :
715 3678 1016 3734 secundum
1047 3678 1460 3734 multitudinem
1487 3681 1700 3749 fructus
1719 3681 1808 3735 sui

155 3767 559 3838 multiplicauit
577 3769 788 3822 altaria
808 3786 829 3822 :
841 3769 1007 3840 jugcta
1024 3768 1326 3823 ubertatem
1346 3777 1516 3824 terra:
1532 3785 1648 3825 suae
1666 3785 1805 3824 exu-

159 3857 368 3912 beravit
397 3857 710 3912 simulacris
742 3856 918 3912 LXX:
960 3859 1088 3912 Vitis
1141 3857 1398 3929 frondosa
1443 3860 1656 3913 Israel:
1683 3863 1805 3930 fru-

153 3952 272 4002 ctus
291 3946 583 4002 abundans
605 3948 665 4001 in
687 3947 1076 4002 ea:secundum
1093 3947 1501 4002 multitudinem
1521 3949 1806 4019 fructuum

151 4052 377 4091 suorum
399 4036 790 4106 multiplicavit
809 4036 1016 4090 altaria
1038 4053 1056 4089 :
1069 4037 1236 4108 juxta
1259 4036 1396 4092 bona
1424 4041 1592 4093 terra
1617 4053 1805 4093 eorum

150 4125 503 4195 aediﬁcabant
534 4124 742 4180 titulos.
783 4124 888 4179 Pro
918 4127 1030 4180 vite
1055 4125 1335 4196 frondosa.
1383 4125 1594 4198 Aquila
1626 4127 1802 4182 inter-

153 4219 418 4285 pretatus
435 4217 542 4279 est,
592 4211 802 4287 ἓνυρον,
832 4230 1009 4286 quam
1033 4230 1140 4269 nos
1163 4231 1442 4287 aquosam,
1469 4215 1550 4270 vel
1572 4217 1648 4288 (b)
1667 4212 1804 4286 ἓξοι-

149 4321 258 4371 νον,
279 4319 604 4374 possumus
624 4302 836 4374 dicere,
859 4319 926 4357 co
949 4303 1104 4374 quod
1129 4303 1245 4358 vini
1269 4305 1474 4375 perdat
1495 4322 1761 4378 saporem
1785 4323 1797 4361 :

150 4390 542 4462 Symmachus
567 4392 637 4464 (ε)
672 4387 1074 4463 ὑλομανοῦσαν,
1107 4408 1240 4463 qua:
1269 4393 1467 4449 totain
1495 4396 1801 4452 frondibus

153 4481 420 4536 creverit.
459 4480 622 4537 Vites
653 4497 779 4552 quae
811 4485 1027 4552 putatae
1057 4497 1090 4536 a
1119 4482 1364 4537 vinitore
1412 4499 1526 4538 non
1562 4485 1797 4552 fuerint,
1832 4519 1878 4583 D

155 4568 210 4623 in
231 4569 466 4642 ﬂagella
490 4569 840 4642 frondesque
870 4569 1186 4638 luxuriant,
1221 4576 1277 4625 et
1299 4571 1602 4627 humorem
1626 4591 1799 4645 quem

155 4658 547 4714 debuerantin
559 4659 694 4714 vina
709 4663 955 4727 mutare,
978 4676 1128 4714 vana
1144 4660 1436 4715 frondium
1456 4667 1513 4717 et
1535 4661 1802 4720 foliorum

154 4745 469 4801 ambitione
490 4745 842 4817 disperdunt
865 4762 877 4800 :
901 4745 1234 4804 istiusmodi
1259 4747 1395 4803 vitis
1412 4749 1698 4806 damnosa
1716 4756 1805 4808 est

155 4835 444 4904 agricolis.
480 4835 640 4890 Talis
671 4835 781 4889 fuit
813 4835 1010 4903 Israel,
1044 4837 1390 4892 crcscensin
1425 4839 1802 4900 multitudine

156 4922 524 4994 populorum,
568 4928 624 4979 et
655 4940 769 4979 non
804 4924 1054 4980 reddens
1109 4926 1337 4982 fructus
1391 4927 1651 4999 agricolae
1685 4931 1801 4988 Deo

228 5083 300 5153 (a)
316 5083 585 5161 Martiali.
608 5088 740 5161 post
759 5085 1089 5154 Erasmum,
1103 5089 1485 5161 amantissimi
1493 5091 1622 5161 ﬁlii,
1643 5091 1700 5146 in
1717 5110 1800 5148 re-

156 5155 835 5234 cto,‘contrad‘icentibus
895 5173 1037 5234 m_s_s.
1102 5158 1205 5234 Pro
1243 5155 1590 5234 succeditur,
1609 5155 1798 5234 paulo

156 5229 303 5294 post,
336 5243 479 5302 mss.
515 5225 818 5302 Florentiae
849 5229 1019 5302 codd.
1053 5230 1208 5300 apud
1243 5229 1481 5302 Victor.,
1515 5225 1798 5291 succiden-

154 5297 781 5374 tugqpodicommode
812 5300 1028 5355 referas
1060 5297 1128 5356 all
1156 5317 1275 5371 eos,
1301 5302 1400 5374 qui
1431 5297 1794 5374 protulerint.

227 5365 428 5444 (btPro
442 5365 648 5444 ἔξοινον
690 5387 817 5443 quae
838 5388 944 5427 vox
969 5373 1201 5444 proprie
1239 5365 1618 5444 temulentum,
1643 5381 1795 5435 vino-

154 5451 254 5504 que
277 5439 561 5520 madidum
590 5439 778 5520 sonat,
839 5439 1021 5498 nostri
1082 5439 1226 5520 mss.
1287 5439 1794 5520 Eiitn).0fa_legunt,

154 5509 301 5576 quod
332 5516 570 5586 omnino
601 5514 791 5569 verius
812 5520 984 5586 puto,
1018 5531 1084 5570 ac
1112 5515 1308 5582 velim,
1328 5509 1519 5573 'veteri
1550 5509 1796 5582 lectione

154 5584 1234 5665 expunota,substitui.Signifi’catenim
1247 5599 1667 5664 evanescentem,
1681 5595 1796 5655 elu-

1915 3254 2122 3341 eorum.
2140 3242 2352 3341 “LXX:
2411 3247 2719 3307 Diviserunt
2747 3257 2913 3312 corda
2947 3277 3047 3316 sua
3067 3281 3088 3318 :
3119 3242 3280 3322 irunc
3301 3273 3563 3341 peribunt

1915 3331 2030 3420 ipse
2057 3329 2312 3404 suffodiet
2340 3339 2549 3394 altaria
2568 3355 2755 3397 eorum
2773 3363 2793 3400 :
2823 3329 3322 3420 a/ﬂigentur,tituli
3348 3329 3557 3420 eorum;

1916 3419 2180 3518 Tradunt
2198 3423 2415 3518 l-lebrtri
2436 3427 2834 3498 hujuscemodi
2859 3419 3136 3512 fabulam,
3163 3447 3557 3518 suspicionem

1915 3510 2524 3600 suamScripturarum
2544 3521 2883 3579 auctoritate
2899 3541 3003 3582 con
3014 3510 3557 3600 firmanteszouam-

1914 3595 2012 3650 diu
2038 3601 2094 3651 et
2113 3614 2278 3669 reges
2299 3607 2352 3657 et
2375 3605 2572 3675 populi
2599 3608 2813 3678 pariter
2853 3614 3064 3673 vitulos
3111 3636 3318 3678 aureos
3349 3595 3558 3683 adora-

1916 3683 2073 3779 bant,
2099 3691 2156 3779 et
2172 3686 2465 3779 habebant
2486 3694 2542 3748 in
2565 3694 2864 3767 impietate
2876 3718 3247 3779 consensum,
3268 3729 3382 3767 non
3401 3715 3560 3771 venit

1915 3773 2240 3872 captivitas.
2262 3778 2568 3872 Extremus
2586 3800 2681 3838 rex
2693 3787 2891 3844 decem
2905 3793 3164 3851 tribuum
3180 3773 3464 3872 fu'itOsee,
3483 3804 3555 3860 de

1915 3877 2029 3961 quo
2048 3863 2546 3961 scriptumestav
2565 3873 2687 3944 Reg.
2710 3876 2874 3948 xvn),
2906 3883 3057 3953 quod
3096 3883 3293 3943 fecerit
3314 3863 3553 3961 quidem

1915 3950 2132 4006 malum
2165 3953 2307 4010 Osee
2339 3957 2396 4012 in
2428 3967 2742 4032 conspectu
2785 3950 3042 4039 Domini,
3091 3975 3190 4030 sed
3244 3950 3359 4035 non
3399 3980 3557 4039 sicut

1914 4056 2077 4134 reges
2102 4043 2301 4113 Israel,
2324 4046 2424 4117 qui
2450 4049 2684 4108 fuerunt
2705 4061 2839 4112 ante
2859 4075 3014 4128 eum,
3039 4065 3211 4134 cujus
3229 4084 3380 4125 nono
3397 4087 3552 4128 anno

1913 4128 2304 4233 Salmanasar,
2339 4139 2850 4233 rexAAssyriorum,
2875 4150 3028 4220 cepit
3046 4128 3330 4226 populum
3353 4159 3552 4233 Israel,

1911 4222 1968 4273 et
1988 4220 2186 4318 eduhxit
2214 4239 2313 4318 eos
2341 4225 2400 4280 in
2424 4228 2781 4318 ‘Assyrios,et
2809 4220 3072 4296 habitare
3103 4220 3236 4301 fecit
3245 4247 3417 4318 juxta
3446 4220 3554 4307 ηυξ

1911 4324 2044 4363 men
2076 4310 2266 4367 Gozan
2299 4311 2357 4368 in
2385 4315 2714 4376 civitatibus
2749 4321 3071 4385 Medorum.
3109 4310 3396 4398 Quaeritur
3417 4354 3554 4412 ergo

1910 4414 2090 4492 quare
2111 4400 2221 4456 sub
2243 4404 2516 4492 pessimis
2538 4409 2852 4484 regibus(d)
2876 4418 3027 4488 capti
3043 4437 3155 4475 non
3180 4422 3413 4492 fuerint,
3451 4400 3552 4483 scd

1911 4488 2020 4542 sub
2051 4505 2116 4543 eo
2158 4491 2274 4580 qui
2327 4501 2578 4564 cmperat
2632 4514 2700 4554 ex
2757 4507 2916 4572 parte
2972 4505 3169 4580 aliqua
3210 4511 3282 4566 ad
3315 4488 3555 4572 meliora

1915 4579 2209 4633 converti?
2233 4581 2314 4674 Ad
2340 4583 2636 4674 quodhaac
2668 4587 2964 4648 inferunt:
3004 4579 3318 4655 excusabat
3337 4617 3399 4656 se
3428 4602 3553 4674 pri-

1915 4679 2077 4720 mum
2102 4668 2373 4741 populus,
2399 4677 2455 4726 et
2475 4673 2724 4741 dicebat,
2753 4677 2973 4751 Regum
3000 4700 3271 4752 paremus
3294 4668 3553 4760 imperiis

1915 4770 2017 4808 nec
2049 4771 2366 4826 possumus
2398 4777 2597 4817 eorum
2632 4765 2902 4823 resistere
2931 4774 3222 4842 tyrannidi
3258 4791 3270 4832 :
3304 4777 3553 4837 colimus

1911 4842 2122 4898 vitulos
2155 4861 2302 4916 quos
2325 4848 2566 4904 adorare
2588 4853 3010 4925 compellimur.
3037 4861 3102 4915 In
3127 4862 3336 4922 diebus
3356 4871 3552 4924 autem

1911 4931 2053 4986 Osee
2086 4933 2157 4987 ab
2185 4934 2387 4990 eodem
2419 4954 2550 5010 rege
2572 4948 2924 5015 praeceptum
2947 4954 3054 5014 est,
3083 4965 3153 5005 ne
3178 4935 3336 5009 tanto
3358 4956 3552 5014 studio

1910 5097 2046 5176 tum,
2081 5095 2565 5188 sivelperdeptgm
2599 5100 2849 5188 alicujus
2879 5107 2960 5188 rei
2988 5125 3282 5188 saporem.
3317 5117 3553 5188 Hocque

1909 5169 2102 5244 ipsum
2135 5173 2243 5233 est,
2280 5169 2433 5238 quod
2467 5169 2697 5227 Hieron.
2730 5169 2915 5242 notat,
2969 5169 3183 5237 dictam
3235 5185 3308 5240 ab
3338 5169 3551 5244 Addita

1908 5239 2133 5294 vineam
2168 5255 2472 5321 aquosam,
2505 5258 2633 5313 quae
2690 5239 3058 5320 exolesceret,
3121 5239 3249 5310 seu,
3281 5239 3550 5328 perderet

1907 5327 1971 5365 sa
2016 5327 2174 5365 orem
2205 5327 2343 5365 v1m.

1977 5327 2266 5441 FcWitiose
2287 5381 2343 5441 le

1998 5381 3175 5465 c)Vitiose‘legeb‘aturantea_t}/\opévouaav,
3194 5399 3347 5465 quod
3365 5400 3550 5459 nostri

1908 5469 2052 5549 mss;
2074 5454 2636 5549 emendantThema
2650 5462 2737 5511 est
2760 5454 3228 5544 Manavémguod
3245 5454 3551 5549 silvescere;

1905 5526 2326 5615 aultjtu'xuriare
2345 5528 2628 5608 arborum
2659 5526 2892 5615 proprie
2919 5526 3107 5615 sonat:

1973 5595 2051 5674 (ά)
2080 5598 2142 5655 In
2175 5596 2393 5658 nostris
2421 5612 2589 5676 ωδε..
2620 5595 2827 5680 captiui
2858 5621 2971 5669 uon
2997 5609 3227 5690 fuerint.
