3994 6188
439 244 564 307 903

1692 247 1758 307 S.
1803 242 2112 306 EUS'EBII
2157 241 2600 306 HIERONYMI

430 376 610 434 vituli
641 376 991 441 colerentur,
1023 377 1125 432 sed
1155 376 1262 448 qui
1288 375 1463 432 vellet
1491 376 1600 432 iret
1630 376 1691 431 in
1736 376 2084 447 Jerusalem,
2116 380 2170 446 Α
2201 393 2314 432 non
2339 375 2490 432 vites
2510 392 2636 447 quae
2659 375 2885 430 fructus
2905 373 3058 430 108
3075 381 3213 430 suos
3233 373 3289 429 in
3305 378 3489 430 musta
3507 374 3756 448 (insudant,

437 471 496 522 et
526 467 584 521 in
618 465 860 537 'Demplo
891 465 1249 521 sacrificaret
1277 470 1390 522 Deo
1417 483 1430 535 ;
1467 465 1623 537 huic,
1651 465 1836 537 aiunt,
1861 471 2092 522 senten-

436 555 526 609 tiae
551 554 803 626 populus
826 555 1200 610 contradixit.
1220 556 1290 610 Et
1304 555 1412 610 hoc
1431 559 1539 621 est,
1561 556 1717 627 quod
1743 572 1897 610 nunc
1915 556 2087 610 dicit:

436 642 674 697 divisum
707 647 785 697 est
814 658 908 698 cor
937 659 1145 710 eorum,
1173 644 1281 699 hoc
1303 649 1413 711 est,
1439 645 1591 717 regis
1613 648 1669 700 et
1691 644 1910 716 populi,
1935 645 2081 699 107

432 734 488 785 et
508 730 673 786 nulla
699 733 1073 788 excusatione
1099 739 1459 800 remanente,
1486 750 1642 788 nunc
1663 733 2008 799 interibunt,
2033 737 2090 787 et

432 820 741 875 tradentur
764 825 990 876 aeternae
1007 822 1328 894 captivitati
1347 841 1359 889 ;
1375 823 1570 878 statim
1588 821 1741 878 enim
1760 825 1824 877 ut
1837 821 2088 894 populus

424 906 712 965 dissensit
741 926 774 964 a
796 925 952 982 rege,
974 911 1132 966 venit
1153 910 1444 966 interitus.
1470 911 1749 983 Quodque
1784 910 2082 982 sequitur:

425 998 542 1067 ipse
553 1000 865 1069 confringet
889 999 1200 1055 simulacra
1215 1015 1276 1055 eo
1284 1017 1427 1068 rum,
1442 1001 1474 1054 d
1483 1016 1511 1054 e
1523 999 1637 1055 Deo
1657 999 1800 1054 dicit
1819 1017 1830 1054 :
1855 1015 2086 1072 arasque

426 1083 874 1158 depopulabitur,
895 1105 1009 1144 non
1033 1089 1172 1160 quia
1193 1088 1346 1144 Deus
1373 1089 1497 1160 ipse
1513 1088 1748 1160 propria
1792 1088 1900 1144 hoc
1937 1090 2083 1144 fece-

427 1161 506 1229 rit
527 1191 728 1244 manu,
756 1178 856 1233 sed
883 1178 1038 1250 quod
1061 1195 1160 1249 per
1184 1178 1383 1234 hostes
1404 1178 1673 1233 voluntas
1707 1178 1834 1247 ejus
1856 1178 2084 1250 expleta

425 1265 524 1319 sit.
550 1257 964 1322 Hiereticcrum
986 1267 1138 1322 inter
1157 1283 1219 1322 se
1241 1269 1418 1323 corda
1438 1267 1646 1337 divisa,
1687 1272 1743 1322 et
1771 1268 2084 1324 contrariis

425 1366 752 1424 repugnare
783 1354 1108 1422 sententiis,
1141 1355 1319 1411 etiam
1350 1356 1462 1427 ipsi
1495 1370 1614 1410 non
1667 1361 1902 1428 negant,
1938 1357 2079 1411 dum

423 1437 655 1494 diversa
684 1441 965 1498 sentiunt.
993 1442 1155 1498 Unde
1175 1443 1617 1516 disperdentur,
1641 1449 1700 1500 et
1730 1446 2078 1517 confringet,

419 1525 538 1582 sive
558 1528 830 1584 suffodiat
851 1531 1132 1588 Dominus
1155 1531 1490 1604 simulacra,
1513 1533 1600 1590 vel
1624 1533 1833 1588 altaria
1852 1549 2076 1603 eorum,

419 1629 545 1683 qua:
571 1615 640 1672 de
661 1633 768 1672 suo
791 1619 962 1674 corde
987 1620 1299 1689 finxerunt,
1322 1627 1380 1677 et
1427 1622 1681 1678 vastabit
1704 1623 1911 1679 titulos
1944 1622 2077 1694 qui-

421 1701 532 1758 bus
563 1703 779 1778 singuli
811 1707 936 1763 suis
967 1708 1338 1780 appellantur
1369 1710 1727 1778 nominibus,
1755 1716 1812 1766 et
1842 1727 2076 1767 vocave-

426 1796 564 1846 runt
593 1794 832 1849 nomina
863 1812 971 1852 sua
999 1814 1177 1868 super
1207 1802 1394 1855 terras
1425 1816 1584 1870 suas,
1618 1804 1681 1854 ut
1705 1815 2074 1872 nequaquam

423 1873 636 1936 Christi
667 1883 956 1954 Ecclesiae,
988 1887 1086 1941 sed
1119 1885 1280 1943 illius
1308 1887 1395 1943 vel
1427 1887 1587 1944 illius
1625 1904 1753 1944 esse
1782 1889 2072 1946 dicantur.

492 1961 678 2042 (Vers.
712 1973 746 2026 3
777 1981 830 2027 et
861 1974 1097 2046 4.)Quia
1122 1993 1273 2031 nunc
1299 1976 1501 2042 dicent,
1529 1993 1632 2033 non
1658 1987 1736 2033 cst
1755 1995 1857 2034 rce:
1876 1979 2033 2034 nobis
2057 1997 2070 2035 :

415 2073 524 2114 non
546 2061 692 2114 enim
713 2063 969 2118 timemus
985 2064 1303 2130 Dominum,
1337 2075 1388 2121 et
1419 2082 1521 2121 rex
1537 2066 1669 2138 quid
1687 2069 1854 2138 faciet
1876 2070 2032 2123 nobis
2051 2072 2076 2121 .9

414 2148 736 2219 Loquimini
763 2151 931 2206 verba
960 2155 1188 2209 visionis
1218 2156 1456 2222 inutilis,
1489 2160 1545 2211 et
1571 2158 1784 2226 feriatis
1806 2157 2001 2228 fwdus,
2025 2166 2075 2213 et

417 2239 758 2305 geminabit
803 2243 962 2312 quasi
1014 2243 1329 2299 amaritudo
1377 2244 1660 2315 judicium
1706 2259 1871 2317 super
1897 2247 2074 2302 sulcos

415 2328 559 2396 agri.
597 2327 732 2382 LXX
758 2345 771 2383 :
803 2329 1096 2399 Pr0pterea
1125 2348 1276 2387 nunc
1305 2333 1510 2403 dicent,
1535 2350 1644 2389 non
1669 2343 1746 2389 est
1773 2351 1876 2390 res
1896 2336 2069 2403 nobis,

419 2415 550 2487 quia
578 2432 685 2471 non
718 2418 1007 2473 timuimus
1037 2419 1350 2486 Dominum,
1382 2439 1484 2477 rex
1531 2427 1722 2478 autem
1753 2424 1884 2494 quid
1907 2426 2073 2495 faciet

419 2503 579 2559 nobis
598 2503 626 2558 ?
642 2507 888 2576 Loquens
908 2509 1091 2574 verba,
1127 2511 1436 2566 occasiones
1476 2511 1770 2568 mendaces
1787 2531 1804 2566 :
1821 2512 2073 2581 disponet

419 2595 824 2663 testamentum,
857 2598 1064 2652 orietur
1088 2598 1228 2653 sicut
1243 2615 1481 2666 gramen
1497 2599 1775 2671 judicium
1794 2617 1956 2673 super
1974 2603 2068 2658 de-

415 2686 626 2738 sertum
656 2685 802 2752 agri.
836 2683 1154 2757 Postquam
1191 2688 1540 2760 confregerit
1569 2689 1724 2744 Deus
1755 2689 2072 2745 simulacra

417 2770 615 2842 Israel,
635 2777 691 2826 et
712 2773 1100 2846 depopulatus
1122 2775 1296 2832 fuerit
1312 2788 1464 2845 aras,
1486 2777 1574 2833 vel
1596 2784 1822 2834 statuas
1844 2794 2067 2851 eorum,

2200 481 2316 521 non
2348 481 2525 537 poma
2567 465 2804 520 arbores
2858 463 3288 536 germinabunt,
3343 478 3460 534 qua
3509 463 3758 520 humorem

2200 558 2362 609 terra
2385 555 2442 608 in
2467 553 2654 609 varios
2692 558 2926 608 mutant
2967 568 3243 624 sapores;
3275 553 3371 608 sed
3422 551 3616 607 orietur
3633 553 3760 607 vobis

2198 643 2550 709 amaritudo,
2574 642 2754 697 immo
2780 639 3496 713 amaritud‘inisjndicium,
3517 641 3622 695 sive
3637 639 3761 713 ἃγρσ-

2197 750 2332 802 στις,
2367 747 2544 802 quam
2578 731 2780 785 Latine
2812 731 2869 784 in
2927 747 3164 803 gramen
3217 729 3506 785 vertimus.
3535 729 3618 784 Est
3641 729 3761 784 enim

2195 836 2380 892 genus
2411 820 2600 876 herbae
2631 819 2856 875 calamo
2891 820 3101 889 simile,
3137 835 3260 891 quis
3290 834 3389 891 per
3411 816 3621 890 singula
3644 817 3762 889 geni-

2195 907 2327 963 cula
2358 909 2625 964 fruticem
2653 925 2896 964 sursum
2927 914 2984 964 et
3011 909 3261 964 radicem
3310 905 3479 961 mittit
3521 906 3760 972 decisum,

2195 1015 2517 1070 rursusque
2547 997 2658 1070 ipsi
2709 999 2948 1054 frutices
2980 1003 3037 1053 et
3089 996 3337 1070 virgulta
3365 997 3586 1052 alterius
3609 996 3760 1050 herba

2195 1087 2511 1143 seminaria
2541 1091 2698 1157 sunt,
2752 1092 2927 1158 atque
2953 1085 3037 1142 ita
3068 1085 3124 1140 in
3156 1086 3309 1141 brevi
3353 1089 3594 1157 tempore
3619 1084 3762 1140 sinon

2192 1176 2329 1231 imis
2349 1177 2646 1232 radicibus
2669 1177 2996 1247 effodiatur,
3015 1180 3174 1232 totos
3190 1183 3361 1247 agros
3379 1174 3620 1246 veprium
3641 1172 3763 1229 simi-

2192 1265 2277 1321 }es
2308 1266 2463 1321 facit.
2497 1266 2758 1338 Denique
2787 1265 2961 1322 etiam
2994 1265 3044 1320 si
3072 1264 3228 1321 sicca
3265 1267 3393 1335 ejus
3444 1263 3621 1335 aliqua
3643 1275 3761 1333 pars,

2190 1353 2511 1409 dummodo
2533 1354 2879 1427 :geniculum
2911 1353 3144 1418 habent,
3177 1365 3352 1424 super
3371 1350 3569 1407 cultam
3587 1355 3762 1405 terram

2189 1442 2480 1509 ceciderit,
2513 1443 2713 1498 omnia
2731 1442 2917 1514 replet
2931 1443 3216 1514 gramine.
3239 1446 3369 1496 Baio
3393 1440 3624 1495 diximus
3635 1439 3766 1510 juxta

2189 1531 2332 1586 LXX
2361 1531 2726 1602 interpretes,
2760 1536 3034 1586 caeterum
3065 1532 3124 1586 in
3188 1528 3460 1586 Hebraico
3485 1544 3586 1584 nos
3628 1525 3766 1599 (um)

2189 1620 2472 1691 scriptum
2488 1620 2687 1684 habet,
2711 1621 2866 1692 quod
2889 1618 2949 1674 in
2973 1617 3418 1675 amaritudinem
3435 1617 3667 1679 vertitur,
3684 1616 3767 1670 hoc

2185 1713 2294 1776 est,
2330 1708 2743 1764 amaritudinis
2766 1709 3081 1780 judicium,
3115 1709 3185 1764 de
3215 1723 3334 1781 quo
3360 1713 3418 1763 et
3432 1705 3688 1762 Dominus
3704 1703 3769 1758 lo-

2186 1798 2387 1869 quitur
2417 1800 2474 1852 in
2534 1798 2842 1871 Evangelio
2867 1817 2880 1854 :
2933 1803 3002 1854 1η
3036 1799 3327 1868 judicium
3353 1811 3444 1868 ego
3471 1799 3527 1850 in
3548 1793 3767 1849 mandunt

2185 1888 2354 1941 istum
2383 1889 2509 1942 veni
2539 1889 2716 1958 (Joan.
2753 1899 2828 1954 ιχ,
2863 1887 2953 1958 39)
2979 1905 2992 1941 :
3026 1891 3084 1942 et
3112 1887 3183 1943 de
3215 1886 3349 1942 aliis
3403 1883 3657 1956 scriptum
3682 1885 3766 1949 est,

2183 1977 2338 2046 quod
2369 1978 2640 2048 recipiant
2669 1977 2910 2046 amplius
2932 1975 3215 2047 judicium
3245 1973 3426 2045 (Marc.
3478 1976 3587 2040 ni).
3613 1970 3764 2026 Disci-

2183 2064 2305 2136 puli
2338 2081 2572 2136 quoque
2601 2064 3030 2120 contrariorum
3059 2065 3426 2136 dogmatum,
3451 2075 3579 2118 cum
3605 2072 3768 2116 eorum

2182 2154 2400 2209 fuerint
2429 2155 2678 2209 contrita
2701 2154 3024 2224 mendacia,
3047 2157 3104 2209 et
3137 2169 3252 2208 arae
3280 2153 3505 2223 lucique
3529 2149 3764 2211 'subversi,

2183 2258 2311 2297 sero
2332 2242 2556 2298 dicent:
2595 2241 2719 2297 Non
2770 2241 3055 2297 habemus
3105 2255 3276 2314 reges
3324 2241 3421 2313 qui
3473 2237 3615 2294 nobis
3633 2236 3767 2308 prius

2181 2329 2626 2402 imperaverunt,
2660 2332 2877 2402 quibus
2907 2329 3356 2402 decipientibus,
3382 2329 3658 2384 Dominum
3676 2339 3766 2378 non

2180 2418 2521 2486 timuimus;
2547 2419 2686 2491 quid
2711 2420 2870 2474 enim
2889 2419 3059 2476 nobis
3081 2419 3305 2492 profuit
3323 2418 3452 2474 illos
3467 2414 3637 2488 ’seq'ui,
3655 2427 3768 2486 quo-

2180 2523 2311 2563 rum
2345 2508 2404 2562 in
2459 2507 2803 2564 necessitate
2861 2524 2976 2563 non
3025 2509 3322 2564 sentimus
3351 2503 3648 2562 auxilium?
3673 2503 3770 2557 lico

2183 2595 2502 2669 loquentur
2522 2602 2850 2669 quaerente
2875 2597 3134 2670 aliquam
3157 2593 3662 2660 excusationem,ut
3686 2587 3773 2645 non

2185 2703 2286 2758 per
2308 2700 2392 2751 se,
2418 2687 2518 2742 sed
2543 2703 2644 2758 per
2663 2687 2926 2742 doctores
2947 2687 3245 2760 pessimos
3266 2697 3484 2742 errasse
3499 2684 3771 2738 videantur.

2183 2773 2348 2830 Unde
2407 2779 2465 2830 et
2497 2774 2631 2829 LXX
2688 2775 2864 2830 verba
2919 2790 3147 2839 eorum,
3179 2774 3574 2830 excusationes
3635 2766 3775 2823 falsas

415 2865 474 2915 et
503 2865 764 2916 extrema
795 2863 1102 2934 captivitas
1133 2864 1374 2932 venerit,
1423 2866 1654 2921 dicent:
1710 2872 1830 2923 Non
1858 2872 1939 2922 est
1968 2883 2072 2923 rex
2177 2863 2627 2927 transtulerunt.
2670 2881 2816 2935 quas
2865 2863 3148 2936 propheta
3198 2866 3438 2929 devitat,
3485 2862 3694 2917 dicens:
3721 2855 3777 2909 Νι

415 2947 588 3004 nobis.
623 2949 694 3004 Et
729 2967 798 3006 ne
829 2950 886 3005 in
917 2950 1159 3024 longum
1193 2957 1425 3024 tempus
1479 2959 1685 3028 putent
1715 2957 2067 3012 sententiam
2176 2951 2413 3006 declines
2441 2967 2538 3007 εον
2564 2968 2747 3008 meum
2775 2954 2835 3008 in
2871 2953 3033 3009 verba
3064 2955 3322 3020 malitia.
3369 2953 3445 3009 ad
3483 2945 3771 3007 emam

417 3036 714 3110 protelari,
748 3039 947 3096 addit:
991 3042 1148 3096 Nunc
1203 3043 1406 3114 dicent,
1467 3045 1702 3116 quando
1753 3045 2068 3100 vastabun-

2180 3043 2556 3096 excusationes
2586 3043 2646 3096 in
2681 3043 2917 3114 peccatis
2947 3043 3056 3114 (Ps.
3090 3057 3220 3108 ext,
3273 3043 3345 3114 4).
3377 3041 3629 3098 Libenter
3651 3033 3774 3089 vitiis

415 3130 533 3195 tur,
558 3129 792 3198 quando
813 3128 1067 3185 sentient
1088 3137 1232 3188 Usee
1257 3145 1452 3204 regem
1486 3114 1776 3188 “ultimum
1802 3150 1836 3188 a
1857 3149 1918 3189 se
1939 3149 2070 3190 esse
2101 3114 2142 3180 C
2183 3129 2397 3185 nostris
2419 3129 2858 3202 applaudimus,
2889 3135 2946 3186 et
2973 3133 3234 3202 superati
3275 3128 3668 3203 voluptatibus,
3693 3121 3772 3177 cb-

417 3213 717 3271 sublatum
765 3217 894 3273 ideo
939 3234 1038 3273 rex
1086 3218 1319 3276 ablatus
1358 3237 1394 3276 a
1451 3220 1618 3276 nobis
1640 3225 1748 3292 est,
1782 3222 1921 3294 quia
1951 3238 2068 3278 non

418 3301 730 3361 timuimus
765 3306 1074 3362 Dominum
1095 3325 1299 3363 verum
1328 3320 1520 3381 regem
1550 3326 1562 3363 :
1593 3309 1768 3366 homo
1791 3311 1948 3366 enim
1973 3327 2070 3366 rex

419 3392 692 3460 prodesse
719 3394 819 3466 qui
861 3395 1135 3466 poterat?
1182 3396 1367 3453 Dicite
1419 3398 1560 3470 quid
1611 3399 1812 3466 vultis,
1845 3416 2071 3456 errores

419 3484 642 3538 veteres
673 3483 990 3554 suspirate,
1022 3483 1378 3556 pollicemini
1404 3487 1570 3543 vobis
1615 3504 1911 3560 prospera,
1945 3506 2073 3560 quas

420 3574 720 3627 vertentur
745 3571 804 3627 in
831 3574 1144 3644 contraria,
1181 3575 1370 3631 foedus
1403 3575 1644 3642 feriatis,
1701 3593 2072 3649 nequaquam

421 3675 553 3716 cum
576 3665 709 3733 Deo,
735 3661 835 3717 sed
871 3679 1005 3718 cum
1033 3664 1356 3720 mendacio.
1398 3665 1466 3720 Et
1517 3669 1648 3737 post
1692 3665 1886 3737 fwdus,
1921 3667 2072 3736 quod

421 3749 806 3823 Septuaginta
836 3751 1196 3825 interpretati
1231 3758 1392 3820 sunt,
1425 3758 1825 3820 testamentum,
1857 3755 2073 3827 germi-

421 3837 586 3894 nabit
607 3837 792 3906 vobis,
818 3856 932 3896 non
951 3857 1122 3913 seges
1142 3843 1388 3898 fecunda
1405 3843 1704 3912 frumenti,
1723 3860 1840 3898 non
1866 3842 2075 3898 saltem

419 3926 1050 3998 jumentorumcibus,
1081 3929 1389 4002 hordeum,
1422 3948 1536 3987 non
1570 3930 1866 4003 legumina
1894 3931 2074 4000 varia,

2180 3219 2479 3274 tendimus
2510 3219 2703 3274 carnis
2733 3219 3160 3287 inﬁrmitatem,
3214 3225 3319 3276 aut
3365 3221 3508 3274 dura
3535 3209 3775 3285 maiorum

2183 3306 2463 3378 imperia:
2499 3309 2653 3364 unde
2675 3309 2848 3364 verba
2873 3313 2930 3364 et
2945 3309 3206 3365 visiones
3233 3308 3615 3364 hmreticorum
3635 3298 3774 3357 inuti-

2183 3393 2266 3450 les
2291 3401 2487 3451 erunt.
2521 3397 2592 3452 Et
2624 3397 2828 3452 ferient
2859 3397 3064 3465 foedus,
3114 3397 3490 3471 nequaquam
3518 3410 3637 3451 cum
3665 3392 3776 3453 Deo.

2183 3485 2283 3539 sed
2310 3501 2442 3540 cum
2471 3486 2883 3557 amaritudine,
2907 3502 3033 3558 quae
3059 3503 3198 3542 cum
3221 3483 3556 3558 diesjudicii
3577 3482 3773 3538 advene-

2186 3573 2280 3642 rit,
2307 3575 2664 3646 germinabit.
2705 3591 2883 3647 super
2941 3575 3134 3631 sulcos
3199 3577 3326 3650 agri
3384 3587 3592 3636 eorum,
3621 3564 3774 3636 υιαιιί

2187 3663 2620 3720 seminaverunt
2645 3665 2707 3719 in
2737 3664 2971 3736 gaudio,
3006 3670 3236 3720 metant
3274 3667 3334 3721 in
3388 3662 3662 3736 lacrymisi
3689 3651 3774 3724 qui

2187 3753 2459 3824 riserunt,
2492 3752 2706 3809 ﬂean't:
2735 3754 2833 3825 qui
2869 3753 3209 3810 habuerunt
3231 3753 3674 3813 consolationem,
3698 3742 3773 3797 lu-

2185 3846 2382 3914 geant.

1590 4218 2007 4314 LIBER
2077 4217 2682 4317 TERTIUS.

1929 4403 2330 4418 —-‘————

500 4511 729 4568 που-ι
743 4513 844 4570 ΙῸ
865 4514 989 4571 Non
1009 4516 1236 4590 ignoro,
1258 4518 1614 4587 Pammachi,
1640 4519 1969 4577 difficilium
1983 4538 2077 4578 me
2111 4525 2154 4588 D
2186 4539 2348 4577 mum
2367 4522 2504 4590 Dec,
2524 4520 2735 4577 deinde
2761 4520 2886 4588 tibi,
2911 4519 3010 4591 qui
3039 4520 3133 4576 Dei
3155 4537 3241 4586 es,
3285 4521 3364 4592 (ὑ)
3403 4518 3699 4576 solvimus:
3728 4507 3793 4563 il-

427 4601 734 4658 duodecim
751 4603 1173 4677 Prophetarum
1189 4623 1336 4680 opus
1349 4609 2075 4682 [Al.opusculum]cudere,

400 4693 660 4763 -certe(a)
676 4692 1122 4766 interpretatum
1141 4697 1449 4766 Latinis,et
1462 4701 1617 4770 quod
1635 4701 1823 4772 magis
1849 4701 2077 4756 temeri-

423 4781 600 4835 tatem
619 4784 879 4837 no‘stram
899 4784 1081 4854 possit
1094 4801 1542 4858 arguere,quam
1558 4788 1859 4843 scientiam
1878 4790 2078 4861 prode-

429 4867 627 4924 re.Sed
647 4869 780 4941 quia
795 4870 900 4927 tibi
918 4871 1194 4942 hortanti,
1213 4875 1395 4930 immo
1409 4877 1747 4948 imperanti,
1769 4893 1979 4949 negare
1992 4879 2078 4932 ni-

428 4955 510 5012 hil
527 4965 927 5030 possumus,et
941 4975 1045 5033 pro
1057 4962 1419 5018 efferentium
1434 4964 1656 5020 viribus
1671 4966 1726 5019 in
1743 4965 2082 5039 gazOphyla-

431 5045 588 5101 cium
622 5047 746 5116 Dei,
771 5047 1094 5105 multorum
1117 5050 1352 5107 divitias
1373 5053 1488 5109 duo
1520 5053 1785 5109 mulieris
1807 5055 2082 5127 pauperis

430 5149 544 5190 sera
565 5140 922 5208 superarunt
945 5138 1093 5212 (Luc.
1119 5141 1272 5210 xxx):
1301 5141 1588 5212 quidquid
1614 5159 1951 5214 possumus,
1972 5144 2086 5216 pri-

465 5276 571 5358 _(a)
591 5274 792 5333 Malim
819 5278 1519 5358 utiqueininterpretatum
1538 5301 1653 5340 uno
1683 5286 1855 5341 verbo
1877 5285 2085 5358 rescri-

496 5345 507 5405 ζ
533 5345 904 5428 Quamquam
921 5345 1398 5428 Yictorius,'cerle
1411 5356 1850 5428 interpretatum,
1869 5357 2080 5428 inquit,

607 5425 713 5502 est,
738 5417 890 5502 quod
911 5423 1104 5502 Graace
1123 5417 1355 5502 dicitur,
1376 5417 1613 5502 ἀκριϐῶς
1633 5417 1985 5502 ἡλρμηνέυμὲλι
1998 5417 2082 5492 0v;

417 5488 1313 5569 diligenter-interpretatum._At
1341 5488 1476 5569 vero
1522 5488 1854 5557 luculenter
1884 5488 2082 5557 Hiero;

439 5569 481 5624 η
495 5578 666 5647 ymus
682 5565 1000 5644 superioris
1017 5567 1498 5647 praefationslibri
1507 5571 1581 5630 ad
1603 5570 2046 5634 Pammachium
2070 5588 2084 5632 :

2190 4611 2422 4682 liusque
2443 4627 2674 4681 semper
2691 4609 2962 4664 versiculi
2986 4610 3402 4665 recordamur:
3435 4607 3603 4664 Pollio
3632 4605 3677 4659 et
3703 4601 3790 4670 ipse

2187 4701 2323 4770 facit
2353 4715 2495 4754 nova
2523 4699 2797 4754 carmina.
2831 4696 3096 4768 Cumque
3121 4702 3390 4768 apertum
3419 4696 3686 4752 fautorem
3715 4697 3794 4780 ριςο

2179 4789 2315 4859 jure
2337 4788 2604 4844 amicitiae
2627 4803 2756 4842 esse
2787 4791 2842 4842 te
2865 4787 3172 4858 gaudeam,
3199 4785 3444 4841 tacitum
3497 4777 3794 4839 eruditionis

2190 4881 2300 4932 tum
2325 4876 2620 4947 judicium
2655 4877 3022 4948 pertimesco:
3058 4875 3372 4947 magisque
3404 4881 3460 4930 te
3483 4871 3792 4928 laudantem.

2192 4981 2370 5036 quam
2405 4965 2769 5020 adversarios
2828 4963 3200 5019 detrahentes
3263 4957 3480 5018 metuo.
3541 4949 3793 5016 lllisenim

2192 5052 2486 5108 aemulatio
2517 5051 2771 5108 detrahit
2799 5051 2998 5120 ﬁdem,
3028 5055 3086 5106 et
3115 5067 3232 5106 non
3264 5055 3386 5107 tam
3412 5050 3636 5123 judices
3655 5051 3795 5115 Quam

2195 5147 2563 5198 accusatores
2589 5139 2831 5197 vocandi
2863 5144 3020 5196 sunt.
3053 5141 3140 5195 Tu
3169 5144 3371 5196 autem
3403 5139 3500 5212 qui
3527 5137 3626 5208 (ΑΙ.
3652 5124 3796 5204 quod)

2197 5284 2333 5340 Sunt
2362 5285 2573 5356 inquit,
2606 5287 2706 5357 qui
2731 5283 2987 5358 audacter
3013 5300 3109 5340 nos
3155 5282 3351 5358 facere
3406 5286 3660 5358 asserunt.

2197 5349 2538 5427 arripuin'ms
2557 5349 2711 5428 opus,
2726 5355 2867 5428 quod
2889 5371 3111 5411 NULLUS
3131 5349 3264 5410 ante
3275 5371 3376 5411 nos
3397 5353 3696 5410 Latinorum
3715 5349 3800 5398 Ιϐη-

2194 5436 2312 5484 tare
2341 5445 2509 5484 ausus
2539 5433 2636 5484 est.
3670 5491 3678 5501 .

2268 5500 2344 5572 (b)
2375 5500 2500 5558 Duo
2527 5516 2695 5570 mss.,
2723 5500 2844 5574 tibi,
2868 5501 2966 5572 qui
2993 5499 3092 5554 Dei
3137 5512 3192 5553 es
3242 5498 3521 5572 pontifex,
3549 5492 3790 5550 solum.
