3986 6190
203 352 324 421 925

982 347 1734 423 COMMENTARIORUM
1776 348 1858 415 ΙΝ
1901 344 2102 415 OSEE
2143 348 2293 412 LIB.
2339 346 2449 411 ΠΙ.
2494 344 2668 412 CAP.
2715 340 2849 411 XII.

3491 344 3613 414 926

198 496 316 551 tur.
349 491 503 549 Dum
526 491 717 549 adhuc
738 496 894 550 esset
914 494 971 549 in
1003 499 1169 550 utero
1191 495 1478 560 Rebeccae,
1500 491 1848 564 supplanta-
1878 487 1934 553 Α
1963 484 2072 540 hoc
2102 484 2321 539 dixisse
2350 482 2622 550 sufficiat,
2655 481 2757 537 sed
2788 478 2891 536 Dei
2921 495 3089 538 serva
3116 481 3414 552 mandata,
3433 484 3522 540 lac
3550 484 3612 540 in

197 582 284 637 vit
314 582 555 638 fratrem
587 599 760 638 suum
793 586 939 640 Esau
973 583 1124 656 (Gen.
1149 585 1301 654 xxv),
1328 600 1440 638 non
1473 583 1677 654 utique
1691 580 1851 637 forti-

199 672 409 727 tudine
439 671 693 744 propria,
714 672 814 744 qui
847 673 1061 728 sentire
1083 690 1197 728 non
1216 678 1471 745 poterat;
1498 672 1597 727 sed
1624 670 1849 726 miseri-

197 760 400 816 cordia
430 760 555 827 Dei,
588 760 688 831 qui
730 763 1027 834 cognoscit
1054 767 1109 817 et
1145 761 1337 833 diligit
1377 778 1495 825 eos,
1529 777 1677 832 quos
1708 777 1851 832 prae-

195 848 548 906 destinaevit.
570 851 723 905 I36
738 850 936 906 Etnon
968 850 1157 906 solum
1185 852 1241 905 in
1271 855 1434 906 utero
1458 850 1855 922 supplantavit

195 939 438 994 fratrem
454 955 628 993 suum
656 957 669 1006 ;
703 939 803 993 sed
822 940 878 993 in
901 940 1239 995 fortitudine
1257 957 1485 1011 quoque
1498 939 1754 995 directus
1766 942 1855 994 est

197 1044 335 1082 cum
367 1026 596 1099 angelo,
620 1028 853 1098 quando
891 1029 959 1082 ad
996 1033 1311 1083 torrentem
1343 1028 1519 1083 Jacob
1542 1028 1851 1083 adversum

196 1115 477 1188 angelum
510 1119 632 1171 tota
678 1122 841 1171 nocte
894 1117 1176 1188 pugnavit
1203 1117 1356 1185 (Gen.
1392 1118 1582 1185 xxx”).
1616 1118 1685 1171 Et
1716 1116 1854 1188 quia

196 1204 459 1260 directus
505 1209 595 1259 est
624 1221 758 1259 cum
810 1204 1038 1277 angelo,
1074 1210 1378 1278 prOpterea
1427 1204 1711 1258 εὐθυτάτου
1742 1207 1849 1277 [Αἰ.

197 1290 537 1363 εὖαύτατον],
573 1294 726 1365 quod
778 1294 1057 1350 Hebraice
1106 1294 1319 1349 dicitur
1360 1312 1488 1350 ISAR
1537 1298 1711 1365 (113"),
1745 1294 1854 1350 hoc

194 1387 309 1449 est,
340 1382 651 1453 dirigentis,
684 1382 801 1438 sive
831 1382 1047 1449 directi,
1108 1379 1318 1439 nomen
1342 1383 1580 1455 accepit.
1614 1386 1677 1439 Et
1696 1386 1852 1439 inva-

198 1472 325 1541 luit,
360 1470 573 1542 inquit,
588 1472 879 1527 adversum
897 1474 1195 1541 angelum;
1218 1477 1274 1527 et
1298 1473 1425 1543 ejus
1454 1472 1856 1528 benedictione

195 1585 373 1639 quem
402 1569 638 1634 vicerat,
674 1570 1037 1625 confortatus
1066 1576 1174 1626 est.
1213 1569 1392 1625 Flevit
1422 1580 1673 1642 quoque,
1697 1575 1753 1626 et
1770 1586 1856 1625 ro-

193 1658 360 1731 gavit
387 1658 613 1724 eum,id
646 1662 753 1724 est,
774 1658 1284 1732 angelum,dicens
1310 1677 1321 1713 :
1347 1662 1461 1715 Non
1484 1663 1538 1714 te
1556 1660 1851 1726 dimittam,

193 1749 317 1802 nisi
349 1747 491 1802 mihi
512 1748 849 1803 benedixeris
881 1748 1062 1817 (lbid.,
1087 1764 1235 1803 vers.
1259 1748 1650 1819 26).Cumque
1672 1748 1856 1820 patris

1963 573 2109 629 alios
2140 572 2628 641 misericordiam,
2654 575 2719 626 ut
2750 575 2807 626 et
2834 570 2959 643 ipse
2992 569 3451 627 misericordiam
3473 589 3611 629 con-

1962 662 2249 735 sequaris.
2270 660 2567 718 .ludicium
2598 676 2798 716 verum
2822 660 3119 731 judica,ut
3146 660 3207 715 in
3238 677 3354 732 quo
3376 661 3613 733 judica-

1960 751 2132 818 veris,
2165 750 2460 822 iudicetur
2487 750 2558 805 de
2587 753 2660 805 te.
2694 750 2764 804 Et
2794 765 2965 821 spera
2991 749 3051 805 in
3085 750 3199 805 Deo
3228 753 3329 806 tuo
3359 754 3609 823 Semper,

1962 841 2081 896 sive
2111 840 2518 912 appropinqua
2537 839 2653 894 Deo
2683 842 2783 893 tuo
2810 838 3130 909 jugiter,ut
3159 840 3319 894 omni
3350 844 3614 912 tempore

1962 928 2021 983 in
2051 929 2263 983 virtute
2295 926 2633 999 proficiens,
2665 925 3101 997 appropinques
3130 926 3245 981 Deo
3277 929 3399 982 tuo.

2036 1053 2220 1122 (Vers.
2253 1055 2306 1120 7,
2341 1053 2419 1122 8.)
2450 1052 2715 1107 Chanaan
2747 1052 2807 1104 in
2838 1067 3006 1104 manu
3038 1051 3153 1118 eius
3180 1056 3378 1105 statera
3407 1051 3612 1119 dolosa,
3718 1046 3727 1062 ’

1963 1142 2301 1196 calumniam
2343 1140 2561 1207 dilexit,
2598 1146 2647 1193 et
2693 1139 2837 1193 dixit
2887 1138 3195 1209 Ephraim:
3240 1142 3617 1195 Verumtamen

1959 1231 2105 1285 dives
2134 1230 2353 1300 eﬁ‘ectus
2372 1246 2514 1294 sum,
2544 1230 2737 1283 inveni
2767 1227 2976 1283 idolum
3006 1227 3167 1298 mihi,
3191 1244 3378 1283 omnes
3403 1229 3615 1284 labores

1961 1322 2073 1374 mei
2117 1335 2227 1373 non
2270 1319 2546 1373 invenient
2594 1317 2738 1371 mihi
2764 1318 3113 1387 iniquitatem
3161 1333 3327 1388 quam
3372 1319 3612 1388 peccavi.

1964 1408 2104 1464 LXX
2137 1425 2148 1462 :
2187 1407 2450 1464 Chanaan
2482 1409 2536 1461 in
2570 1422 2745 1461 manu
2768 1407 2885 1477 ejus
2914 1409 3118 1460 statera
3145 1406 3476 1476 iniquitatis,
3509 1421 3619 1476 op-

1960 1500 2204 1569 primere
2241 1514 2341 1565 per
2382 1497 2691 1562 potentiam
2738 1496 2934 1550 dilexit
2967 1510 2979 1549 ε
3012 1503 3063 1549 et
3113 1494 3259 1549 dixit
3302 1494 3569 1565 Ephraim
3599 1512 3618 1549 :

1969 1589 2341 1643 Verumtamen
2373 1586 2519 1641 dives
2546 1585 2764 1657 effectus
2787 1601 2907 1640 sum
2932 1601 2943 1638 :
2979 1584 3168 1638 inveni
3195 1584 3439 1653 requiem
3455 1582 3617 1653 mihi,

1964 1692 2144 1731 omnes
2179 1675 2389 1729 labores
2414 1676 2529 1744 ejus
2551 1690 2661 1728 non
2692 1674 3044 1727 invenientur
3061 1672 3131 1738 ei,
3158 1674 3381 1742 propter
3408 1672 3620 1742 iniqui-

1965 1767 2104 1820 tates
2136 1766 2195 1819 in
2224 1764 2423 1835 quibus
2440 1765 2701 1833 peccavit.
2728 1762 3029 1816 Monuerat
3048 1760 3258 1815 ludam
3292 1763 3357 1815 ut
3382 1776 3619 1816 conver-

193 1836 523 1907 matrisque
553 1835 797 1892 consilio
831 1836 889 1891 in
922 1837 1401 1909 Mesopotamiam
1435 1837 1849 1909 fugeret,inve-

1964 1858 2185 1909 teretur
2207 1853 2277 1907 ad
2315 1850 2625 1906 Dominum
2649 1852 2827 1905 Deum
2859 1853 3130 1917 suum,et
3155 1847 3616 1904 misericordiam

190 1925 283 1979 nit
312 1925 589 1980 eumdem
619 1925 893 1997 angelum
927 1926 985 1979 in
1021 1925 1238 1996 Bethel,
1272 1925 1372 1997 qui
1405 1925 1637 1981 locutus
1663 1931 1751 1981 est
1781 1926 1852 1981 ad

189 2028 350 2081 eum,
387 2012 618 2068 locutus
648 2019 738 2069 est
760 2014 1091 2082 nobiscum,
1122 2014 1181 2068 id
1215 2018 1322 2081 est,
1346 2014 1405 2069 in
1440 2018 1603 2086 patre
1625 2013 1856 2070 locutus

191 2106 248 2156 et
280 2101 425 2157 ﬁliis
456 2106 569 2165 est,
601 2106 657 2157 et
690 2101 748 2156 in
798 2102 979 2157 Jacob
1013 2101 1215 2156 dilexit
1246 2106 1302 2157 et
1346 2102 1559 2157 Judam
1596 2121 1608 2158 :
1642 2119 1710 2158 ex
1740 2119 1854 2174 quo

190 2193 460 2261 tempore
492 2205 678 2262 usque
704 2191 773 2245 ad
810 2207 1087 2262 praesens,
1121 2191 1378 2245 nominis
1410 2192 1537 2262 ejus
1583 2192 1738 2263 quod
1772 2191 1854 2246 illi

192 2279 267 2335 ab
298 2278 521 2350 Angelo
549 2282 606 2334 et
635 2296 669 2334 a
696 2284 810 2333 Deo
843 2279 1185 2351 impositum
1218 2284 1325 2349 est,
1362 2280 1646 2335 memoria
1662 2297 1855 2353 perse-

191 2372 381 2423 verat.
415 2368 560 2423 Cum
591 2368 714 2423 haec
746 2385 809 2423 se
839 2368 1093 2423 habeant
1122 2369 1225 2434 ita,
1259 2374 1316 2423 et
1345 2373 1431 2434 tu,
1465 2386 1497 2423 ο
1527 2370 1695 2439 Juda,
1718 2369 1853 2423 imi-

193 2461 325 2512 tare
359 2462 659 2528 parentem
693 2462 883 2522 tuum,
918 2457 1080 2529 plora
1106 2461 1163 2511 et
1189 2474 1329 2529 roga
1358 2458 1670 2513 Dominum
1696 2475 1854 2513 excr-

190 2547 451 2613 cituum,
480 2551 537 2601 et
556 2545 627 2600 ad
646 2561 779 2600 eum
802 2551 1158 2602 convertere.
1184 2547 1422 2601 Custodi
1447 2551 1503 2602 et
1536 2546 1860 2603 misericor-

192 2633 363 2689 diam
397 2634 789 2705 etjudicium,
823 2639 879 2689 et
909 2651 1043 2689 cum
1076 2640 1393 2706 utrumque
1428 2635 1652 2702 feceris,
1688 2652 1860 2706 spera

187 2731 249 2787 in
288 2736 409 2787 Deo
434 2737 533 2787 tuo
562 2748 811 2804 semper,
829 2732 997 2788 bonis
1029 2732 1303 2803 operibus
1335 2734 1406 2787 ad
1426 2734 1648 2802 majora
1680 2734 1858 2804 proﬁ-

187 2822 380 2876 ciens.
418 2820 523 2876 Pro
553 2837 620 2875 eo
638 2822 792 2891 quod
825 2821 883 2875 in
916 2821 1197 2877 Hebraico
1228 2822 1421 2892 habet,
1444 2824 1592 2892 ﬂevit
1621 2832 1674 2877 et
1696 2839 1856 2893 roga—

187 2910 271 2964 vit
304 2925 433 2963 eum
462 2928 480 2963 :
512 2911 574 2963 in
608 2910 792 2964 Bethel
814 2911 1021 2964 invenit
1052 2926 1194 2979 eum,
1227 2914 1277 2964 et
1308 2910 1388 2965 ibi
1418 2911 1626 2965 locutus
1655 2920 1732 2966 est
1760 2927 1856 2967 no-

187 3000 430 3066 biscum,
463 2997 713 3070 legimus
758 2998 819 3052 in
862 2997 1115 3053 editione
1161 2998 1456 3071 Vulgata:
1490 3002 1761 3070 ﬂeverunt
1808 3010 1859 3056 et

189 3091 534 3159 rogaverunt
562 3103 668 3152 me,
700 3088 759 3142 in
791 3088 950 3142 domo
980 3082 1051 3139 ὣν
1079 3088 1409 3142 invenerunt
1436 3104 1541 3155 me,
1577 3096 1626 3143 et
1656 3089 1734 3143 ibi
1749 3089 1858 3144 dic-

189 3181 317 3231 tum
345 3184 428 3231 est
455 3175 526 3230 ad
554 3191 681 3243 eos;
714 3171 786 3227 ὣν
810 3176 1230 3248 interpretatur
1257 3176 1496 3231 dolor.Si
1522 3177 1654 3248 quis
1674 3176 1858 3249 igitur

191 3265 316 3333 ﬂet,
351 3268 414 3320 et
441 3265 562 3336 agit
589 3264 1009 3336 paenitentiam,
1042 3269 1099 3319 et
1139 3264 1453 3333 Dominum
1486 3266 1851 3337 deprecatur,

190 3353 458 3409 inveniet
486 3369 621 3409 eum
659 3353 716 3407 in
749 3352 945 3409 dolore
976 3353 1167 3408 cordis
1200 3353 1312 3419 sui,
1345 3359 1401 3409 et
1430 3369 1564 3409 cum
1596 3370 1730 3409 eum
1764 3354 1853 3409 in-

187 3442 511 3508 vocaverit,
538 3441 651 3497 sibi
684 3441 880 3497 audiet
902 3443 1371 3513 respondentem.
1407 3442 1726 3497 Possumus
1747 3443 1851 3498 Ju-

190 3532 333 3586 dam
357 3529 841 3586 Ecclesiasticum
863 3530 1053 3585 virum
1077 3530 1420 3603 intelligere,
1438 3530 1532 3602 qui
1560 3547 1591 3584 τι
1612 3531 1851 3586 Domino

188 3618 705 3692 corripitur,quod
737 3636 851 3674 non
873 3618 949 3673 sit
970 3619 1352 3690 pristinorum
1374 3618 1431 3673 in
1465 3636 1526 3673 se
1552 3620 1852 3674 beneﬁcio-

190 3725 326 3763 rum
346 3708 478 3778 ejus
497 3724 741 3776 memor,
766 3708 865 3763 sed
902 3706 1163 3779 quotidie
1181 3708 1434 3779 peccatis
1457 3712 1694 3779 peccata
1715 3724 1850 3762 con-

188 3798 406 3864 societ,
440 3803 494 3852 et
524 3797 760 3869 exponit
789 3813 914 3869 quae
931 3796 1049 3851 sint
1077 3796 1205 3868 ipsa
1236 3796 1518 3852 beneficia
1550 3813 1563 3851 :
1599 3798 1741 3851 Cum
1774 3799 1848 3864 te,

192 3885 423 3956 inquit,
455 3889 790 3942 nascentem
822 3886 879 3940 in
916 3886 1025 3940 fide
1056 3885 1315 3941 Ecclesia
1343 3885 1678 3956 parturiret,
1712 3902 1850 3957 sup-

187 3974 480 4048 plantasti
509 3975 783 4031 Judaeum
831 3974 949 4030 sive
980 3974 1256 4047 gentilem
1305 3973 1540 4029 fratrem
1573 3977 1763 4040 tuum,
1796 3979 1853 4029 et

189 4075 325 4144 ejus
357 4074 635 4145 accepisti
667 4072 1077 4147 primogenita,
1103 4078 1157 4127 et
1191 4073 1248 4126 in
1283 4071 1622 4127 fortitudine
1642 4076 1743 4127 tua
1764 4072 1848 4126 di-

189 4167 396 4219 rectus
427 4179 490 4218 es
512 4179 646 4218 cum
673 4162 901 4233 angelo,
927 4160 1012 4217 vel
1044 4162 1280 4216 vincens
1302 4161 1663 4216 adversaries
1685 4161 1851 4216 forti-

188 4251 458 4314 tudines,
491 4251 577 4306 vel
608 4251 917 4306 roboratus
967 4249 1476 4305 benedictionibus
1504 4248 1718 4322 angeli,
1751 4248 1851 4319 qui

188 4339 325 4411 ipse
353 4344 446 4395 est
462 4340 709 4406 Deus,et
738 4338 1033 4394 invaluisti
1054 4354 1154 4410 per
1185 4339 1433 4410 ﬁguram
1454 4343 1655 4393 contra
1676 4355 1850 4410 ange-

188 4427 428 4499 lum,ut
456 4426 840 4483 invalesceres
870 4431 1072 4482 contra
1103 4426 1391 4496 homines,
1408 4429 1464 4480 et
1493 4427 1853 4482 confortatus

189 4534 270 4573 es.
313 4520 580 4588 Cumque
610 4531 770 4572 esses
797 4516 1101 4571 victoriam
1136 4521 1507 4584 consecutus,
1545 4514 1772 4582 ﬂevisti,
1798 4519 1856 4570 et

1964 1946 2216 1999 servaret
2239 1940 2805 2012 atquejudicium,et
2823 1941 3087 2011 speraret
3109 1937 3167 1991 in
3194 1937 3439 1992 Domino
3463 1954 3618 1993 sem-

1964 2048 2086 2103 per,
2145 2030 2262 2086 sive
2337 2030 2832 2101 appropinquaret
2904 2026 2955 2081 ei
3016 2026 3260 2097 jugiter.
3323 2025 3491 2081 Nunc
3549 2026 3621 2081 ad

1964 2119 2264 2192 Ephraim,
2299 2119 2407 2173 hoc
2438 2118 2633 2183 est,ad
2667 2117 2867 2172 decem
2898 2115 3091 2170 tribus
3123 2130 3314 2169 sermo
3337 2116 3618 2170 converti-

1963 2215 2079 2276 tur,
2111 2224 2285 2280 quem
2308 2210 2473 2263 vocat
2500 2205 2981 2276 Chanaan,juxta
3010 2203 3151 2260 illud
3180 2203 3341 2275 quod
3362 2202 3625 2275 loquitur

1970 2295 2168 2352 Daniel
2202 2296 2273 2351 ad
2308 2296 2735 2367 presbyterum,
2771 2293 2871 2365 qui
2905 2291 3106 2364 utique
3138 2295 3262 2346 erat
3292 2291 3363 2346 de
3393 2292 3620 2348 semine

1964 2385 1997 2442 J
2004 2385 2119 2441 uda
2148 2404 2165 2439 :
2214 2384 2408 2440 Semen
2443 2385 2734 2447 Chanaan,
2764 2386 2817 2437 et
2860 2397 2972 2435 non
2998 2380 3140 2436 Juda
3185 2381 3389 2451 species
3418 2380 3624 2453 decepit

1966 2479 2016 2530 te
2060 2476 2219 2545 (Dan.
2254 2491 2383 2542 xm,
2410 2473 2521 2544 5G).
2560 2472 2626 2526 Et
2668 2472 2728 2526 in
2778 2468 3040 2525 Ezechiel
3093 2486 3126 2524 a
3172 2467 3499 2525 Jerusalem
3536 2468 3624 2524 di-

1967 2567 2128 2617 ctum
2160 2562 2411 2633 legimus
2448 2578 2459 2615 :
2494 2563 2659 2615 Pater
2687 2569 2811 2615 tuus
2840 2558 3216 2624 Amorrhseus,
3248 2562 3298 2612 et
3321 2561 3499 2612 mater
3527 2565 3624 2613 tua

1970 2652 2187 2707 (lethaea
2217 2650 2431 2722 (Eaech.
2457 2667 2575 2719 XVI,
2607 2649 2776 2725 3).'Et
2804 2648 2859 2702 in
2897 2646 3045 2702 Isaia
3061 2646 3278 2701 dicitur
3306 2646 3378 2701 ad
3401 2645 3622 2701 tribum

1966 2741 1997 2796 J
2006 2742 2122 2795 uda
2154 2758 2167 2795 :
2202 2740 2401 2796 Audite
2420 2739 2642 2794 verbum
2672 2738 2912 2802 Domini,
2927 2737 3207 2807 principes
3230 2734 3583 2791 Sodomorum
3601 2752 3621 2789 :

1962 2831 2232 2901 percipite
2277 2829 2506 2884 auribus
2555 2829 2726 2898 legem
2766 2826 2988 2880 Domini
3033 2825 3229 2889 nostri,
3254 2824 3489 2895 populus
3522 2822 3620 2879 Go-

1964 2925 2207 2975 morrliw
2238 2919 2384 2990 (lsai.
2417 2935 2455 2987 ι,
2494 2916 2601 2987 10).
2638 2916 2701 2971 In
2750 2912 3039 2969 Zachariae
3085 2928 3317 2984 quoque
3363 2916 3622 2967 extremo

1968 3008 2255 3063 versiculo
2283 3006 2534 3079 legimus
2570 3021 2581 3060 :
2620 3008 2684 3059 Et
2707 3020 2817 3058 non
2847 3004 2953 3058 erit
3006 3001 3352 3058 Chananeus
3382 3002 3535 3056 ultra
3563 3003 3623 3056 in

1966 3097 2131 3152 domo
2183 3097 2406 3151 Domini
2444 3093 2558 3166 [ΑΙ.
2592 3095 2666 3149 De
2706 3092 2945 3162 civitate]
2989 3092 3149 3146 Zach.
3181 3108 3297 3161 xw,
3328 3091 3442 3162 2t).
3478 3088 3625 3146 Dicit

1968 3191 2161 3240 autem
2195 3185 2491 3251 Chanaan,
2524 3183 2633 3238 hoc
2665 3186 2771 3250 est,
2798 3178 3330 3253 Ephraim,habere
3360 3178 3420 3234 in
3443 3194 3622 3236 manu

1968 3292 2075 3330 sua
2102 3279 2382 3330 stateram
2400 3272 2683 3341 dolosam,
2703 3270 2824 3326 sive
2841 3269 3127 3340 iniquam,
3149 3268 3399 3324 Jubenle
3421 3268 3617 3340 Scrip-

1962 3369 2114 3432 tura,
2156 3367 2332 3435 /Equa
2379 3364 2495 3419 sint
2538 3362 2644 3417 tibi
2685 3359 2931 3432 pondera
2975 3360 3164 3430 (Levil.
3216 3358 3365 3429 xix);
3400 3362 3457 3412 et
3498 3373 3614 3413 non

1963 3455 2155 3510 solum
2200 3453 2415 3508 habere
2446 3456 2726 3506 stateram
2775 3448 3040 3519 iniquam
3073 3463 3139 3501 ac
3170 3444 3433 3501 dolosam
3463 3462 3477 3513 ;
3512 3446 3614 3501 sed

1962 3543 2204 3614 diligere
2223 3540 2603 3602 calumniam,
2623 3543 2679 3593 et
2696 3536 3024 3608 Opprimere
3045 3533 3313 3588 homines
3339 3550 3442 3605 per
3458 3533 3611 3588 138

1965 3630 2386 3697 potentiam.Et
2417 3645 2487 3684 ne
2518 3633 2879 3699 putaremus.
2899 3624 3172 3679 Chanaan
3197 3621 3378 3677 alium
3403 3638 3611 3692 quem-

1961 3722 2117 3792 piam
2143 3716 2706 3788 sentiendum,ponit
2723 3711 3095 3769 manifestius
3117 3711 3214 3782 qui
3239 3710 3317 3765 sit
3334 3710 3442 3765 iste
3463 3710 3611 3765 Cha-

1961 3825 2134 3863 naan.
2186 3808 2341 3862 Dixit
2386 3805 2661 3877 Ephraim
2705 3819 2718 3857 :
2777 3804 3156 3859 Verumtamen
3201 3799 3348 3854 dives
3394 3800 3609 3869 e/fectus

1958 3914 2120 3957 sum;
2152 3902 2209 3951 et
2249 3900 2336 3951 est
2384 3910 2595 3950 sensus
2630 3908 2643 3945 :
2675 3892 2801 3946 Non
2832 3890 3006 3945 refert
3053 3886 3209 3943 unde
3256 3887 3607 3958 possideam,

1961 3984 2279 4040 dummodo
2311 3983 2662 4057 possideam.
2698 3982 2813 4035 Hoc
2841 3979 3040 4033 morbo
3064 3975 3329 4032 laborant
3350 3975 3610 4048 plurimi,

1962 4076 2033 4129 de
2070 4074 2287 4146 quibus
2319 4073 2605 4143 scriptum
2632 4074 2721 4125 est
2754 4087 2767 4124 :
2801 4068 3023 4124 Divitiae
3050 4068 3390 4137 congregatae
3420 4067 3611 4138 inique

1963 4171 2283 4219 evomentur
2312 4162 2424 4233 (Job
2446 4178 2539 4224 xx,
2568 4161 2653 4227 l5)
2688 4177 2702 4212 :
2738 4157 3046 4228 Redemptio
3074 4157 3223 4209 enim
3256 4156 3465 4211 animae
3481 4156 3613 4227 viri,

1957 4254 2207 4325 propriae
2234 4251 2449 4307 divitim
2490 4250 2671 4321 (Prov.
2702 4263 2827 4314 xm,
2859 4247 2935 4317 8).
2970 4244 3133 4299 Unde
3165 4243 3518 4315 praecipitur,
3552 4249 3621 4299 ut

1961 4341 2247 4397 faciamus
2270 4339 2436 4394 nobis
2452 4338 2673 4394 amicos
2704 4336 2774 4390 de
2796 4335 3000 4406 iniquo
3019 4333 3487 4404 mammona,qui
3513 4350 3623 4389 nos

1962 4429 2191 4502 possint
2232 4428 2488 4499 recipere
2537 4427 2597 4480 in
2630 4430 2844 4480 aeterna
2886 4419 3263 4478 tabernacula
3290 4421 3444 4491 (Luc.
3476 4421 3613 4491 xvx),

1963 4519 2237 4591 Ephraim
2269 4522 2465 4573 autem
2493 4516 2592 4587 qui
2623 4514 2906 4587 gloriatur
2926 4516 2982 4566 et
3003 4510 3147 4565 dicit
3174 4530 3193 4563 .-
3233 4511 3617 4565 Verumtamen

190 4606 419 4680 rogasti
450 4604 723 4679 angelum
752 4603 997 4674 Domini,
1019 4609 1075 4658 et
1099 4608 1468 4675 peccatorum
1490 4607 1749 4658 veterum
1772 4619 1855 4657 re—
1885 4595 1930 4659 D
1962 4608 2109 4663 dives
2139 4609 2361 4680 effectus
2390 4622 2532 4675 sum,
2548 4604 2737 4659 inveni
2764 4600 2975 4656 idolum
2997 4596 3294 4663 mihi,sive
3316 4592 3615 4672 ἀδωφελξς,

188 4694 500 4757 cordatus,
532 4693 803 4749 invenisti
836 4708 970 4748 eum
1001 4692 1058 4747 in
1086 4690 1306 4759 Bethel,
1339 4692 1449 4746 hoc
1480 4690 1657 4757 est,in
1682 4691 1855 4747 domo

189 4784 456 4853 Dei,qum
479 4788 569 4838 est
590 4780 1020 4848 Ecclesia,137
1046 4783 1165 4836 sive
1182 4782 1241 4835 in
1264 4780 1435 4834 domo
1459 4774 1780 4844 lbv,doloris
1801 4784 1857 4835 et

189 4871 595 4943 lacrymarum
617 4874 675 4926 et
690 4870 1059 4942 poenitentiae.
1077 4870 1141 4925 Et
1156 4874 1220 4924 ut
1248 4869 1535 4923 sciremus
1557 4866 1687 4939 quis
1703 4873 1857 4924 esset

190 4962 308 5018 iste
327 4960 536 5025 Judas,
561 4958 882 5030 ibi,inquit,
908 4958 1135 5014 locutus
1162 4963 1252 5013 est
1274 4957 1600 5027 nobiscum,
1615 4957 1724 5011 hoc
1744 4964 1852 5026 est,

192 5059 371 5113 nobis
402 5056 772 5124 Christianis,
806 5060 861 5111 et
892 5072 959 5110 ex
990 5071 1056 5110 eo
1086 5060 1347 5127 tempore
1399 5071 1586 5126 usque
1616 5054 1671 5108 in
1709 5072 1852 5125 pran-

193 5151 429 5202 sentem
456 5144 634 5210 diem,
660 5143 872 5199 Christi
904 5160 1211 5199 censemur
1240 5142 1496 5211 nomine,
1521 5146 1579 5197 et
1606 5141 1733 5212 ipso
1765 5142 1852 5196 di-

194 5236 427 5307 rigente
457 5233 825 5306 corrigimur.
860 5233 903 5288 Ο
935 5232 1157 5305 itaque,
1190 5231 1272 5286 vir
1307 5230 1725 5300 Ecclesiastice,
1751 5230 1851 5301 qui

195 5322 519 5395 appellaris
546 5322 753 5389 Judas,
786 5326 843 5377 et
873 5322 1180 5388 conﬁtens,
1211 5326 1539 5375 convertere
1594 5319 1853 5390 quotidie

194 5429 307 5483 per
335 5411 736 5484 pmnitentiam
761 5412 832 5466 ad
858 5410 1168 5465 Dominum
1206 5413 1464 5474 tuum,et
1495 5408 1540 5463 si
1564 5408 1706 5462 forte
1728 5422 1851 5478 pec-

193 5501 446 5566 caveris,
479 5500 709 5555 imitare
743 5500 1083 5572 prophetam
1127 5498 1413 5553 dicentem
1449 5514 1461 5553 :
1502 5498 1765 5551 Laboravi
1793 5498 1851 5550 in

146 5644 149 5647 λ
193 5591 411 5658 gemitu
437 5604 575 5654 meo,
610 5588 799 5644 lavabo
822 5604 927 5660 per
953 5586 1203 5658 singulas
1228 5591 1409 5642 noctes
1440 5586 1633 5641 lectum
1652 5599 1851 5652 meum,

197 5676 466 5748 lacrumis
492 5678 628 5733 meis
653 5679 892 5733 stratum
926 5690 1109 5733 meum
1155 5676 1345 5746 rigato
1374 5679 1489 5745 (Ps.
1526 5690 1597 5744 v1,
1625 5673 1705 5745 7).
1738 5676 1855 5730 Nec

1966 4696 2075 4752 hoc
2106 4702 2369 4766 est,avaN
2401 4691 2744 4780 ('(m),quod
2769 4706 2884 4745 non
2916 4686 3103 4780 prosit
3122 4685 3469 4780 possidenti,
3491 4702 3619 4780 cas:

1964 4802 2028 4841 so
2060 4784 2260 4839 labore
2306 4772 2555 4837 sudavit.
2588 4780 2749 4835 Sicut
2778 4782 2973 4833 autem
3008 4775 3197 4849 gulosi
3229 4778 3287 4829 et
3333 4772 3619 4830 luxuriosi

1963 4879 2165 4929 venter
2193 4873 2339 4927 deus
2367 4874 2475 4936 est,
2509 4869 2588 4923 ita
2635 4872 2691 4923 et
2721 4884 2931 4922 avarus
2962 4866 3166 4920 adorat
3197 4862 3322 4918 auri
3370 4862 3616 4931 idolum,

1964 4968 2019 5017 et
2049 4961 2189 5016 dicit
2221 4960 2281 5014 in
2313 4959 2485 5015 corde
2516 4974 2621 5013 suo
2655 4973 2668 5010 :
2705 4954 2896 5011 inveni
2927 4955 3084 5026 quod
3116 4951 3447 5025 quaerebam
3474 4968 3488 5006 :
3514 4952 3617 5007 sed

1962 5050 2161 5106 audiet
2196 5068 2207 5104 :
2239 5049 2443 5117 Stulte,
2476 5048 2577 5101 hac
2621 5049 2773 5101 nocte
2804 5046 3052 5116 rapietur
3102 5043 3295 5096 anima
3325 5048 3420 5095 tua
3450 5057 3483 5095 a
3515 5044 3571 5095 te
3602 5056 3614 5096 :

1962 5156 2091 5212 quae
2134 5144 2317 5194 autem
2357 5137 2711 5209 praeparasti,
2755 5136 2912 5204 cujus
2954 5140 3113 5187 erant
3161 5130 3311 5201 (Luc.
3343 5146 3446 5195 x11,
3477 5129 3618 5199 20)?

1962 5229 2228 5300 Cumque
2259 5225 2439 5281 semel
2474 5222 2674 5279 oculos
2706 5224 2836 5293 ejus
2885 5220 3245 5286 divitiarum,
3280 5234 3396 5273 non
3426 5217 3619 5272 dicam

1963 5317 2176 5390 fulgor,
2213 5316 2313 5371 sed
2348 5314 2575 5370 caecitas
2609 5311 2928 5383 occuparit,
2961 5308 3223 5381 loquitur
3256 5324 3267 5361 :
3300 5306 3519 5361 Omnes
3534 5305 3617 5361 la-

1963 5407 2133 5463 bores
2164 5405 2283 5460 mei
2315 5421 2430 5459 non
2450 5401 2747 5456 invenient
2776 5398 3145 5470 iniquitatem
3178 5412 3389 5463 meam,
3421 5394 3480 5449 in
3503 5410 3620 5466 qua

1964 5495 2213 5568 peccavi.
2250 5495 2320 5549 Et
2348 5496 2436 5548 est
2467 5507 2677 5546 sensus
2709 5506 2722 5543 :
2758 5487 3041 5559 quidquid
3080 5498 3412 5557 peccavero,
3449 5482 3499 5538 si
3521 5483 3618 5539 ha-

1961 5584 2143 5639 buero
2176 5580 2497 5637 divitiasab
2529 5575 2747 5648 his,qui
2774 5592 2901 5631 meo
2934 5572 3198 5646 indigent
3218 5568 3454 5638 auxilio,
3470 5570 3617 5626 mihi

1963 5689 2079 5730 non
2111 5670 2325 5746 poterit
2344 5665 2977 5742 imputari,secundum
2992 5662 3138 5720 illud
3155 5660 3311 5735 quod
3330 5658 3616 5734 scriptum
