3964 6184
250 308 326 371 93
1026 314 1774 381 COMMENTARIORUM
1820 317 1900 378 IN
1946 317 2148 403 OSEE
2192 316 2338 380 LIB.
2388 317 2492 380 III.
2539 317 2710 379 CAP.
2755 318 2918 380 XIII.

3540 319 3659 382 934

251 443 600 499 sentiamus.
626 440 1116 516 Respondendum
1153 452 1243 503 est
1272 447 1509 521 ei,quod
1540 450 1670 505 ideo
1701 450 1899 522 vapori
1930 453 1986 517 Α
2016 467 2210 505 rerum
2245 450 2507 505 omnium
2540 450 2801 523 penuria,
2840 449 2936 505 ubi
2970 449 3138 504 nullae
3169 467 3364 522 aquas:
3399 451 3531 507 dedi
3554 451 3657 506 tibi

252 530 515 597 locustae,
549 532 669 587 sive
700 550 856 589 aurae
881 535 1262 603 tenuissimae,
1296 538 1686 609 periturorum
1712 539 1895 612 gloria

249 625 588 693 comparata
618 622 733 677 sit:
768 623 906 693 quia
960 623 1185 680 locusta
1242 627 1413 682 noxia
1443 633 1549 691 est,
1584 633 1642 683 et
1672 629 1755 684 sic
1786 629 1894 683 ini-

246 709 401 764 mica
432 709 798 779 mortalibus,
834 716 897 766 ut
928 712 1138 768 famem
1177 714 1370 782 faciat,
1403 720 1459 771 et
1488 721 1749 789 segetum
1773 716 1897 772 cul-

246 802 305 853 ta
337 798 686 871 populetur:
720 800 1012 855 intentum
1051 808 1113 857 ut
1142 803 1379 859 arbores
1407 822 1641 877 quoque
1670 812 1727 862 et
1773 808 1895 862 vin-

244 903 342 943 cas
374 887 722 942 decorticet:
757 889 914 960 quod
944 889 1173 961 plenius
1196 892 1254 946 in
1282 892 1407 949 Joel
1439 896 1727 967 Propheta
1756 897 1896 968 legi-

248 992 382 1030 mus
411 977 547 1044 (Joel
576 993 592 1030 ι
627 981 677 1032 et
709 977 791 1049 ιι).
828 978 892 1032 Et
918 978 1054 1034 huic
1082 979 1316 1037 locustae
1339 988 1395 1038 et
1426 984 1565 1038 nubi
1600 986 1897 1041 matutina:

246 1068 304 1119 et
334 1065 452 1119 rori
484 1070 540 1120 et
568 1065 793 1137 pulveri
825 1066 1087 1123 haeretici
1108 1076 1539 1142 comparantur,
1573 1075 1644 1130 de
1685 1075 1898 1147 quibus

246 1157 304 1208 et
334 1153 391 1208 in
426 1153 683 1225 Epistola
712 1155 1010 1212 Catholica
1039 1156 1289 1213 dicitur:
1325 1161 1394 1215 Ili
1432 1170 1557 1217 sunt
1586 1164 1755 1219 nubes
1781 1167 1900 1221 sine

245 1244 408 1314 aquis
436 1243 610 1314 (Iudae
641 1245 762 1315 xu).
798 1244 1023 1301 Habent
1078 1248 1233 1303 enim
1292 1249 1546 1322 speciem
1588 1253 1897 1325 prepheta-

247 1348 404 1401 rum,
443 1337 500 1388 et
529 1332 775 1388 nubium
808 1334 1289 1404 apostolicarum,
1321 1339 1389 1393 ad
1425 1356 1573 1410 quas
1605 1341 1705 1397 Dei
1753 1344 1898 1397 veri-

168 1458 183 1469 .
243 1424 340 1475 tas
369 1420 668 1491 pervenit:
703 1423 803 1477 sed
827 1439 943 1478 non
966 1423 1184 1480 habent
1213 1427 1483 1498 aquas,id
1513 1433 1620 1499 est,
1648 1431 1898 1502 gratiam

245 1508 507 1580 Spiritus
539 1509 750 1576 sancti,
783 1511 1009 1567 dicente
1040 1512 1285 1568 Domino
1308 1515 1368 1570 in
1403 1517 1745 1589 Evangelio:
1797 1521 1903 1588 Qui

239 1598 417 1653 credit
448 1600 507 1653 in
537 1614 646 1665 me,
678 1601 843 1667 (sicut
872 1599 1007 1655 dicit
1039 1602 1348 1673 Scriptura)
1404 1606 1643 1674 ﬂumina
1679 1608 1744 1662 de
1770 1625 1898 1664 ven-

236 1689 321 1741 tre
379 1689 498 1757 ejus
556 1689 728 1757 ﬂuent
784 1704 946 1760 aquae
990 1692 1142 1745 vim.
1188 1693 1295 1747 Hoc
1338 1703 1545 1761 autem,
1577 1695 1788 1767 inquit,
1818 1700 1902 1754 di-

2007 556 2224 594 manna
2256 540 2325 594 de
2356 541 2577 610 ccelo,et
2610 556 2897 611 aquarum
2915 541 3102 595 fontes
3125 540 3372 612 produxi
3408 541 3478 596 de
3498 546 3658 611 petra

2005 628 2345 684 durissima.
2380 629 2486 694 Qui
2511 628 3032 700 juxtaillud,quod
3065 629 3204 684 alibi
3238 630 3518 699 scriptum
3545 633 3652 685 est:

2006 720 2344 773 Inerassutus
2372 721 2468 782 est,
2504 718 2894 787 impinguatus,
2926 717 3259 785 dilatatus,et
3287 718 3660 773 recaleitravit

2005 806 2234 861 dilectus
2264 811 2447 873 (Deut.
2467 823 2641 871 XXXII,
2662 807 2748 873 15)
2774 823 2786 860 :
2823 822 2978 860 nunc
3011 822 3243 877 quoque
3274 807 3657 862 comederunt

2006 899 2063 949 et
2092 895 2338 949 saturati
2369 898 2526 964 sunt,
2561 899 2619 948 et
2648 894 3022 949 elavaverunt
3049 911 3146 949 cor
3178 912 3373 964 suum,
3396 900 3452 951 et
3494 894 3656 951 obliti

2008 988 2147 1037 sunt
2176 983 2324 1053 ejus,
2358 983 2528 1053 cujus
2561 983 2974 1037 beneﬁciorum
3010 999 3297 1039 memores
3325 1000 3451 1039 esse
3483 984 3654 1040 debe-

2008 1071 2168 1127 bant.
2204 1071 2401 1142 Neque
2428 1070 2582 1126 enim
2615 1088 2718 1143 per
2750 1076 2971 1127 tantam
2996 1071 3173 1127 eremi
3195 1072 3657 1140 vastitatem,ubi

2009 1176 2123 1215 non
2159 1158 2350 1213 solum
2368 1159 2563 1231 fruges
2583 1163 2638 1215 et
2653 1160 2889 1214 arbores
2904 1160 3327 1231 vineaeque,sed
3352 1178 3455 1215 nec
3477 1161 3658 1217 herba

2010 1248 2244 1320 quidem
2276 1247 2820 1320 gignitur,etnulle
2845 1266 3006 1319 aquae
3031 1251 3298 1305 ardorem
3330 1254 3663 1322 temperant

2009 1336 2172 1405 solis,
2207 1337 2594 1408 quadraginta
2635 1336 2804 1391 annis
2838 1342 3062 1408 poterat
3092 1337 3269 1393 Israel
3318 1339 3389 1393 ad
3437 1343 3652 1394 terram

2010 1426 2305 1497 pervenire
2331 1424 2625 1492 Jordanis,
2663 1425 2776 1480 nisi
2809 1425 3089 1480 Dominus
3121 1426 3321 1481 omnia
3352 1427 3652 1498 praestitis-

2010 1520 2115 1569 set.
2152 1513 2462 1569 Haereticos
2520 1530 2754 1585 quoque
2811 1514 3011 1568 eduxit
3066 1513 3351 1570 Dominus
3407 1516 3477 1571 de
3504 1519 3662 1571 terra

2008 1603 2256 1676 zEgypti,
2291 1603 2361 1658 de
2393 1604 2564 1657 domo
2599 1602 2916 1669 servitutis,
2971 1608 3028 1657 et
3073 1604 3143 1658 de
3173 1603 3404 1659 camino
3437 1604 3658 1659 ferreo:

2015 1693 2113 1762 qui
2151 1691 2339 1763 primo
2373 1691 2701 1746 serviebant
2715 1690 2832 1763 regi
2850 1678 3136 1747 Pharaoni
3159 1696 3216 1746 et
3229 1692 3477 1747 ducibus
3491 1693 3656 1763 ejus:

236 1776 326 1830 xit
354 1775 420 1829 de
448 1776 656 1847 spiritu
684 1794 841 1848 quem
870 1782 1147 1849 accepturi
1177 1791 1331 1837 erant
1378 1784 1652 1840 credentes
1682 1787 1741 1841 in
1778 1804 1887 1843 eum

2036 1780 2397 1852 irmcepitque
2422 1779 2504 1834 eis
2526 1779 2584 1834 in
2609 1779 3138 1846 ecclesia,uta|ium
3160 1779 3451 1836 nescirent
3474 1781 3658 1837 Deum

242 1866 428 1933 (loan.
459 1881 562 1931 v11,
596 1866 685 1935 38,
717 1867 828 1934 39).
862 1866 943 1923 De
969 1866 1244 1940 lacrymis
1274 1875 1491 1939 autem,
1525 1891 1652 1945 quae
1684 1893 1901 1932 sermo-

238 1970 309 2008 ne
343 1953 543 2008 Graeco
572 1954 790 2010 habent
829 1955 1089 2027 aliquam
1144 1958 1592 2017 similitudinem
1642 1963 1895 2020 locusta-

238 2058 394 2109 rum,
429 2037 676 2117 δακρύων
717 2042 806 2096 καὶ
858 2041 1119 2119 ἀκρίδων,
1169 2049 1522 2105 manifestus
1573 2069 1734 2107 error
1790 2058 1897 2122 est,

239 2131 604 2201 quibusdam
638 2149 740 2203 pro
774 2133 1017 2201 locustis,
1050 2136 1322 2208 lacrymas
1351 2138 1800 2197 aestimantibus.

313 2221 506 2291 (Vers.
542 2222 617 2288 li).
650 2222 758 2289 Ego
791 2228 975 2277 autem
1034 2225 1298 2280 Dominus
1361 2228 1503 2284 Deus
1530 2235 1658 2285 tuus
1702 2232 1775 2303 (a)
1806 2234 1904 2303 qui

246 2306 429 2363 eduxi
459 2313 507 2364 te
534 2308 601 2365 de
631 2318 777 2366 terra
801 2312 1042 2384 /Egypti.
1080 2318 1188 2369 Pro
1220 2332 1335 2386 quo
1366 2316 1427 2371 in
1466 2317 1605 2373 LXX
1649 2318 1900 2392 legitur:

250 2398 370 2465 Ego
401 2406 583 2453 autem
613 2399 1020 2456 DominusDcus
1076 2407 1237 2458 tuus:
1286 2404 1515 2473 ﬁrmans
1587 2410 1802 2476 cadum,
1852 2419 1907 2467 et

246 2502 450 2542 creans
480 2494 683 2542 terram
710 2506 722 2543 :
755 2491 911 2561 cujus
940 2508 1138 2547 manus
1165 2496 1369 2549 creavit
1396 2511 1611 2551 omnem
1641 2501 1906 2555 militiam

245 2575 397 2642 elati,
429 2583 480 2629 et
509 2591 619 2631 non
648 2578 858 2633 ostendi
886 2594 947 2633 ea
982 2580 1103 2650 tibi,
1137 2584 1197 2635 ut
1226 2583 1536 2639 ambulares
1550 2590 1671 2657 post
1690 2603 1753 2642 ea
1784 2588 1829 2658 ‘,
1844 2590 1909 2645 Et

246 2663 358 2733 Ego
390 2661 565 2718 eduxi
592 2671 641 2720 te
666 2665 731 2721 de
758 2669 909 2721 terra
950 2670 1193 2740 {Egi/pii.
1241 2672 1373 2735 Quae
1426 2673 1702 2744 quoniam
1747 2680 1805 2732 et
1846 2678 1906 2733 in

246 2751 539 2808 Hebraico
574 2770 685 2809 non
714 2754 1024 2825 habentur,
1059 2762 1115 2813 et
1144 2775 1178 2813 a
1209 2759 1369 2815 nullo
1400 2767 1707 2819 vertuntur
1736 2765 1909 2822 inter-

244 2846 507 2912 pretum,
541 2842 600 2897 iu
634 2843 875 2915 antiqua
903 2862 1136 2917 quoque
1186 2848 1439 2905 editione
1497 2851 1628 2907 LXX
1679 2871 1794 2910 non
1825 2854 1906 2911 le-

242 2934 492 3001 guntur,
538 2930 704 2988 obelo
757 2935 1133 3004 praenotanda
1161 2942 1335 2991 sunt:
1400 2941 1720 3010 praesertim
1772 2960 1907 3001 cum

245 3035 466 3074 sensus
496 3036 697 3076 eorum
749 3022 1091 3093 perspicuus
1151 3027 1247 3080 sit.
1307 3026 1472 3083 Unde
1549 3030 1619 3084 ad
1688 3031 1911 3105 reliqua

254 3112 659 3176 transeamus,
692 3126 825 3165 cum
858 3110 951 3167 his
1019 3130 1146 3185 quas
1204 3123 1535 3187 sequuntur
1582 3121 1729 3175 147
1768 3122 1907 3193 jun-

254 3200 466 3267 gentes
498 3198 769 3271 superius
799 3200 1146 3272 capitulum.

316 3285 513 3356 (Vers.
547 3288 583 3341 5
613 3292 669 3342 et
696 3289 773 3358 6).
797 3290 911 3361 Ego
932 3294 1119 3345 autem
1131 3293 1395 3349 Domtnus
1410 3300 1553 3351 Deus
1573 3300 1702 3354 tuus
1723 3301 1800 3369 (b)
1817 3302 1914 3372 qui

250 3373 430 3429 eduxi
450 3383 504 3430 te
531 3374 597 3431 de
624 3384 772 3431 terra
799 3378 1036 3450 lEgypti,
1069 3382 1119 3435 et
1148 3381 1317 3437 Deum
1334 3384 1536 3455 absque
1562 3404 1649 3442 me
1675 3390 1907 3445 nescies:

250 3466 307 3517 et
337 3464 583 3520 salvator
613 3482 722 3521 non
753 3475 832 3522 est
842 3470 1146 3535 prceterme
1166 3487 1176 3524 :
1198 3486 1290 3541 ego
1315 3476 1539 3543 cognovi
1552 3478 1604 3530 te
1621 3478 1679 3531 in
1700 3477 1911 3534 deserto

250 3553 319 3605 in
354 3559 502 3606 terra
528 3554 889 3611 solitudinis:
912 3558 1078 3626 juxta
1107 3575 1311 3629 pascua
1339 3578 1440 3617 sua
1467 3564 1752 3635 adimpleti
1781 3575 1911 3623 sunt

240 3645 297 3695 et
328 3644 584 3697 saturati
610 3652 773 3699 sunt:
808 3648 859 3698 et
887 3646 1235 3703 elevaverunt
1254 3667 1351 3704 cor
1365 3666 1527 3706 suum
1541 3657 1590 3707 et
1608 3653 1765 3709 obliti
1781 3659 1912 3711 sunt

239 3730 382 3785 mei.
420 3730 599 3785 LXX:
631 3734 743 3801 Ego
789 3738 974 3789 autem
1030 3737 1297 3793 Dominus
1352 3740 1491 3795 Deus
1544 3743 1690 3809 tuus,
1720 3746 1773 3798 et
1817 3759 1910 3815 ego

242 3818 430 3874 edua'i
458 3822 511 3874 te
538 3820 603 3875 de
630 3825 777 3876 terra
807 3825 1030 3894 1Egypti
1057 3842 1075 3879 :
1106 3826 1337 3881 etDeum
1355 3833 1559 3897 praeter
1582 3847 1668 3884 me
1693 3848 1804 3887 non
1823 3849 1910 3888 co-

238 3924 494 3978 gnosces,
524 3914 575 3964 et
602 3912 845 3967 salvator
865 3928 973 3968 non
1005 3922 1083 3968 est
1111 3914 1310 3986 absque
1339 3933 1440 3971 me.
1476 3918 1581 3986 Ego
1625 3922 1911 3990 pascebam

240 4001 295 4051 te
327 3999 396 4051 in
426 3998 744 4066 solitudine,
779 4002 835 4055 in
863 4010 1015 4057 terra
1047 4004 1418 4073 inhabitabili,
1450 4009 1747 4064 secundum
1778 4027 1908 4082 pas-

246 4102 361 4140 cua
392 4102 529 4142 sua:
562 4092 615 4142 et
643 4090 838 4160 repleti
857 4096 983 4145 sunt
1016 4093 1071 4146 in
1102 4096 1411 4162 saturitate,
1444 4100 1498 4151 et
1542 4096 1755 4155 elevata
1783 4109 1913 4157 sunt

240 4176 419 4231 corda
448 4191 676 4232 eorum:
708 4179 911 4236 idcirco
941 4181 1109 4236 obliti
1134 4192 1262 4238 sunt
1289 4187 1418 4240 mei.
1453 4187 1560 4251 Qui
1602 4188 1712 4255 [Αι.
1746 4189 1905 4261 quia]

241 4280 439 4336 supra
470 4265 723 4323 dixerat:
757 4268 928 4341 Fugit
963 4270 1141 4325 Jacob
1171 4272 1231 4325 in
1265 4273 1559 4345 regionem
1603 4277 1817 4349 Syriar
1852 4283 1910 4335 et

247 4351 503 4407 servivit
532 4353 708 4409 Israel
732 4354 788 4409 in
821 4363 1081 4422 uxore,et
1102 4358 1160 4413 in
1191 4376 1366 4416 uxore
1388 4365 1673 4419 servavit:
1699 4366 1757 4421 in
1782 4384 1909 4439 pro-

240 4440 429 4511 pheta
455 4442 659 4497 eduxit
678 4443 963 4501 Dominus
984 4446 1138 4502 Deus
1160 4448 1338 4505 Israel
1360 4450 1430 4506 de
1475 4453 1736 4526 (Egypto,
1761 4461 1817 4511 et
1847 4457 1905 4513 in

2010 1870 2124 1925 nisi
2156 1886 2288 1924 eum
2324 1869 2421 1940 qui
2454 1873 2678 1923 creator
2707 1873 2795 1924 est
2824 1868 3110 1939 omnium,
3142 1873 3199 1923 et
3246 1869 3406 1925 novit
3440 1870 3663 1927 salvare

2008 1975 2157 2030 quos
2189 1957 2342 2013 fecit.
2376 1958 2500 2028 Ipse
2527 1957 2797 2025 cognovit
2827 1973 2925 2012 eos
2958 1962 3014 2012 et
3041 1958 3199 2029 pavit
3228 1957 3286 2012 in
3338 1962 3494 2013 terra
3523 1958 3663 2014 soli-

2008 2046 2232 2102 tudinis
2253 2065 2276 2110 ;
2296 2046 2378 2100 ita
2399 2047 2551 2101 I48
2584 2051 2648 2100 ut
2671 2052 2909 2117 possent
2939 2046 3165 2102 dicere:
3199 2046 3461 2103 Dominus
3490 2049 3664 2120 pascit

2010 2152 2095 2190 me
2122 2143 2171 2189 et
2199 2135 2343 2190 nihil
2373 2134 2513 2189 mihi
2539 2135 2743 2190 deerit:
2778 2136 2835 2189 in
2868 2136 2980 2191 loco
3009 2152 3225 2208 pascuae
3258 2137 3337 2191 ibi
3379 2153 3464 2192 me
3502 2138 3668 2193 collo-

2010 2225 2180 2279 cavit:
2213 2240 2375 2295 super
2404 2239 2606 2295 aquam
2635 2226 2955 2295 refectionis
2985 2225 3240 2280 educavit
3270 2242 3357 2281 me
3374 2229 3490 2294 (Ps.
3524 2243 3661 2282 xxn.

2017 2314 2069 2380 1,
2100 2312 2176 2383 2).
2211 2312 2491 2383 Deditque
2520 2312 2604 2367 eis
2662 2311 3002 2384 angelorum
3062 2330 3273 2385 panem
3323 2331 3543 2369 manna
3593 2315 3663 2370 de

2013 2401 2177 2469 coelo,
2210 2401 2364 2472 quod
2398 2400 2455 2454 in
2486 2404 2730 2472 Egypto
2788 2416 3112 2472 numquam
3170 2401 3561 2467 comederant,
3607 2405 3665 2457 et

2016 2506 2199 2561 aquas
2228 2489 2298 2544 de
2346 2491 2611 2560 sequenti
2663 2505 2762 2544 eos
2818 2492 3000 2560 petra.
3034 2493 3204 2544 Petra
3260 2493 3453 2544 autem
3495 2490 3666 2561 juxta

2014 2578 2355 2651 Apostolum
2386 2578 2653 2634 Christus
2686 2582 2775 2633 est
2805 2578 2850 2649 (Ι
2884 2577 3004 2632 Cor.
3026 2578 3081 2650 x)
3107 2597 3125 2632 :
3157 2577 3257 2650 qui
3286 2579 3665 2634 comederunt

1963 2697 1968 2702 -
2016 2674 2074 2725 et
2102 2667 2326 2740 impleti
2360 2672 2517 2733 sunt,
2549 2671 2608 2722 et
2636 2666 2796 2721 cibos
2823 2666 3053 2721 Domini
3088 2683 3204 2722 non
3236 2665 3660 2730 tulerunt.Qui-

2018 2758 2129 2813 bus
2157 2756 2310 2812 idem
2342 2755 2653 2828 Apostolus
2685 2754 2981 2827 loquitur:
3009 2758 3128 2812 Jam
3156 2757 3394 2812 saturati
3439 2759 3588 2824 estis,
3615 2760 3668 2813 et

2010 2848 2132 2918 jam
2161 2847 2353 2901 divites
2382 2846 2522 2920 facti
2550 2849 2676 2901 estis
2706 2865 2724 2899 :
2748 2846 2867 2900 sine
2895 2846 3049 2901 nobis
3076 2847 3339 2916 regnetis,
3372 2854 3535 2917 atque
3563 2848 3669 2902 uli-

2017 2952 2149 2991 nam
2181 2937 2439 3005 regnetis,
2470 2938 2532 2989 ut
2559 2938 2609 2989 et
2638 2950 2734 2990 nos
2764 2949 3053 3005 regnemus
3076 2935 3343 2990 vobiscum
3367 2935 3412 3006 (Ι
3435 2934 3557 2991 Cor.
3588 2952 3667 3003 ιν,

2017 3025 2095 3096 8).
2128 3023 2516 3080 Comederunt
2544 3023 2700 3078 enim
2731 3022 2791 3078 in
2836 3021 3054 3079 sanctis
3103 3023 3420 3095 Scripturis
3456 3039 3667 3096 panem

2023 3112 2121 3184 qui
2154 3114 2224 3167 de
2254 3112 2398 3169 coelo
2457 3111 2776 3180 descendit,
2810 3116 2866 3167 et
2923 3129 3056 3167 cum
3113 3112 3292 3168 David
3353 3114 3667 3169 dixerunt:

1943 3180 1985 3247 Ο
2018 3180 2228 3258 Incerta
2247 3206 2294 3258 et
2314 3202 2518 3258 occulta
2540 3202 2832 3273 sapientiw
2848 3205 2960 3259 tua;
2980 3202 3670 3276 mani/estatimihi(Psal.

2022 3290 2505 3363 L,8).Impletique
2534 3295 2591 3346 et
2619 3289 2867 3346 saturati
2899 3291 3268 3346 elevaverunt
3299 3298 3502 3348 contra
3538 3293 3674 3349 Cre-

2021 3384 2241 3435 atorem
2272 3395 2373 3435 cor
2402 3395 2575 3434 suum
2603 3397 2615 3433 :
2640 3383 2697 3433 et
2722 3378 2969 3434 alterum
3006 3378 3118 3434 sibi
3142 3380 3440 3457 finxerunt
3469 3380 3668 3449 deum,

2021 3468 2307 3539 quidquid
2339 3467 2606 3522 biberant
2631 3471 2687 3522 et
2715 3468 3110 3535 comederant,
3146 3467 3270 3523 suis
3298 3468 3668 3539 meritis,non

2020 3556 2121 3611 Dei
2155 3555 2562 3612 misericordiae
2620 3556 2988 3626 deputantes.
3051 3555 3271 3611 Idcirco
3328 3556 3492 3611 obliti
3529 3562 3671 3613 sunt

2020 3644 2142 3712 Dei,
2175 3644 2273 3715 qui
2306 3646 2654 3715 praeceperat
2683 3642 2788 3712 eis,
2823 3645 2887 3695 ut
2934 3641 3101 3713 Legis
3148 3642 3324 3696 verba
3352 3641 3667 3714 religareut

2018 3732 2168 3788 inter
2197 3730 2396 3787 oculos
2427 3735 2483 3786 et
2511 3732 2570 3785 in
2602 3730 2899 3795 manibus,
2931 3734 3107 3800 atque
3159 3730 3217 3785 in
3260 3730 3511 3787 ﬁmbriis
3542 3730 3666 3804 pal-

2022 3821 2254 3892 liorum,
2289 3838 2359 3875 ne
2390 3835 2672 3890 umquam
2704 3818 3191 3874 obliviscerentur
3219 3819 3318 3875 Dei
3354 3820 3466 3875 sui.

2089 3909 2482 3982 (Vers.7,8).Et
2510 3908 2779 3979 ego(c)ero
2798 3909 2875 3962 eis
2895 3909 3054 3980 quasi
3074 3908 3419 3979 leaena,sicut
3436 3908 3646 3981 pardus

2017 3999 2079 4055 in
2109 4001 2203 4054 ria
2232 3998 2587 4069 Assyriorum
2611 4014 2627 4049 :
2659 4012 2965 4051 occurram
2994 3997 3071 4052 eis
3106 3998 3275 4068 quasi
3320 4013 3457 4053 ursa
3485 3997 3671 4070 raptis

2018 4088 2222 4144 catulis
2242 4104 2254 4141 :
2270 4093 2323 4142 et
2345 4088 2696 4157 disrumpam
2714 4086 2996 4142 interiora
3008 4088 3217 4158 jecoris
3231 4103 3458 4143 eorum:
3474 4095 3528 4142 et
3545 4103 3671 4143 οοη-

2015 4194 2239 4233 sumam
2269 4192 2360 4231 eos
2390 4176 2473 4231 ibi
2501 4174 2666 4247 quasi
2727 4173 2853 4229 leo:
2914 4174 3096 4231 bestia
3139 4177 3282 4248 agri
3309 4175 3525 4231 scindet
3551 4190 3666 4231 eos.

2018 4266 2189 4322 LXX:
2225 4270 2291 4321 Et
2317 4282 2414 4320 ero
2443 4265 2525 4320 eis
2556 4265 2719 4335 quasi
2743 4263 3021 4336 panther,
3054 4269 3108 4320 et
3136 4265 3289 4321 sicut
3316 4265 3553 4337 pardus
3602 4265 3673 4319 in

2016 4358 2117 4411 via
2147 4355 2540 4427 Assyriorum:
2572 4369 2875 4410 occurram
2904 4355 2984 4408 eis
3012 4354 3161 4409 sicut
3205 4370 3352 4410 ursa
3396 4353 3670 4423 indigens

2016 4446 2160 4513 cibo,
2191 4444 2607 4515 etdisrumpam
2624 4444 2904 4499 interiora
2922 4443 3113 4498 cordis
3136 4450 3419 4513 eorum,et
3439 4442 3669 4497 devora-

238 4528 538 4600 pl'opheta
566 4538 828 4589 servatus
853 4539 977 4590 est:
1010 4536 1186 4592 etiam
1219 4555 1373 4594 nunc
1405 4541 1544 4611 quid
1574 4543 1660 4599 eis
1690 4545 1913 4615 ριιωειί-
1946 4552 1990 4615 D
2023 4535 2157 4590 bunt
2187 4550 2281 4589 eos
2301 4534 2380 4589 ibi
2410 4533 2594 4588 catuli
2622 4532 3130 4598 sitvarum,bestiaz
3149 4531 3282 4601 agri
3302 4531 3673 4601 disrumpent

238 4620 410 4685 ιρι-ιι,
442 4618 658 4688 refert;
691 4638 796 4695 ego
833 4624 1113 4681 Dominus
1144 4626 1294 4683 Deus
1326 4632 1483 4699 tuus,
1517 4630 1615 4702 qui
1647 4636 1704 4687 te
1733 4633 1909 4689 eduxi

239 4707 313 4762 de
349 4711 516 4762 terra
544 4710 794 4782 Aigypti,
831 4711 931 4783 qui
967 4713 1069 4769 tibi
1108 4716 1380 4771 mandavi
1418 4735 1521 4789 per
1550 4720 1785 4792 Moysen
1816 4728 1915 4791 ;at

240 4796 449 4862 tende,
488 4813 559 4851 ne
591 4798 735 4855 forte
769 4802 1042 4857 comedas
1069 4806 1126 4857 et
1156 4806 1519 4875 salureris,et
1548 4808 1912 4868 obliviscaris

241 4883 345 4939 Dei
368 4884 482 4949 tui,
507 4885 605 4957 qui
630 4888 801 4943 eduxi
834 4892 887 4944 te
909 4891 979 4945 de
1002 4895 1155 4947 terra
1175 4894 1437 4966 Egyptif
1475 4913 1589 4951 non
1622 4903 1711 4953 est
1747 4899 1903 4955 enim

242 4972 401 5028 alius
428 4978 583 5029 Deus
610 4980 822 5047 praeter
853 4996 966 5045 me,
1000 4984 1056 5034 et
1086 4981 1184 5052 qui
1221 4982 1408 5052 possit
1440 4983 1688 5050 salvere,
1711 4987 1912 5045 nullus

240 5068 329 5117 est
359 5061 540 5118 alius.
575 5064 693 5138 Ego
724 5065 826 5137 qui
859 5068 1128 5124 conditor
1156 5069 1421 5127 omnium
1447 5089 1603 5145 sum,
1646 5077 1910 5148 cognovi:

250 5154 379 5209 sive
415 5155 543 5225 pavi
573 5158 629 5209 te
660 5155 719 5211 in
752 5156 979 5213 deserto
1010 5163 1067 5213 et
1096 5159 1154 5214 in
1186 5165 1340 5216 terra
1374 5160 1769 5234 iuhabitabili,
1812 5166 1908 5222 ubi

308 5350 399 5423 (a)
436 5351 647 5437 Verba,
678 5357 775 5437 qui
803 5354 973 5409 eduxi
1000 5363 1069 5437 te,
1102 5354 1199 5437 hic
1239 5372 1491 5437 quoque,
1526 5361 1589 5413 ut
1620 5375 1820 5437 supra,
1852 5366 1908 5419 et

218 5432 514 5504 rursum,
553 5424 647 5504 ubi
679 5424 847 5504 idern
887 5427 1215 5504 versiculus
1259 5424 1411 5504 intra
1444 5424 1709 5504 recurrit,
1739 5424 1907 5504 igno-

214 5499 378 5571 ραι
410 5493 683 5571 Hebraic.
711 5502 770 5553 et
798 5496 1051 5571 Vulgata
1079 5498 1278 5569 editio,
1310 5500 1453 5571 quin
1483 5506 1539 5555 et
1566 5493 1807 5558 Palatini
1839 5522 1906 5562 ex

198 5558 719 5626 Hierrnvmianis
750 5584 895 5624 mss.

300 5639 393 5721 (ὁ)
434 5635 699 5714 Vulgata.
732 5638 852 5700 sive
878 5639 1314 5722 Hieronymian,
1374 5641 1506 5723 ipsa
1532 5643 1722 5711 versio
1750 5648 1905 5710 tecet

2021 4641 2135 4680 eos.
2170 4622 2593 4695 Illiadimpleti
2652 4626 2789 4677 sunt
2846 4624 2903 4676 et
2960 4618 3236 4687 saturati;
3296 4617 3669 4675 elevaverunt

2021 4714 2197 4770 corda
2227 4716 2416 4778 sua,et
2445 4710 2607 4766 obliti
2636 4714 2773 4766 sunt
2803 4709 2936 4765 mei.
2970 4714 3084 4781 Ego
3105 4712 3324 4774 autem,
3346 4706 3670 4779 inquit,pro

2019 4802 2105 4859 eis
2134 4800 2304 4873 quasi
2331 4800 2537 4868 lemne,
2565 4799 2683 4855 sive
2715 4798 3057 4871 panther,de
3088 4813 3203 4868 quo
3226 4813 3406 4868 supra
3434 4795 3666 4868 plenius

2020 4891 2273 4947 diximus
2299 4908 2311 4944 :
2345 4894 2401 4944 et
2430 4890 2580 4944 sicut
2600 4889 2819 4960 pardus
2841 4887 2898 4942 in
2922 4884 3665 4959 viaAssyriorum,quando

2021 4982 2308 5036 ducentur
2363 4977 2571 5049 captivi
2630 4977 2702 5031 ab
2758 4975 3047 5049 Assyriis:
3108 4979 3165 5029 et
3211 4990 3513 5029 occurram
3549 4971 3666 5029 illis

2021 5068 2189 5142 quasi
2220 5084 2357 5124 ursa
2379 5066 2559 5138 raptis
2590 5065 2944 5135 catulis,sive
2973 5062 3241 5136 indigens
3274 5063 3438 5118 cibo:
3472 5066 3530 5119 et
3547 5062 3663 5117 dis-

2020 5174 2291 5231 rumpam
2322 5172 2523 5212 eorum
2554 5153 2827 5211 universa
2866 5151 3085 5209 vitalia.
3120 5152 3306 5208 Aiunt
3337 5152 3438 5224 qui
3470 5150 3541 5206 de
3566 5150 3666 5207 be-

2016 5359 2114 5429 qui
2140 5354 2311 5429 eduxi
2340 5358 2393 5408 te
2426 5368 2438 5408 :
2473 5368 2642 5429 secus
2670 5350 2729 5406 in
2790 5348 3150 5420 expositione
3197 5349 3477 5404 subnexa.
3531 5344 3662 5401 Vid.

2015 5422 2303 5501 superior,
2330 5422 2788 5501 annotationem.

2086 5487 2162 5575 ξς)
2194 5487 2536 5575 latissimus
2566 5494 2890 5575 hisvocem
2941 5508 3056 5575 e90.»
3090 5505 3267 5564 quam
3319 5493 3525 5575 Prsfer
3554 5487 3667 5575 ἔδει

2013 5558 2192 5650 ζιιςίιὶὶ).
2226 5573 2283 5624 et
2311 5566 2543 5650 Yulgat.
2576 5565 2892 5627 editionem
2938 5558 3053 5640 ipsi
3097 5558 3384 5640 respuunt
3413 5558 3665 5631 Palatini

2011 5644 2447 5722 Hieronymiani
2476 5652 2620 5701 mss.
3224 5670 3233 5673 η
