3964 6184
163 437 172 442 ’
253 481 367 544 947

1501 489 1569 552 S.
1615 489 1927 553 EUSEBII
1970 488 2411 556 HIERONYMI

3529 493 3642 558 948

959 775 1080 875 5.
1171 774 1843 876 EUSEBII
1929 776 2955 878 EIBRONYMI

1387 963 1961 1025 STRIDONENSIS
2006 964 2497 1025 PRESBYTERI

1139 1114 2748 1238 COMMENTARIORUM

437 1347 666 1470 IN
830 1345 1794 1473 JOELEM
1953 1346 3466 1477 PROPHETAM

1689 1561 1920 1620 LIBER
1963 1562 2200 1623 UNUS.

1225 1695 1416 1786 AD
1550 1693 2665 1788 PAMMACHIUM.

1564 1976 2326 2066 PROLOGUS.

313 2241 670 2300 που-ιω
717 2239 842 2296 Non
887 2238 1044 2294 idem
1091 2238 1232 2294 ordo
1270 2243 1359 2294 est
1397 2237 1704 2294 duodecim
1753 2255 1883 2310 pro-
1913 2238 1970 2304 Α

1998 2235 2235 2308 phonia,
2258 2235 2632 2309 κεκρυμμένος
2649 2236 2868 2312 Κυρίου,
2891 2237 3000 2294 hoc
3017 2244 3124 2306 est,
3149 2257 3388 2298 arcanus
3412 2243 3648 2302 Domini.

239 2331 549 2404 phetarum
582 2329 734 2402 apud
768 2327 1136 2400 septuaginta
1165 2328 1532 2399 interpretes,
1562 2327 1658 2398 qui
1693 2327 1750 2381 in
1785 2328 1887 2382 He-

240 2421 436 2477 braica
453 2419 694 2476 veritate
717 2417 1014 2473 retinetur.
1033 2415 1116 2472 Illi
1140 2415 1294 2471 enim
1319 2421 1544 2488 ponunt
1564 2417 1886 2472 secundum

240 2516 442 2576 Amos,
474 2508 713 2564 tertium
748 2507 1072 2576 Michaeam,
1117 2514 1390 2577 quartum
1421 2504 1567 2572 Joel,
1614 2506 1886 2577 quintum

241 2597 512 2664 Abdiam,
538 2602 767 2653 sextum
791 2597 1022 2666 Jonam,
1046 2595 1361 2666 septimum
1391 2595 1598 2661 Naum,
1622 2603 1886 2650 octavum

243 2688 494 2758 Abacuc,
545 2701 764 2742 nonum
813 2683 1190 2756 Sophoniam,
1241 2682 1533 2738 decimum
1582 2691 1883 2755 Aggeum,

239 2774 619 2832 undecimum
650 2773 1006 2844 Zachariam,
1039 2772 1454 2827 duodecimum
1488 2771 1834 2826 Malachiam
1869 2789 1881 2827 :

241 2863 461 2921 Hebraei
483 2867 678 2918 autem
706 2867 836 2934 post
856 2865 1018 2931 Osee,
1044 2860 1144 2932 qui
1167 2861 1320 2932 apud
1356 2866 1636 2930 utrosque
1659 2860 1886 2931 primus

238 2959 345 3021 est,
380 2953 702 3011 secundum
730 2951 933 3022 legunt
959 2949 1103 3015 Joel,
1130 2948 1365 3004 tertium
1387 2950 1585 3013 Amos,
1607 2956 1884 3020 quartum

236 3042 510 3109 Abdiam,
544 3041 820 3113 quintum
849 3040 1082 3106 Jonam,
1117 3043 1343 3093 sextum
1368 3037 1686 3113 Michaeam,
1715 3038 1887 3109 septi-

237 3149 401 3188 mum
432 3131 644 3197 Naum,
676 3134 943 3185 octavum
966 3129 1218 3196 Abacuc,
1253 3143 1471 3182 nonum
1503 3112 1884 3198 Sophoniam,

236 3220 530 3276 decimum
563 3224 862 3291 Aggaaum,
892 3217 1268 3271 undecimum
1289 3214 1648 3280 Zachariam,
1673 3215 1887 3270 duode-

237 3310 478 3379 cimum,
515 3307 611 3379 qui
644 3312 700 3362 et
729 3305 972 3361 ultimus
1002 3310 1110 3375 est,
1147 3303 1516 3359 Malachiam.
1550 3304 1618 3358 Et
1639 3304 1775 3375 quia
1796 3320 1883 3359 se-

239 3397 354 3454 mel
385 3413 590 3454 omnes
621 3396 797 3450 unius
837 3393 1154 3450 voluminis
1200 3392 1474 3464 prohetas
1523 3393 1884 3448 enumeravi-

238 3503 392 3557 mus,
423 3484 564 3541 utile
595 3483 764 3540 nobis
794 3483 1022 3540 videtur
1047 3477 1414 3554 ὶτυμολογίας
1444 3480 1809 3552 singulorum
1833 3485 1890 3536 et

239 3575 432 3632 Graace
460 3579 517 3630 et
540 3573 738 3628 Latine
771 3572 1020 3627 breviter
1039 3577 1338 3625 annotare.
1372 3575 1516 3626 Osce
1538 3570 1881 3641 interpreta-

233 3669 330 3720 tur
359 3661 569 3730 σώζων,
609 3676 784 3732 quem
818 3677 922 3716 nos
966 3661 1292 3715 salvatorem
1322 3675 1637 3725 possumus
1667 3659 1878 3714 dicere.

230 3751 355 3808 Joel
389 3747 718 3825 ἀρχόμενος,
768 3748 822 3803 id
858 3753 965 3814 est,
1002 3749 1290 3819 incipiens.
1344 3754 1542 3812 Amos,
1581 3744 1876 3819 βαστάξων,

231 3840 334 3913 qui
354 3840 508 3913 apud
539 3837 775 3894 Latinos
794 3842 1019 3910 portans
1049 3837 1280 3893 dicitur.
1303 3836 1519 3891 Abdias
1553 3831 1750 3895 δοῦλος
1785 3840 1881 3888 Κυ-

229 3947 374 4004 ριου,
428 3928 483 3982 id
530 3932 637 3998 est,
688 3943 872 3982 servus
917 3927 1157 3984 Domini.
1196 3925 1398 3991 Jonas,
1431 3923 1735 3995 περιστερὰ,
1769 3923 1878 3979 hoc

226 4022 335 4087 est,
384 4017 654 4072 columba.
709 4015 1004 4079 Michaeas,
1053 4012 1136 4074 τίς
1185 4013 1259 4073 ὡς
1305 4012 1413 4086 [ΑΙ.
1467 4010 1764 4082 ὀοτισοῢν],
1809 4029 1877 4067 ex

225 4106 456 4162 duabus
478 4103 758 4160 orationis
780 4104 1044 4174 partibus
1066 4118 1274 4156 nomen
1294 4099 1704 4171 compositum,
1719 4102 1874 4170 quod

223 4195 379 4267 apud
411 4210 518 4250 nos
548 4196 741 4257 sonat,
791 4193 914 4263 quis
943 4193 1122 4262 quasi,
1169 4195 1271 4244 aut
1299 4191 1420 4260 quis
1450 4189 1633 4243 velut?
1662 4188 1873 4254 Naum,

223 4279 590 4356 παράκλησις,
609 4281 666 4335 id
690 4279 1130 4346 est,consolazio.
1150 4277 1402 4344 Abacuc,
1426 4271 1870 4350 περιλαμϐάνων,

221 4373 279 4428 id
327 4377 437 4439 est,
489 4371 760 4442 (implexis
809 4369 926 4424 sive
971 4368 1182 4422 luctans
1221 4364 1333 4438 [ΑΙ.
1368 4366 1734 4436 amplexam].
1770 4366 1872 4421 So-

294 4534 372 4605 (a)
402 4531 660 4605 Verbum
686 4527 974 4600 pugnandi
1002 4528 1116 4582 duo
1149 4543 1290 4580 mss.
1324 4525 1610 4598 ignorant.
1655 4523 1873 4580 Alludit

221 4602 586 4661 Pammachii
619 4615 851 4656 nomen.

293 4677 368 4747 (b)
401 4678 628 4747 Quanta
655 4673 737 4747 psit
757 4669 1089 4747 depravatio
1111 4668 1290 4740 hujus
1311 4667 1543 4747 vocis_et
1569 4667 1868 4747 sententia;

221 4738 578 4820 Hiér'oriymi.
613 4744 708 4820 vis
738 4738 946 4820 notarit
991 4738 1206 4820 meum
1228 4738 1734 4820 ςρφρξβῖτθη.εὲθτθ›
1769 4739 1868 4820 qui

219 4833 346 4873 eam
380 4810 571 4872 oculis
593 4810 805 4870 viderit
824 4813 882 4867 in
906 4812 1166 4883 antiquis
1187 4810 1542 4883 editionibus
1570 4810 1791 4883 Erasmi
1814 4816 1870 4864 et

217 4889 486 4954 Mariani,
516 4887 614 4959 qui
648 4879 1146 4959 absurdissimum
1177 4882 1494 4959 ostendunt
1513 4881 1576 4959 S.
1598 4879 1869 4959 Hierony:

215 4977 380 5016 mum
410 4951 667 5032 legentes
700 4955 1016 5032 Ψηφιοτῂγ,
1064 4955 1119 5032 id
1153 4954 1750 5032 est,_su_[frqgator_'cm_,
1782 4951 1867 5032 vel

215 4977 380 5016 mum
412 4977 667 5032 legentes
705 4977 788 5025 Ἱλη
841 4977 1016 5023 ιστην,
1064 4977 1119 5008 lu
1153 4977 1260 5018 65L,
1307 4977 1750 5023 sul/ruguwrc'm,
1785 4977 1867 5007 νυι

212 5033 622 5098 calculatorem,
658 5045 772 5083 non
799 4977 1038 5101 ἷυλλέα,
1071 5025 1179 5079 hoc
1210 5029 1318 5101 est,
1348 5023 1599 5101 Psyllum
1617 5024 1785 5101 λψς-ιδ
1808 5025 1871 5078 ﬁ-

211 5105 343 5159 dem
377 5094 641 5157 omnium
676 5094 829 5154 mss.
853 5099 1140 5154 codicum.
1174 5100 1318 5150 Sunt
1341 5105 1535 5166 autem
1560 5094 1736 5166 Psylli
1761 5111 1857 5166 po-

211 5175 333 5244 puli
377 5173 561 5245 Libyaa
584 5172 650 5245 in
674 5170 885 5245 Africa,
919 5187 952 5245 a
974 5167 1161 5240 Psyllo
1185 5183 1316 5245 rege
1338 5165 1498 5245 dicti,
1533 5166 1751 5245 quibus
1768 5165 1859 5220 est

1993 2326 2262 2397 Aggaus,
2288 2323 2563 2397 ἐορτάζὸν,
2583 2342 2758 2399 quem
2781 2343 2889 2382 nos
2908 2329 3185 2399 festivum,
3206 2329 3324 2386 sive
3344 2331 3648 2390 solemnem

1998 2431 2316 2485 possumus
2346 2414 2552 2470 dicere.
2589 2415 2917 2487 Zacharias,
2965 2417 3154 2488 μνήμη
3193 2419 3417 2492 Κυρίου,
3449 2422 3508 2476 id
3539 2429 3650 2490 est,

1994 2505 2261 2558 memoria
2306 2504 2545 2558 Domini.
2602 2504 2938 2576 Malachias,
2990 2501 3225 2579 ἄγγελός
3263 2528 3390 2580 μου,
3439 2511 3499 2564 id
3539 2518 3649 2580 est,

1996 2594 2219 2647 nuntius
2243 2609 2416 2648 meus.
2442 2596 2573 2658 Quae
2596 2593 2792 2648 omnia
2813 2611 2928 2666 quo
2948 2611 3124 2650 sensu
3149 2596 3489 2668 accipienda
3510 2601 3651 2668 sint,

1997 2680 2054 2734 in
2087 2681 2212 2736 suis
2240 2681 2634 2736 voluminibus
2663 2681 3001 2737 disseretur.
3037 2683 3298 2747 Quatuor
3327 2692 3528 2743 autem
3559 2705 3649 2744 re-

1996 2768 2135 2838 liqui
2187 2769 2498 2841 prophetae,
2552 2775 2617 2824 ut
2663 2770 2915 2825 sedecim
2969 2773 3392 2843 compleamus,
3443 2777 3648 2846 Isaias,

1994 2857 2276 2925 Ezechiel,
2309 2858 2613 2925 Jeremias,
2650 2858 2868 2926 Daniel,
2902 2859 3052 2915 hanc
3078 2860 3296 2917 habent
3318 2864 3651 2938 intelligen-

1994 2946 2138 3001 tiam
2164 2963 2176 3002 :
2213 2947 2396 3002 Isaias
2423 2945 2667 3020 σωτηρία
2689 2945 2886 3022 Κυρίου
2908 2948 3138 3020 dicitur,
3162 2950 3220 3006 id
3241 2957 3349 3018 est,
3371 2956 3530 3010 salus
3551 2957 3654 3012 Do-

1994 3037 2138 3090 mini
2150 3053 2169 3089 .‘
2183 3035 2447 3090 Ezechiel
2471 3036 2668 3109 κράτος
2692 3035 2911 3106 Κυρίου,
2937 3039 3090 3109 quod
3119 3056 3223 3094 nos
3244 3043 3418 3097 robur
3438 3044 3528 3099 vel
3551 3047 3653 3100 im.

1991 3126 2209 3196 perium
2225 3126 2445 3180 Domini
2461 3128 2499 3179 1
2515 3127 2680 3180 (ιτ-1
2695 3125 2794 3180 68
2819 3141 3134 3196 possumus
3151 3130 3476 3200 appellare:
3496 3134 3653 3190 Jere-

1996 3213 2146 3268 mias
2168 3209 2379 3284 ὺψηλὸς
2401 3212 2620 3287 Κυρίου,
2653 3214 2708 3268 id
2733 3219 2840 3281 est,
2863 3216 3107 3271 excelsus
3129 3219 3348 3273 Domini
3372 3236 3385 3273 :
3426 3222 3648 3291 Daniel,

1993 3298 2171 3376 ’ἔκρινε
2192 3321 2257 3372 με
2277 3302 2496 3376 Κῦρῖος,
2509 3303 2566 3358 id
2582 3302 3498 3374 est,judicavilmeDominusouze
3514 3328 3648 3367 cum

1995 3391 2074 3447 ite
2103 3408 2165 3447 se
2197 3391 2466 3454 habeant,
2502 3392 2760 3457 obsecro,
2811 3391 2890 3446 mi
2919 3395 3282 3463 Pammachi,
3333 3398 3436 3469 qui
3486 3402 3644 3455 omni

1999 3486 2119 3536 arte
2133 3481 2209 3552 (a)
2223 3480 2520 3552 pugnandi
2539 3480 2846 3536 adversum
2868 3471 3454 3554 diabolum'dimicas,
3471 3494 3538 3543 ut
3554 3506 3646 3547 no-

1997 3571 2088 3625 bis
2108 3574 2310 3625 contra
2331 3568 2561 3624 Amalec
2583 3570 2982 3641 pugnantibus
3010 3569 3162 3627 leves
3193 3587 3329 3629 cum
3356 3576 3550 3649 Moyse
3569 3579 3636 3633 ad

1990 3659 2304 3714 Dominum
2336 3675 2566 3724 manus,
2599 3663 2656 3712 et
2685 3659 3050 3714 adversarios
3073 3660 3245 3716 Israel
3273 3665 3626 3720 orationibus

1989 3763 2251 3818 superes.
2301 3745 2498 3818 Nuper
2544 3747 2614 3801 de
2641 3747 2884 3818 [Egypto
2921 3749 3138 3819 egressi
3189 3766 3420 3820 sumus,
3473 3758 3528 3808 et
3573 3753 3630 3808 in

1988 3836 2131 3892 Osee
2153 3835 2450 3890 Pharaone
2467 3837 2793 3901 submerso,
2822 3836 3087 3891 Rubrum
3111 3839 3499 3896 transivimus
3520 3858 3636 3897 ma-

1989 3941 2049 3980 re
2080 3924 2270 3996 (Exod.
2305 3941 2419 3990 xxv,
2452 3928 2548 3992 xv)
2576 3940 2589 3978 :
2633 3941 2790 3978 nunc
2822 3930 2953 3996 post
2981 3925 3160 3980 latam
3192 3929 3374 3983 eremi
3403 3931 3640 3986 vastita-

1987 4017 2128 4076 tem,
2162 4011 2346 4067 multo
2377 4011 2545 4067 nobis
2576 4011 2772 4068 labore
2803 4013 3134 4068 sudandum
3170 4021 3278 4083 est,
3311 4021 3378 4072 ut
3409 4019 3480 4073 ad
3515 4004 3646 4092 Sep-

1986 4101 2251 4173 tuaginta
2283 4101 2505 4171 palmas
2536 4104 2592 4156 et
2622 4102 2808 4156 fontes
2841 4103 3193 4172 apostolicos
3220 4108 3529 4176 pervenire
3552 4125 3647 4163 va-

1985 4188 2232 4245 leamus.
2267 4189 2537 4261 Insurgat
2569 4189 2700 4244 licet
2730 4191 2977 4262 scorpio,
3014 4195 3071 4246 et
3117 4197 3350 4249 arcuato
3404 4195 3651 4252 vulnere

1984 4278 2152 4333 ferire
2203 4283 2488 4333 conetur:
2541 4282 2602 4333 tu
2655 4295 2851 4334 comes
2904 4278 3153 4348 itineris,
3203 4285 3261 4336 et
3302 4289 3651 4341 excantator

1981 4371 2400 4422 venenatorum
2419 4383 2747 4437 morsuum,
2763 4368 2838 4439 (b)
2857 4368 3220 4440 spiritualem
3240 4370 3412 4426 nobis
3429 4369 3650 4444 ψυλλὲα

1982 4527 2184 4598 randa,
2211 4531 2276 4582 ut
2296 4527 2567 4598 prudenti
2595 4527 2792 4581 lectori
2820 4528 3194 4584 manifestum
3219 4534 3327 4584 est.
3355 4530 3548 4587 MART.
3577 4566 3652 4575 —

1978 4597 2755 4669 Alludit,qu’amPlutarchus
2778 4600 3647 4670 narrat,deCatonehistoriam,

1979 4670 2079 4740 qui
2116 4669 2303 4740 Libym
2337 4670 2564 4723 deserta
2596 4675 3027 4740 penetraturus,
3062 4671 3290 4726 itineris
3312 4675 3563 4730 comites
3590 4669 3650 4731 et

1980 4747 2380 4814 excantaLm-es
2404 4749 2814 4814 venenalorum
2837 4757 3139 4814 morsuum
3157 4742 3382 4814 Psyllos
3407 4744 3643 4804 habuit.

1979 4811 2302 4889 Psyllorum
2340 4828 2530 4889 porro,
2585 4811 2888 4889 hominum
2923 4811 3292 4885 Cyrenaicam
3329 4818 3642 4889 regionem

1978 4882 2117 4938 olim
2153 4882 2553 4955 incolentium,
2608 4883 2917 4955 notissima
2965 4882 3033 4938 ea
3077 4891 3164 4940 est
3210 4887 3366 4955 apud
3397 4882 3645 4946 Veteres

1981 4955 2293 5031 scriptores
2325 4953 2583 5031 ingenita
2610 4954 2797 5031 virtus
2829 4960 3030 5031 contra
3051 4953 3353 5026 serpentes
3380 4963 3439 5013 et
3460 4960 3640 5031 feras,

1981 5042 2014 5097 a
2043 5025 2256 5097 quibus
2279 5042 2391 5080 non
2416 5025 2711 5097 modojpsi
2737 5042 2850 5078 non
2881 5025 3244 5091 laederentur,
3278 5033 3376 5083 sed
3403 5035 3463 5084 et
3488 5025 3641 5087 alios

1975 5094 2259 5170 innocuos
2295 5097 2564 5170 facerent.
2598 5094 2900 5170 Videndus
2921 5097 2977 5150 in
2998 5097 3152 5170 hanc
3178 5115 3297 5170 rem
3322 5115 3441 5170 prae
3465 5109 3639 5157 caete-

1967 5168 2050 5222 ris
2081 5168 2288 5222 Strabo
2322 5167 2420 5222 lib.
2455 5185 2588 5233 xvu,
2622 5172 2678 5221 et
2710 5167 2814 5222 Dio
2845 5168 3088 5223 Cassius
3122 5168 3179 5222 in
3210 5167 3422 5225 Caesar.
3456 5172 3638 5228 Octa-

209 5236 369 5300 virus
400 5236 980 5317 ingenitumexitiale
1002 5236 1389 5317 serpentibus,
1417 5242 1471 5291 et
1493 5237 1662 5317 cujus
1683 5236 1857 5317 odore
1963 5239 2152 5317 ginno,
2206 5238 2303 5317 ubi
2325 5237 2658 5317 gleopa-trai
2687 5239 2933 5317 corpori,
2973 5244 3053 5317 .ut
3112 5241 3239 5294 vitae
3275 5243 3639 5317 restitueret,

211 5330 310 5370 eos
343 5308 592 5385 possunt
621 5313 830 5384 sopire.
864 5309 1184 5385 VideAPlin.
1218 5309 1318 5363 lib.
1351 5326 1451 5385 vn,
1475 5309 1677 5385 cap._2.
1704 5308 1851 5363 Scri-

211 5385 296 5440 bit
328 5379 495 5456 porro
528 5379 876 5456 Plutarchus
907 5385 963 5437 in
998 5382 1232 5456 Qatone,
1278 5379 1548 5435 eumdem
1581 5383 1853 5456 Catonem

209 5449 568 5527 perﬁdeserta
619 5455 811 5527 Libya:
857 5455 966 5509 iter
1008 5452 1335 5517 facientem,
1388 5467 1583 5527 secum
1637 5449 1857 5522 Psyllos

208 5523 462 5599 duaisse,
497 5528 594 5599 qui
639 5523 931 5581 morsibus
957 5530 1297 5599 serpentum
1334 5523 1725 5599 mederentur,
1759 5538 1855 5599 ore

207 5592 844 5660 trahentes'venenum,
873 5600 930 5648 ct
955 5592 1113 5664 ipsos
1138 5599 1436 5664 serpentes
1461 5592 1729 5646 cantibus
1753 5593 1856 5647 mi-

207 5666 479 5741 tigantes.
515 5670 725 5741 Totum
757 5666 913 5741 hunc
938 5663 1127 5741 locum
1162 5663 1398 5741 respicit
1426 5665 1733 5741 S..I)oc_tor,
1754 5664 1852 5741 qui

204 5735 662 5796 in'Pammacbio
686 5735 1048 5807 spiritualem
1071 5735 1236 5807 cupit
1252 5735 1464 5789 habere
1484 5735 1756 5805 Psyllum,
1780 5736 1851 5789 ad

205 5809 550 5869 amulorum
573 5804 745 5876 atque
765 5804 1169 5861 haereticorum
1187 5804 1347 5862 virus
1363 5821 1430 5860 ac
1447 5804 1670 5862 venena
1685 5822 1851 5878 supe-

1965 5308 2186 5381 Psyllos
2217 5309 2394 5364 tradit
2422 5308 2801 5382 adhibuisseJ
2835 5310 3060 5382 Plinius
3110 5328 3343 5382 quoque
3377 5312 3480 5369 lib.
3525 5308 3634 5382 vn,

1965 5380 2092 5452 cap.
2123 5383 2177 5445 2,
2210 5387 2267 5435 et
2297 5397 2424 5451 quae
2459 5381 2729 5435 Lucanus
2761 5381 2975 5435 cecinit
3004 5380 3106 5436 lib.
3129 5380 3198 5437 ‘1x
3227 5399 3239 5435 :

2646 5504 2786 5550 Gens
2818 5503 2979 5553 unica
3009 5509 3178 5553 terras

2061 5566 2246 5614 Incolit
2274 5579 2304 5613 a
2333 5578 2476 5614 saevo
2509 5569 2816 5626 serpentum
2849 5566 3071 5615 innoxia
3099 5581 3300 5626 morsu,

2058 5627 2389 5678 Marmarida:
2422 5626 2577 5689 Psylli
2604 5644 2615 5675 ;
2649 5641 2747 5691 par
2773 5627 2955 5690 lingua
2983 5630 3292 5691 potentibus
3322 5629 3541 5691 herbis;

2058 5692 2174 5753 Ipse
2209 5704 2366 5738 cruor
2395 5688 2557 5746 tutos,
2591 5688 2906 5751 nullumque
2929 5688 3210 5741 admittere
3240 5693 3410 5753 virus,

2101 5752 2149 5800 el
2177 5756 2335 5822 cantu
2353 5755 2623 5822 Icessante,
2661 5755 2849 5822 potest.
2882 5753 3083 5822 Natura
3109 5753 3347 5804 locorum

2054 5815 2233 5875 Iussit,
2267 5817 2323 5863 ut
2350 5813 2617 5864 immunes
2647 5813 2797 5864 mixti
2829 5816 3170 5878 serpentibus
3195 5821 3392 5868 essent.
