3964 6184
382 343 498 416 951

1634 338 1704 401 8.
1748 338 2030 403 EUSEBI

2143 333 2550 402 llERONYMl
3607 333 3701 401 θω

378 495 583 548 meum,
613 437 666 534 et
687 476 948 551 juvenem
997 477 1058 532 in
1103 475 1329 530 livorem
1366 489 1548 530 meum
1599 473 1752 546 (Gen.
1783 491 1857 540 iV,
1889 474 1980 546 23)
2011 491 2024 528 :
2055 473 2110 540 Α
2143 471 2682 545 pleniusJosephus
2699 471 2919 542 septem
2934 465 3648 540 voluminibus,Vespasiani
3662 475 3706 526 et

377 569 598 625 sciebat
637 568 887 623 obscura
934 581 1063 622 esse
1112 582 1238 637 quae
1286 563 1654 636 loquebatur,
1708 567 1766 618 et
1811 562 2025 618 idcirco

373 674 582 713 uxores
595 673 734 712 suas
757 667 871 711 nan
891 655 962 710 ad
993 651 1321 726 simplicem
1343 656 1575 708 tantum
1599 653 1909 707 verborum
1938 669 2024 706 so-

371 762 536 812 num,
569 746 672 802 sed
703 745 776 800 ad
825 743 1185 800 reconditam
1218 759 1452 814 quoque
1483 742 1772 796 dictorum
1805 740 2025 797 intelli-

370 835 630 909 gentiam
682 833 1050 906 provocabat.
1083 832 1145 887 Si
1193 831 1328 903 quis
1375 830 1556 903 igitur
1604 847 1779 885 senex
1829 833 1936 901 est,
1969 835 2026 886 et

371 929 614 979 maturae
645 925 800 978 I70
830 921 1017 976 aetatis
1043 921 1100 974 in
1137 919 1382 974 Demino
1405 919 1624 974 electus
1656 918 1763 987 [ΑΙ.
1786 927 1838 974 et
1866 920 2024 975 laetus

371 1014 470 1084 est]
505 1028 698 1075 senex,
733 1016 797 1066 ut
824 1010 883 1066 in
919 1009 1420 1080 consequentibus
1444 1008 1615 1078 juxta
1644 1007 2025 1080 Septuaginta

373 1099 727 1172 Interpretes
759 1099 1035 1170 legimus,
1067 1115 1134 1153 ac
1165 1096 1538 1169 parvulorum
1571 1095 1809 1168 reliquit
1839 1097 2026 1150 infan-

372 1189 539 1255 tiam,
573 1187 773 1242 audiat
804 1203 931 1258 quae
962 1185 1255 1241 dicuntur.
1285 1184 1391 1248 Qui
1424 1187 1618 1238 autem
1652 1183 1842 1238 adhuc
1859 1182 2023 1238 habi-

375 1280 465 1334 tat
491 1277 549 1332 in
593 1282 765 1343 terra,
800 1280 858 1332 et
904 1292 1018 1330 non
1052 1278 1242 1346 potest
1292 1273 1481 1328 dicere
1515 1290 1526 1328 :
1561 1273 1776 1327 Advena
1806 1289 1930 1326 sum
1974 1279 2026 1328 et

374 1367 698 1438 peregrinus
733 1367 876 1420 sicut
921 1379 1102 1420 omnes
1132 1367 1312 1434 patres
1340 1363 1451 1417 mei
1497 1361 1608 1432 (Ps.
1641 1378 1878 1426 xxxvui,
1912 1361 2021 1431 14),

376 1453 618 1510 auribus
650 1452 948 1524 percipiat.
979 1452 1041 1507 Si
1066 1455 1274 1522 factum
1301 1458 1397 1522 est,
1419 1449 1632 1521 inquit,
1663 1449 1809 1504 istud
1834 1453 1891 1504 in
1907 1449 2024 1504 die-

375 1543 474 1597 bus
493 1543 706 1609 vestris,
719 1549 816 1596 aut
835 1542 894 1596 in
906 1541 1094 1596 diebus
1104 1544 1326 1612 patrum
1345 1543 1666 1594 vestrorum.
1689 1537 1867 1592 Arthe
1889 1537 2023 1592 rhe-

371 1629 556 1687 torica
582 1648 655 1686 ex
684 1647 879 1686 rerum
919 1629 1325 1702 magnitudine
1367 1633 1655 1684 attentum
1697 1627 2022 1682 auditorem

369 1719 510 1775 facit
541 1738 554 1776 :
587 1719 750 1775 nulla
797 1719 938 1788 haec,
972 1719 1184 1790 inquit,
1217 1722 1359 1773 aetas
1413 1715 1700 1780 meminit,
1735 1731 1865 1787 qua)
1908 1714 2024 1770 dic-

368 1812 541 1864 turus
571 1824 844 1879 sum,nec
875 1811 1209 1872 vestro,nec
1239 1811 1473 1878 patrum
1496 1809 1823 1860 vestrorum
1848 1807 2022 1875 atque

369 1898 662 1969 majorum
711 1896 864 1952 facta
916 1900 1057 1951 sunt
1085 1899 1364 1966 tempore.
1398 1894 1599 1949 Patres
1648 1896 1844 1947 autem
1881 1909 2019 1947 avos

367 1991 687 2058 atavosque
718 2000 1001 2058 cognosce
1021 1989 1080 2039 et
1107 1982 1262 2038 ﬁlios
1293 1982 1570 2046 filiorum,
1600 1997 1834 2036 omnem
1857 1980 2019 2036 dein-

370 2091 507 2146 cepa
565 2073 850 2140 sobolem,
899 2074 1069 2144 juxta
1124 2070 1270 2127 illud
1331 2069 1723 2143 Virgilianum
1781 2068 2020 2142 (AEneid.

373 2161 470 2218 lib.
505 2161 590 2233 III)
625 2178 638 2218 :

543 2251 607 2301 Et
633 2250 745 2301 nati
774 2253 1044 2309 natorum,
1076 2253 1129 2299 et
1157 2249 1255 2313 qui
1285 2251 1576 2298 nascentur
1604 2247 1671 2297 ab
1700 2247 1806 2296 illis
1837 2261 1849 2296 :

443 2341 510 2396 Et
537 2356 706 2396 senes
737 2355 873 2412 ergo
927 2343 985 2394 et
1014 2339 1376 2394 habitatores
1426 2341 1613 2401 terrae,
1645 2336 1785 2392 ﬁliis
1815 2335 2027 2392 vestris

374 2429 743 2504 posterisque
774 2432 1004 2483 narrate
1028 2445 1042 2495 ;
1075 2427 1176 2498 qui
1209 2442 1385 2481 senex
1414 2424 1680 2490 est,liber
1698 2441 1906 2480 ossuos
1927 2425 2029 2480 do-

372 2522 501 2576 ceat
539 2521 906 2573 sacramenta
936 2533 949 2572 :
985 2516 1084 2587 qui
1117 2513 1412 2570 habitator
1457 2517 1548 2569 est
1578 2517 1765 2581 terrae,
1800 2513 2028 2585 simpli-

373 2623 498 2663 cem
532 2604 729 2662 narret
750 2604 1075 2661 historiam.
1097 2603 1259 2659 Unde
1289 2619 1478 2674 usque
1504 2601 1677 2658 hodie
1707 2619 1813 2658 nos
1847 2602 1946 2673 qui
1970 2601 2029 2656 in

382 2695 611 2752 Christo
643 2693 958 2758 credimus,
992 2709 1243 2763 quorum
1277 2708 1410 2746 cum
1441 2695 1634 2762 Moyse
1655 2689 1915 2745 ablatum
1946 2697 2035 2746 est

378 2784 648 2840 velamen
680 2783 752 2838 ab
783 2781 990 2850 oculis,
1007 2785 1063 2836 et
1091 2781 1162 2835 de
1184 2779 1398 2851 quibus
1430 2779 1644 2834 dicitur
1669 2796 1681 2834 :
1707 2779 2034 2834 Caniltomi-

373 2874 468 2927 nis
511 2872 786 2942 sapientia
830 2871 948 2937 eius
977 2868 1221 2940 (Sapien.
1274 2886 1350 2933 ιν,
1381 2872 1459 2940 8),
1492 2867 1630 2922 filiis
1674 2868 1893 2923 nostris
1941 2883 2035 2923 se-

376 2963 536 3017 creta
565 2964 622 3014 et
653 2958 806 3014 mira
835 2975 1166 3013 narramus.
1199 2957 1384 3013 Judmi
1416 2963 1610 3012 autem
1645 2956 1747 3028 qui
1771 2956 2039 3011 habitant

377 3047 439 3104 in
485 3051 659 3114 terra,
691 3046 1014 3118 loquuntur
1059 3051 1309 3113 terrena,
1341 3049 1398 3101 et
1446 3044 1613 3100 humi
1663 3045 2038 3119 cohaerentia,

379 3137 451 3193 de
483 3136 701 3208 quibus
733 3135 1013 3207 scriptum
1049 3139 1136 3190 est
1173 3153 1185 3189 :
1221 3135 1327 3203 Qui
1355 3134 1423 3189 de
1475 3141 1619 3188 terra
1669 3136 1766 3204 est,
1797 3134 1862 3188 de
1893 3142 2040 3190 terra

2136 563 2248 618 Titi
2277 578 2522 617 narrans
2542 559 2892 632 triumphos.
2915 558 3020 612 Elii
3035 573 3262 630 quoque
3283 557 3536 612 Hadriani
3555 565 3706 615 contra

2133 651 2366 708 Judzeos
2417 650 2845 722 expeditionem
2892 647 3164 720 legimus,
3196 646 3294 718 qui
3339 646 3416 700 ita
3442 646 3704 704 Jerusalem

2135 756 2454 812 murosque
2483 739 2782 807 subvertit,
2808 744 2871 793 ut
2899 739 2969 792 de
2993 736 3154 792 urbis
3175 733 3430 806 reliquiis
3448 752 3507 790 ac
3527 736 3706 804 favillis,

2135 830 2226 886 sui
2258 829 2515 884 nominis
2544 829 2730 884 Eliam
2755 828 3029 883 conderet
3049 825 3358 880 civitatem.
3376 825 3498 878 Haec
3515 833 3708 896 quatuor

2133 934 2314 990 regna
2344 935 2470 990 quae
2490 919 2824 973 subvertere
2847 913 3206 982 Judaeam,in
3236 919 3476 984 quatuor
3493 915 3709 971 cornibus

2131 1007 2438 1063 Zacharias
2461 1007 2678 1062 vidisse
2700 1023 2762 1061 se
2793 1006 3016 1071 scribit,
3031 1005 3256 1060 dicente
3274 1005 3346 1058 ad
3366 1020 3490 1058 eum
3508 1004 3707 1074 Angelo:

2134 1099 2259 1153 Haec
2314 1104 2444 1151 sunt
2485 1113 2710 1161 cornua,
2745 1111 2869 1167 quae
2913 1092 3470 1150 ventitaruntludam
3513 1096 3556 1146 et
3581 1094 3712 1148 Israel

2132 1190 2184 1241 et
2228 1186 2534 1241 Jerusalem
2566 1184 2749 1256 (Zach.
2802 1201 2840 1252 ι,
2877 1184 2984 1251 19).
3020 1183 3087 1237 Et
3133 1197 3365 1236 rursum
3399 1197 3412 1235 :
3444 1181 3631 1244 Levavi,
3655 1181 3713 1234 in-

2133 1275 2280 1346 quit,
2313 1274 2493 1329 oculos
2535 1289 2680 1328 meos
2711 1277 2762 1328 et
2805 1273 2937 1342 vidi,
2969 1275 3024 1326 et
3061 1287 3181 1326 ecce
3227 1273 3452 1342 quatuor
3495 1268 3714 1339 quadriga

2130 1362 2461 1433 egredientes
2503 1361 2571 1417 de
2616 1361 2794 1417 medio
2837 1361 3080 1416 duorum
3126 1362 3411 1425 montium,
3450 1362 3498 1413 et
3537 1360 3714 1424 metu,

2129 1460 2338 1507 montes
2352 1453 2501 1508 aenei
2523 1469 2541 1505 :
2573 1452 2632 1506 in
2654 1450 2924 1520 quadriga
2949 1449 3298 1520 prima,equi
3314 1449 3417 1518 ruﬁ
3439 1462 3458 1506 .·
3484 1450 3529 1501 et
3554 1447 3602 1500 in
3617 1463 3714 1518 qua-

2130 1540 2292 1608 driga
2319 1539 2576 1605 secunda,
2607 1541 2735 1610 equi
2761 1540 2922 1610 nigri
2939 1555 2960 1600 ;
2990 1543 3046 1593 et
3075 1539 3136 1593 in
3167 1536 3428 1609 quadriga
3449 1538 3609 1600 tertia,
3624 1540 3716 1606 equi

2131 1631 2282 1690 albi;
2311 1637 2364 1686 et
2392 1630 2453 1684 in
2499 1628 2766 1701 quadriga
2797 1637 3014 1700 quarta,
3043 1629 3171 1698 equi
3220 1627 3366 1681 varii
3389 1627 3540 1695 fortes
3574 1625 3714 1694 (lacti.

2131 1735 2209 1785 v1,
2242 1719 2316 1789 1).
2343 1721 2605 1789 Cumque
2654 1717 2937 1789 propheta
2987 1716 3231 1771 dixisset
3261 1716 3331 1770 ad
3379 1712 3621 1785 angelum
3645 1712 3716 1784 qui

2131 1807 2482 1880 loquebatur
2529 1808 2586 1862 in
2619 1822 2686 1862 eo
2721 1822 2733 1860 :
2769 1806 2910 1874 Quid
2950 1811 3078 1862 sunt
3106 1806 3237 1875 haec,
3270 1804 3486 1859 Domine
3526 1803 3595 1856 mi
3607 1801 3631 1854 ἢ
3653 1817 3718 1855 re-

2129 1897 2368 1968 spondit
2390 1895 2634 1968 angelus
2658 1912 2671 1950 :
2693 1897 2792 1951 Isti
2809 1899 3182 1966 suntquatuor
3195 1893 3484 1958 ventica’li,
3509 1893 3592 1964 qui
3607 1907 3718 1959 egre-

2127 1985 2357 2041 diuntur
2384 1993 2445 2040 ut
2494 1989 2638 2040 stent
2665 2001 2853 2040 coram
2899 1985 3251 2040 Dominatore
3281 1985 3455 2039 omnis
3484 1991 3622 2037 teme
3647 1985 3719 2034 :et

2130 2078 2220 2131 est
2249 2091 2458 2130 sensus
2491 2090 2504 2129 :
2537 2074 2633 2129 isti
2667 2078 2806 2130 sunt
2823 2072 2922 2146 qui
2955 2072 3391 2146 egrediuntura
3418 2071 3551 2126 facie
3574 2068 3717 2124 Domi-

2133 2163 2215 2228 ni,
2246 2167 2313 2219 ut
2341 2164 2472 2233 ejus
2521 2161 2805 2234 impleant
2852 2161 3236 2218 voluntatem.
3269 2162 3411 2218 Cum
3438 2157 3718 2216 habitatori-

2133 2253 2244 2308 bus
2273 2256 2438 2307 terras
2470 2251 2840 2324 percepimus
2870 2252 3112 2307 auribus
3139 2251 3283 2322 quid
3313 2265 3499 2317 eruca,
3528 2247 3716 2313 locusta,

2135 2342 2418 2405 bruchus,
2452 2339 2682 2413 rubigo,
2715 2339 3047 2412 significent
3088 2356 3102 2394 :
3154 2355 3316 2394 nunc
3360 2354 3488 2393 cum
3531 2335 3717 2391 senibus

2135 2431 2290 2503 quod
2316 2429 2538 2485 dictum
2570 2433 2661 2485 est
2677 2429 3008 2484 audiamus.
3033 2430 3300 2492 Quatuor
3328 2443 3451 2483 esse
3480 2424 3719 2498 perturba-

2137 2521 2344 2588 tiones,
2379 2518 2594 2591 quibus
2627 2518 2958 2573 animarum
2991 2517 3214 2572 sanitas
3248 2517 3607 2584 subvertatur,
3635 2528 3725 2567 om-

2139 2623 2244 2664 nes
2273 2605 2760 2679 philosophorum
2811 2606 3023 2661 scholae
3053 2604 3440 2661 conclamant.
3477 2604 3597 2658 Duae
3623 2617 3726 2674 pre-

2139 2700 2337 2752 sentes
2365 2695 2597 2766 sibique
2626 2694 2951 2761 contrariae,
2985 2694 3111 2749 duae
3143 2694 3356 2748 futurae
3379 2698 3566 2748 mutuo
3593 2687 3728 2745 dissi-

2141 2786 2365 2840 dentes.
2399 2787 2740 2848 Praisentes,
2771 2783 3052 2855 aegritudo
3093 2787 3151 2837 et
3202 2782 3502 2855 gaudium.
3531 2777 3726 2852 Egritu-

2143 2874 2339 2928 dinem
2371 2872 2549 2928 animi
2582 2872 2853 2930 dicimus.
2889 2871 3147 2942 alioquin
3179 2871 3441 2944 corporis
3471 2887 3575 2924 non
3601 2867 3728 2938 egri-

2145 2962 2306 3028 tudo,
2339 2962 2439 3016 sed
2484 2960 2780 3033 aegrotatio
2827 2961 3183 3016 nominatur.
3215 2963 3335 3016 Aut
3380 2959 3545 3032 igitur
3585 2956 3728 3011 tristes

2146 3065 2381 3113 sumus,
2430 3053 2487 3104 et
2535 3065 2780 3106 maerore
2827 3049 3190 3113 conﬁcimur,
3225 3053 3523 3119 statusque
3570 3049 3728 3101 nostra

2151 3137 2366 3193 mentis
2407 3138 2683 3192 evertitur
2731 3154 2743 3192 :
2799 3139 2950 3193 unde
3000 3143 3058 3193 et
3102 3137 3416 3209 Apostolus
3460 3138 3646 3200 monet,
3678 3145 3729 3187 ne

385 3227 629 3298 loquitur
657 3242 678 3281 .°
707 3226 804 3297 qui
830 3223 895 3280 de
937 3224 1068 3280 cazto
1112 3225 1279 3292 venit,
1312 3239 1479 3292 super
1505 3237 1688 3277 omnes
1734 3225 1811 3277 est
1841 3224 2031 3292 (Joan.
2067 3210 2109 3276 Ο
2147 3226 2559 3283 abundantiori
2589 3226 2830 3282 tristitia
2862 3227 3249 3282 absorbeatur
3280 3227 3452 3282 frater
3475 3227 3516 3298 (Ι
3544 3226 3641 3281 Cor.
3667 3220 3727 3290 ιι).

391 3331 476 3384 ιιι,
510 3313 623 3382 31).

461 3401 647 3475 (Vera.
707 3402 784 3474 4.)
834 3401 1130 3458 Residuum
1186 3414 1372 3456 erucae
1427 3401 1659 3455 comedit
1713 3401 1940 3473 locusta,
1999 3418 2051 3472 ει

393 3491 674 3549 residuum
710 3491 926 3547 locustae
974 3489 1202 3545 comedit
1231 3489 1488 3559 bruchus,
1520 3497 1570 3544 et
1597 3490 1879 3546 residuum
1919 3491 2048 3546 bru-

391 3581 484 3637 chi
511 3581 751 3637 comedit
784 3581 996 3652 rubigo.
1023 3580 1173 3634 LXX
1205 3577 1495 3634 similiter.
1517 3579 1829 3634 Exordium
1854 3580 2051 3652 sequi-

388 3673 488 3726 tur
517 3668 773 3725 narratio
811 3685 823 3725 :
858 3669 958 3724 ubi
1008 3672 1072 3723 ut
1103 3673 1395 3724 attentum
1447 3669 1660 3723 faceret
1699 3669 2052 3725 auditorem:

289 3757 292 3762 ’
391 3775 608 3831 magna
638 3763 695 3813 et
744 3756 1110 3813 incredibilia
1139 3773 1202 3813 se
1250 3757 1546 3812 dicturum
1580 3773 1709 3812 esse
1756 3759 2050 3828 promisit’

387 3865 534 3921 qua;
563 3863 669 3902 nec
714 3851 880 3902 vetus
929 3846 1103 3902 sciret
1148 3846 1416 3911 historia,
1449 3862 1554 3901 nec
1608 3862 1860 3918 prmsens
1909 3851 2049 3904 aetas

385 3935 544 3991 facta
575 3938 970 4007 cognosceret.
1003 3933 1105 3988 Hic
1137 3938 1475 4000 erucam,et
1500 3933 1885 4004 locustam,et
1907 3936 2046 3991 hru-

385 4023 659 4091 chum,et
688 4022 1018 4095 rubiginem
1041 4023 1256 4092 posuit,
1275 4026 1338 4077 ut
1358 4039 1485 4094 qua:
1511 4021 1744 4092 singula
1766 4041 1895 4079 raro
1917 4041 2043 4081 eve-

384 4111 575 4183 niunt,
607 4111 806 4168 omnia
836 4110 1012 4165 simul
1046 4111 1200 4166 facta
1229 4115 1647 4178 memorentur,
1679 4116 1737 4167 et
1766 4112 1895 4167 ideo
1927 4114 2042 4168 mi-

383 4199 591 4256 rabilia
636 4200 775 4256 sint.
829 4200 1076 4254 Erucam
1128 4215 1254 4270 quae
1307 4199 1584 4255 Hebraice
1632 4217 1816 4256 GEZBM
1864 4202 2040 4274 (nu),

386 4289 577 4345 GPtBCC
625 4288 837 4344 dicitur
887 4287 1106 4358 κάμπη,
1145 4287 1367 4342 Hebraei
1428 4289 1698 4360 Assyrios
1756 4289 2041 4362 interpre-

380 4382 603 4447 tantur,
637 4373 986 4450 Babylonios
1019 4381 1194 4449 atque
1223 4376 1544 4441 Chaldaeos,
1571 4379 1671 4449 qui
1702 4379 1773 4433 de
1807 4395 1921 4435 uno
1947 4397 2038 4435 or-

379 4466 474 4522 bis
500 4466 732 4523 climate
762 4465 1295 4538 procedentes,tam
1337 4465 1534 4520 decem
1569 4467 1826 4522 tribuum
1860 4484 2037 4538 quam

2159 3317 2268 3371 Aut
2295 3316 2618 3371 econtrario
2665 3317 3010 3387 gaudemus,
3042 3315 3448 3388 gestimusque
3490 3312 3666 3379 latitia,
3689 3312 3729 3362 et

2160 3405 2313 3460 bona
2341 3408 2540 3460 nostra
2552 3405 2921 3461 moderanter
2940 3406 3087 3460 ferre
3114 3422 3230 3460 non
3258 3419 3555 3477 possumus
3573 3419 3585 3468 ;
3597 3396 3725 3473 justi-

2160 3509 2273 3564 que
2303 3491 2359 3547 et
2407 3492 2569 3549 fortis
2597 3493 2700 3548 viri
2733 3497 2954 3560 est,nec
2985 3492 3246 3549 adversis
3299 3493 3494 3564 frangi,
3522 3506 3602 3545 nec
3622 3502 3726 3558 pro-

2159 3582 2348 3654 speris
2391 3581 2702 3646 sublevari,
2735 3583 2834 3638 sed
2879 3582 2936 3636 in
2969 3587 3214 3654 utroque
3258 3599 3387 3637 esse
3417 3580 3716 3636 moderatum.

2164 3672 2424 3727 Diximus
2457 3672 2528 3726 de
2557 3673 2710 3727 1⁸12
2741 3670 3177 3742 perturbatione
3206 3671 3587 3743 prasentium;
3608 3663 3722 3718 dica-

2162 3777 2294 3816 mus
2341 3760 2498 3816 etde
2545 3761 2896 3825 futurorum,
2926 3760 2984 3814 in
3024 3760 3241 3832 quibus
3276 3765 3484 3825 metus,
3511 3759 3592 3812 aut
3627 3763 3729 3822 spes

2159 3853 2266 3906 est.
2312 3850 2570 3904 Adversa
2615 3849 2913 3919 timemus,
2947 3865 3226 3920 prospera
3275 3842 3731 3921 praestolamul‘ﬂ‘»t

2157 3940 2312 4010 quod
2344 3938 2625 4010 (egritudo
2653 3942 2710 3993 et
2755 3937 3034 4010 gaudium
3069 3943 3388 4010 operantur
3417 3937 3470 3991 in
3501 3926 3729 4006 praesenti,

2156 4031 2348 4083 metus
2385 4031 2442 4082 et
2471 4043 2605 4098 spes
2635 4026 2862 4082 faciunt
2905 4026 2976 4079 de
3008 4026 3223 4092 futuro,
3259 4027 3398 4081 dum
3431 4027 3523 4080 aut
3548 4020 3734 4076 adversa

2154 4117 2286 4188 plus
2339 4132 2515 4188 quam
2547 4117 2711 4172 decet
2761 4116 3038 4171 timemus
3068 4131 3197 4171 esse
3243 4119 3497 4179 ventura,
3526 4114 3611 4166 aut
3643 4120 3733 4178 pro-

2153 4222 2321 4277 spera
2334 4222 2460 4276 qua!
2485 4221 2791 4276 speramus
2804 4205 2861 4259 in
2873 4210 2921 4260 ta
2933 4215 3094 4260 nlum
3111 4221 3216 4259 nos
3231 4196 3733 4260 faciumtexsultare,

2153 4298 2218 4349 ut
2236 4311 2349 4349 non
2370 4298 2675 4349 teneamus
2705 4293 3225 4358 modum,maxime
3254 4292 3314 4347 in
3341 4291 3432 4346 his
3451 4304 3564 4361 qua
3585 4286 3647 4354 (α)
3667 4282 3734 4336 ἰη-

2149 4387 2304 4438 certa
2334 4387 2490 4452 sunt,
2528 4382 2667 4455 quia
2700 4383 2897 4437 futura
2927 4385 3234 4453 sperantur
3265 4380 3458 4453 potius
3507 4388 3658 4449 quam
3680 4375 3737 4424 te-

2149 4475 2383 4526 nentur.
2445 4471 2561 4526 Has
2619 4471 3092 4543 perturbationes
3155 4487 3271 4525 uno
3340 4473 3396 4524 et
3458 4481 3554 4521 nec
3606 4459 3735 4532 pleno

381 4554 656 4619 duarum.
690 4555 797 4611 hoc
846 4560 954 4620 est,
998 4554 1299 4643 Israelitici
1347 4554 1540 4643 populi
1592 4560 1802 4612 cuncta
1847 4563 2036 4613 vasta-
2067 4579 2111 4643 Ι)
2146 4559 2430 4616 versiculo
2501 4560 2748 4615 illustris
2825 4565 2993 4632 poeta
3057 4557 3496 4630 comprehendit
3546 4543 3733 4625 (Αὲπεὶἀη

381 4648 539 4701 runt.
599 4645 922 4700 Locustam-
957 4647 1176 4705 autem,
1229 4642 1427 4697 Medos
1476 4642 1933 4715 interpretantur
1979 4651 2037 4702 et

378 4737 612 4802 Persas,
641 4735 741 4805 qui
774 4732 1054 4788 subverso
1078 4730 1322 4803 imperio
1355 4730 1779 4800 Chaldaeorum,
1799 4734 2034 4792 Judaeos

378 4821 635 4878 habuere
689 4822 969 4893 captivos.
1005 4820 1324 4887 Bruchum,
1379 4821 1526 4874 171
1583 4820 1950 4888 Macedonas,
1977 4829 2036 4879 et

377 4928 583 4968 omnes
619 4911 926 4967 Alexandri
981 4925 1372 4975 successores,
1424 4908 1791 4980 maximeque
1840 4928 2032 4978 regem

375 5000 732 5056 Antiochum
759 5004 1143 5071 cognomento
1168 4998 1548 5068 Epiphanem,
1568 4998 1666 5068 qui
1689 4997 1876 5053 instar
1895 5001 2030 5055 bru-

374 5089 469 5146 chi
501 5089 663 5144 sedit
694 5089 752 5143 in
783 5089 1004 5150 Judzea.
1038 5096 1094 5142 et
1135 5103 1338 5142 omnes
1370 5087 1628 5157 priorum
1666 5103 1867 5159 regum
1902 5089 2031 5144 reli-

376 5178 546 5250 quias
578 5177 888 5244 devoravit,
923 5173 1034 5231 s'ub
1068 5192 1182 5247 quo
1214 5162 1679 5230 Machab'zeorum
1717 5175 1862 5230 bella
1895 5195 2028 5232 nar-

375 5271 598 5321 rantur.
635 5265 994 5336 Rubiginem
1044 5265 1306 5320 referunt
1333 5263 1406 5318 ad
1458 5263 1771 5335 imperium
1821 5265 2030 5322 Roma-

375 5369 605 5424 norum,
639 5354 738 5424 qui
792 5354 985 5423 quarti
1017 5357 1073 5408 et
1113 5353 1304 5408 ultimi
1349 5353 1644 5408 intantum
1691 5369 2032 5424 oppressere

374 5440 627 5512 Judaaos,
661 5447 724 5496 ut
765 5443 835 5497 de
884 5441 1007 5498 suis
1057 5442 1274 5498 finibus
1320 5458 1419 5498 eos
1473 5440 1769 5513 pellerent.
1815 5442 2032 5500 Scribit

2149 4649 2249 4705 lib.
2283 4649 2361 4720 VI)
2397 4665 2409 4704 ξ

2145 4765 2207 4814 Hi
2237 4767 2486 4814 metuunt
2514 4765 2849 4826 cupiuntque
2870 4763 2986 4823 (hoc
3007 4762 3071 4811 de
3096 4761 3514 4826 futuro).dolent
3531 4752 3734 4826 gaudent-

2331 4840 2434 4889 que
2470 4822 2598 4887 (hoc
2613 4826 2677 4874 de
2703 4822 2963 4888 praesenti)
2993 4822 3167 4888 neque
3200 4822 3371 4880 auras,
3404 4822 3576 4886 inquit,

2143 4889 2469 4952 Respiciunt,
2503 4889 2666 4938 clausi
2699 4889 2936 4938 tenebris
2962 4893 3015 4937 et
3038 4901 3250 4937 carcere
3274 4901 3435 4937 caseo.

2213 5003 2320 5069 Qui
2353 5003 2507 5058 enim
2543 5002 3047 5074 perturbationum
3085 5002 3345 5058 tenebris
3385 4993 3729 5054 obvolvuntur,

2141 5091 2365 5147 clarum
2397 5089 2906 5162 sapientiaalumen
2948 5109 3059 5146 non
3099 5082 3731 5145 valentintueri.Caven-

2143 5182 2286 5236 dum
2318 5179 2609 5251 estigitur
2634 5197 2705 5234 ne
2734 5178 3220 5250 (egritudo,quasi
3252 5193 3444 5240 eruca,
3471 5189 3568 5229 nos
3586 5179 3730 5251 cum?

2143 5271 2240 5324 dat
2265 5288 2276 5335 ;
2311 5285 2381 5323 ne
2411 5247 2639 5323 locusta
2667 5247 2854 5322 vastet
2884 5269 2942 5322 in
2973 5267 3206 5339 gaudio,
3229 5266 3343 5321 huc
3373 5263 3611 5332 illucque
3627 5247 3729 5307 voli-

2141 5363 2293 5424 tans,
2327 5363 2385 5413 et
2437 5357 2724 5430 gestiente
2753 5355 2975 5420 laetitia,
3009 5373 3111 5428 per
3157 5356 3386 5410 diversa
3431 5367 3490 5408 se
3510 5349 3725 5420 jactans;

2141 5463 2213 5502 ne
2246 5445 2528 5515 bruchus,
2562 5445 2618 5500 id
2651 5448 2758 5515 est,
2792 5461 2969 5516 pavor
2995 5448 3052 5500 et
3092 5445 3420 5500 futurorum
3453 5441 3638 5498 metus,
3662 5439 3722 5482 η·

444 5654 522 5726 (α)
547 5651 765 5708 lterum
785 5651 1268 5724 contrariosensu
1291 5652 1544 5711 Palatin.
1571 5669 1683 5711 ms.
1706 5655 1769 5710 in
1803 5656 1889 5712 his
1908 5673 2034 5731 quae
2071 5667 2214 5718 certa
2239 5663 2363 5716 sunt
2394 5679 2412 5716 .-
2444 5660 2695 5718 fortasse
2723 5656 2937 5715 verius.
