3986 6190
121 218 278 285 961
940 224 1683 292 COMMENTARIOBUM
1729 229 1810 290 IN
1851 222 2158 291 JOELEM
2199 226 2458 293 LIBER.
2502 229 2675 293 CAP.
2719 224 2799 292 Π.
3088 239 3093 247 ’
3368 252 3382 265 '
3448 228 3567 295 962

212 355 422 427 (Vere.
457 357 544 424 19,
573 356 692 428 20.)
723 357 802 413 Ad
828 365 899 426 te,
933 359 1176 429 Domine,
1197 359 1441 416 clamabo
1460 377 1480 415 :
1513 362 1642 433 quia
1661 362 1810 430 ignis
1839 370 1893 431 Α
1922 377 2071 432 quos
2092 379 2294 419 cervus
2315 362 2626 419 desiderat.
2651 361 2719 417 Et
2741 360 2813 417 de
2833 361 3049 432 quibus
3078 360 3356 419 Dominus
3379 364 3565 437 loqui-

117 445 396 501 comedit
413 448 660 517 speciosa
686 446 903 516 deserti,
926 455 977 503 et
995 450 1221 518 ﬂamma
1237 449 1515 506 succendit
1537 452 1724 506 omnia
1747 451 1814 505 li-
1920 452 2020 504 tur
2036 466 2141 522 per
2155 450 2470 507 Jeremiam
2492 469 2504 507 :
2534 452 2611 507 Me
2629 451 3078 522 dcrelinquerunt
3095 453 3301 522 fontem
3314 468 3470 525 aquae
3488 456 3571 511 vi-

116 551 260 604 gna
288 537 567 606 regionis;
593 536 754 592 sedet
780 537 983 605 bestiae,
1007 540 1151 608 agri,
1170 540 1331 608 quasi
1348 555 1478 594 area
1497 542 1687 595 sitiens
1705 540 1810 595 im-
1920 553 2007 595 vae
2034 541 2165 610 (Jer.
2198 557 2259 608 ιι,
2296 541 2403 613 13).
2453 540 2697 596 Siccatis
2742 544 2937 595 autem
2970 539 3226 595 fontibus
3256 558 3565 612 aquarum,

118 623 328 695 brem,
358 634 733 696 suspexerunt
755 624 828 681 ad
853 629 942 681 te:
975 628 1233 697 quoniam
1255 630 1517 683 exsiccali
1542 637 1671 684 sunt
1687 632 1811 701 fon-
1923 627 2023 698 qui
2056 629 2281 683 arentia
2308 645 2553 700 quaeque
2583 629 2827 700 irrigant
2845 632 3018 699 atque
3040 628 3406 701 refrigerant,
3432 647 3568 686 con-

116 721 218 767 tes
241 729 550 785 aquarum,
571 717 624 770 et
642 716 798 783 ignis
822 714 1104 771 devoravit
1125 717 1363 788 speciosa
1381 717 1610 773 deserti.
1633 719 1806 774 LXX:
1924 721 2237 787 sequenter
2264 717 2551 788 quidquid
2582 718 2639 771 in
2674 716 2843 773 nobis
2874 715 3184 788 pulchrum
3234 718 3362 787 fuit,
3414 718 3570 792 ignis

117 801 219 856 Ad
239 810 324 867 te,
350 803 880 871 Domine,clamabo,
894 808 1158 874 quoniam
1176 806 1324 874 ignis
1342 809 1808 879 consumpsitspe-
1926 805 2130 859 ardore
2159 809 2575 877 consumptum
2608 809 2718 871 est,
2751 806 2823 860 de
2852 821 2967 877 quo
2997 805 3281 862 Dominus
3309 807 3571 879 loquitur

122 892 308 946 ciosa
336 890 556 961 deserti,
588 895 643 947 et
668 893 894 961 ﬂamma
911 893 1190 949 succendit
1215 896 1403 950 omnia
1424 896 1579 966 ligna
1597 898 1741 965 agri,
1762 904 1814 953 et

122 982 413 1045 iumenta
438 981 624 1050 campi
648 983 1012 1053 suspexerunt
1040 982 1111 1038 ad
1137 990 1206 1050 te,
1254 986 1519 1055 quoniam
1548 988 1814 1055 arefacta?

130 1077 290 1124 sunt
322 1070 642 1126 emissiones
668 1086 961 1143 aquarum,
993 1075 1046 1127 et
1075 1073 1228 1141 ignis
1255 1074 1543 1129 devoravit
1570 1076 1812 1146 speciosa

130 1157 384 1213 deserti.
410 1158 699 1230 Propheta
721 1158 1011 1215 clamante
1028 1161 1100 1216 ad
1123 1159 1458 1230 Dominum,
1486 1162 1575 1217 vel
1595 1163 1812 1236 p0pulo

137 1248 185 1301 Ι
200 1245 318 1302 8³
341 1263 449 1319 per
470 1247 814 1320 prophetam
839 1264 854 1304 :
886 1249 1022 1319 quia
1039 1248 1195 1321 ignis
1215 1251 1531 1307 comederit
1551 1252 1815 1324 speciosa

136 1335 378 1391 deserti
413 1340 471 1391 et
496 1336 735 1393 flamma
752 1337 1120 1393 succenderit
1137 1338 1337 1395 omnia
1360 1339 1518 1413 ligna
1538 1342 1811 1414 regionis,

134 1424 360 1480 bestiae
391 1428 451 1481 et
472 1425 745 1497 jumenta
764 1426 911 1499 agri,
944 1426 1063 1483 sive
1088 1428 1300 1500 campi,
1335 1436 1721 1501 suspexerunt
1740 1432 1813 1487 ad

134 1512 502 1581 Dominum,
533 1514 704 1585 quasi
736 1514 927 1570 areola
956 1516 1164 1573 sitiens
1190 1516 1460 1573 imbrem.
1508 1518 1626 1574 Hoc
1656 1520 1815 1575 enim

133 1617 277 1657 uno
299 1601 484 1657 verbo
502 1601 796 1675 signiﬁcat
812 1602 1026 1675 Aquila
1047 1604 1265 1672 dicens,
1289 1608 1367 1675 (α)
1389 1603 1698 1679 ἐπρασῖώθη
1722 1624 1735 1662 :
1760 1613 1818 1664 et

133 1695 556 1762 suspexerunt
582 1692 653 1747 ad
686 1708 844 1757 eum,
876 1694 1154 1765 quoniam
1186 1700 1467 1750 aruerunt
1495 1696 1705 1768 fontes,
1728 1697 1813 1753 vel

135 1779 514 1835 emissiones
543 1796 855 1852 aquarum,
905 1785 964 1838 et
1009 1782 1163 1854 ignis
1212 1784 1507 1839 devoravit
1553 1785 1821 1856 speciosa

140 1868 403 1933 deserti,
461 1874 617 1940 quod
672 1868 896 1925 scilicet
940 1870 1050 1926 hoc
1100 1887 1292 1941 eruca,
1344 1876 1401 1927 et
1457 1872 1705 1941 locusta,
1764 1876 1821 1928 et

145 1955 431 2011 bruchus
462 1957 705 2013 fecerint
733 1962 789 2013 et
835 1959 1064 2031 rubigo,
1111 1960 1268 2031 quod
1299 1959 1453 2032 ignis
1484 1962 1542 2015 in
1575 1961 1815 2034 stipula,

150 2045 411 2100 ﬂamma
440 2045 501 2101 in
544 2047 840 2118 vepribus.
891 2047 1164 2119 Speciosa
1194 2053 1390 2104 autem
1421 2050 1657 2118 deserti,
1690 2066 1819 2122 quae

150 2134 450 2190 Hebraice
479 2135 757 2191 dicuntur
783 2153 969 2192 more
1017 2138 1224 2209 (mm),
1275 2137 1672 2210 intelligamus
1719 2143 1822 2195 aut

154 2222 341 2294 plana
372 2238 745 2296 camporum,
777 2229 879 2281 aut
907 2230 1207 2298 pratorum
1253 2226 1538 2294 florentia,
1591 2233 1693 2283 aut
1734 2228 1821 2283 vi-

153 2312 354 2366 rentia
388 2311 590 2368 herbis
619 2312 764 2378 loca,
797 2329 921 2385 quaa
949 2330 1170 2386 pascua
1190 2315 1486 2386 praebuere
1507 2317 1817 2388 jumentis.

153 2400 436 2457 Clamare
487 2405 682 2457 autem
732 2403 803 2458 ad
838 2404 1148 2459 Dominum
1181 2421 1283 2475 per
1313 2405 1678 2477 prophetam,
1720 2407 1820 2478 ju-

151 2493 367 2544 menta
400 2489 470 2544 ad
499 2505 633 2546 eum
666 2492 961 2564 suspicere
994 2493 1125 2548 fecit
1151 2493 1327 2565 ignis,
1377 2494 1479 2566 qui
1524 2495 1822 2551 devoravit

149 2579 435 2651 speciosa
455 2579 691 2646 deserti,
722 2585 781 2637 et
802 2581 1042 2637 ﬂamma
1061 2598 1186 2654 quae
1207 2583 1508 2639 succendit
1528 2583 1726 2640 omnia
1745 2584 1819 2640 li-

147 2683 277 2739 gna
306 2667 594 2740 regionis,
637 2674 703 2724 ut
729 2686 934 2743 greges
965 2674 1023 2727 et
1051 2687 1223 2742 poma
1252 2672 1470 2744 pariter
1494 2673 1818 2743 interirent,

148 2760 205 2810 et
233 2755 398 2827 quia
426 2756 626 2813 siccati
651 2763 793 2813 sunt
814 2759 1003 2816 fontes
1024 2776 1333 2831 aquarum,
1357 2762 1433 2833 (b)
1454 2767 1511 2818 et
1532 2762 1819 2834 quidquid

147 2842 204 2898 in
227 2847 483 2901 deserto
504 2850 732 2918 poterat
748 2846 1017 2918 inveniri,
1048 2864 1223 2904 vorax
1249 2849 1487 2906 ﬂamma
1511 2866 1822 2924 consump-

150 2933 246 2989 sit.
296 2933 612 3006 Simulque
641 2935 1100 3005 consideremus,
1133 2939 1287 3009 quod
1319 2938 1432 2995 nisi
1462 2945 1698 3012 propter
1715 2958 1821 2996 an-

152 3021 453 3094 gustiam,
484 3026 542 3079 et
569 3022 920 3081 ablationem
951 3026 1318 3094 deliciarum,
1366 3044 1472 3083 nec
1515 3029 1819 3101 propheta,

1920 891 1979 947 in
2012 893 2324 966 Evangelio
2350 910 2363 949 :
2402 893 2659 949 Videbam
2690 893 2955 949 Satanam
2978 896 3137 965 quasi
3153 896 3351 970 fulgur
3370 897 3568 953 caden-

1918 984 2028 1037 tem
2055 981 2120 1037 de
2147 983 2277 1038 caelo
2306 983 2463 1055 (Luc.
2495 999 2551 1053 x,
2586 983 2694 1053 18).

1993 1071 2154 1143 (Cap.
2190 1072 2256 1126 Il.
2291 1103 2357 1112 —-
2384 1071 2552 1127 Vers.
2590 1073 2613 1125 1
2651 1074 2840 1144 seqq.)
2894 1071 3085 1128 Canite
3127 1073 3254 1128 tuba
3299 1074 3358 1130 in
3398 1074 3573 1133 Sion:

1918 1160 2134 1216 ululate
2163 1162 2221 1215 in
2241 1169 2421 1216 monte
2438 1164 2632 1216 sancto
2656 1176 2775 1216 meo
2800 1178 2817 1214 :
2848 1161 3239 1217 conturbentur
3270 1178 3454 1220 omnes
3472 1165 3570 1221 ha-

1924 1250 2180 1305 bitatores
2207 1253 2388 1316 terrm,
2419 1250 2550 1321 quia
2574 1251 2725 1305 venit
2745 1250 2861 1305 dies
2886 1250 3125 1314 Dommi,
3154 1253 3287 1322 quia
3307 1267 3473 1325 prope
3490 1259 3573 1309 est

1921 1337 2035 1393 dies
2052 1338 2400 1393 tenebran
2414 1346 2464 1394 et
2479 1338 2883 1407 caliginis,dies
2895 1338 3057 1393 nubis
3069 1341 3118 1394 et
3134 1339 3405 1407 turbinis;
3414 1359 3519 1415 qua
3527 1345 3574 1399 ςί

1921 1441 2085 1482 mane
2102 1442 2406 1497 expansum
2420 1442 2587 1498 super
2597 1430 2827 1492 montes,
2839 1428 3073 1499 populus
3085 1429 3291 1485 multus
3305 1446 3376 1486 ac
3387 1432 3570 1502 fortis,

1921 1515 2124 1571 similis
2137 1517 2190 1571 ei
2203 1531 2312 1570 non
2327 1517 2437 1586 fuit
2450 1532 2484 1570 a
2497 1517 2795 1588 principio,
2809 1519 2859 1572 et
2872 1524 2991 1587 post
3005 1533 3128 1572 eum
3148 1534 3258 1573 non
3278 1521 3384 1574 erit
3406 1536 3575 1593 usque

1926 1605 1984 1657 in
2009 1619 2179 1659 annos
2201 1606 2576 1672 generationis
2599 1613 2649 1659 et
2670 1606 3056 1676 generationis.
3084 1605 3220 1661 Ante
3236 1608 3437 1678 faciem
3457 1612 3572 1681 ejus

1924 1693 2071 1762 ignis
2102 1709 2322 1750 vorans.
2357 1700 2408 1747 et
2427 1700 2544 1763 post
2573 1708 2699 1747 eum
2728 1709 2968 1749 exurens
2982 1695 3242 1764 ﬂamma;
3270 1699 3435 1767 quasi
3452 1696 3577 1754 hor-

1926 1785 2011 1835 tus
2038 1782 2334 1852 voluptatis
2360 1784 2508 1837 terra
2536 1797 2721 1837 coram
2747 1797 2828 1852 eo,
2860 1790 2912 1837 et
2934 1785 3053 1853 post
3083 1799 3207 1838 eum
3227 1785 3461 1841 solitudo
3480 1785 3571 1843 de-

1924 1871 2057 1924 serti
2089 1885 2102 1923 :
2151 1885 2326 1941 neque
2368 1883 2446 1925 est
2491 1872 2591 1941 qui
2635 1871 2862 1941 effugiat
2909 1887 3078 1926 cum:
3130 1874 3285 1943 quasi
3326 1882 3576 1945 aspectus

1925 1974 2209 2030 equorum,
2242 1966 2490 2030 aspectus
2519 1974 2729 2025 eorum,
2760 1963 2812 2014 et
2839 1961 2996 2031 quasi
3017 1962 3219 2031 equites
3238 1964 3317 2017 sic
3334 1971 3572 2035 current,

1925 2049 2070 2103 sicut
2094 2050 2306 2103 sonitus
2333 2048 2732 2118 quadrigarum
2751 2065 2918 2119 super
2938 2051 3121 2120 capita
3141 2053 3411 2106 montium
3430 2053 3576 2107 exsi-

1928 2137 2082 2206 lient,
2114 2138 2256 2192 sicut
2284 2139 2495 2192 sonitus
2523 2138 2766 2206 ﬂammae
2786 2138 2933 2205 ignis
2961 2136 3270 2194 devorantis
3291 2141 3577 2212 stipulam,

1924 2225 2072 2280 velut
2097 2226 2333 2296 populus
2374 2227 2533 2295 fortis
2559 2233 2905 2297 praeparatus
2932 2227 3013 2281 ad
3038 2228 3323 2297 prwlium,
3374 2246 3410 2284 a
3434 2232 3578 2300 facie

1927 2314 2045 2381 eius
2076 2315 2475 2369 cruoiabuntur
2499 2315 2690 2387 populi
2712 2332 2725 2368 :
2754 2330 2936 2370 omnes
2963 2316 3147 2371 vultus
3166 2317 3495 2385 redigentur
3515 2321 3575 2374 in

1927 2401 2115 2471 ollam,
2146 2403 2292 2457 sicut
2317 2403 2483 2472 fortes
2500 2408 2743 2473 current,
2777 2404 2935 2473 quasi
2952 2405 3064 2459 viri
3086 2403 3367 2461 bellatores
3385 2423 3574 2463 ascen-

1926 2489 2126 2545 derunt
2155 2489 2264 2559 [ΑΙ.
2296 2491 2605 2563 ascendent]
2634 2508 2858 2547 murum
2886 2509 2906 2547 :
2938 2493 3047 2547 viri
3074 2493 3136 2547 in
3162 2494 3267 2549 viis
3297 2497 3414 2550 suis
3443 2512 3571 2564 gra-

1925 2578 2146 2635 dientur
2170 2579 2360 2653 [Vulg.
2384 2582 2558 2637 vir....
2587 2580 2930 2653 gradietur],
2964 2585 3015 2635 et
3037 2597 3148 2637 non
3168 2582 3519 2639 declinabunt
3538 2601 3573 2641 a

1924 2669 2140 2723 semitis
2164 2670 2313 2723 suis:
2347 2670 2718 2741 unusquisque
2744 2672 2975 2740 fratrem
3002 2686 3166 2725 suum
3193 2688 3307 2727 non
3334 2682 3573 2730 coarcta-

1927 2756 2024 2826 bit,
2045 2758 2259 2825 singuli
2276 2759 2336 2812 in
2366 2758 2509 2813 calle
2527 2773 2624 2814 suo
2652 2756 3040 2813 ambulabunt.
3072 2758 3177 2815 Sed
3198 2764 3250 2814 et
3273 2777 3374 2832 per
3390 2765 3572 2834 fenes-

1924 2848 2041 2901 tras
2068 2845 2279 2912 cadent,
2313 2854 2363 2902 et
2389 2863 2502 2902 non
2528 2847 2917 2917 demolientur,
2947 2847 3140 2903 urbem
3168 2850 3572 2924 ingredientur,

1924 2935 1985 2989 in
2011 2950 2175 2991 muro
2193 2943 2442 3003 current,
2472 2934 2655 2991 domos
2672 2935 3045 3003 conscendent,
3075 2953 3175 3008 per
3200 2940 3463 3009 fenestras
3486 2942 3577 2996 in-

1926 3023 2156 3078 trabunt
2183 3026 2347 3095 quasi
2372 3027 2469 3095 fur
2496 3041 2508 3079 :
2540 3041 2576 3079 a
2592 3025 2735 3095 faeie
2761 3025 2882 3096 ejus
2900 3028 3230 3082 contremuit
3249 3030 3415 3096 terra,
3437 3031 3579 3087 moti

157 3127 261 3167 nec
297 3111 505 3167 bestiae
532 3111 887 3170 clamassent
916 3115 989 3171 ad
1020 3116 1354 3187 Dominum,
1389 3122 1490 3172 aut
1518 3118 1589 3173 ad
1626 3119 1817 3175 Domi-
1847 3103 1890 3170 C
1924 3119 2055 3167 sunt
2078 3113 2220 3180 exii,
2251 3114 2330 3169 sol
2360 3120 2410 3168 et
2440 3113 2573 3168 luna
2603 3112 2943 3168 obtenebrati
2979 3122 3126 3181 sunt,
3175 3118 3230 3170 et
3273 3117 3446 3173 stellae
3486 3134 3578 3174 re-

155 3216 308 3255 num
333 3200 935 3280 suspexissent,quod
958 3203 1198 3274 quidem
1220 3209 1277 3261 et
1296 3206 1364 3261 ad
1386 3206 1619 3277 justum
1642 3225 1823 3280 quon-

156 3289 301 3345 dam
329 3289 531 3345 virum
558 3290 757 3346 referri
789 3275 1000 3363 potest,
1048 3293 1149 3364 qui
1199 3310 1333 3349 cum
1364 3275 1738 3353 declinaverit
1767 3301 1825 3353 et

159 3379 372 3435 fecerit
393 3378 638 3452 malum,
670 3395 1043 3453 nequaquam
1065 3381 1117 3437 ei
1136 3382 1380 3439 virtutes
1403 3384 1662 3455 pristinae
1685 3404 1823 3458 pro-

160 3468 420 3533 derunt;
454 3468 555 3523 sed
571 3468 864 3539 judicabit
883 3485 1017 3525 eum
1031 3470 1317 3527 Dominus
1339 3472 1399 3527 in
1427 3473 1642 3544 quibus
1663 3474 1820 3530 inve-

160 3558 339 3613 nerit.
374 3557 653 3629 Speciosa
670 3558 884 3614 deserti
908 3558 1199 3631 appellare
1228 3576 1568 3632 possumus,
1602 3563 1673 3618 de
1698 3564 1822 3635 qui-

162 3646 277 3702 bus
328 3646 619 3718 scriptum
650 3650 739 3703 est
766 3664 778 3703 :
822 3648 1019 3704 Plures
1046 3647 1162 3719 ﬁlii
1188 3648 1412 3705 deserta
1440 3654 1621 3722 magis
1651 3669 1822 3723 quam

159 3736 288 3805 ejus
317 3751 442 3806 qua
469 3734 628 3791 habet
658 3738 843 3792 virum
891 3737 1020 3808 (Isa.
1061 3754 1175 3804 LIV,
1208 3739 1282 3811 1).
1333 3739 1597 3796 Flamma
1625 3745 1821 3797 autem

158 3839 301 3894 qua:
333 3825 633 3879 succendit
675 3826 874 3881 omnia
902 3824 1062 3899 ligna
1090 3825 1364 3900 regionis,
1404 3828 1506 3884 illa
1535 3845 1663 3885 esse
1692 3846 1822 3886 cre-

160 3910 364 3968 denda
381 3917 490 3979 est,
522 3929 647 3984 quas
674 3912 1017 3970 immittitur
1037 3915 1378 3971 ardentibus
1398 3916 1615 3973 diaboli
1641 3919 1819 3991 sagit-

162 4000 259 4070 tis,
310 4006 383 4056 ut
410 4000 557 4056 nihil
599 4001 663 4057 in
707 4003 877 4058 nobis
906 4003 1193 4060 bonarum
1225 4005 1461 4077 frugum
1491 4012 1819 4076 remaneat;

164 4090 267 4145 sed
317 4093 538 4145 cuncta
580 4090 849 4147 incendio
895 4096 1337 4148 consumantur.
1398 4092 1614 4152 Omnes
1664 4095 1819 4152 enim

166 4177 576 4234 adulterantes
607 4178 713 4252 [Αι.
747 4196 919 4237 omne
948 4197 1150 4237 semen
1176 4182 1615 4257 adulterantis],
1653 4186 1822 4257 quasi

167 4267 443 4323 clibanus
473 4269 652 4323 corda
679 4284 916 4337 eorum;
950 4275 1007 4325 et
1036 4285 1152 4325 non
1184 4269 1376 4326 solum
1406 4272 1709 4344 propheta,
1732 4272 1821 4330 vel

168 4357 427 4431 populus
459 4373 565 4429 per
592 4357 959 4430 prophetam,
1010 4359 1111 4431 qui
1161 4359 1441 4416 rationale
1487 4362 1706 4417 animal
1736 4367 1825 4418 est

1932 3205 2222 3258 traxerunt
2248 3202 2588 3274 splendorem
2613 3218 2793 3273 suum,
2845 3210 2895 3257 et
2930 3203 3196 3259 Dominus
3221 3205 3373 3262 dedit
3402 3222 3582 3264 vocem

1928 3307 2096 3346 suam
2123 3300 2250 3346 ante
2277 3293 2476 3361 faciem
2495 3293 2765 3347 exercitus
2784 3293 2893 3358 sui,
2918 3294 3050 3362 quia
3069 3294 3245 3350 multa
3262 3304 3393 3351 sunt
3410 3297 3581 3353 nimis

1929 3384 2108 3435 castra
2138 3380 2272 3449 eius,
2304 3382 2434 3450 quia
2461 3382 2637 3449 fortia
2665 3383 2718 3434 et
2742 3381 3006 3451 facientia
3034 3382 3259 3436 verbum
3299 3385 3438 3455 ejus.
3467 3385 3578 3440 Illa-

1927 3484 2067 3539 gnus
2093 3470 2242 3523 enim
2271 3468 2389 3523 dies
2415 3469 2635 3524 Domini
2660 3471 2710 3523 et
2738 3468 3007 3524 terribilis
3034 3468 3216 3535 valde,
3246 3478 3300 3526 et
3315 3473 3436 3543 quis
3457 3488 3578 3528 sus-

1930 3556 2122 3612 tinebit
2145 3560 2306 3612 eum?
2338 3556 2474 3611 LXX
2502 3574 2515 3612 :
2551 3555 2740 3612 Canite
2767 3557 2897 3611 tuba
2926 3557 2987 3610 in
3016 3558 3170 3623 Sion,
3198 3560 3495 3628 prxdicate
3517 3562 3578 3616 in

1930 3649 2111 3701 monte
2136 3652 2317 3700 sancto
2348 3660 2463 3700 meo
2489 3663 2502 3700 :
2535 3644 2606 3716 (c)
2635 3644 3027 3700 conturbentur
3044 3660 3230 3700 omnes
3249 3646 3577 3705 habitatores

1926 3738 2122 3790 terrae:
2166 3736 2428 3806 quoniam
2468 3733 2616 3788 adest
2660 3733 2774 3788 dies
2819 3732 3057 3802 Domini,
3108 3736 3374 3806 quoniam
3409 3736 3577 3807 juxta

1927 3827 2006 3879 est
2033 3823 2149 3878 dies
2177 3825 2532 3878 tenebrarum
2558 3825 2611 3876 et
2637 3822 2918 3893 caliginis,
2968 3821 3083 3877 dies
3127 3822 3291 3878 nubis
3334 3830 3389 3880 et
3413 3828 3576 3897 prui-

1927 3927 2054 3974 nae;
2083 3913 2225 3967 sicut
2252 3927 2413 3966 mane
2439 3910 2701 3982 fundetur
2729 3926 2894 3982 super
2918 3913 3124 3967 montes
3147 3913 3385 3985 populus
3428 3914 3577 3971 mul-

1928 4010 2014 4058 tus
2038 4004 2072 4057 1
2087 4002 2185 4058 85
2209 4009 2263 4057 et
2279 4001 2463 4076 fortis,
2485 4000 2688 4056 similis
2704 4001 2757 4054 ei
2781 4000 2858 4070 (d)
2877 4016 2987 4056 non
3004 4003 3117 4071 fuit
3145 4019 3179 4056 a
3194 4003 3500 4077 principio,
3524 4010 3577 4062 et

1926 4095 2048 4162 post
2075 4106 2203 4145 eum
2228 4106 2340 4145 non
2367 4091 2473 4145 erit
2494 4104 2665 4160 usque
2684 4089 2754 4143 ad
2775 4105 2945 4144 annos
2965 4093 3334 4160 generationis
3351 4110 3580 4165 genera-

1931 4181 2162 4251 tionum.
2195 4182 2335 4234 Ante
2363 4195 2485 4234 eum
2512 4193 2830 4235 consumens
2863 4179 3031 4248 ignis,
3064 4187 3115 4234 et
3136 4184 3258 4252 post
3275 4196 3402 4239 eum
3418 4186 3582 4254 ﬁam-

1929 4285 2023 4324 ma
2049 4284 2324 4325 succensa.
2356 4269 2510 4323 Sicut
2536 4267 2829 4340 paradisus
2858 4268 3154 4340 voluptatis
3177 4277 3325 4326 terra
3346 4277 3473 4328 ante
3493 4275 3585 4345 fa-

1929 4360 2069 4413 ciem
2087 4360 2205 4429 ejus
2220 4374 2242 4420 ;
2263 4360 2314 4433 et
2324 4359 2637 4430 posteriora
2658 4357 2834 4428 illius,
2848 4358 2989 4412 sicut
3006 4373 3230 4429 campus
3244 4361 3584 4435 solitudinis,

169 4448 304 4517 (οδε.
337 4450 472 4517 vn),
504 4446 604 4502 sed
628 4448 901 4517 jumenta
928 4462 1182 4520 quoque,
1232 4449 1305 4504 de
1353 4449 1570 4520 quibus
1600 4451 1823 4507 dictum
1852 4470 1900 4536 Β
1929 4451 1983 4504 et
2011 4449 2109 4518 qui
2152 4448 2396 4503 salvetur
2436 4463 2547 4502 non
2577 4447 2682 4501 erit
2710 4447 2969 4536 ei;
3010 4448 3255 4517 aspectus
3298 4462 3584 4520 equorum,

169 4542 290 4594 est:
340 4538 601 4592 Homines
628 4540 679 4591 et
699 4536 953 4607 jumenta
981 4537 1159 4593 salvos
1187 4539 1377 4608 facies,
1426 4541 1661 4596 Domine
1704 4540 1822 4612 (Ps.

170 4640 337 4693 xxxv,
359 4624 488 4695 vn).
512 4624 583 4679 Et
602 4623 741 4679 alibi
764 4640 780 4678 :
814 4625 986 4693 Quasi
1002 4627 1317 4698 jumentum
1333 4627 1513 4697 factus
1531 4643 1656 4682 sum
1678 4628 1827 4700 apud

172 4717 220 4769 te
244 4714 427 4786 (Psal.
459 4729 562 4782 vu,
592 4712 705 4785 23).
752 4714 824 4768 Et
850 4715 1107 4769 iterum:
1157 4714 1445 4770 Seminabo
1488 4731 1577 4771 eos
1620 4720 1827 4774 semine

173 4802 463 4859 hominum
486 4810 542 4858 et
560 4802 947 4873 jumentorum
966 4804 1097 4875 (Jer.
1119 4820 1273 4874 XXXI,
1293 4804 1406 4876 27),
1440 4811 1826 4877 suspexerunt

173 4894 237 4948 ad
270 4891 613 4959 Dominum,
645 4895 703 4947 et
733 4907 921 4948 rorem
966 4891 1126 4948 illius
1156 4892 1566 4949 misericordia
1598 4894 1825 4968 ﬂagita—

174 4987 344 5048 runt;
396 4979 537 5052 quia
581 4979 853 5049 exsipcati
901 4985 1042 5037 sunt
1095 4981 1281 5037 fontes
1330 4998 1638 5053 aquarum.
1671 4984 1827 5040 184

241 5126 322 5199 (a)
358 5125 422 5180 In
454 5140 570 5179 uno
601 5123 883 5199 Palatino,
932 5122 1242 5199 ἐπρασώθη,
1286 5124 1527 5199 Aquilae,
1575 5126 1825 5199 πρασιάω

178 5195 418 5254 verbum
451 5200 621 5251 sonat
650 5197 879 5252 imbrem
896 5198 1087 5251 sitire:
1123 5195 1238 5267 quo
1259 5200 1315 5250 et
1342 5195 1642 5263 Psal.'xu',
1673 5215 1822 5254 vers.

181 5269 225 5339 1,
248 5268 461 5335 utitur,
485 5266 584 5322 ubi
609 5284 717 5323 nos
738 5268 1047 5331 habemus,
1069 5266 1535 5339 quemadmodum
1555 5267 1827 5325 desiderat

178 5355 366 5396 cannis
394 5339 473 5411 ad
500 5342 706 5411 fontem
734 5355 1025 5411 aquarum,
1059 5344 1170 5394 etc.

242 5412 322 5483 (ὁ)
356 5408 593 5483 Ιῐιᾱαοὶζ
618 5408 909 5467 Victorius
939 5419 991 5466 et
1011 5408 1313 5483 'copulam,
1358 5408 1824 5466 Florentinorum

182 5480 343 5537 codd.
377 5482 739 5538 auctoritate.
772 5483 909 5539 Erat
937 5480 1169 5555 quoque
1198 5480 1358 5549 olim,
1396 5484 1651 5553 poterant
1679 5483 1826 5540 inve-

186 5558 317 5625 nire,
350 5569 459 5630 pro
484 5558 699 5627 poterat
728 5556 990 5613 inveniri.

1930 4541 2175 4609 aspectus
2204 4552 2413 4602 eorum,
2441 4544 2493 4591 et
2511 4537 2653 4590 sicut
2671 4536 2879 4607 equites
2907 4535 2986 4589 sic
3007 4544 3417 4606 persequentur.
3432 4537 3588 4595 Sicut

1930 4642 2044 4682 vox
2070 4625 2464 4699 quadrigarum
2492 4640 2657 4695 super
2680 4625 2910 4679 vertices
2936 4625 3209 4679 montium
3235 4626 3508 4698 exsilient,
3532 4631 3588 4685 et

1933 4717 2075 4771 sicut
2098 4730 2206 4770 vox
2231 4717 2478 4785 ﬂammx
2505 4714 2652 4784 ignis
2680 4711 2995 4787 devorantis
3021 4712 3306 4783 stipulam,
3362 4719 3416 4770 et
3441 4716 3588 4774 sicut

1931 4804 2168 4876 populus
2194 4803 2401 4857 multus
2425 4804 2478 4856 et
2504 4802 2664 4872 fortis
2682 4803 3024 4872 prxparatus
3045 4799 3116 4855 ad
3140 4801 3418 4872 prxlium,
3438 4819 3477 4861 α
3494 4806 3585 4875 fa.

1934 4895 2017 4948 cie
2043 4893 2165 4964 ejus
2194 4893 2541 4947 conterentur
2565 4889 2777 4961 populi,
2810 4890 2990 4944 omnis
3014 4890 3196 4945 vultus
3212 4892 3350 4946 sicut
3368 4891 3585 4951 adustio

1934 4982 2083 5046 olea,
2114 4982 2257 5036 sicut
2280 4983 2618 5051 pugnatores
2646 4982 2890 5045 current,
2920 4983 2973 5034 et
3000 4980 3138 5034 sicut
3162 4981 3274 5035 viri
3302 4980 3584 5040 bellatores

2005 5123 2075 5194 (c)
2106 5121 2345 5194 Victor_.,
2376 5121 2809 5194 confundantur,
2846 5138 2962 5194 pro
2990 5124 3408 5192 conturbentur,
3457 5124 3583 5181 vult

1931 5192 2069 5267 legi,
2101 5192 2485 5275 quodGrtsce
2504 5192 2581 5247 sit
2610 5192 3059 5275 συγχυθῄέεφςαν.
3094 5199 3168 5275 At
3195 5209 3326 5275 vero
3356 5195 3417 5275 in
3449 5196 3580 5253 aliis

1934 5263 2395 5337 exemplaribus,
2414 5269 2473 5319 et
2501 5280 2635 5337 cum
2668 5263 2875 5335 primis
2900 5263 3288 5321 Alexandrino
3311 5271 3398 5322 est
3419 5286 3577 5321 συνα-

1933 5334 2246 5413 xamen»,
2277 5336 2336 5413 in
2367 5334 2765 5413 Complutensi
2795 5340 2991 5413 autem
3032 5337 3576 5413 συνταραχθήτωσαν,

1935 5404 2089 5481 quod
2111 5406 2354 5481 proprie
2376 5404 2555 5481 sonat
2580 5404 3008 5481 confundantur,

2005 5425 2089 5465 ιοα
2164 5425 2354 5479 τοίη-ιθ
2384 5425 2555 5461 sonat
2580 5425 3008 5476 con/unaantur.

2005 5480 2081 5557 (_d)
2111 5425 2274 5557 ﬁnus
2298 5476 2566 5543 Palatin.,
2595 5478 2798 5557 similis
2822 5479 2880 5535 ei
2893 5493 3005 5557 non
3028 5481 3276 5557 erit,_nec
3292 5481 3417 5557 fuit,
3440 5486 3577 5557 etc.,

1934 5548 2035 5628 qui
2064 5548 2122 5609 et
2149 5551 2302 5608 infra
2329 5564 2634 5624 perperam
2655 5566 2690 5607 a
2709 5548 2905 5609 Graec
2934 5549 3208 5611 dissentit
3240 5548 3575 5634 archetypo;
