  <div class='ocr_page' id='page_1' title='image "/cluster/home/n/w/nwhite01/storage/ocr_20150623/25/hvd.32044096580493/487.png"; bbox 0 0 3986 6190; ppageno 0'>
   <div class='ocr_carea' id='block_1_1' title="bbox 412 215 583 275">
    <p class='ocr_par' dir='ltr' id='par_1_1' title="bbox 412 215 583 275">
     <span class='ocr_line' id='line_1_1' title="bbox 412 215 583 275; baseline -0.018 -1"><span class='ocrx_word' id='word_1_1' title='bbox 412 215 529 275; x_wconf 83' lang='grc'>963</span> <span class='ocrx_word' id='word_1_2' title='bbox 566 252 583 271; x_wconf 87' lang='lat'>.</span> 
     </span>
    </p>
   </div>
   <div class='ocr_carea' id='block_1_2' title="bbox 1653 211 2568 278">
    <p class='ocr_par' dir='ltr' id='par_1_2' title="bbox 1653 211 2568 278">
     <span class='ocr_line' id='line_1_2' title="bbox 1653 211 2568 278; baseline 0 -1"><span class='ocrx_word' id='word_1_3' title='bbox 1653 218 1715 277; x_wconf 90' lang='lat' dir='ltr'>S.</span> <span class='ocrx_word' id='word_1_4' title='bbox 1768 215 2076 278; x_wconf 84' lang='lat' dir='ltr'>EUSEBII</span> <span class='ocrx_word' id='word_1_5' title='bbox 2124 211 2568 277; x_wconf 79' lang='lat' dir='ltr'>HIERONYMI</span> 
     </span>
    </p>
   </div>
   <div class='ocr_carea' id='block_1_3' title="bbox 3697 212 3839 275">
    <p class='ocr_par' dir='ltr' id='par_1_3' title="bbox 3697 212 3839 275">
     <span class='ocr_line' id='line_1_3' title="bbox 3697 212 3839 275; baseline 0 0"><span class='ocrx_word' id='word_1_6' title='bbox 3697 212 3839 275; x_wconf 64' lang='lat'>961</span> 
     </span>
    </p>
   </div>
   <div class='ocr_carea' id='block_1_4' title="bbox 407 344 3833 419">
    <p class='ocr_par' dir='ltr' id='par_1_4' title="bbox 407 344 3833 419">
     <span class='ocr_line' id='line_1_4' title="bbox 407 344 3833 419; baseline -0 -17"><span class='ocrx_word' id='word_1_7' title='bbox 407 345 696 403; x_wconf 87' lang='lat' dir='ltr'>ascendent</span> <span class='ocrx_word' id='word_1_8' title='bbox 722 362 885 417; x_wconf 80' lang='lat' dir='ltr'><strong><em>super</em></strong></span> <span class='ocrx_word' id='word_1_9' title='bbox 906 361 1118 413; x_wconf 88' lang='lat' dir='ltr'>muros,</span> <span class='ocrx_word' id='word_1_10' title='bbox 1147 351 1199 401; x_wconf 91' lang='lat' dir='ltr'><strong><em>et</em></strong></span> <span class='ocrx_word' id='word_1_11' title='bbox 1220 349 1591 419; x_wconf 82' lang='lat' dir='ltr'>unusquisque</span> <span class='ocrx_word' id='word_1_12' title='bbox 1620 351 1681 404; x_wconf 83' lang='lat' dir='ltr'>in</span> <span class='ocrx_word' id='word_1_13' title='bbox 1700 352 1792 405; x_wconf 87' lang='lat' dir='ltr'>via</span> <span class='ocrx_word' id='word_1_14' title='bbox 1820 368 1921 404; x_wconf 87' lang='lat' dir='ltr'>sua</span> <span class='ocrx_word' id='word_1_15' title='bbox 1942 368 2054 404; x_wconf 83' lang='lat' dir='ltr'>am—</span> <span class='ocrx_word' id='word_1_16' title='bbox 2082 358 2137 417; x_wconf 78' lang='grc' dir='ltr'><strong>Α</strong></span> <span class='ocrx_word' id='word_1_17' title='bbox 2169 347 2502 404; x_wconf 84' lang='lat' dir='ltr'>sublimitas</span> <span class='ocrx_word' id='word_1_18' title='bbox 2534 347 2818 419; x_wconf 85' lang='lat' dir='ltr'>impetum</span> <span class='ocrx_word' id='word_1_19' title='bbox 2851 344 3086 403; x_wconf 82' lang='lat' dir='ltr'>fortium</span> <span class='ocrx_word' id='word_1_20' title='bbox 3120 345 3426 419; x_wconf 83' lang='lat' dir='ltr'>prohibere</span> <span class='ocrx_word' id='word_1_21' title='bbox 3454 360 3572 401; x_wconf 89' lang='lat' dir='ltr'>non</span> <span class='ocrx_word' id='word_1_22' title='bbox 3598 345 3833 416; x_wconf 83' lang='lat' dir='ltr'>valeat,</span> 
     </span>
    </p>
   </div>
   <div class='ocr_carea' id='block_1_5' title="bbox 412 435 2063 509">
    <p class='ocr_par' dir='ltr' id='par_1_5' title="bbox 412 435 2063 509">
     <span class='ocr_line' id='line_1_5' title="bbox 412 435 2063 509; baseline 0.001 -19"><span class='ocrx_word' id='word_1_23' title='bbox 412 436 643 503; x_wconf 89' lang='lat' dir='ltr'>bulabit,</span> <span class='ocrx_word' id='word_1_24' title='bbox 673 439 726 490; x_wconf 88' lang='lat' dir='ltr'><strong><em>et</em></strong></span> <span class='ocrx_word' id='word_1_25' title='bbox 754 450 863 491; x_wconf 85' lang='lat' dir='ltr'>non</span> <span class='ocrx_word' id='word_1_26' title='bbox 891 435 1243 491; x_wconf 86' lang='lat' dir='ltr'>declinabunt</span> <span class='ocrx_word' id='word_1_27' title='bbox 1273 455 1306 490; x_wconf 85' lang='grc' dir='ltr'>ιι</span> <span class='ocrx_word' id='word_1_28' title='bbox 1351 439 1559 492; x_wconf 87' lang='lat' dir='ltr'>semitis</span> <span class='ocrx_word' id='word_1_29' title='bbox 1596 439 1730 507; x_wconf 88' lang='lat' dir='ltr'>suis,</span> <span class='ocrx_word' id='word_1_30' title='bbox 1780 438 1991 509; x_wconf 76' lang='lat' dir='ltr'>singuli</span> <span class='ocrx_word' id='word_1_31' title='bbox 2029 454 2063 492; x_wconf 90' lang='lat' dir='ltr'>a</span> 
     </span>
    </p>
   </div>
   <div class='ocr_carea' id='block_1_6' title="bbox 408 524 2060 597">
    <p class='ocr_par' dir='ltr' id='par_1_6' title="bbox 408 524 2060 597">
     <span class='ocr_line' id='line_1_6' title="bbox 408 524 2060 597; baseline 0.002 -19"><span class='ocrx_word' id='word_1_32' title='bbox 408 526 660 593; x_wconf 78' lang='lat' dir='ltr'>proximo</span> <span class='ocrx_word' id='word_1_33' title='bbox 690 539 786 578; x_wconf 91' lang='lat' dir='ltr'>suo</span> <span class='ocrx_word' id='word_1_34' title='bbox 806 540 920 577; x_wconf 87' lang='lat' dir='ltr'>non</span> <span class='ocrx_word' id='word_1_35' title='bbox 944 524 1212 592; x_wconf 80' lang='lat' dir='ltr'>recedent,</span> <span class='ocrx_word' id='word_1_36' title='bbox 1243 529 1529 597; x_wconf 87' lang='lat' dir='ltr'>aggravati</span> <span class='ocrx_word' id='word_1_37' title='bbox 1549 530 1724 582; x_wconf 85' lang='lat' dir='ltr'>armis</span> <span class='ocrx_word' id='word_1_38' title='bbox 1747 529 1861 583; x_wconf 89' lang='lat' dir='ltr'>suis</span> <span class='ocrx_word' id='word_1_39' title='bbox 1881 524 2060 591; x_wconf 84' lang='lat' dir='ltr'>ibunt,</span> 
     </span>
    </p>
   </div>
   <div class='ocr_carea' id='block_1_7' title="bbox 408 612 2064 684">
    <p class='ocr_par' dir='ltr' id='par_1_7' title="bbox 408 612 2064 684">
     <span class='ocr_line' id='line_1_7' title="bbox 408 612 2064 684; baseline 0.001 -16"><span class='ocrx_word' id='word_1_40' title='bbox 408 617 463 668; x_wconf 86' lang='lat' dir='ltr'><strong><em>et</em></strong></span> <span class='ocrx_word' id='word_1_41' title='bbox 493 616 555 668; x_wconf 88' lang='lat' dir='ltr'>in</span> <span class='ocrx_word' id='word_1_42' title='bbox 573 612 780 684; x_wconf 87' lang='lat' dir='ltr'>jaculis</span> <span class='ocrx_word' id='word_1_43' title='bbox 808 614 925 667; x_wconf 89' lang='lat' dir='ltr'>suis</span> <span class='ocrx_word' id='word_1_44' title='bbox 951 612 1163 683; x_wconf 86' lang='lat' dir='ltr'>cadent,</span> <span class='ocrx_word' id='word_1_45' title='bbox 1195 621 1246 669; x_wconf 90' lang='lat' dir='ltr'>et</span> <span class='ocrx_word' id='word_1_46' title='bbox 1274 631 1381 669; x_wconf 90' lang='lat' dir='ltr'>non</span> <span class='ocrx_word' id='word_1_47' title='bbox 1427 619 1832 681; x_wconf 87' lang='lat' dir='ltr'>consumentur,</span> <span class='ocrx_word' id='word_1_48' title='bbox 1876 615 2064 670; x_wconf 84' lang='lat' dir='ltr'>urbem</span> 
     </span>
    </p>
   </div>
   <div class='ocr_carea' id='block_1_8' title="bbox 407 701 2064 773">
    <p class='ocr_par' dir='ltr' id='par_1_8' title="bbox 407 701 2064 773">
     <span class='ocr_line' id='line_1_8' title="bbox 407 701 2064 773; baseline 0.001 -16"><span class='ocrx_word' id='word_1_49' title='bbox 407 701 831 773; x_wconf 85' lang='lat' dir='ltr'>apprehendent,</span> <span class='ocrx_word' id='word_1_50' title='bbox 855 705 907 756; x_wconf 90' lang='lat' dir='ltr'><strong><em>et</em></strong></span> <span class='ocrx_word' id='word_1_51' title='bbox 926 718 1091 773; x_wconf 85' lang='lat' dir='ltr'>super</span> <span class='ocrx_word' id='word_1_52' title='bbox 1111 719 1293 758; x_wconf 89' lang='lat' dir='ltr'>muros</span> <span class='ocrx_word' id='word_1_53' title='bbox 1314 703 1625 759; x_wconf 85' lang='lat' dir='ltr'>discurrent</span> <span class='ocrx_word' id='word_1_54' title='bbox 1654 722 1665 760; x_wconf 93' lang='lat'>:</span> <span class='ocrx_word' id='word_1_55' title='bbox 1694 720 1865 773; x_wconf 84' lang='lat' dir='ltr'>super</span> <span class='ocrx_word' id='word_1_56' title='bbox 1883 704 2064 759; x_wconf 88' lang='lat' dir='ltr'>domos</span> 
     </span>
    </p>
   </div>
   <div class='ocr_carea' id='block_1_9' title="bbox 405 788 2067 865">
    <p class='ocr_par' dir='ltr' id='par_1_9' title="bbox 405 788 2067 865">
     <span class='ocr_line' id='line_1_9' title="bbox 405 788 2067 865; baseline 0.001 -21"><span class='ocrx_word' id='word_1_57' title='bbox 405 788 713 858; x_wconf 88' lang='lat' dir='ltr'>ascendent,</span> <span class='ocrx_word' id='word_1_58' title='bbox 731 791 781 843; x_wconf 86' lang='lat' dir='ltr'><strong><em>et</em></strong></span> <span class='ocrx_word' id='word_1_59' title='bbox 796 804 899 860; x_wconf 82' lang='lat' dir='ltr'>per</span> <span class='ocrx_word' id='word_1_60' title='bbox 919 791 1190 859; x_wconf 79' lang='lat' dir='ltr'>fenestras</span> <span class='ocrx_word' id='word_1_61' title='bbox 1213 791 1498 847; x_wconf 84' lang='lat' dir='ltr'>intrabunt</span> <span class='ocrx_word' id='word_1_62' title='bbox 1517 797 1657 847; x_wconf 81' lang='lat' dir='ltr'>sicut</span> <span class='ocrx_word' id='word_1_63' title='bbox 1675 794 1847 863; x_wconf 88' lang='lat' dir='ltr'>fures,</span> <span class='ocrx_word' id='word_1_64' title='bbox 1864 810 1896 847; x_wconf 90' lang='lat' dir='ltr'>a</span> <span class='ocrx_word' id='word_1_65' title='bbox 1917 792 2067 865; x_wconf 87' lang='lat' dir='ltr'>facie</span> 
     </span>
    </p>
   </div>
   <div class='ocr_carea' id='block_1_10' title="bbox 396 879 2069 968">
    <p class='ocr_par' dir='ltr' id='par_1_10' title="bbox 396 879 2069 968">
     <span class='ocr_line' id='line_1_10' title="bbox 396 879 2069 968; baseline 0.001 -34"><span class='ocrx_word' id='word_1_66' title='bbox 396 879 514 950; x_wconf 85' lang='lat' dir='ltr'>ejus</span> <span class='ocrx_word' id='word_1_67' title='bbox 541 879 922 950; x_wconf 81' lang='lat' dir='ltr'>confundetur</span> <span class='ocrx_word' id='word_1_68' title='bbox 950 880 1124 946; x_wconf 90' lang='lat' dir='ltr'>terra,</span> <span class='ocrx_word' id='word_1_69' title='bbox 1154 887 1205 934; x_wconf 90' lang='lat' dir='ltr'><strong><em>et</em></strong></span> <span class='ocrx_word' id='word_1_70' title='bbox 1230 880 1651 936; x_wconf 82' lang='lat' dir='ltr'>commovebitur</span> <span class='ocrx_word' id='word_1_71' title='bbox 1670 882 1889 946; x_wconf 70' lang='lat' dir='ltr'>caelum,</span> <span class='ocrx_word' id='word_1_72' title='bbox 1912 881 1993 936; x_wconf 86' lang='lat' dir='ltr'>sol</span> <span class='ocrx_word' id='word_1_73' title='bbox 2016 896 2069 968; x_wconf 54' lang='lat' dir='ltr'>et</span> 
     </span>
    </p>
   </div>
   <div class='ocr_carea' id='block_1_11' title="bbox 399 967 2064 1056">
    <p class='ocr_par' dir='ltr' id='par_1_11' title="bbox 399 967 2064 1056">
     <span class='ocr_line' id='line_1_11' title="bbox 399 967 2064 1056; baseline 0.001 -34"><span class='ocrx_word' id='word_1_74' title='bbox 399 968 536 1022; x_wconf 88' lang='lat' dir='ltr'>luna</span> <span class='ocrx_word' id='word_1_75' title='bbox 554 967 1116 1038; x_wconf 83' lang='lat' dir='ltr'>contenebrabuntur,</span> <span class='ocrx_word' id='word_1_76' title='bbox 1138 976 1187 1022; x_wconf 92' lang='lat' dir='ltr'><strong><em>et</em></strong></span> <span class='ocrx_word' id='word_1_77' title='bbox 1201 969 1378 1025; x_wconf 69' lang='lat' dir='ltr'>stella?</span> <span class='ocrx_word' id='word_1_78' title='bbox 1398 972 1649 1040; x_wconf 82' lang='lat' dir='ltr'>auferent</span> <span class='ocrx_word' id='word_1_79' title='bbox 1671 971 1855 1026; x_wconf 84' lang='lat' dir='ltr'>lumen</span> <span class='ocrx_word' id='word_1_80' title='bbox 1873 967 2064 1056; x_wconf 58' lang='lat' dir='ltr'>suum,</span> 
     </span>
    </p>
   </div>
   <div class='ocr_carea' id='block_1_12' title="bbox 402 1055 2065 1137">
    <p class='ocr_par' dir='ltr' id='par_1_12' title="bbox 402 1055 2065 1137">
     <span class='ocr_line' id='line_1_12' title="bbox 402 1055 2065 1137; baseline 0.001 -23"><span class='ocrx_word' id='word_1_81' title='bbox 402 1060 453 1115; x_wconf 83' lang='lat' dir='ltr'><strong><em>et</em></strong></span> <span class='ocrx_word' id='word_1_82' title='bbox 483 1057 743 1113; x_wconf 78' lang='lat' dir='ltr'>Dominus</span> <span class='ocrx_word' id='word_1_83' title='bbox 771 1055 923 1111; x_wconf 85' lang='lat' dir='ltr'><strong><em>dabit</em></strong></span> <span class='ocrx_word' id='word_1_84' title='bbox 951 1072 1130 1112; x_wconf 85' lang='lat' dir='ltr'>vocem</span> <span class='ocrx_word' id='word_1_85' title='bbox 1148 1074 1309 1114; x_wconf 82' lang='lat' dir='ltr'>suam</span> <span class='ocrx_word' id='word_1_86' title='bbox 1328 1076 1362 1113; x_wconf 87' lang='lat' dir='ltr'>a</span> <span class='ocrx_word' id='word_1_87' title='bbox 1379 1061 1522 1128; x_wconf 84' lang='lat' dir='ltr'>facie</span> <span class='ocrx_word' id='word_1_88' title='bbox 1548 1061 1894 1130; x_wconf 80' lang='lat' dir='ltr'>fortitudinis</span> <span class='ocrx_word' id='word_1_89' title='bbox 1920 1055 2065 1137; x_wconf 67' lang='lat' dir='ltr'>suae,</span> 
     </span>
    </p>
   </div>
   <div class='ocr_carea' id='block_1_13' title="bbox 402 1146 2063 1220">
    <p class='ocr_par' dir='ltr' id='par_1_13' title="bbox 402 1146 2063 1220">
     <span class='ocr_line' id='line_1_13' title="bbox 402 1146 2063 1220; baseline 0 -18"><span class='ocrx_word' id='word_1_90' title='bbox 402 1148 666 1218; x_wconf 86' lang='lat' dir='ltr'>quoniam</span> <span class='ocrx_word' id='word_1_91' title='bbox 692 1146 867 1200; x_wconf 88' lang='lat' dir='ltr'>multa</span> <span class='ocrx_word' id='word_1_92' title='bbox 893 1150 1023 1200; x_wconf 88' lang='lat' dir='ltr'>sunt</span> <span class='ocrx_word' id='word_1_93' title='bbox 1052 1148 1222 1201; x_wconf 90' lang='lat' dir='ltr'>nimis</span> <span class='ocrx_word' id='word_1_94' title='bbox 1242 1149 1421 1202; x_wconf 88' lang='lat' dir='ltr'>castra</span> <span class='ocrx_word' id='word_1_95' title='bbox 1446 1149 1581 1220; x_wconf 89' lang='lat' dir='ltr'>ejus,</span> <span class='ocrx_word' id='word_1_96' title='bbox 1612 1151 1871 1219; x_wconf 86' lang='lat' dir='ltr'>quoniam</span> <span class='ocrx_word' id='word_1_97' title='bbox 1893 1149 2063 1220; x_wconf 86' lang='lat' dir='ltr'>fortia</span> 
     </span>
    </p>
   </div>
   <div class='ocr_carea' id='block_1_14' title="bbox 401 1234 2063 1308">
    <p class='ocr_par' dir='ltr' id='par_1_14' title="bbox 401 1234 2063 1308">
     <span class='ocr_line' id='line_1_14' title="bbox 401 1234 2063 1308; baseline 0 -17"><span class='ocrx_word' id='word_1_98' title='bbox 401 1250 574 1306; x_wconf 80' lang='lat' dir='ltr'>opera</span> <span class='ocrx_word' id='word_1_99' title='bbox 601 1249 911 1289; x_wconf 85' lang='lat' dir='ltr'>sermonum</span> <span class='ocrx_word' id='word_1_100' title='bbox 940 1234 1117 1300; x_wconf 85' lang='lat' dir='ltr'>illius,</span> <span class='ocrx_word' id='word_1_101' title='bbox 1152 1237 1282 1305; x_wconf 86' lang='lat' dir='ltr'>quia</span> <span class='ocrx_word' id='word_1_102' title='bbox 1301 1252 1500 1306; x_wconf 85' lang='lat' dir='ltr'>magna</span> <span class='ocrx_word' id='word_1_103' title='bbox 1521 1238 1637 1292; x_wconf 85' lang='lat' dir='ltr'>dies</span> <span class='ocrx_word' id='word_1_104' title='bbox 1668 1238 1912 1308; x_wconf 72' lang='lat' dir='ltr'>Domini,</span> <span class='ocrx_word' id='word_1_105' title='bbox 1941 1253 2063 1292; x_wconf 87' lang='lat' dir='ltr'>ma-</span> 
     </span>
    </p>
   </div>
   <div class='ocr_carea' id='block_1_15' title="bbox 400 1323 2066 1397">
    <p class='ocr_par' dir='ltr' id='par_1_15' title="bbox 400 1323 2066 1397">
     <span class='ocr_line' id='line_1_15' title="bbox 400 1323 2066 1397; baseline 0.002 -18"><span class='ocrx_word' id='word_1_106' title='bbox 400 1340 512 1393; x_wconf 87' lang='lat' dir='ltr'>gna</span> <span class='ocrx_word' id='word_1_107' title='bbox 541 1332 591 1377; x_wconf 90' lang='lat' dir='ltr'><strong><em>et</em></strong></span> <span class='ocrx_word' id='word_1_108' title='bbox 623 1323 860 1378; x_wconf 81' lang='lat' dir='ltr'>illustris</span> <span class='ocrx_word' id='word_1_109' title='bbox 890 1324 1078 1394; x_wconf 88' lang='lat' dir='ltr'>nimis,</span> <span class='ocrx_word' id='word_1_110' title='bbox 1131 1332 1182 1379; x_wconf 91' lang='lat' dir='ltr'>et</span> <span class='ocrx_word' id='word_1_111' title='bbox 1211 1326 1333 1395; x_wconf 88' lang='lat' dir='ltr'>quis</span> <span class='ocrx_word' id='word_1_112' title='bbox 1366 1327 1472 1380; x_wconf 85' lang='lat' dir='ltr'>erit</span> <span class='ocrx_word' id='word_1_113' title='bbox 1500 1327 1781 1397; x_wconf 81' lang='lat' dir='ltr'>sufﬁciens</span> <span class='ocrx_word' id='word_1_114' title='bbox 1809 1328 1880 1382; x_wconf 87' lang='lat' dir='ltr'>ad</span> <span class='ocrx_word' id='word_1_115' title='bbox 1907 1332 2066 1382; x_wconf 81' lang='lat' dir='ltr'>eam?</span> 
     </span>
    </p>
   </div>
   <div class='ocr_carea' id='block_1_16' title="bbox 404 1412 2065 1484">
    <p class='ocr_par' dir='ltr' id='par_1_16' title="bbox 404 1412 2065 1484">
     <span class='ocr_line' id='line_1_16' title="bbox 404 1412 2065 1484; baseline 0.002 -16"><span class='ocrx_word' id='word_1_116' title='bbox 404 1413 662 1468; x_wconf 82' lang='lat' dir='ltr'>Rursum</span> <span class='ocrx_word' id='word_1_117' title='bbox 696 1427 798 1483; x_wconf 90' lang='lat' dir='ltr'>per</span> <span class='ocrx_word' id='word_1_118' title='bbox 828 1412 1230 1484; x_wconf 82' lang='lat' dir='ltr'>metaphoram</span> <span class='ocrx_word' id='word_1_119' title='bbox 1272 1412 1656 1481; x_wconf 83' lang='lat' dir='ltr'>locustarum,</span> <span class='ocrx_word' id='word_1_120' title='bbox 1711 1415 2065 1471; x_wconf 80' lang='lat' dir='ltr'>describitur</span> 
     </span>
    </p>
   </div>
   <div class='ocr_carea' id='block_1_17' title="bbox 398 1499 2060 1576">
    <p class='ocr_par' dir='ltr' id='par_1_17' title="bbox 398 1499 2060 1576">
     <span class='ocr_line' id='line_1_17' title="bbox 398 1499 2060 1576; baseline 0.002 -21"><span class='ocrx_word' id='word_1_121' title='bbox 398 1502 656 1573; x_wconf 85' lang='lat' dir='ltr'>impetus</span> <span class='ocrx_word' id='word_1_122' title='bbox 686 1499 1112 1569; x_wconf 83' lang='lat' dir='ltr'>Chaldaeorum,</span> <span class='ocrx_word' id='word_1_123' title='bbox 1164 1505 1220 1557; x_wconf 88' lang='lat' dir='ltr'>et</span> <span class='ocrx_word' id='word_1_124' title='bbox 1257 1503 1502 1574; x_wconf 85' lang='lat' dir='ltr'>jubetur</span> <span class='ocrx_word' id='word_1_125' title='bbox 1533 1504 1845 1576; x_wconf 88' lang='lat' dir='ltr'>pr0pbeta,</span> <span class='ocrx_word' id='word_1_126' title='bbox 1879 1505 2060 1560; x_wconf 90' lang='lat' dir='ltr'>immo</span> 
     </span>
    </p>
   </div>
   <div class='ocr_carea' id='block_1_18' title="bbox 304 1590 2053 1663">
    <p class='ocr_par' dir='ltr' id='par_1_18' title="bbox 304 1590 2053 1663">
     <span class='ocr_line' id='line_1_18' title="bbox 304 1590 2053 1663; baseline 0.001 -16"><span class='ocrx_word' id='word_1_127' title='bbox 304 1644 307 1647; x_wconf 89' lang='lat'>.</span> <span class='ocrx_word' id='word_1_128' title='bbox 399 1607 503 1662; x_wconf 91' lang='lat' dir='ltr'>per</span> <span class='ocrx_word' id='word_1_129' title='bbox 523 1590 867 1663; x_wconf 84' lang='lat' dir='ltr'>prophetam</span> <span class='ocrx_word' id='word_1_130' title='bbox 890 1590 1163 1646; x_wconf 90' lang='lat' dir='ltr'>omnibus</span> <span class='ocrx_word' id='word_1_131' title='bbox 1184 1591 1282 1662; x_wconf 90' lang='lat' dir='ltr'>qui</span> <span class='ocrx_word' id='word_1_132' title='bbox 1309 1597 1557 1662; x_wconf 87' lang='lat' dir='ltr'>possunt</span> <span class='ocrx_word' id='word_1_133' title='bbox 1577 1593 1678 1649; x_wconf 88' lang='lat' dir='ltr'>Dei</span> <span class='ocrx_word' id='word_1_134' title='bbox 1704 1593 1909 1649; x_wconf 90' lang='lat' dir='ltr'>audire</span> <span class='ocrx_word' id='word_1_135' title='bbox 1934 1611 2053 1649; x_wconf 86' lang='lat' dir='ltr'>ser-</span> 
     </span>
    </p>
   </div>
   <div class='ocr_carea' id='block_1_19' title="bbox 399 1678 2054 1751">
    <p class='ocr_par' dir='ltr' id='par_1_19' title="bbox 399 1678 2054 1751">
     <span class='ocr_line' id='line_1_19' title="bbox 399 1678 2054 1751; baseline 0.001 -16"><span class='ocrx_word' id='word_1_136' title='bbox 399 1696 654 1746; x_wconf 89' lang='lat' dir='ltr'>monem,</span> <span class='ocrx_word' id='word_1_137' title='bbox 690 1683 754 1734; x_wconf 92' lang='lat' dir='ltr'>ut</span> <span class='ocrx_word' id='word_1_138' title='bbox 783 1680 954 1751; x_wconf 89' lang='lat' dir='ltr'>quasi</span> <span class='ocrx_word' id='word_1_139' title='bbox 985 1680 1127 1735; x_wconf 88' lang='lat' dir='ltr'>tuba</span> <span class='ocrx_word' id='word_1_140' title='bbox 1155 1678 1409 1735; x_wconf 76' lang='lat' dir='ltr'>exultent</span> <span class='ocrx_word' id='word_1_141' title='bbox 1432 1697 1631 1737; x_wconf 91' lang='lat' dir='ltr'>vocem</span> <span class='ocrx_word' id='word_1_142' title='bbox 1663 1699 1857 1749; x_wconf 89' lang='lat' dir='ltr'>suam,</span> <span class='ocrx_word' id='word_1_143' title='bbox 1905 1688 1963 1739; x_wconf 90' lang='lat' dir='ltr'>et</span> <span class='ocrx_word' id='word_1_144' title='bbox 1994 1684 2054 1738; x_wconf 92' lang='lat' dir='ltr'>in</span> 
     </span>
    </p>
   </div>
   <div class='ocr_carea' id='block_1_20' title="bbox 399 1767 2054 1842">
    <p class='ocr_par' dir='ltr' id='par_1_20' title="bbox 399 1767 2054 1842">
     <span class='ocr_line' id='line_1_20' title="bbox 399 1767 2054 1842; baseline 0.002 -18"><span class='ocrx_word' id='word_1_145' title='bbox 399 1768 538 1824; x_wconf 90' lang='lat' dir='ltr'>Sion</span> <span class='ocrx_word' id='word_1_146' title='bbox 569 1767 904 1840; x_wconf 63' lang='lat' dir='ltr'>pradicant,</span> <span class='ocrx_word' id='word_1_147' title='bbox 956 1772 1013 1822; x_wconf 88' lang='lat' dir='ltr'>et</span> <span class='ocrx_word' id='word_1_148' title='bbox 1042 1767 1320 1840; x_wconf 81' lang='lat' dir='ltr'>clangunt</span> <span class='ocrx_word' id='word_1_149' title='bbox 1352 1769 1411 1823; x_wconf 89' lang='lat' dir='ltr'>in</span> <span class='ocrx_word' id='word_1_150' title='bbox 1444 1776 1640 1825; x_wconf 91' lang='lat' dir='ltr'>monte</span> <span class='ocrx_word' id='word_1_151' title='bbox 1670 1776 1870 1826; x_wconf 87' lang='lat' dir='ltr'>sancto</span> <span class='ocrx_word' id='word_1_152' title='bbox 1902 1773 2054 1842; x_wconf 84' lang='lat' dir='ltr'>ejus,</span> 
     </span>
    </p>
   </div>
   <div class='ocr_carea' id='block_1_21' title="bbox 398 1856 2056 1929">
    <p class='ocr_par' dir='ltr' id='par_1_21' title="bbox 398 1856 2056 1929">
     <span class='ocr_line' id='line_1_21' title="bbox 398 1856 2056 1929; baseline 0.003 -17"><span class='ocrx_word' id='word_1_153' title='bbox 398 1862 463 1912; x_wconf 90' lang='lat' dir='ltr'>ut</span> <span class='ocrx_word' id='word_1_154' title='bbox 493 1858 564 1912; x_wconf 91' lang='lat' dir='ltr'>ad</span> <span class='ocrx_word' id='word_1_155' title='bbox 596 1856 905 1929; x_wconf 83' lang='lat' dir='ltr'>strepitum</span> <span class='ocrx_word' id='word_1_156' title='bbox 935 1856 1208 1912; x_wconf 91' lang='lat' dir='ltr'>clamoris</span> <span class='ocrx_word' id='word_1_157' title='bbox 1230 1862 1286 1913; x_wconf 91' lang='lat' dir='ltr'>et</span> <span class='ocrx_word' id='word_1_158' title='bbox 1316 1858 1573 1914; x_wconf 60' lang='lat' dir='ltr'>buccina:</span> <span class='ocrx_word' id='word_1_159' title='bbox 1596 1859 1790 1916; x_wconf 90' lang='lat' dir='ltr'>omnis</span> <span class='ocrx_word' id='word_1_160' title='bbox 1820 1859 2056 1917; x_wconf 87' lang='lat' dir='ltr'>Jerusa-</span> 
     </span>
    </p>
   </div>
   <div class='ocr_carea' id='block_1_22' title="bbox 397 1944 2057 2028">
    <p class='ocr_par' dir='ltr' id='par_1_22' title="bbox 397 1944 2057 2028">
     <span class='ocr_line' id='line_1_22' title="bbox 397 1944 2057 2028; baseline 0.004 -27"><span class='ocrx_word' id='word_1_161' title='bbox 397 1946 513 2002; x_wconf 87' lang='lat' dir='ltr'>lem</span> <span class='ocrx_word' id='word_1_162' title='bbox 535 1944 785 2017; x_wconf 83' lang='lat' dir='ltr'>populus</span> <span class='ocrx_word' id='word_1_163' title='bbox 809 1946 1238 2002; x_wconf 85' lang='lat' dir='ltr'>conlremiscat.</span> <span class='ocrx_word' id='word_1_164' title='bbox 1264 1946 1405 2001; x_wconf 89' lang='lat' dir='ltr'>Cum</span> <span class='ocrx_word' id='word_1_165' title='bbox 1418 1964 1546 2018; x_wconf 77' lang='lat' dir='ltr'>quc,</span> <span class='ocrx_word' id='word_1_166' title='bbox 1577 1949 1678 2016; x_wconf 83' lang='lat' dir='ltr'>ait,</span> <span class='ocrx_word' id='word_1_167' title='bbox 1705 1948 2057 2028; x_wconf 74' lang='lat' dir='ltr'>cecineritis,</span> 
     </span>
    </p>
   </div>
   <div class='ocr_carea' id='block_1_23' title="bbox 398 2034 2054 2106">
    <p class='ocr_par' dir='ltr' id='par_1_23' title="bbox 398 2034 2054 2106">
     <span class='ocr_line' id='line_1_23' title="bbox 398 2034 2054 2106; baseline 0.002 -14"><span class='ocrx_word' id='word_1_168' title='bbox 398 2038 510 2092; x_wconf 89' lang='lat' dir='ltr'>hoc</span> <span class='ocrx_word' id='word_1_169' title='bbox 531 2034 739 2090; x_wconf 90' lang='lat' dir='ltr'>dicite:</span> <span class='ocrx_word' id='word_1_170' title='bbox 763 2034 1140 2106; x_wconf 83' lang='lat' dir='ltr'>Nequaquam</span> <span class='ocrx_word' id='word_1_171' title='bbox 1167 2035 1290 2090; x_wconf 91' lang='lat' dir='ltr'>dies</span> <span class='ocrx_word' id='word_1_172' title='bbox 1314 2037 1543 2091; x_wconf 90' lang='lat' dir='ltr'>Domini</span> <span class='ocrx_word' id='word_1_173' title='bbox 1566 2037 1719 2093; x_wconf 91' lang='lat' dir='ltr'>ultra</span> <span class='ocrx_word' id='word_1_174' title='bbox 1735 2037 2054 2101; x_wconf 73' lang='lat' dir='ltr'>differetur,</span> 
     </span>
    </p>
   </div>
   <div class='ocr_carea' id='block_1_24' title="bbox 397 2122 2055 2194">
    <p class='ocr_par' dir='ltr' id='par_1_24' title="bbox 397 2122 2055 2194">
     <span class='ocr_line' id='line_1_24' title="bbox 397 2122 2055 2194; baseline 0.004 -17"><span class='ocrx_word' id='word_1_175' title='bbox 397 2123 455 2178; x_wconf 91' lang='lat' dir='ltr'>id</span> <span class='ocrx_word' id='word_1_176' title='bbox 488 2126 597 2190; x_wconf 89' lang='lat' dir='ltr'>est,</span> <span class='ocrx_word' id='word_1_177' title='bbox 647 2123 771 2178; x_wconf 90' lang='lat' dir='ltr'>dies</span> <span class='ocrx_word' id='word_1_178' title='bbox 820 2122 1061 2177; x_wconf 85' lang='lat' dir='ltr'>ultionis</span> <span class='ocrx_word' id='word_1_179' title='bbox 1108 2127 1281 2194; x_wconf 90' lang='lat' dir='ltr'>atque</span> <span class='ocrx_word' id='word_1_180' title='bbox 1330 2124 1633 2193; x_wconf 60' lang='lat' dir='ltr'>vindicta);</span> <span class='ocrx_word' id='word_1_181' title='bbox 1668 2127 1833 2182; x_wconf 84' lang='lat' dir='ltr'>adest</span> <span class='ocrx_word' id='word_1_182' title='bbox 1863 2128 2055 2184; x_wconf 86' lang='lat' dir='ltr'>vicina</span> 
     </span>
    </p>
   </div>
   <div class='ocr_carea' id='block_1_25' title="bbox 399 2211 2051 2288">
    <p class='ocr_par' dir='ltr' id='par_1_25' title="bbox 399 2211 2051 2288">
     <span class='ocr_line' id='line_1_25' title="bbox 399 2211 2051 2288; baseline 0.003 -21"><span class='ocrx_word' id='word_1_183' title='bbox 399 2212 724 2284; x_wconf 84' lang='lat' dir='ltr'>captivitas,</span> <span class='ocrx_word' id='word_1_184' title='bbox 750 2212 875 2282; x_wconf 89' lang='lat' dir='ltr'>jam</span> <span class='ocrx_word' id='word_1_185' title='bbox 898 2212 969 2266; x_wconf 90' lang='lat' dir='ltr'>de</span> <span class='ocrx_word' id='word_1_186' title='bbox 992 2228 1099 2266; x_wconf 90' lang='lat' dir='ltr'>suo</span> <span class='ocrx_word' id='word_1_187' title='bbox 1121 2211 1246 2268; x_wconf 93' lang='lat' dir='ltr'>loco</span> <span class='ocrx_word' id='word_1_188' title='bbox 1269 2213 1717 2286; x_wconf 84' lang='lat' dir='ltr'>Babyloniorum</span> <span class='ocrx_word' id='word_1_189' title='bbox 1741 2222 1829 2271; x_wconf 87' lang='lat' dir='ltr'>est</span> <span class='ocrx_word' id='word_1_190' title='bbox 1853 2234 2051 2288; x_wconf 91' lang='lat' dir='ltr'>egres-</span> 
     </span>
    </p>
   </div>
   <div class='ocr_carea' id='block_1_26' title="bbox 399 2300 2048 2378">
    <p class='ocr_par' dir='ltr' id='par_1_26' title="bbox 399 2300 2048 2378">
     <span class='ocr_line' id='line_1_26' title="bbox 399 2300 2048 2378; baseline 0.002 -22"><span class='ocrx_word' id='word_1_191' title='bbox 399 2318 502 2357; x_wconf 88' lang='lat' dir='ltr'>sus</span> <span class='ocrx_word' id='word_1_192' title='bbox 530 2300 837 2365; x_wconf 85' lang='lat' dir='ltr'>exercitus,</span> <span class='ocrx_word' id='word_1_193' title='bbox 870 2317 1048 2372; x_wconf 83' lang='lat' dir='ltr'>prope</span> <span class='ocrx_word' id='word_1_194' title='bbox 1078 2307 1166 2356; x_wconf 88' lang='lat' dir='ltr'>est</span> <span class='ocrx_word' id='word_1_195' title='bbox 1195 2301 1318 2357; x_wconf 91' lang='lat' dir='ltr'>dies</span> <span class='ocrx_word' id='word_1_196' title='bbox 1349 2303 1747 2370; x_wconf 86' lang='lat' dir='ltr'>tenebrarum,</span> <span class='ocrx_word' id='word_1_197' title='bbox 1776 2310 1834 2361; x_wconf 87' lang='lat' dir='ltr'>et</span> <span class='ocrx_word' id='word_1_198' title='bbox 1865 2322 2048 2378; x_wconf 88' lang='lat' dir='ltr'>angu-</span> 
     </span>
    </p>
   </div>
   <div class='ocr_carea' id='block_1_27' title="bbox 396 2388 2048 2465">
    <p class='ocr_par' dir='ltr' id='par_1_27' title="bbox 396 2388 2048 2465">
     <span class='ocr_line' id='line_1_27' title="bbox 396 2388 2048 2465; baseline 0.001 -18"><span class='ocrx_word' id='word_1_199' title='bbox 396 2390 543 2456; x_wconf 59' lang='lat' dir='ltr'>stia,</span> <span class='ocrx_word' id='word_1_200' title='bbox 569 2389 692 2444; x_wconf 87' lang='lat' dir='ltr'>dies</span> <span class='ocrx_word' id='word_1_201' title='bbox 713 2388 980 2461; x_wconf 86' lang='lat' dir='ltr'>caliginis</span> <span class='ocrx_word' id='word_1_202' title='bbox 1001 2398 1053 2444; x_wconf 88' lang='lat' dir='ltr'>et</span> <span class='ocrx_word' id='word_1_203' title='bbox 1076 2390 1249 2445; x_wconf 90' lang='lat' dir='ltr'>nubis</span> <span class='ocrx_word' id='word_1_204' title='bbox 1270 2394 1327 2446; x_wconf 87' lang='lat' dir='ltr'>et</span> <span class='ocrx_word' id='word_1_205' title='bbox 1353 2391 1621 2457; x_wconf 74' lang='lat' dir='ltr'>lui-binis,</span> <span class='ocrx_word' id='word_1_206' title='bbox 1643 2392 1703 2448; x_wconf 90' lang='lat' dir='ltr'>in</span> <span class='ocrx_word' id='word_1_207' title='bbox 1746 2409 1863 2465; x_wconf 90' lang='lat' dir='ltr'>qua</span> <span class='ocrx_word' id='word_1_208' title='bbox 1888 2396 2048 2450; x_wconf 85' lang='lat' dir='ltr'>aufe-</span> 
     </span>
    </p>
   </div>
   <div class='ocr_carea' id='block_1_28' title="bbox 397 2478 2050 2553">
    <p class='ocr_par' dir='ltr' id='par_1_28' title="bbox 397 2478 2050 2553">
     <span class='ocr_line' id='line_1_28' title="bbox 397 2478 2050 2553; baseline 0.005 -21"><span class='ocrx_word' id='word_1_209' title='bbox 397 2483 561 2534; x_wconf 90' lang='lat' dir='ltr'>retur</span> <span class='ocrx_word' id='word_1_210' title='bbox 584 2478 786 2533; x_wconf 90' lang='lat' dir='ltr'>lumen</span> <span class='ocrx_word' id='word_1_211' title='bbox 818 2494 990 2534; x_wconf 91' lang='lat' dir='ltr'>omne</span> <span class='ocrx_word' id='word_1_212' title='bbox 1021 2479 1235 2534; x_wconf 60' lang='lat' dir='ltr'>laetitiae</span> <span class='ocrx_word' id='word_1_213' title='bbox 1274 2480 1379 2549; x_wconf 84' lang='lat' dir='ltr'>[Al-</span> <span class='ocrx_word' id='word_1_214' title='bbox 1418 2482 1718 2553; x_wconf 76' lang='lat' dir='ltr'>justitiaa],</span> <span class='ocrx_word' id='word_1_215' title='bbox 1753 2488 1810 2538; x_wconf 90' lang='lat' dir='ltr'>et</span> <span class='ocrx_word' id='word_1_216' title='bbox 1838 2488 2050 2540; x_wconf 89' lang='lat' dir='ltr'>cuncta</span> 
     </span>
    </p>
   </div>
   <div class='ocr_carea' id='block_1_29' title="bbox 394 2566 2048 2641">
    <p class='ocr_par' dir='ltr' id='par_1_29' title="bbox 394 2566 2048 2641">
     <span class='ocr_line' id='line_1_29' title="bbox 394 2566 2048 2641; baseline 0.003 -18"><span class='ocrx_word' id='word_1_217' title='bbox 394 2566 653 2623; x_wconf 88' lang='lat' dir='ltr'>tenebris</span> <span class='ocrx_word' id='word_1_218' title='bbox 669 2566 1092 2639; x_wconf 86' lang='lat' dir='ltr'>opprimentur.</span> <span class='ocrx_word' id='word_1_219' title='bbox 1116 2568 1300 2637; x_wconf 87' lang='lat' dir='ltr'>Sicut,</span> <span class='ocrx_word' id='word_1_220' title='bbox 1323 2568 1535 2641; x_wconf 88' lang='lat' dir='ltr'>inquit,</span> <span class='ocrx_word' id='word_1_221' title='bbox 1556 2588 1727 2627; x_wconf 90' lang='lat' dir='ltr'>mane</span> <span class='ocrx_word' id='word_1_222' title='bbox 1749 2577 1806 2626; x_wconf 89' lang='lat' dir='ltr'>et</span> <span class='ocrx_word' id='word_1_223' title='bbox 1825 2571 2048 2628; x_wconf 88' lang='lat' dir='ltr'>dilucu-</span> 
     </span>
    </p>
   </div>
   <div class='ocr_carea' id='block_1_30' title="bbox 393 2655 2047 2730">
    <p class='ocr_par' dir='ltr' id='par_1_30' title="bbox 393 2655 2047 2730">
     <span class='ocr_line' id='line_1_30' title="bbox 393 2655 2047 2730; baseline 0.003 -18"><span class='ocrx_word' id='word_1_224' title='bbox 393 2656 518 2712; x_wconf 91' lang='lat' dir='ltr'>lum</span> <span class='ocrx_word' id='word_1_225' title='bbox 543 2655 738 2712; x_wconf 89' lang='lat' dir='ltr'>subito</span> <span class='ocrx_word' id='word_1_226' title='bbox 762 2656 1033 2712; x_wconf 87' lang='lat' dir='ltr'>tenebras</span> <span class='ocrx_word' id='word_1_227' title='bbox 1056 2657 1236 2730; x_wconf 85' lang='lat' dir='ltr'>fugat,</span> <span class='ocrx_word' id='word_1_228' title='bbox 1251 2662 1309 2713; x_wconf 92' lang='lat' dir='ltr'>et</span> <span class='ocrx_word' id='word_1_229' title='bbox 1329 2664 1568 2722; x_wconf 81' lang='lat' dir='ltr'>cunctos</span> <span class='ocrx_word' id='word_1_230' title='bbox 1587 2666 1814 2716; x_wconf 90' lang='lat' dir='ltr'>montes</span> <span class='ocrx_word' id='word_1_231' title='bbox 1835 2678 2047 2717; x_wconf 87' lang='lat' dir='ltr'>aurora</span> 
     </span>
    </p>
   </div>
   <div class='ocr_carea' id='block_1_31' title="bbox 396 2744 2044 2819">
    <p class='ocr_par' dir='ltr' id='par_1_31' title="bbox 396 2744 2044 2819">
     <span class='ocr_line' id='line_1_31' title="bbox 396 2744 2044 2819; baseline 0.004 -19"><span class='ocrx_word' id='word_1_232' title='bbox 396 2744 699 2801; x_wconf 90' lang='lat' dir='ltr'>collustrat</span> <span class='ocrx_word' id='word_1_233' title='bbox 723 2761 735 2799; x_wconf 91' lang='lat'>:</span> <span class='ocrx_word' id='word_1_234' title='bbox 770 2744 853 2800; x_wconf 87' lang='lat' dir='ltr'>ita</span> <span class='ocrx_word' id='word_1_235' title='bbox 880 2744 1327 2818; x_wconf 84' lang='lat' dir='ltr'>Babyloniorum</span> <span class='ocrx_word' id='word_1_236' title='bbox 1363 2764 1541 2819; x_wconf 87' lang='lat' dir='ltr'>super</span> <span class='ocrx_word' id='word_1_237' title='bbox 1568 2766 1802 2805; x_wconf 92' lang='lat' dir='ltr'>omnem</span> <span class='ocrx_word' id='word_1_238' title='bbox 1829 2754 2044 2806; x_wconf 86' lang='lat' dir='ltr'>terram</span> 
     </span>
    </p>
   </div>
   <div class='ocr_carea' id='block_1_32' title="bbox 396 2833 2047 2907">
    <p class='ocr_par' dir='ltr' id='par_1_32' title="bbox 396 2833 2047 2907">
     <span class='ocr_line' id='line_1_32' title="bbox 396 2833 2047 2907; baseline 0.004 -17"><span class='ocrx_word' id='word_1_239' title='bbox 396 2838 649 2890; x_wconf 89' lang='lat' dir='ltr'>vestram</span> <span class='ocrx_word' id='word_1_240' title='bbox 672 2834 952 2888; x_wconf 84' lang='lat' dir='ltr'>fundetur</span> <span class='ocrx_word' id='word_1_241' title='bbox 971 2833 1278 2890; x_wconf 82' lang='lat' dir='ltr'>exercitus.</span> <span class='ocrx_word' id='word_1_242' title='bbox 1296 2836 1410 2891; x_wconf 90' lang='lat' dir='ltr'>Nec</span> <span class='ocrx_word' id='word_1_243' title='bbox 1431 2838 1647 2907; x_wconf 87' lang='lat' dir='ltr'>putetis</span> <span class='ocrx_word' id='word_1_244' title='bbox 1664 2839 1896 2893; x_wconf 85' lang='lat' dir='ltr'>turbam</span> <span class='ocrx_word' id='word_1_245' title='bbox 1920 2856 2047 2896; x_wconf 88' lang='lat' dir='ltr'>esse</span> 
     </span>
    </p>
   </div>
   <div class='ocr_carea' id='block_1_33' title="bbox 398 2920 2041 2999">
    <p class='ocr_par' dir='ltr' id='par_1_33' title="bbox 398 2920 2041 2999">
     <span class='ocr_line' id='line_1_33' title="bbox 398 2920 2041 2999; baseline 0.005 -24"><span class='ocrx_word' id='word_1_246' title='bbox 398 2920 736 2991; x_wconf 88' lang='lat' dir='ltr'>invalidam,</span> <span class='ocrx_word' id='word_1_247' title='bbox 771 2921 1023 2994; x_wconf 90' lang='lat' dir='ltr'>populus</span> <span class='ocrx_word' id='word_1_248' title='bbox 1059 2923 1198 2978; x_wconf 72' lang='grc'>186</span> <span class='ocrx_word' id='word_1_249' title='bbox 1231 2924 1452 2979; x_wconf 90' lang='lat' dir='ltr'>multus</span> <span class='ocrx_word' id='word_1_250' title='bbox 1474 2930 1532 2980; x_wconf 90' lang='lat' dir='ltr'>et</span> <span class='ocrx_word' id='word_1_251' title='bbox 1552 2926 1716 2982; x_wconf 89' lang='lat' dir='ltr'>fortis</span> <span class='ocrx_word' id='word_1_252' title='bbox 1741 2933 1848 2997; x_wconf 89' lang='lat' dir='ltr'>est,</span> <span class='ocrx_word' id='word_1_253' title='bbox 1875 2930 2041 2999; x_wconf 81' lang='lat' dir='ltr'>cujus</span> 
     </span>
    </p>
   </div>
   <div class='ocr_carea' id='block_1_34' title="bbox 398 3008 2046 3087">
    <p class='ocr_par' dir='ltr' id='par_1_34' title="bbox 398 3008 2046 3087">
     <span class='ocr_line' id='line_1_34' title="bbox 398 3008 2046 3087; baseline 0.004 -22"><span class='ocrx_word' id='word_1_254' title='bbox 398 3008 612 3065; x_wconf 86' lang='lat' dir='ltr'>similis</span> <span class='ocrx_word' id='word_1_255' title='bbox 631 3025 737 3064; x_wconf 89' lang='lat' dir='ltr'>nec</span> <span class='ocrx_word' id='word_1_256' title='bbox 757 3009 815 3064; x_wconf 91' lang='lat' dir='ltr'>in</span> <span class='ocrx_word' id='word_1_257' title='bbox 839 3009 1149 3081; x_wconf 65' lang='lat' dir='ltr'>praterito,</span> <span class='ocrx_word' id='word_1_258' title='bbox 1172 3028 1276 3066; x_wconf 91' lang='lat' dir='ltr'>nec</span> <span class='ocrx_word' id='word_1_259' title='bbox 1297 3011 1353 3066; x_wconf 91' lang='lat' dir='ltr'>in</span> <span class='ocrx_word' id='word_1_260' title='bbox 1378 3013 1595 3083; x_wconf 69' lang='lat' dir='ltr'>futuro,</span> <span class='ocrx_word' id='word_1_261' title='bbox 1620 3013 1739 3070; x_wconf 89' lang='lat' dir='ltr'>ulla</span> <span class='ocrx_word' id='word_1_262' title='bbox 1764 3032 1907 3087; x_wconf 87' lang='lat' dir='ltr'>gens</span> <span class='ocrx_word' id='word_1_263' title='bbox 1933 3016 2046 3072; x_wconf 88' lang='lat' dir='ltr'>alia</span> 
     </span>
    </p>
   </div>
   <div class='ocr_carea' id='block_1_35' title="bbox 2085 1730 2133 1794">
    <p class='ocr_par' dir='ltr' id='par_1_35' title="bbox 2085 1730 2133 1794">
     <span class='ocr_line' id='line_1_35' title="bbox 2085 1730 2133 1794; baseline 0 0"><span class='ocrx_word' id='word_1_264' title='bbox 2085 1730 2133 1794; x_wconf 93' lang='lat' dir='ltr'>B</span> 
     </span>
    </p>
   </div>
   <div class='ocr_carea' id='block_1_36' title="bbox 2171 434 3835 509">
    <p class='ocr_par' dir='ltr' id='par_1_36' title="bbox 2171 434 3835 509">
     <span class='ocr_line' id='line_1_36' title="bbox 2171 434 3835 509; baseline -0.002 -17"><span class='ocrx_word' id='word_1_265' title='bbox 2171 441 2228 492; x_wconf 86' lang='lat' dir='ltr'>et</span> <span class='ocrx_word' id='word_1_266' title='bbox 2248 453 2621 509; x_wconf 85' lang='lat' dir='ltr'>nequaquam</span> <span class='ocrx_word' id='word_1_267' title='bbox 2646 454 2746 508; x_wconf 89' lang='lat' dir='ltr'>per</span> <span class='ocrx_word' id='word_1_268' title='bbox 2766 440 2984 509; x_wconf 86' lang='lat' dir='ltr'>portas,</span> <span class='ocrx_word' id='word_1_269' title='bbox 3010 438 3109 492; x_wconf 85' lang='lat' dir='ltr'>sed</span> <span class='ocrx_word' id='word_1_270' title='bbox 3138 453 3241 508; x_wconf 87' lang='lat' dir='ltr'>per</span> <span class='ocrx_word' id='word_1_271' title='bbox 3262 451 3461 491; x_wconf 88' lang='lat' dir='ltr'>muros</span> <span class='ocrx_word' id='word_1_272' title='bbox 3481 434 3835 507; x_wconf 83' lang='lat' dir='ltr'>ingredian-</span> 
     </span>
    </p>
   </div>
   <div class='ocr_carea' id='block_1_37' title="bbox 2168 523 3836 596">
    <p class='ocr_par' dir='ltr' id='par_1_37' title="bbox 2168 523 3836 596">
     <span class='ocr_line' id='line_1_37' title="bbox 2168 523 3836 596; baseline -0.001 -16"><span class='ocrx_word' id='word_1_273' title='bbox 2168 530 2301 581; x_wconf 86' lang='lat' dir='ltr'>tur:</span> <span class='ocrx_word' id='word_1_274' title='bbox 2334 525 2581 595; x_wconf 84' lang='lat' dir='ltr'>Singulis</span> <span class='ocrx_word' id='word_1_275' title='bbox 2611 528 2671 581; x_wconf 89' lang='lat' dir='ltr'>in</span> <span class='ocrx_word' id='word_1_276' title='bbox 2700 528 2803 582; x_wconf 86' lang='lat' dir='ltr'>viis</span> <span class='ocrx_word' id='word_1_277' title='bbox 2828 527 2943 581; x_wconf 86' lang='lat' dir='ltr'>suis</span> <span class='ocrx_word' id='word_1_278' title='bbox 2969 524 3310 596; x_wconf 88' lang='lat' dir='ltr'>gradientur,</span> <span class='ocrx_word' id='word_1_279' title='bbox 3353 534 3404 579; x_wconf 91' lang='lat' dir='ltr'><strong><em>et</em></strong></span> <span class='ocrx_word' id='word_1_280' title='bbox 3432 539 3545 579; x_wconf 82' lang='lat' dir='ltr'>non</span> <span class='ocrx_word' id='word_1_281' title='bbox 3573 523 3836 579; x_wconf 80' lang='lat' dir='ltr'>declina-</span> 
     </span>
    </p>
   </div>
   <div class='ocr_carea' id='block_1_38' title="bbox 2172 612 3834 686">
    <p class='ocr_par' dir='ltr' id='par_1_38' title="bbox 2172 612 3834 686">
     <span class='ocr_line' id='line_1_38' title="bbox 2172 612 3834 686; baseline -0.002 -16"><span class='ocrx_word' id='word_1_282' title='bbox 2172 616 2303 670; x_wconf 86' lang='lat' dir='ltr'>bunt</span> <span class='ocrx_word' id='word_1_283' title='bbox 2324 632 2357 669; x_wconf 81' lang='grc' dir='ltr'>η</span> <span class='ocrx_word' id='word_1_284' title='bbox 2375 615 2587 670; x_wconf 86' lang='lat' dir='ltr'>semitis</span> <span class='ocrx_word' id='word_1_285' title='bbox 2605 617 2739 670; x_wconf 86' lang='lat' dir='ltr'>suis.</span> <span class='ocrx_word' id='word_1_286' title='bbox 2760 615 2877 670; x_wconf 88' lang='lat' dir='ltr'>Hoc</span> <span class='ocrx_word' id='word_1_287' title='bbox 2902 631 3089 686; x_wconf 89' lang='lat' dir='ltr'>nuper</span> <span class='ocrx_word' id='word_1_288' title='bbox 3106 613 3165 668; x_wconf 89' lang='lat' dir='ltr'>in</span> <span class='ocrx_word' id='word_1_289' title='bbox 3185 614 3293 669; x_wconf 91' lang='lat' dir='ltr'>hac</span> <span class='ocrx_word' id='word_1_290' title='bbox 3318 612 3613 685; x_wconf 87' lang='lat' dir='ltr'>provincia</span> <span class='ocrx_word' id='word_1_291' title='bbox 3632 612 3718 684; x_wconf 90' lang='lat' dir='ltr'>(a)</span> <span class='ocrx_word' id='word_1_292' title='bbox 3742 613 3834 667; x_wconf 83' lang='lat' dir='ltr'>vi-</span> 
     </span>
    </p>
   </div>
   <div class='ocr_carea' id='block_1_39' title="bbox 2173 701 3835 775">
    <p class='ocr_par' dir='ltr' id='par_1_39' title="bbox 2173 701 3835 775">
     <span class='ocr_line' id='line_1_39' title="bbox 2173 701 3835 775; baseline -0.001 -18"><span class='ocrx_word' id='word_1_293' title='bbox 2173 704 2388 759; x_wconf 90' lang='lat' dir='ltr'>dimus.</span> <span class='ocrx_word' id='word_1_294' title='bbox 2424 704 2567 759; x_wconf 90' lang='lat' dir='ltr'>Cum</span> <span class='ocrx_word' id='word_1_295' title='bbox 2597 704 2755 759; x_wconf 86' lang='lat' dir='ltr'>enim</span> <span class='ocrx_word' id='word_1_296' title='bbox 2785 703 3144 759; x_wconf 83' lang='lat' dir='ltr'>locustarum</span> <span class='ocrx_word' id='word_1_297' title='bbox 3178 703 3416 775; x_wconf 85' lang='lat' dir='ltr'>agmina</span> <span class='ocrx_word' id='word_1_298' title='bbox 3446 701 3738 768; x_wconf 86' lang='lat' dir='ltr'>venirent,</span> <span class='ocrx_word' id='word_1_299' title='bbox 3773 705 3835 756; x_wconf 86' lang='lat' dir='ltr'>et</span> 
     </span>
    </p>
   </div>
   <div class='ocr_carea' id='block_1_40' title="bbox 2172 792 3828 863">
    <p class='ocr_par' dir='ltr' id='par_1_40' title="bbox 2172 792 3828 863">
     <span class='ocr_line' id='line_1_40' title="bbox 2172 792 3828 863; baseline -0.002 -16"><span class='ocrx_word' id='word_1_300' title='bbox 2172 809 2364 847; x_wconf 90' lang='lat' dir='ltr'>aerem</span> <span class='ocrx_word' id='word_1_301' title='bbox 2411 793 2513 863; x_wconf 89' lang='lat' dir='ltr'>qui</span> <span class='ocrx_word' id='word_1_302' title='bbox 2561 794 2711 848; x_wconf 90' lang='lat' dir='ltr'>inter</span> <span class='ocrx_word' id='word_1_303' title='bbox 2755 792 2961 848; x_wconf 63' lang='lat' dir='ltr'>caelum</span> <span class='ocrx_word' id='word_1_304' title='bbox 2995 797 3052 847; x_wconf 88' lang='lat' dir='ltr'>et</span> <span class='ocrx_word' id='word_1_305' title='bbox 3078 797 3295 847; x_wconf 84' lang='lat' dir='ltr'>terram</span> <span class='ocrx_word' id='word_1_306' title='bbox 3325 795 3415 846; x_wconf 83' lang='lat' dir='ltr'>est</span> <span class='ocrx_word' id='word_1_307' title='bbox 3442 793 3828 862; x_wconf 84' lang='lat' dir='ltr'>occuparent,</span> 
     </span>
    </p>
   </div>
   <div class='ocr_carea' id='block_1_41' title="bbox 2172 878 3828 952">
    <p class='ocr_par' dir='ltr' id='par_1_41' title="bbox 2172 878 3828 952">
     <span class='ocr_line' id='line_1_41' title="bbox 2172 878 3828 952; baseline -0.002 -17"><span class='ocrx_word' id='word_1_308' title='bbox 2172 885 2333 935; x_wconf 85' lang='lat' dir='ltr'>tanto</span> <span class='ocrx_word' id='word_1_309' title='bbox 2363 881 2564 936; x_wconf 89' lang='lat' dir='ltr'>ordine</span> <span class='ocrx_word' id='word_1_310' title='bbox 2594 898 2664 937; x_wconf 82' lang='lat' dir='ltr'>ex</span> <span class='ocrx_word' id='word_1_311' title='bbox 2691 881 3074 952; x_wconf 89' lang='lat' dir='ltr'>dispositione</span> <span class='ocrx_word' id='word_1_312' title='bbox 3110 879 3376 951; x_wconf 88' lang='lat' dir='ltr'>jubentis</span> <span class='ocrx_word' id='word_1_313' title='bbox 3414 878 3515 935; x_wconf 90' lang='lat' dir='ltr'>Dei</span> <span class='ocrx_word' id='word_1_314' title='bbox 3546 879 3828 945; x_wconf 80' lang='lat' dir='ltr'>volitant,</span> 
     </span>
    </p>
   </div>
   <div class='ocr_carea' id='block_1_42' title="bbox 2172 965 3833 1040">
    <p class='ocr_par' dir='ltr' id='par_1_42' title="bbox 2172 965 3833 1040">
     <span class='ocr_line' id='line_1_42' title="bbox 2172 965 3833 1040; baseline -0.001 -18"><span class='ocrx_word' id='word_1_315' title='bbox 2172 972 2238 1023; x_wconf 90' lang='lat' dir='ltr'>ut</span> <span class='ocrx_word' id='word_1_316' title='bbox 2266 969 2455 1023; x_wconf 89' lang='lat' dir='ltr'>instar</span> <span class='ocrx_word' id='word_1_317' title='bbox 2482 970 2897 1025; x_wconf 87' lang='lat' dir='ltr'>tesserularum</span> <span class='ocrx_word' id='word_1_318' title='bbox 2931 984 3059 1038; x_wconf 61' lang='lat' dir='ltr'>quas</span> <span class='ocrx_word' id='word_1_319' title='bbox 3090 968 3149 1022; x_wconf 90' lang='lat' dir='ltr'>in</span> <span class='ocrx_word' id='word_1_320' title='bbox 3180 967 3528 1040; x_wconf 87' lang='lat' dir='ltr'>pavimentis</span> <span class='ocrx_word' id='word_1_321' title='bbox 3553 965 3833 1022; x_wconf 84' lang='lat' dir='ltr'>artiﬁciis</span> 
     </span>
    </p>
   </div>
   <div class='ocr_carea' id='block_1_43' title="bbox 2174 1057 3832 1130">
    <p class='ocr_par' dir='ltr' id='par_1_43' title="bbox 2174 1057 3832 1130">
     <span class='ocr_line' id='line_1_43' title="bbox 2174 1057 3832 1130; baseline -0.002 -18"><span class='ocrx_word' id='word_1_322' title='bbox 2174 1057 2438 1130; x_wconf 85' lang='lat' dir='ltr'>ﬁguntur</span> <span class='ocrx_word' id='word_1_323' title='bbox 2465 1075 2667 1122; x_wconf 89' lang='lat' dir='ltr'>manu,</span> <span class='ocrx_word' id='word_1_324' title='bbox 2698 1074 2872 1112; x_wconf 91' lang='lat' dir='ltr'>suum</span> <span class='ocrx_word' id='word_1_325' title='bbox 2905 1058 3096 1112; x_wconf 92' lang='lat' dir='ltr'>locum</span> <span class='ocrx_word' id='word_1_326' title='bbox 3126 1061 3380 1127; x_wconf 87' lang='lat' dir='ltr'>teneant,</span> <span class='ocrx_word' id='word_1_327' title='bbox 3412 1060 3471 1112; x_wconf 92' lang='lat' dir='ltr'>et</span> <span class='ocrx_word' id='word_1_328' title='bbox 3500 1072 3572 1111; x_wconf 87' lang='lat' dir='ltr'>ne</span> <span class='ocrx_word' id='word_1_329' title='bbox 3603 1060 3832 1126; x_wconf 85' lang='lat' dir='ltr'>puncto</span> 
     </span>
    </p>
   </div>
   <div class='ocr_carea' id='block_1_44' title="bbox 2173 1142 3837 1219">
    <p class='ocr_par' dir='ltr' id='par_1_44' title="bbox 2173 1142 3837 1219">
     <span class='ocr_line' id='line_1_44' title="bbox 2173 1142 3837 1219; baseline -0.002 -17"><span class='ocrx_word' id='word_1_330' title='bbox 2173 1146 2431 1218; x_wconf 87' lang='lat' dir='ltr'>quidem,</span> <span class='ocrx_word' id='word_1_331' title='bbox 2452 1151 2527 1213; x_wconf 92' lang='lat' dir='ltr'>et,</span> <span class='ocrx_word' id='word_1_332' title='bbox 2544 1152 2611 1203; x_wconf 88' lang='lat' dir='ltr'>ut</span> <span class='ocrx_word' id='word_1_333' title='bbox 2630 1147 2712 1201; x_wconf 88' lang='lat' dir='ltr'>ita</span> <span class='ocrx_word' id='word_1_334' title='bbox 2726 1147 2939 1215; x_wconf 88' lang='lat' dir='ltr'>dicam,</span> <span class='ocrx_word' id='word_1_335' title='bbox 2959 1162 3155 1219; x_wconf 88' lang='lat' dir='ltr'>ungue</span> <span class='ocrx_word' id='word_1_336' title='bbox 3173 1149 3505 1201; x_wconf 86' lang='lat' dir='ltr'>transverso</span> <span class='ocrx_word' id='word_1_337' title='bbox 3525 1142 3837 1199; x_wconf 87' lang='lat' dir='ltr'>declinent</span> 
     </span>
    </p>
   </div>
   <div class='ocr_carea' id='block_1_45' title="bbox 2172 1232 3837 1306">
    <p class='ocr_par' dir='ltr' id='par_1_45' title="bbox 2172 1232 3837 1306">
     <span class='ocr_line' id='line_1_45' title="bbox 2172 1232 3837 1306; baseline -0.002 -15"><span class='ocrx_word' id='word_1_338' title='bbox 2172 1237 2244 1291; x_wconf 90' lang='lat' dir='ltr'>ad</span> <span class='ocrx_word' id='word_1_339' title='bbox 2275 1235 2539 1291; x_wconf 86' lang='lat' dir='ltr'>alteram.</span> <span class='ocrx_word' id='word_1_340' title='bbox 2573 1241 2640 1293; x_wconf 83' lang='lat' dir='ltr'>Et</span> <span class='ocrx_word' id='word_1_341' title='bbox 2670 1237 2737 1290; x_wconf 89' lang='lat' dir='ltr'>ut</span> <span class='ocrx_word' id='word_1_342' title='bbox 2764 1241 3024 1306; x_wconf 89' lang='lat' dir='ltr'>apertam</span> <span class='ocrx_word' id='word_1_343' title='bbox 3056 1234 3271 1290; x_wconf 87' lang='lat' dir='ltr'>faceret</span> <span class='ocrx_word' id='word_1_344' title='bbox 3302 1232 3737 1305; x_wconf 86' lang='lat' dir='ltr'>metaphoram,</span> <span class='ocrx_word' id='word_1_345' title='bbox 3779 1236 3837 1287; x_wconf 80' lang='lat' dir='ltr'><strong><em>et</em></strong></span> 
     </span>
    </p>
   </div>
   <div class='ocr_carea' id='block_1_46' title="bbox 2170 1319 3834 1396">
    <p class='ocr_par' dir='ltr' id='par_1_46' title="bbox 2170 1319 3834 1396">
     <span class='ocr_line' id='line_1_46' title="bbox 2170 1319 3834 1396; baseline -0.004 -16"><span class='ocrx_word' id='word_1_346' title='bbox 2170 1340 2269 1394; x_wconf 82' lang='lat' dir='ltr'>per</span> <span class='ocrx_word' id='word_1_347' title='bbox 2294 1328 2582 1396; x_wconf 84' lang='lat' dir='ltr'>fenestras,</span> <span class='ocrx_word' id='word_1_348' title='bbox 2631 1325 2734 1395; x_wconf 88' lang='lat' dir='ltr'>ait,</span> <span class='ocrx_word' id='word_1_349' title='bbox 2764 1324 2979 1389; x_wconf 79' lang='lat' dir='ltr'>cadent,</span> <span class='ocrx_word' id='word_1_350' title='bbox 3025 1327 3076 1378; x_wconf 89' lang='lat' dir='ltr'><strong><em>et</em></strong></span> <span class='ocrx_word' id='word_1_351' title='bbox 3104 1339 3215 1380; x_wconf 86' lang='lat' dir='ltr'>non</span> <span class='ocrx_word' id='word_1_352' title='bbox 3242 1322 3631 1379; x_wconf 79' lang='lat' dir='ltr'>demolientur.</span> <span class='ocrx_word' id='word_1_353' title='bbox 3663 1319 3834 1376; x_wconf 82' lang='lat' dir='ltr'>Nihil</span> 
     </span>
    </p>
   </div>
   <div class='ocr_carea' id='block_1_47' title="bbox 2170 1413 3836 1483">
    <p class='ocr_par' dir='ltr' id='par_1_47' title="bbox 2170 1413 3836 1483">
     <span class='ocr_line' id='line_1_47' title="bbox 2170 1413 3836 1483; baseline -0.003 -13"><span class='ocrx_word' id='word_1_354' title='bbox 2170 1415 2323 1470; x_wconf 86' lang='lat' dir='ltr'>enim</span> <span class='ocrx_word' id='word_1_355' title='bbox 2358 1413 2601 1469; x_wconf 86' lang='lat' dir='ltr'>locustis</span> <span class='ocrx_word' id='word_1_356' title='bbox 2630 1413 2853 1468; x_wconf 89' lang='lat' dir='ltr'>invium</span> <span class='ocrx_word' id='word_1_357' title='bbox 2886 1416 2993 1481; x_wconf 85' lang='lat' dir='ltr'>est,</span> <span class='ocrx_word' id='word_1_358' title='bbox 3026 1428 3162 1467; x_wconf 91' lang='lat' dir='ltr'>cum</span> <span class='ocrx_word' id='word_1_359' title='bbox 3194 1415 3252 1468; x_wconf 87' lang='lat' dir='ltr'>et</span> <span class='ocrx_word' id='word_1_360' title='bbox 3280 1427 3474 1483; x_wconf 89' lang='lat' dir='ltr'>agros,</span> <span class='ocrx_word' id='word_1_361' title='bbox 3505 1414 3563 1466; x_wconf 88' lang='lat' dir='ltr'>et</span> <span class='ocrx_word' id='word_1_362' title='bbox 3584 1414 3747 1480; x_wconf 83' lang='lat' dir='ltr'>sata,</span> <span class='ocrx_word' id='word_1_363' title='bbox 3770 1414 3836 1465; x_wconf 83' lang='lat' dir='ltr'>et</span> 
     </span>
    </p>
   </div>
   <div class='ocr_carea' id='block_1_48' title="bbox 2170 1498 3834 1569">
    <p class='ocr_par' dir='ltr' id='par_1_48' title="bbox 2170 1498 3834 1569">
     <span class='ocr_line' id='line_1_48' title="bbox 2170 1498 3834 1569; baseline -0.002 -12"><span class='ocrx_word' id='word_1_364' title='bbox 2170 1503 2428 1569; x_wconf 87' lang='lat' dir='ltr'>arbores,</span> <span class='ocrx_word' id='word_1_365' title='bbox 2461 1507 2518 1558; x_wconf 85' lang='lat' dir='ltr'>et</span> <span class='ocrx_word' id='word_1_366' title='bbox 2545 1503 2739 1569; x_wconf 89' lang='lat' dir='ltr'>urbes,</span> <span class='ocrx_word' id='word_1_367' title='bbox 2773 1506 2829 1556; x_wconf 90' lang='lat' dir='ltr'>et</span> <span class='ocrx_word' id='word_1_368' title='bbox 2858 1501 3085 1569; x_wconf 91' lang='lat' dir='ltr'>domos,</span> <span class='ocrx_word' id='word_1_369' title='bbox 3130 1504 3188 1556; x_wconf 89' lang='lat' dir='ltr'>et</span> <span class='ocrx_word' id='word_1_370' title='bbox 3225 1499 3373 1555; x_wconf 75' lang='lat' dir='ltr'>I87</span> <span class='ocrx_word' id='word_1_371' title='bbox 3409 1498 3834 1555; x_wconf 87' lang='lat' dir='ltr'>cubiculorum</span> 
     </span>
    </p>
   </div>
   <div class='ocr_carea' id='block_1_49' title="bbox 2169 1586 3836 1663">
    <p class='ocr_par' dir='ltr' id='par_1_49' title="bbox 2169 1586 3836 1663">
     <span class='ocr_line' id='line_1_49' title="bbox 2169 1586 3836 1663; baseline -0.002 -16"><span class='ocrx_word' id='word_1_372' title='bbox 2169 1596 2392 1647; x_wconf 87' lang='lat' dir='ltr'>secreta</span> <span class='ocrx_word' id='word_1_373' title='bbox 2420 1595 2741 1663; x_wconf 79' lang='lat' dir='ltr'>penetrant.</span> <span class='ocrx_word' id='word_1_374' title='bbox 2779 1592 2891 1645; x_wconf 86' lang='lat' dir='ltr'>Hoc</span> <span class='ocrx_word' id='word_1_375' title='bbox 2916 1593 3112 1645; x_wconf 92' lang='lat' dir='ltr'>autem</span> <span class='ocrx_word' id='word_1_376' title='bbox 3135 1589 3206 1644; x_wconf 89' lang='lat' dir='ltr'>de</span> <span class='ocrx_word' id='word_1_377' title='bbox 3233 1587 3476 1644; x_wconf 85' lang='lat' dir='ltr'>locustis</span> <span class='ocrx_word' id='word_1_378' title='bbox 3495 1586 3745 1653; x_wconf 85' lang='lat' dir='ltr'>dicitur,</span> <span class='ocrx_word' id='word_1_379' title='bbox 3765 1592 3836 1643; x_wconf 85' lang='lat' dir='ltr'>ut</span> 
     </span>
    </p>
   </div>
   <div class='ocr_carea' id='block_1_50' title="bbox 2168 1676 3834 1751">
    <p class='ocr_par' dir='ltr' id='par_1_50' title="bbox 2168 1676 3834 1751">
     <span class='ocr_line' id='line_1_50' title="bbox 2168 1676 3834 1751; baseline -0.003 -15"><span class='ocrx_word' id='word_1_380' title='bbox 2168 1681 2239 1736; x_wconf 90' lang='lat' dir='ltr'>de</span> <span class='ocrx_word' id='word_1_381' title='bbox 2270 1679 2539 1744; x_wconf 83' lang='lat' dir='ltr'>hostibus</span> <span class='ocrx_word' id='word_1_382' title='bbox 2567 1678 2948 1751; x_wconf 87' lang='lat' dir='ltr'>intelligatur.</span> <span class='ocrx_word' id='word_1_383' title='bbox 2999 1678 3279 1749; x_wconf 89' lang='lat' dir='ltr'>Quodque</span> <span class='ocrx_word' id='word_1_384' title='bbox 3308 1694 3416 1733; x_wconf 90' lang='lat' dir='ltr'>nos</span> <span class='ocrx_word' id='word_1_385' title='bbox 3445 1676 3834 1749; x_wconf 77' lang='lat' dir='ltr'>interpretati</span> 
     </span>
    </p>
   </div>
   <div class='ocr_carea' id='block_1_51' title="bbox 2167 1765 3834 1839">
    <p class='ocr_par' dir='ltr' id='par_1_51' title="bbox 2167 1765 3834 1839">
     <span class='ocr_line' id='line_1_51' title="bbox 2167 1765 3834 1839; baseline -0.002 -15"><span class='ocrx_word' id='word_1_386' title='bbox 2167 1786 2375 1825; x_wconf 89' lang='lat' dir='ltr'>sumus</span> <span class='ocrx_word' id='word_1_387' title='bbox 2397 1784 2493 1839; x_wconf 86' lang='lat' dir='ltr'>per</span> <span class='ocrx_word' id='word_1_388' title='bbox 2509 1770 2777 1838; x_wconf 88' lang='lat' dir='ltr'>fenestras</span> <span class='ocrx_word' id='word_1_389' title='bbox 2796 1767 3009 1834; x_wconf 85' lang='lat' dir='ltr'>cadent,</span> <span class='ocrx_word' id='word_1_390' title='bbox 3037 1773 3091 1822; x_wconf 88' lang='lat' dir='ltr'><strong><em>et</em></strong></span> <span class='ocrx_word' id='word_1_391' title='bbox 3119 1782 3232 1821; x_wconf 90' lang='lat' dir='ltr'>non</span> <span class='ocrx_word' id='word_1_392' title='bbox 3259 1766 3644 1836; x_wconf 83' lang='lat' dir='ltr'>demolientur,</span> <span class='ocrx_word' id='word_1_393' title='bbox 3672 1765 3834 1820; x_wconf 78' lang='lat' dir='ltr'>LXX</span> 
     </span>
    </p>
   </div>
   <div class='ocr_carea' id='block_1_52' title="bbox 2166 1854 3834 1928">
    <p class='ocr_par' dir='ltr' id='par_1_52' title="bbox 2166 1854 3834 1928">
     <span class='ocr_line' id='line_1_52' title="bbox 2166 1854 3834 1928; baseline -0.002 -16"><span class='ocrx_word' id='word_1_394' title='bbox 2166 1857 2611 1927; x_wconf 87' lang='lat' dir='ltr'>transtulerunt,</span> <span class='ocrx_word' id='word_1_395' title='bbox 2635 1858 2921 1928; x_wconf 86' lang='lat' dir='ltr'>aggravati</span> <span class='ocrx_word' id='word_1_396' title='bbox 2948 1857 3010 1910; x_wconf 89' lang='lat' dir='ltr'>in</span> <span class='ocrx_word' id='word_1_397' title='bbox 3030 1856 3203 1910; x_wconf 90' lang='lat' dir='ltr'>armis</span> <span class='ocrx_word' id='word_1_398' title='bbox 3221 1857 3335 1910; x_wconf 84' lang='lat' dir='ltr'>suis</span> <span class='ocrx_word' id='word_1_399' title='bbox 3354 1855 3535 1924; x_wconf 82' lang='lat' dir='ltr'>ibunt,</span> <span class='ocrx_word' id='word_1_400' title='bbox 3569 1858 3623 1910; x_wconf 84' lang='lat' dir='ltr'><strong><em>et</em></strong></span> <span class='ocrx_word' id='word_1_401' title='bbox 3646 1857 3707 1908; x_wconf 86' lang='lat' dir='ltr'>in</span> <span class='ocrx_word' id='word_1_402' title='bbox 3726 1854 3834 1925; x_wconf 84' lang='lat' dir='ltr'>ja-</span> 
     </span>
    </p>
   </div>
   <div class='ocr_carea' id='block_1_53' title="bbox 2165 1943 3833 2015">
    <p class='ocr_par' dir='ltr' id='par_1_53' title="bbox 2165 1943 3833 2015">
     <span class='ocr_line' id='line_1_53' title="bbox 2165 1943 3833 2015; baseline -0.002 -13"><span class='ocrx_word' id='word_1_403' title='bbox 2165 1948 2308 2002; x_wconf 88' lang='lat' dir='ltr'>culis</span> <span class='ocrx_word' id='word_1_404' title='bbox 2333 1948 2449 2002; x_wconf 81' lang='lat' dir='ltr'>suis</span> <span class='ocrx_word' id='word_1_405' title='bbox 2475 1946 2667 2002; x_wconf 86' lang='lat' dir='ltr'>cadent</span> <span class='ocrx_word' id='word_1_406' title='bbox 2697 1954 2747 2000; x_wconf 92' lang='lat' dir='ltr'>et</span> <span class='ocrx_word' id='word_1_407' title='bbox 2774 1961 2884 2000; x_wconf 87' lang='lat' dir='ltr'>non</span> <span class='ocrx_word' id='word_1_408' title='bbox 2912 1952 3300 2000; x_wconf 86' lang='lat' dir='ltr'>consumentur</span> <span class='ocrx_word' id='word_1_409' title='bbox 3332 1959 3347 1998; x_wconf 88' lang='lat'><strong>:</strong></span> <span class='ocrx_word' id='word_1_410' title='bbox 3402 1943 3559 2014; x_wconf 91' lang='lat' dir='ltr'>quod</span> <span class='ocrx_word' id='word_1_411' title='bbox 3590 1958 3833 2015; x_wconf 84' lang='lat' dir='ltr'>nequa-</span> 
     </span>
    </p>
   </div>
   <div class='ocr_carea' id='block_1_54' title="bbox 2167 2032 3829 2108">
    <p class='ocr_par' dir='ltr' id='par_1_54' title="bbox 2167 2032 3829 2108">
     <span class='ocr_line' id='line_1_54' title="bbox 2167 2032 3829 2108; baseline -0.001 -17"><span class='ocrx_word' id='word_1_412' title='bbox 2167 2052 2344 2108; x_wconf 90' lang='lat' dir='ltr'>quam</span> <span class='ocrx_word' id='word_1_413' title='bbox 2376 2036 2519 2091; x_wconf 91' lang='lat' dir='ltr'>mihi</span> <span class='ocrx_word' id='word_1_414' title='bbox 2548 2034 2778 2091; x_wconf 90' lang='lat' dir='ltr'>videtur</span> <span class='ocrx_word' id='word_1_415' title='bbox 2817 2032 3197 2106; x_wconf 86' lang='lat' dir='ltr'>expositionis</span> <span class='ocrx_word' id='word_1_416' title='bbox 3242 2032 3434 2088; x_wconf 89' lang='lat' dir='ltr'>ordini</span> <span class='ocrx_word' id='word_1_417' title='bbox 3482 2032 3829 2108; x_wconf 76' lang='lat' dir='ltr'>convenire,</span> 
     </span>
    </p>
   </div>
   <div class='ocr_carea' id='block_1_55' title="bbox 2165 2106 3829 2194">
    <p class='ocr_par' dir='ltr' id='par_1_55' title="bbox 2165 2106 3829 2194">
     <span class='ocr_line' id='line_1_55' title="bbox 2165 2106 3829 2194; baseline -0.004 -13"><span class='ocrx_word' id='word_1_418' title='bbox 2165 2106 2266 2181; x_wconf 83' lang='lat' dir='ltr'>sed</span> <span class='ocrx_word' id='word_1_419' title='bbox 2291 2126 2348 2179; x_wconf 92' lang='lat' dir='ltr'>in</span> <span class='ocrx_word' id='word_1_420' title='bbox 2371 2141 2436 2180; x_wconf 91' lang='lat' dir='ltr'>eo</span> <span class='ocrx_word' id='word_1_421' title='bbox 2466 2139 2723 2180; x_wconf 88' lang='lat' dir='ltr'>errorem</span> <span class='ocrx_word' id='word_1_422' title='bbox 2747 2139 2874 2179; x_wconf 91' lang='lat' dir='ltr'>esse</span> <span class='ocrx_word' id='word_1_423' title='bbox 2900 2125 3264 2194; x_wconf 89' lang='lat' dir='ltr'>generatum,</span> <span class='ocrx_word' id='word_1_424' title='bbox 3296 2120 3438 2192; x_wconf 87' lang='lat' dir='ltr'>quia</span> <span class='ocrx_word' id='word_1_425' title='bbox 3466 2136 3601 2176; x_wconf 54' lang='lat' dir='ltr'>eam</span> <span class='ocrx_word' id='word_1_426' title='bbox 3628 2106 3829 2192; x_wconf 59' lang='grc' dir='ltr'>(τήν)</span> 
     </span>
    </p>
   </div>
   <div class='ocr_carea' id='block_1_56' title="bbox 2162 2209 3830 2289">
    <p class='ocr_par' dir='ltr' id='par_1_56' title="bbox 2162 2209 3830 2289">
     <span class='ocr_line' id='line_1_56' title="bbox 2162 2209 3830 2289; baseline -0.004 -19"><span class='ocrx_word' id='word_1_427' title='bbox 2162 2215 2401 2289; x_wconf 88' lang='lat' dir='ltr'>verbum</span> <span class='ocrx_word' id='word_1_428' title='bbox 2441 2212 2805 2282; x_wconf 79' lang='lat' dir='ltr'>Hebraicum,</span> <span class='ocrx_word' id='word_1_429' title='bbox 2837 2210 2937 2266; x_wconf 89' lang='lat' dir='ltr'>illa</span> <span class='ocrx_word' id='word_1_430' title='bbox 2956 2211 3167 2281; x_wconf 87' lang='lat' dir='ltr'>jacula,</span> <span class='ocrx_word' id='word_1_431' title='bbox 3203 2227 3310 2267; x_wconf 92' lang='lat' dir='ltr'>nos</span> <span class='ocrx_word' id='word_1_432' title='bbox 3336 2212 3611 2283; x_wconf 80' lang='lat' dir='ltr'>fenestras</span> <span class='ocrx_word' id='word_1_433' title='bbox 3633 2209 3830 2266; x_wconf 84' lang='lat' dir='ltr'>intel-</span> 
     </span>
    </p>
   </div>
   <div class='ocr_carea' id='block_1_57' title="bbox 2159 2297 3829 2372">
    <p class='ocr_par' dir='ltr' id='par_1_57' title="bbox 2159 2297 3829 2372">
     <span class='ocr_line' id='line_1_57' title="bbox 2159 2297 3829 2372; baseline -0.002 -15"><span class='ocrx_word' id='word_1_434' title='bbox 2159 2302 2428 2359; x_wconf 89' lang='lat' dir='ltr'>leximus.</span> <span class='ocrx_word' id='word_1_435' title='bbox 2452 2302 2765 2372; x_wconf 90' lang='lat' dir='ltr'>Servatque</span> <span class='ocrx_word' id='word_1_436' title='bbox 2789 2304 3031 2372; x_wconf 75' lang='lat' dir='ltr'>emptam</span> <span class='ocrx_word' id='word_1_437' title='bbox 3060 2297 3476 2364; x_wconf 87' lang='lat' dir='ltr'>narrationem,</span> <span class='ocrx_word' id='word_1_438' title='bbox 3508 2302 3576 2353; x_wconf 88' lang='lat' dir='ltr'>ut</span> <span class='ocrx_word' id='word_1_439' title='bbox 3599 2314 3705 2354; x_wconf 89' lang='lat' dir='ltr'>eos</span> <span class='ocrx_word' id='word_1_440' title='bbox 3732 2298 3829 2353; x_wconf 86' lang='lat' dir='ltr'>di-</span> 
     </span>
    </p>
   </div>
   <div class='ocr_carea' id='block_1_58' title="bbox 2158 2387 3827 2462">
    <p class='ocr_par' dir='ltr' id='par_1_58' title="bbox 2158 2387 3827 2462">
     <span class='ocr_line' id='line_1_58' title="bbox 2158 2387 3827 2462; baseline -0.003 -14"><span class='ocrx_word' id='word_1_441' title='bbox 2158 2398 2251 2448; x_wconf 88' lang='lat' dir='ltr'>cat</span> <span class='ocrx_word' id='word_1_442' title='bbox 2278 2393 2481 2448; x_wconf 88' lang='lat' dir='ltr'>urbem</span> <span class='ocrx_word' id='word_1_443' title='bbox 2513 2389 2759 2462; x_wconf 83' lang='lat' dir='ltr'>ingredi,</span> <span class='ocrx_word' id='word_1_444' title='bbox 2794 2389 2854 2443; x_wconf 90' lang='lat' dir='ltr'>in</span> <span class='ocrx_word' id='word_1_445' title='bbox 2888 2387 3074 2443; x_wconf 91' lang='lat' dir='ltr'>muris</span> <span class='ocrx_word' id='word_1_446' title='bbox 3103 2387 3451 2455; x_wconf 87' lang='lat' dir='ltr'>discurrere,</span> <span class='ocrx_word' id='word_1_447' title='bbox 3483 2387 3827 2459; x_wconf 81' lang='lat' dir='ltr'>domosque</span> 
     </span>
    </p>
   </div>
   <div class='ocr_carea' id='block_1_59' title="bbox 2157 2474 3823 2550">
    <p class='ocr_par' dir='ltr' id='par_1_59' title="bbox 2157 2474 3823 2550">
     <span class='ocr_line' id='line_1_59' title="bbox 2157 2474 3823 2550; baseline -0.003 -13"><span class='ocrx_word' id='word_1_448' title='bbox 2157 2481 2563 2547; x_wconf 87' lang='lat' dir='ltr'>conscendere,</span> <span class='ocrx_word' id='word_1_449' title='bbox 2598 2483 2655 2534; x_wconf 90' lang='lat' dir='ltr'>et</span> <span class='ocrx_word' id='word_1_450' title='bbox 2682 2494 2786 2550; x_wconf 90' lang='lat' dir='ltr'>per</span> <span class='ocrx_word' id='word_1_451' title='bbox 2814 2478 3102 2533; x_wconf 85' lang='lat' dir='ltr'>fenestras</span> <span class='ocrx_word' id='word_1_452' title='bbox 3148 2476 3365 2531; x_wconf 88' lang='lat' dir='ltr'>intrare</span> <span class='ocrx_word' id='word_1_453' title='bbox 3410 2474 3584 2547; x_wconf 89' lang='lat' dir='ltr'>quasi</span> <span class='ocrx_word' id='word_1_454' title='bbox 3629 2475 3823 2545; x_wconf 80' lang='lat' dir='ltr'>fures,</span> 
     </span>
    </p>
   </div>
   <div class='ocr_carea' id='block_1_60' title="bbox 2157 2564 3823 2642">
    <p class='ocr_par' dir='ltr' id='par_1_60' title="bbox 2157 2564 3823 2642">
     <span class='ocr_line' id='line_1_60' title="bbox 2157 2564 3823 2642; baseline -0.004 -15"><span class='ocrx_word' id='word_1_455' title='bbox 2157 2587 2272 2627; x_wconf 89' lang='lat' dir='ltr'>non</span> <span class='ocrx_word' id='word_1_456' title='bbox 2294 2570 2446 2642; x_wconf 91' lang='lat' dir='ltr'>quod</span> <span class='ocrx_word' id='word_1_457' title='bbox 2473 2570 2665 2624; x_wconf 87' lang='lat' dir='ltr'>furum</span> <span class='ocrx_word' id='word_1_458' title='bbox 2690 2567 2959 2623; x_wconf 88' lang='lat' dir='ltr'>timorem</span> <span class='ocrx_word' id='word_1_459' title='bbox 2976 2566 3233 2622; x_wconf 89' lang='lat' dir='ltr'>habeant</span> <span class='ocrx_word' id='word_1_460' title='bbox 3249 2564 3350 2636; x_wconf 92' lang='lat' dir='ltr'>qui</span> <span class='ocrx_word' id='word_1_461' title='bbox 3364 2564 3614 2620; x_wconf 86' lang='lat' dir='ltr'>victores</span> <span class='ocrx_word' id='word_1_462' title='bbox 3637 2570 3823 2633; x_wconf 88' lang='lat' dir='ltr'>sunt;</span> 
     </span>
    </p>
   </div>
   <div class='ocr_carea' id='block_1_61' title="bbox 2156 2653 3825 2727">
    <p class='ocr_par' dir='ltr' id='par_1_61' title="bbox 2156 2653 3825 2727">
     <span class='ocr_line' id='line_1_61' title="bbox 2156 2653 3825 2727; baseline -0.004 -11"><span class='ocrx_word' id='word_1_463' title='bbox 2156 2661 2257 2716; x_wconf 91' lang='lat' dir='ltr'>sed</span> <span class='ocrx_word' id='word_1_464' title='bbox 2292 2666 2355 2714; x_wconf 89' lang='lat' dir='ltr'>ut</span> <span class='ocrx_word' id='word_1_465' title='bbox 2386 2659 2540 2714; x_wconf 83' lang='lat' dir='ltr'>fures</span> <span class='ocrx_word' id='word_1_466' title='bbox 2570 2657 2759 2713; x_wconf 85' lang='lat' dir='ltr'>solent</span> <span class='ocrx_word' id='word_1_467' title='bbox 2780 2656 3004 2727; x_wconf 81' lang='lat' dir='ltr'>ingredi</span> <span class='ocrx_word' id='word_1_468' title='bbox 3035 2671 3138 2727; x_wconf 88' lang='lat' dir='ltr'>per</span> <span class='ocrx_word' id='word_1_469' title='bbox 3167 2655 3471 2723; x_wconf 85' lang='lat' dir='ltr'>fenestras,</span> <span class='ocrx_word' id='word_1_470' title='bbox 3503 2658 3565 2709; x_wconf 86' lang='lat' dir='ltr'>et</span> <span class='ocrx_word' id='word_1_471' title='bbox 3588 2653 3825 2710; x_wconf 86' lang='lat' dir='ltr'>occulte</span> 
     </span>
    </p>
   </div>
   <div class='ocr_carea' id='block_1_62' title="bbox 2156 2741 3827 2822">
    <p class='ocr_par' dir='ltr' id='par_1_62' title="bbox 2156 2741 3827 2822">
     <span class='ocr_line' id='line_1_62' title="bbox 2156 2741 3827 2822; baseline -0.005 -16"><span class='ocrx_word' id='word_1_472' title='bbox 2156 2766 2377 2822; x_wconf 85' lang='lat' dir='ltr'>rapere,</span> <span class='ocrx_word' id='word_1_473' title='bbox 2410 2748 2494 2803; x_wconf 91' lang='lat' dir='ltr'>sic</span> <span class='ocrx_word' id='word_1_474' title='bbox 2525 2746 2629 2815; x_wconf 89' lang='lat' dir='ltr'>illi,</span> <span class='ocrx_word' id='word_1_475' title='bbox 2661 2745 2878 2801; x_wconf 90' lang='lat' dir='ltr'>clausis</span> <span class='ocrx_word' id='word_1_476' title='bbox 2900 2745 3125 2815; x_wconf 87' lang='lat' dir='ltr'>januis,</span> <span class='ocrx_word' id='word_1_477' title='bbox 3157 2760 3229 2798; x_wconf 90' lang='lat' dir='ltr'>ne</span> <span class='ocrx_word' id='word_1_478' title='bbox 3251 2741 3371 2798; x_wconf 89' lang='lat' dir='ltr'>ulla</span> <span class='ocrx_word' id='word_1_479' title='bbox 3390 2742 3470 2798; x_wconf 88' lang='lat' dir='ltr'>sit</span> <span class='ocrx_word' id='word_1_480' title='bbox 3491 2758 3685 2809; x_wconf 87' lang='lat' dir='ltr'>mora,</span> <span class='ocrx_word' id='word_1_481' title='bbox 3715 2759 3827 2815; x_wconf 79' lang='lat' dir='ltr'>per</span> 
     </span>
    </p>
   </div>
   <div class='ocr_carea' id='block_1_63' title="bbox 2156 2832 3826 2904">
    <p class='ocr_par' dir='ltr' id='par_1_63' title="bbox 2156 2832 3826 2904">
     <span class='ocr_line' id='line_1_63' title="bbox 2156 2832 3826 2904; baseline -0.004 -10"><span class='ocrx_word' id='word_1_482' title='bbox 2156 2839 2440 2894; x_wconf 82' lang='lat' dir='ltr'>fenestras</span> <span class='ocrx_word' id='word_1_483' title='bbox 2472 2839 2592 2891; x_wconf 89' lang='lat' dir='ltr'>tota</span> <span class='ocrx_word' id='word_1_484' title='bbox 2614 2835 2940 2904; x_wconf 83' lang='lat' dir='ltr'>irrumpent</span> <span class='ocrx_word' id='word_1_485' title='bbox 2960 2832 3225 2888; x_wconf 82' lang='lat' dir='ltr'>audacia.</span> <span class='ocrx_word' id='word_1_486' title='bbox 3258 2832 3297 2886; x_wconf 86' lang='lat' dir='ltr'><strong><em>A</em></strong></span> <span class='ocrx_word' id='word_1_487' title='bbox 3328 2832 3477 2901; x_wconf 84' lang='lat' dir='ltr'>facie</span> <span class='ocrx_word' id='word_1_488' title='bbox 3496 2832 3826 2888; x_wconf 82' lang='lat' dir='ltr'>istiusmodi</span> 
     </span>
    </p>
   </div>
   <div class='ocr_carea' id='block_1_64' title="bbox 2155 2921 3816 2992">
    <p class='ocr_par' dir='ltr' id='par_1_64' title="bbox 2155 2921 3816 2992">
     <span class='ocr_line' id='line_1_64' title="bbox 2155 2921 3816 2992; baseline -0.005 -9"><span class='ocrx_word' id='word_1_489' title='bbox 2155 2930 2491 2983; x_wconf 86' lang='lat' dir='ltr'>locustarum</span> <span class='ocrx_word' id='word_1_490' title='bbox 2518 2928 2666 2979; x_wconf 86' lang='lat' dir='ltr'>terra</span> <span class='ocrx_word' id='word_1_491' title='bbox 2693 2924 3041 2988; x_wconf 87' lang='lat' dir='ltr'>contremuit,</span> <span class='ocrx_word' id='word_1_492' title='bbox 3085 2925 3137 2977; x_wconf 90' lang='lat' dir='ltr'><strong><em>et</em></strong></span> <span class='ocrx_word' id='word_1_493' title='bbox 3163 2921 3287 2976; x_wconf 77' lang='lat' dir='ltr'>caeli</span> <span class='ocrx_word' id='word_1_494' title='bbox 3326 2922 3462 2976; x_wconf 87' lang='lat' dir='ltr'>moti</span> <span class='ocrx_word' id='word_1_495' title='bbox 3491 2924 3641 2985; x_wconf 85' lang='lat' dir='ltr'>sunt,</span> <span class='ocrx_word' id='word_1_496' title='bbox 3680 2936 3816 2992; x_wconf 68' lang='lat' dir='ltr'>quo</span> 
     </span>
    </p>
   </div>
   <div class='ocr_carea' id='block_1_65' title="bbox 2154 3007 3818 3087">
    <p class='ocr_par' dir='ltr' id='par_1_65' title="bbox 2154 3007 3818 3087">
     <span class='ocr_line' id='line_1_65' title="bbox 2154 3007 3818 3087; baseline -0.003 -17"><span class='ocrx_word' id='word_1_497' title='bbox 2154 3016 2309 3070; x_wconf 89' lang='lat' dir='ltr'>dicta</span> <span class='ocrx_word' id='word_1_498' title='bbox 2336 3012 2703 3087; x_wconf 86' lang='lat' dir='ltr'>hyperbolice</span> <span class='ocrx_word' id='word_1_499' title='bbox 2733 3011 3079 3081; x_wconf 85' lang='lat' dir='ltr'>sentiamus,</span> <span class='ocrx_word' id='word_1_500' title='bbox 3114 3025 3229 3065; x_wconf 91' lang='lat' dir='ltr'>non</span> <span class='ocrx_word' id='word_1_501' title='bbox 3252 3009 3411 3080; x_wconf 91' lang='lat' dir='ltr'>quod</span> <span class='ocrx_word' id='word_1_502' title='bbox 3443 3007 3818 3065; x_wconf 81' lang='lat' dir='ltr'>locustarum</span> 
     </span>
    </p>
   </div>
   <div class='ocr_carea' id='block_1_66' title="bbox 398 3096 3823 3175">
    <p class='ocr_par' dir='ltr' id='par_1_66' title="bbox 398 3096 3823 3175">
     <span class='ocr_line' id='line_1_66' title="bbox 398 3096 3823 3175; baseline 0 -23"><span class='ocrx_word' id='word_1_503' title='bbox 398 3097 611 3169; x_wconf 86' lang='lat' dir='ltr'>poterit</span> <span class='ocrx_word' id='word_1_504' title='bbox 657 3098 899 3152; x_wconf 90' lang='lat' dir='ltr'>inveniri</span> <span class='ocrx_word' id='word_1_505' title='bbox 929 3115 942 3153; x_wconf 90' lang='lat'>:</span> <span class='ocrx_word' id='word_1_506' title='bbox 995 3098 1275 3170; x_wconf 92' lang='lat' dir='ltr'>quidquid</span> <span class='ocrx_word' id='word_1_507' title='bbox 1326 3100 1602 3173; x_wconf 86' lang='lat' dir='ltr'>attigerit,</span> <span class='ocrx_word' id='word_1_508' title='bbox 1654 3105 1821 3175; x_wconf 89' lang='lat' dir='ltr'>quasi</span> <span class='ocrx_word' id='word_1_509' title='bbox 1871 3122 2043 3161; x_wconf 87' lang='lat' dir='ltr'>vorax</span> <span class='ocrx_word' id='word_1_510' title='bbox 2073 3096 2115 3162; x_wconf 90' lang='lat' dir='ltr'>C</span> <span class='ocrx_word' id='word_1_511' title='bbox 2154 3109 2256 3159; x_wconf 89' lang='lat' dir='ltr'>aut</span> <span class='ocrx_word' id='word_1_512' title='bbox 2282 3103 2537 3158; x_wconf 88' lang='lat' dir='ltr'>hostium</span> <span class='ocrx_word' id='word_1_513' title='bbox 2564 3105 2726 3155; x_wconf 88' lang='lat' dir='ltr'>tanta</span> <span class='ocrx_word' id='word_1_514' title='bbox 2746 3099 2834 3154; x_wconf 90' lang='lat' dir='ltr'>vis</span> <span class='ocrx_word' id='word_1_515' title='bbox 2855 3098 2954 3165; x_wconf 88' lang='lat' dir='ltr'>sit,</span> <span class='ocrx_word' id='word_1_516' title='bbox 2980 3103 3044 3153; x_wconf 93' lang='lat' dir='ltr'>ut</span> <span class='ocrx_word' id='word_1_517' title='bbox 3074 3099 3258 3170; x_wconf 85' lang='lat' dir='ltr'>possit</span> <span class='ocrx_word' id='word_1_518' title='bbox 3277 3113 3512 3154; x_wconf 87' lang='lat' dir='ltr'>movere</span> <span class='ocrx_word' id='word_1_519' title='bbox 3533 3096 3738 3164; x_wconf 81' lang='lat' dir='ltr'>ccelos,</span> <span class='ocrx_word' id='word_1_520' title='bbox 3760 3103 3823 3153; x_wconf 88' lang='lat' dir='ltr'>et</span> 
     </span>
    </p>
   </div>
   <div class='ocr_carea' id='block_1_67' title="bbox 398 3186 2044 3264">
    <p class='ocr_par' dir='ltr' id='par_1_67' title="bbox 398 3186 2044 3264">
     <span class='ocr_line' id='line_1_67' title="bbox 398 3186 2044 3264; baseline 0.006 -24"><span class='ocrx_word' id='word_1_521' title='bbox 398 3186 638 3241; x_wconf 85' lang='lat' dir='ltr'>ﬂamma</span> <span class='ocrx_word' id='word_1_522' title='bbox 667 3191 991 3254; x_wconf 84' lang='lat' dir='ltr'>consumet,</span> <span class='ocrx_word' id='word_1_523' title='bbox 1026 3187 1289 3260; x_wconf 89' lang='lat' dir='ltr'>nihilque</span> <span class='ocrx_word' id='word_1_524' title='bbox 1318 3194 1449 3261; x_wconf 89' lang='lat' dir='ltr'>post</span> <span class='ocrx_word' id='word_1_525' title='bbox 1468 3207 1530 3245; x_wconf 91' lang='lat' dir='ltr'>se</span> <span class='ocrx_word' id='word_1_526' title='bbox 1556 3191 1850 3264; x_wconf 90' lang='lat' dir='ltr'>integrum</span> <span class='ocrx_word' id='word_1_527' title='bbox 1882 3194 2044 3250; x_wconf 86' lang='lat' dir='ltr'>dere-</span> 
     </span>
    </p>
   </div>
   <div class='ocr_carea' id='block_1_68' title="bbox 399 3273 2047 3352">
    <p class='ocr_par' dir='ltr' id='par_1_68' title="bbox 399 3273 2047 3352">
     <span class='ocr_line' id='line_1_68' title="bbox 399 3273 2047 3352; baseline 0.007 -24"><span class='ocrx_word' id='word_1_528' title='bbox 399 3273 655 3346; x_wconf 90' lang='lat' dir='ltr'>linquet;</span> <span class='ocrx_word' id='word_1_529' title='bbox 688 3275 856 3346; x_wconf 90' lang='lat' dir='ltr'>quasi</span> <span class='ocrx_word' id='word_1_530' title='bbox 879 3275 1082 3331; x_wconf 90' lang='lat' dir='ltr'>hortus</span> <span class='ocrx_word' id='word_1_531' title='bbox 1104 3282 1160 3331; x_wconf 90' lang='lat' dir='ltr'>et</span> <span class='ocrx_word' id='word_1_532' title='bbox 1180 3278 1487 3349; x_wconf 88' lang='lat' dir='ltr'>paradisus</span> <span class='ocrx_word' id='word_1_533' title='bbox 1514 3279 1828 3352; x_wconf 88' lang='lat' dir='ltr'>voluptatis</span> <span class='ocrx_word' id='word_1_534' title='bbox 1855 3283 2047 3339; x_wconf 91' lang='lat' dir='ltr'>omnis</span> 
     </span>
    </p>
   </div>
   <div class='ocr_carea' id='block_1_69' title="bbox 398 3366 2043 3439">
    <p class='ocr_par' dir='ltr' id='par_1_69' title="bbox 398 3366 2043 3439">
     <span class='ocr_line' id='line_1_69' title="bbox 398 3366 2043 3439; baseline 0.007 -22"><span class='ocrx_word' id='word_1_535' title='bbox 398 3366 553 3418; x_wconf 91' lang='lat' dir='ltr'>terra</span> <span class='ocrx_word' id='word_1_536' title='bbox 581 3367 688 3430; x_wconf 90' lang='lat' dir='ltr'>est,</span> <span class='ocrx_word' id='word_1_537' title='bbox 721 3380 900 3435; x_wconf 91' lang='lat' dir='ltr'>quam</span> <span class='ocrx_word' id='word_1_538' title='bbox 921 3381 1035 3419; x_wconf 90' lang='lat' dir='ltr'>non</span> <span class='ocrx_word' id='word_1_539' title='bbox 1054 3366 1343 3438; x_wconf 82' lang='lat' dir='ltr'>tetigerit:</span> <span class='ocrx_word' id='word_1_540' title='bbox 1377 3369 1544 3439; x_wconf 90' lang='lat' dir='ltr'>quasi</span> <span class='ocrx_word' id='word_1_541' title='bbox 1573 3369 1830 3426; x_wconf 89' lang='lat' dir='ltr'>solitudo</span> <span class='ocrx_word' id='word_1_542' title='bbox 1860 3376 1917 3426; x_wconf 89' lang='lat' dir='ltr'>et</span> <span class='ocrx_word' id='word_1_543' title='bbox 1945 3373 2043 3428; x_wconf 91' lang='lat' dir='ltr'>de-</span> 
     </span>
    </p>
   </div>
   <div class='ocr_carea' id='block_1_70' title="bbox 398 3452 2046 3531">
    <p class='ocr_par' dir='ltr' id='par_1_70' title="bbox 398 3452 2046 3531">
     <span class='ocr_line' id='line_1_70' title="bbox 398 3452 2046 3531; baseline 0.006 -25"><span class='ocrx_word' id='word_1_544' title='bbox 398 3456 643 3518; x_wconf 86' lang='lat' dir='ltr'>sertum,</span> <span class='ocrx_word' id='word_1_545' title='bbox 673 3452 959 3524; x_wconf 90' lang='lat' dir='ltr'>quidquid</span> <span class='ocrx_word' id='word_1_546' title='bbox 1010 3454 1187 3510; x_wconf 84' lang='lat' dir='ltr'>fuerit</span> <span class='ocrx_word' id='word_1_547' title='bbox 1235 3456 1621 3528; x_wconf 64' lang='lat' dir='ltr'>depraedatus,</span> <span class='ocrx_word' id='word_1_548' title='bbox 1672 3475 1860 3531; x_wconf 90' lang='lat' dir='ltr'>neque</span> <span class='ocrx_word' id='word_1_549' title='bbox 1891 3460 2046 3517; x_wconf 91' lang='lat' dir='ltr'>ullus</span> 
     </span>
    </p>
   </div>
   <div class='ocr_carea' id='block_1_71' title="bbox 397 3540 2047 3621">
    <p class='ocr_par' dir='ltr' id='par_1_71' title="bbox 397 3540 2047 3621">
     <span class='ocr_line' id='line_1_71' title="bbox 397 3540 2047 3621; baseline 0.007 -27"><span class='ocrx_word' id='word_1_550' title='bbox 397 3540 613 3612; x_wconf 89' lang='lat' dir='ltr'>poterit</span> <span class='ocrx_word' id='word_1_551' title='bbox 640 3540 883 3596; x_wconf 90' lang='lat' dir='ltr'>inveniri</span> <span class='ocrx_word' id='word_1_552' title='bbox 916 3542 1015 3615; x_wconf 91' lang='lat' dir='ltr'>qui</span> <span class='ocrx_word' id='word_1_553' title='bbox 1047 3542 1206 3599; x_wconf 89' lang='lat' dir='ltr'>illius</span> <span class='ocrx_word' id='word_1_554' title='bbox 1235 3544 1475 3617; x_wconf 67' lang='lat' dir='ltr'>effugiat</span> <span class='ocrx_word' id='word_1_555' title='bbox 1504 3563 1736 3604; x_wconf 89' lang='lat' dir='ltr'>manus.</span> <span class='ocrx_word' id='word_1_556' title='bbox 1760 3554 2047 3621; x_wconf 89' lang='lat' dir='ltr'>Aspectus</span> 
     </span>
    </p>
   </div>
   <div class='ocr_carea' id='block_1_72' title="bbox 398 3630 2047 3709">
    <p class='ocr_par' dir='ltr' id='par_1_72' title="bbox 398 3630 2047 3709">
     <span class='ocr_line' id='line_1_72' title="bbox 398 3630 2047 3709; baseline 0.007 -25"><span class='ocrx_word' id='word_1_557' title='bbox 398 3646 601 3685; x_wconf 89' lang='lat' dir='ltr'>eorum</span> <span class='ocrx_word' id='word_1_558' title='bbox 619 3630 787 3703; x_wconf 89' lang='lat' dir='ltr'>quasi</span> <span class='ocrx_word' id='word_1_559' title='bbox 804 3631 1085 3691; x_wconf 83' lang='lat' dir='ltr'>ferocium</span> <span class='ocrx_word' id='word_1_560' title='bbox 1107 3648 1414 3705; x_wconf 91' lang='lat' dir='ltr'>equorum,</span> <span class='ocrx_word' id='word_1_561' title='bbox 1429 3639 1485 3690; x_wconf 91' lang='lat' dir='ltr'>et</span> <span class='ocrx_word' id='word_1_562' title='bbox 1500 3637 1669 3707; x_wconf 91' lang='lat' dir='ltr'>quasi</span> <span class='ocrx_word' id='word_1_563' title='bbox 1689 3639 1914 3709; x_wconf 86' lang='lat' dir='ltr'>equites</span> <span class='ocrx_word' id='word_1_564' title='bbox 1934 3639 2047 3695; x_wconf 89' lang='lat' dir='ltr'>huc</span> 
     </span>
    </p>
   </div>
   <div class='ocr_carea' id='block_1_73' title="bbox 396 3718 2046 3798">
    <p class='ocr_par' dir='ltr' id='par_1_73' title="bbox 396 3718 2046 3798">
     <span class='ocr_line' id='line_1_73' title="bbox 396 3718 2046 3798; baseline 0.007 -25"><span class='ocrx_word' id='word_1_565' title='bbox 396 3718 652 3791; x_wconf 89' lang='lat' dir='ltr'>illucque</span> <span class='ocrx_word' id='word_1_566' title='bbox 703 3720 1055 3777; x_wconf 83' lang='lat' dir='ltr'>discurrant.</span> <span class='ocrx_word' id='word_1_567' title='bbox 1110 3722 1233 3778; x_wconf 91' lang='lat' dir='ltr'>Non</span> <span class='ocrx_word' id='word_1_568' title='bbox 1274 3740 1390 3795; x_wconf 91' lang='lat' dir='ltr'>quo</span> <span class='ocrx_word' id='word_1_569' title='bbox 1420 3724 1722 3797; x_wconf 85' lang='lat' dir='ltr'>Babylonii</span> <span class='ocrx_word' id='word_1_570' title='bbox 1751 3728 2046 3798; x_wconf 90' lang='lat' dir='ltr'>equitibus</span> 
     </span>
    </p>
   </div>
   <div class='ocr_carea' id='block_1_74' title="bbox 397 3810 2044 3885">
    <p class='ocr_par' dir='ltr' id='par_1_74' title="bbox 397 3810 2044 3885">
     <span class='ocr_line' id='line_1_74' title="bbox 397 3810 2044 3885; baseline 0.005 -21"><span class='ocrx_word' id='word_1_571' title='bbox 397 3813 842 3880; x_wconf 84' lang='lat' dir='ltr'>comparentur;</span> <span class='ocrx_word' id='word_1_572' title='bbox 894 3811 993 3866; x_wconf 90' lang='lat' dir='ltr'>sed</span> <span class='ocrx_word' id='word_1_573' title='bbox 1045 3827 1160 3882; x_wconf 92' lang='lat' dir='ltr'>quo</span> <span class='ocrx_word' id='word_1_574' title='bbox 1202 3810 1439 3880; x_wconf 71' lang='lat' dir='ltr'>locustae</span> <span class='ocrx_word' id='word_1_575' title='bbox 1471 3830 1572 3885; x_wconf 90' lang='lat' dir='ltr'>per</span> <span class='ocrx_word' id='word_1_576' title='bbox 1600 3815 2044 3873; x_wconf 88' lang='lat' dir='ltr'>translationem</span> 
     </span>
    </p>
   </div>
   <div class='ocr_carea' id='block_1_75' title="bbox 396 3897 2045 3977">
    <p class='ocr_par' dir='ltr' id='par_1_75' title="bbox 396 3897 2045 3977">
     <span class='ocr_line' id='line_1_75' title="bbox 396 3897 2045 3977; baseline 0.005 -24"><span class='ocrx_word' id='word_1_577' title='bbox 396 3897 654 3954; x_wconf 89' lang='lat' dir='ltr'>hostium</span> <span class='ocrx_word' id='word_1_578' title='bbox 678 3898 846 3970; x_wconf 88' lang='lat' dir='ltr'>quasi</span> <span class='ocrx_word' id='word_1_579' title='bbox 869 3900 1094 3971; x_wconf 87' lang='lat' dir='ltr'>equites</span> <span class='ocrx_word' id='word_1_580' title='bbox 1116 3899 1388 3956; x_wconf 89' lang='lat' dir='ltr'>dicantur</span> <span class='ocrx_word' id='word_1_581' title='bbox 1407 3902 1521 3958; x_wconf 89' lang='lat' dir='ltr'>huc</span> <span class='ocrx_word' id='word_1_582' title='bbox 1541 3903 1798 3977; x_wconf 89' lang='lat' dir='ltr'>illucque</span> <span class='ocrx_word' id='word_1_583' title='bbox 1818 3905 2045 3961; x_wconf 86' lang='lat' dir='ltr'>discur-</span> 
     </span>
    </p>
   </div>
   <div class='ocr_carea' id='block_1_76' title="bbox 397 3985 2043 4064">
    <p class='ocr_par' dir='ltr' id='par_1_76' title="bbox 397 3985 2043 4064">
     <span class='ocr_line' id='line_1_76' title="bbox 397 3985 2043 4064; baseline 0.005 -23"><span class='ocrx_word' id='word_1_584' title='bbox 397 4002 521 4041; x_wconf 88' lang='lat' dir='ltr'>rere</span> <span class='ocrx_word' id='word_1_585' title='bbox 550 4002 563 4039; x_wconf 92' lang='lat'>:</span> <span class='ocrx_word' id='word_1_586' title='bbox 597 3985 748 4041; x_wconf 85' lang='lat' dir='ltr'>Sicut</span> <span class='ocrx_word' id='word_1_587' title='bbox 777 3988 1007 4054; x_wconf 87' lang='lat' dir='ltr'>sonitus,</span> <span class='ocrx_word' id='word_1_588' title='bbox 1040 3987 1252 4059; x_wconf 89' lang='lat' dir='ltr'>inquit,</span> <span class='ocrx_word' id='word_1_589' title='bbox 1276 3989 1673 4061; x_wconf 86' lang='lat' dir='ltr'>quadrigarum</span> <span class='ocrx_word' id='word_1_590' title='bbox 1692 4000 1742 4047; x_wconf 90' lang='lat' dir='ltr'><strong><em>et</em></strong></span> <span class='ocrx_word' id='word_1_591' title='bbox 1759 4009 2043 4064; x_wconf 88' lang='lat' dir='ltr'>curruum,</span> 
     </span>
    </p>
   </div>
   <div class='ocr_carea' id='block_1_77' title="bbox 394 4076 2044 4151">
    <p class='ocr_par' dir='ltr' id='par_1_77' title="bbox 394 4076 2044 4151">
     <span class='ocr_line' id='line_1_77' title="bbox 394 4076 2044 4151; baseline 0.005 -22"><span class='ocrx_word' id='word_1_592' title='bbox 394 4076 476 4129; x_wconf 91' lang='lat' dir='ltr'>sic</span> <span class='ocrx_word' id='word_1_593' title='bbox 501 4076 611 4129; x_wconf 88' lang='lat' dir='ltr'>erit</span> <span class='ocrx_word' id='word_1_594' title='bbox 640 4076 850 4129; x_wconf 85' lang='lat' dir='ltr'>sonitus</span> <span class='ocrx_word' id='word_1_595' title='bbox 891 4076 1240 4131; x_wconf 90' lang='lat' dir='ltr'>locustarum.</span> <span class='ocrx_word' id='word_1_596' title='bbox 1291 4079 1473 4149; x_wconf 89' lang='lat' dir='ltr'>Super</span> <span class='ocrx_word' id='word_1_597' title='bbox 1519 4079 1706 4151; x_wconf 88' lang='lat' dir='ltr'>capita</span> <span class='ocrx_word' id='word_1_598' title='bbox 1758 4083 2044 4138; x_wconf 89' lang='lat' dir='ltr'>montium</span> 
     </span>
    </p>
   </div>
   <div class='ocr_carea' id='block_1_78' title="bbox 394 4160 2047 4236">
    <p class='ocr_par' dir='ltr' id='par_1_78' title="bbox 394 4160 2047 4236">
     <span class='ocr_line' id='line_1_78' title="bbox 394 4160 2047 4236; baseline 0.006 -21"><span class='ocrx_word' id='word_1_599' title='bbox 394 4160 684 4231; x_wconf 82' lang='lat' dir='ltr'>exsilient,</span> <span class='ocrx_word' id='word_1_600' title='bbox 699 4166 763 4216; x_wconf 92' lang='lat' dir='ltr'>ut</span> <span class='ocrx_word' id='word_1_601' title='bbox 785 4163 981 4218; x_wconf 87' lang='lat' dir='ltr'>omnia</span> <span class='ocrx_word' id='word_1_602' title='bbox 1001 4163 1228 4220; x_wconf 86' lang='lat' dir='ltr'>excelsa</span> <span class='ocrx_word' id='word_1_603' title='bbox 1248 4168 1676 4236; x_wconf 86' lang='lat' dir='ltr'>conscendant;</span> <span class='ocrx_word' id='word_1_604' title='bbox 1701 4174 1759 4224; x_wconf 91' lang='lat' dir='ltr'>et</span> <span class='ocrx_word' id='word_1_605' title='bbox 1779 4170 1933 4227; x_wconf 89' lang='lat' dir='ltr'>sicut</span> <span class='ocrx_word' id='word_1_606' title='bbox 1949 4171 2047 4227; x_wconf 86' lang='lat' dir='ltr'>sti-</span> 
     </span>
    </p>
   </div>
   <div class='ocr_carea' id='block_1_79' title="bbox 396 4248 2047 4321">
    <p class='ocr_par' dir='ltr' id='par_1_79' title="bbox 396 4248 2047 4321">
     <span class='ocr_line' id='line_1_79' title="bbox 396 4248 2047 4321; baseline 0.007 -18"><span class='ocrx_word' id='word_1_607' title='bbox 396 4248 598 4321; x_wconf 92' lang='lat' dir='ltr'>pulam</span> <span class='ocrx_word' id='word_1_608' title='bbox 626 4250 742 4306; x_wconf 90' lang='lat' dir='ltr'>cito</span> <span class='ocrx_word' id='word_1_609' title='bbox 773 4251 1012 4307; x_wconf 82' lang='lat' dir='ltr'>flamma</span> <span class='ocrx_word' id='word_1_610' title='bbox 1039 4254 1352 4321; x_wconf 89' lang='lat' dir='ltr'>consumit,</span> <span class='ocrx_word' id='word_1_611' title='bbox 1403 4257 1484 4310; x_wconf 88' lang='lat' dir='ltr'>ita</span> <span class='ocrx_word' id='word_1_612' title='bbox 1514 4257 1744 4313; x_wconf 90' lang='lat' dir='ltr'>sonitus</span> <span class='ocrx_word' id='word_1_613' title='bbox 1774 4262 1831 4314; x_wconf 89' lang='lat' dir='ltr'>et</span> <span class='ocrx_word' id='word_1_614' title='bbox 1859 4263 2047 4315; x_wconf 89' lang='lat' dir='ltr'>terror</span> 
     </span>
    </p>
   </div>
   <div class='ocr_carea' id='block_1_80' title="bbox 398 4328 2041 4418">
    <p class='ocr_par' dir='ltr' id='par_1_80' title="bbox 398 4328 2041 4418">
     <span class='ocr_line' id='line_1_80' title="bbox 398 4328 2041 4418; baseline 0.008 -27"><span class='ocrx_word' id='word_1_615' title='bbox 398 4338 554 4395; x_wconf 92' lang='lat' dir='ltr'>vocis</span> <span class='ocrx_word' id='word_1_616' title='bbox 585 4354 787 4395; x_wconf 89' lang='lat' dir='ltr'>eorum</span> <span class='ocrx_word' id='word_1_617' title='bbox 818 4346 1028 4396; x_wconf 88' lang='lat' dir='ltr'>cuncta</span> <span class='ocrx_word' id='word_1_618' title='bbox 1063 4341 1457 4414; x_wconf 84' lang='lat' dir='ltr'>pepulabitur.</span> <span class='ocrx_word' id='word_1_619' title='bbox 1508 4328 1789 4418; x_wconf 81' lang='lat' dir='ltr'>Quodque</span> <span class='ocrx_word' id='word_1_620' title='bbox 1833 4347 2041 4404; x_wconf 87' lang='lat' dir='ltr'>infert:</span> 
     </span>
    </p>
   </div>
   <div class='ocr_carea' id='block_1_81' title="bbox 2151 3185 3820 3259">
    <p class='ocr_par' dir='ltr' id='par_1_81' title="bbox 2151 3185 3820 3259">
     <span class='ocr_line' id='line_1_81' title="bbox 2151 3185 3820 3259; baseline -0.004 -11"><span class='ocrx_word' id='word_1_621' title='bbox 2151 3200 2368 3248; x_wconf 84' lang='lat' dir='ltr'>terram</span> <span class='ocrx_word' id='word_1_622' title='bbox 2384 3189 2690 3246; x_wconf 86' lang='lat' dir='ltr'>concutere</span> <span class='ocrx_word' id='word_1_623' title='bbox 2710 3207 2724 3257; x_wconf 89' lang='lat'>;</span> <span class='ocrx_word' id='word_1_624' title='bbox 2753 3188 2853 3244; x_wconf 90' lang='lat' dir='ltr'>sed</span> <span class='ocrx_word' id='word_1_625' title='bbox 2873 3188 3028 3259; x_wconf 91' lang='lat' dir='ltr'>quod</span> <span class='ocrx_word' id='word_1_626' title='bbox 3047 3188 3290 3242; x_wconf 85' lang='lat' dir='ltr'>adversa</span> <span class='ocrx_word' id='word_1_627' title='bbox 3308 3185 3681 3259; x_wconf 88' lang='lat' dir='ltr'>patientibus</span> <span class='ocrx_word' id='word_1_628' title='bbox 3698 3202 3820 3259; x_wconf 69' lang='lat' dir='ltr'>pra</span> 
     </span>
    </p>
   </div>
   <div class='ocr_carea' id='block_1_82' title="bbox 2151 3274 3814 3350">
    <p class='ocr_par' dir='ltr' id='par_1_82' title="bbox 2151 3274 3814 3350">
     <span class='ocr_line' id='line_1_82' title="bbox 2151 3274 3814 3350; baseline -0.004 -14"><span class='ocrx_word' id='word_1_629' title='bbox 2151 3281 2388 3336; x_wconf 88' lang='lat' dir='ltr'>terroris</span> <span class='ocrx_word' id='word_1_630' title='bbox 2420 3278 2847 3350; x_wconf 88' lang='lat' dir='ltr'>magnitudine,</span> <span class='ocrx_word' id='word_1_631' title='bbox 2896 3280 2954 3331; x_wconf 90' lang='lat' dir='ltr'>et</span> <span class='ocrx_word' id='word_1_632' title='bbox 2983 3274 3195 3331; x_wconf 85' lang='lat' dir='ltr'>ccelum</span> <span class='ocrx_word' id='word_1_633' title='bbox 3228 3291 3392 3330; x_wconf 86' lang='lat' dir='ltr'>ruere</span> <span class='ocrx_word' id='word_1_634' title='bbox 3419 3279 3478 3330; x_wconf 88' lang='lat' dir='ltr'>et</span> <span class='ocrx_word' id='word_1_635' title='bbox 3506 3279 3663 3330; x_wconf 88' lang='lat' dir='ltr'>terra</span> <span class='ocrx_word' id='word_1_636' title='bbox 3696 3275 3814 3329; x_wconf 79' lang='lat' dir='ltr'>flu-</span> 
     </span>
    </p>
   </div>
   <div class='ocr_carea' id='block_1_83' title="bbox 2153 3362 3819 3436">
    <p class='ocr_par' dir='ltr' id='par_1_83' title="bbox 2153 3362 3819 3436">
     <span class='ocr_line' id='line_1_83' title="bbox 2153 3362 3819 3436; baseline -0.005 -11"><span class='ocrx_word' id='word_1_637' title='bbox 2153 3375 2350 3426; x_wconf 86' lang='lat' dir='ltr'>ctuare</span> <span class='ocrx_word' id='word_1_638' title='bbox 2379 3368 2664 3423; x_wconf 88' lang='lat' dir='ltr'>videatur.</span> <span class='ocrx_word' id='word_1_639' title='bbox 2698 3365 2959 3436; x_wconf 88' lang='lat' dir='ltr'>Denique</span> <span class='ocrx_word' id='word_1_640' title='bbox 2989 3381 3104 3436; x_wconf 70' lang='lat' dir='ltr'>prae</span> <span class='ocrx_word' id='word_1_641' title='bbox 3136 3362 3519 3419; x_wconf 89' lang='lat' dir='ltr'>multitudine</span> <span class='ocrx_word' id='word_1_642' title='bbox 3546 3362 3819 3418; x_wconf 81' lang='lat' dir='ltr'>locusta-</span> 
     </span>
    </p>
   </div>
   <div class='ocr_carea' id='block_1_84' title="bbox 2152 3452 3820 3521">
    <p class='ocr_par' dir='ltr' id='par_1_84' title="bbox 2152 3452 3820 3521">
     <span class='ocr_line' id='line_1_84' title="bbox 2152 3452 3820 3521; baseline -0.004 -7"><span class='ocrx_word' id='word_1_643' title='bbox 2152 3475 2284 3514; x_wconf 90' lang='lat' dir='ltr'>rum</span> <span class='ocrx_word' id='word_1_644' title='bbox 2305 3456 2701 3513; x_wconf 83' lang='lat' dir='ltr'>obtexentium</span> <span class='ocrx_word' id='word_1_645' title='bbox 2723 3453 2955 3521; x_wconf 80' lang='lat' dir='ltr'>ccelum,</span> <span class='ocrx_word' id='word_1_646' title='bbox 2980 3452 3069 3510; x_wconf 91' lang='lat' dir='ltr'>sol</span> <span class='ocrx_word' id='word_1_647' title='bbox 3090 3458 3148 3508; x_wconf 90' lang='lat' dir='ltr'>et</span> <span class='ocrx_word' id='word_1_648' title='bbox 3163 3452 3302 3508; x_wconf 91' lang='lat' dir='ltr'>luna</span> <span class='ocrx_word' id='word_1_649' title='bbox 3323 3452 3820 3508; x_wconf 84' lang='lat' dir='ltr'>convertenturin</span> 
     </span>
    </p>
   </div>
   <div class='ocr_carea' id='block_1_85' title="bbox 2151 3540 3819 3614">
    <p class='ocr_par' dir='ltr' id='par_1_85' title="bbox 2151 3540 3819 3614">
     <span class='ocr_line' id='line_1_85' title="bbox 2151 3540 3819 3614; baseline -0.004 -11"><span class='ocrx_word' id='word_1_650' title='bbox 2151 3549 2443 3611; x_wconf 89' lang='lat' dir='ltr'>tenebras,</span> <span class='ocrx_word' id='word_1_651' title='bbox 2458 3554 2515 3601; x_wconf 87' lang='lat' dir='ltr'>et</span> <span class='ocrx_word' id='word_1_652' title='bbox 2534 3544 2715 3601; x_wconf 67' lang='lat' dir='ltr'>stellae</span> <span class='ocrx_word' id='word_1_653' title='bbox 2733 3542 3029 3599; x_wconf 89' lang='lat' dir='ltr'>retrahent</span> <span class='ocrx_word' id='word_1_654' title='bbox 3044 3540 3416 3614; x_wconf 89' lang='lat' dir='ltr'>splendorem</span> <span class='ocrx_word' id='word_1_655' title='bbox 3432 3556 3637 3595; x_wconf 87' lang='lat' dir='ltr'>suum:</span> <span class='ocrx_word' id='word_1_656' title='bbox 3664 3540 3819 3596; x_wconf 88' lang='lat' dir='ltr'>dum</span> 
     </span>
    </p>
   </div>
   <div class='ocr_carea' id='block_1_86' title="bbox 2151 3628 3818 3703">
    <p class='ocr_par' dir='ltr' id='par_1_86' title="bbox 2151 3628 3818 3703">
     <span class='ocr_line' id='line_1_86' title="bbox 2151 3628 3818 3703; baseline -0.005 -11"><span class='ocrx_word' id='word_1_657' title='bbox 2151 3636 2353 3691; x_wconf 72' lang='lat' dir='ltr'>lume‘n</span> <span class='ocrx_word' id='word_1_658' title='bbox 2376 3635 2435 3690; x_wconf 93' lang='lat' dir='ltr'>in</span> <span class='ocrx_word' id='word_1_659' title='bbox 2459 3634 2649 3690; x_wconf 89' lang='lat' dir='ltr'>medio</span> <span class='ocrx_word' id='word_1_660' title='bbox 2671 3634 2857 3688; x_wconf 90' lang='lat' dir='ltr'>nubes</span> <span class='ocrx_word' id='word_1_661' title='bbox 2881 3631 3070 3703; x_wconf 89' lang='lat' dir='ltr'>posita</span> <span class='ocrx_word' id='word_1_662' title='bbox 3090 3631 3463 3694; x_wconf 83' lang='lat' dir='ltr'>locustarum,</span> <span class='ocrx_word' id='word_1_663' title='bbox 3486 3628 3557 3683; x_wconf 89' lang='lat' dir='ltr'>ad</span> <span class='ocrx_word' id='word_1_664' title='bbox 3580 3633 3818 3684; x_wconf 83' lang='lat' dir='ltr'>terram</span> 
     </span>
    </p>
   </div>
   <div class='ocr_carea' id='block_1_87' title="bbox 2154 3717 3816 3796">
    <p class='ocr_par' dir='ltr' id='par_1_87' title="bbox 2154 3717 3816 3796">
     <span class='ocr_line' id='line_1_87' title="bbox 2154 3717 3816 3796; baseline -0.005 -15"><span class='ocrx_word' id='word_1_665' title='bbox 2154 3742 2267 3781; x_wconf 90' lang='lat' dir='ltr'>non</span> <span class='ocrx_word' id='word_1_666' title='bbox 2303 3725 2446 3781; x_wconf 89' lang='lat' dir='ltr'>sinit</span> <span class='ocrx_word' id='word_1_667' title='bbox 2473 3738 2791 3796; x_wconf 77' lang='lat' dir='ltr'>pervenire.</span> <span class='ocrx_word' id='word_1_668' title='bbox 2833 3721 3120 3777; x_wconf 90' lang='lat' dir='ltr'>Dominus</span> <span class='ocrx_word' id='word_1_669' title='bbox 3149 3734 3383 3791; x_wconf 91' lang='lat' dir='ltr'>quoque</span> <span class='ocrx_word' id='word_1_670' title='bbox 3409 3717 3571 3773; x_wconf 87' lang='lat' dir='ltr'>dabit</span> <span class='ocrx_word' id='word_1_671' title='bbox 3598 3732 3816 3774; x_wconf 82' lang='lat' dir='ltr'>vocem</span> 
     </span>
    </p>
   </div>
   <div class='ocr_carea' id='block_1_88' title="bbox 2153 3804 3815 3882">
    <p class='ocr_par' dir='ltr' id='par_1_88' title="bbox 2153 3804 3815 3882">
     <span class='ocr_line' id='line_1_88' title="bbox 2153 3804 3815 3882; baseline -0.007 -11"><span class='ocrx_word' id='word_1_672' title='bbox 2153 3831 2322 3871; x_wconf 90' lang='lat' dir='ltr'>suam</span> <span class='ocrx_word' id='word_1_673' title='bbox 2342 3818 2477 3869; x_wconf 84' lang='lat' dir='ltr'>ante</span> <span class='ocrx_word' id='word_1_674' title='bbox 2494 3812 2700 3868; x_wconf 88' lang='lat' dir='ltr'>faciem</span> <span class='ocrx_word' id='word_1_675' title='bbox 2721 3817 2843 3867; x_wconf 88' lang='lat' dir='ltr'>tam</span> <span class='ocrx_word' id='word_1_676' title='bbox 2867 3808 3119 3882; x_wconf 89' lang='lat' dir='ltr'>potentis</span> <span class='ocrx_word' id='word_1_677' title='bbox 3139 3808 3450 3875; x_wconf 82' lang='lat' dir='ltr'>exercitus,</span> <span class='ocrx_word' id='word_1_678' title='bbox 3462 3806 3605 3878; x_wconf 87' lang='lat' dir='ltr'>quia</span> <span class='ocrx_word' id='word_1_679' title='bbox 3621 3804 3815 3861; x_wconf 82' lang='lat' dir='ltr'>multa</span> 
     </span>
    </p>
   </div>
   <div class='ocr_carea' id='block_1_89' title="bbox 2154 3894 3815 3972">
    <p class='ocr_par' dir='ltr' id='par_1_89' title="bbox 2154 3894 3815 3972">
     <span class='ocr_line' id='line_1_89' title="bbox 2154 3894 3815 3972; baseline -0.006 -12"><span class='ocrx_word' id='word_1_680' title='bbox 2154 3908 2296 3961; x_wconf 89' lang='lat' dir='ltr'>sunt</span> <span class='ocrx_word' id='word_1_681' title='bbox 2311 3907 2503 3959; x_wconf 89' lang='lat' dir='ltr'>castra</span> <span class='ocrx_word' id='word_1_682' title='bbox 2518 3903 2731 3972; x_wconf 87' lang='lat' dir='ltr'>ejus,et</span> <span class='ocrx_word' id='word_1_683' title='bbox 2748 3899 3091 3972; x_wconf 86' lang='lat' dir='ltr'>magnitudo</span> <span class='ocrx_word' id='word_1_684' title='bbox 3104 3897 3337 3954; x_wconf 90' lang='lat' dir='ltr'>virtutis</span> <span class='ocrx_word' id='word_1_685' title='bbox 3353 3896 3516 3952; x_wconf 88' lang='lat' dir='ltr'>illius</span> <span class='ocrx_word' id='word_1_686' title='bbox 3534 3894 3597 3950; x_wconf 90' lang='lat' dir='ltr'>in</span> <span class='ocrx_word' id='word_1_687' title='bbox 3616 3894 3815 3968; x_wconf 87' lang='lat' dir='ltr'>parvis</span> 
     </span>
    </p>
   </div>
   <div class='ocr_carea' id='block_1_90' title="bbox 2163 3984 3818 4065">
    <p class='ocr_par' dir='ltr' id='par_1_90' title="bbox 2163 3984 3818 4065">
     <span class='ocr_line' id='line_1_90' title="bbox 2163 3984 3818 4065; baseline -0.006 -17"><span class='ocrx_word' id='word_1_688' title='bbox 2163 4009 2395 4065; x_wconf 89' lang='lat' dir='ltr'>quoque</span> <span class='ocrx_word' id='word_1_689' title='bbox 2450 3990 2853 4046; x_wconf 88' lang='lat' dir='ltr'>animantibus</span> <span class='ocrx_word' id='word_1_690' title='bbox 2910 3988 3366 4044; x_wconf 88' lang='lat' dir='ltr'>demonstratur.</span> <span class='ocrx_word' id='word_1_691' title='bbox 3426 3984 3558 4040; x_wconf 63' lang='lat' dir='ltr'>Hac</span> <span class='ocrx_word' id='word_1_692' title='bbox 3617 3989 3818 4040; x_wconf 86' lang='lat' dir='ltr'>autem</span> 
     </span>
    </p>
   </div>
   <div class='ocr_carea' id='block_1_91' title="bbox 2169 4072 3828 4150">
    <p class='ocr_par' dir='ltr' id='par_1_91' title="bbox 2169 4072 3828 4150">
     <span class='ocr_line' id='line_1_91' title="bbox 2169 4072 3828 4150; baseline -0.007 -12"><span class='ocrx_word' id='word_1_693' title='bbox 2169 4082 2356 4138; x_wconf 90' lang='lat' dir='ltr'>multa</span> <span class='ocrx_word' id='word_1_694' title='bbox 2384 4086 2594 4150; x_wconf 89' lang='lat' dir='ltr'>castra,</span> <span class='ocrx_word' id='word_1_695' title='bbox 2629 4083 2686 4134; x_wconf 87' lang='lat' dir='ltr'>et</span> <span class='ocrx_word' id='word_1_696' title='bbox 2703 4076 3157 4133; x_wconf 89' lang='lat' dir='ltr'>innumerabilia</span> <span class='ocrx_word' id='word_1_697' title='bbox 3183 4076 3357 4131; x_wconf 89' lang='lat' dir='ltr'>fortia</span> <span class='ocrx_word' id='word_1_698' title='bbox 3376 4077 3521 4130; x_wconf 91' lang='lat' dir='ltr'>sunt</span> <span class='ocrx_word' id='word_1_699' title='bbox 3540 4072 3747 4140; x_wconf 87' lang='lat' dir='ltr'>nimis,</span> <span class='ocrx_word' id='word_1_700' title='bbox 3767 4075 3828 4128; x_wconf 81' lang='lat' dir='ltr'>et</span> 
     </span>
    </p>
   </div>
   <div class='ocr_carea' id='block_1_92' title="bbox 2166 4159 3827 4235">
    <p class='ocr_par' dir='ltr' id='par_1_92' title="bbox 2166 4159 3827 4235">
     <span class='ocr_line' id='line_1_92' title="bbox 2166 4159 3827 4235; baseline -0.007 -8"><span class='ocrx_word' id='word_1_701' title='bbox 2166 4171 2439 4227; x_wconf 82' lang='lat' dir='ltr'>facientia</span> <span class='ocrx_word' id='word_1_702' title='bbox 2457 4168 2700 4224; x_wconf 87' lang='lat' dir='ltr'>verbum</span> <span class='ocrx_word' id='word_1_703' title='bbox 2722 4166 2904 4222; x_wconf 88' lang='lat' dir='ltr'>illius.</span> <span class='ocrx_word' id='word_1_704' title='bbox 2923 4168 3045 4231; x_wconf 90' lang='lat' dir='ltr'>Quo</span> <span class='ocrx_word' id='word_1_705' title='bbox 3061 4165 3217 4220; x_wconf 90' lang='lat' dir='ltr'>dicto</span> <span class='ocrx_word' id='word_1_706' title='bbox 3242 4161 3576 4221; x_wconf 88' lang='lat' dir='ltr'>ostenditur</span> <span class='ocrx_word' id='word_1_707' title='bbox 3587 4159 3827 4235; x_wconf 80' lang='lat' dir='ltr'>Babylo-</span> 
     </span>
    </p>
   </div>
   <div class='ocr_carea' id='block_1_93' title="bbox 2166 4248 3823 4322">
    <p class='ocr_par' dir='ltr' id='par_1_93' title="bbox 2166 4248 3823 4322">
     <span class='ocr_line' id='line_1_93' title="bbox 2166 4248 3823 4322; baseline -0.007 -7"><span class='ocrx_word' id='word_1_708' title='bbox 2166 4259 2295 4315; x_wconf 89' lang='lat' dir='ltr'>nios</span> <span class='ocrx_word' id='word_1_709' title='bbox 2322 4258 2418 4314; x_wconf 88' lang='lat' dir='ltr'>Dei</span> <span class='ocrx_word' id='word_1_710' title='bbox 2453 4256 2749 4313; x_wconf 90' lang='lat' dir='ltr'>voluntate</span> <span class='ocrx_word' id='word_1_711' title='bbox 2779 4260 3072 4319; x_wconf 89' lang='lat' dir='ltr'>venturos,</span> <span class='ocrx_word' id='word_1_712' title='bbox 3104 4258 3163 4309; x_wconf 89' lang='lat' dir='ltr'>et</span> <span class='ocrx_word' id='word_1_713' title='bbox 3191 4251 3350 4307; x_wconf 89' lang='lat' dir='ltr'>illius</span> <span class='ocrx_word' id='word_1_714' title='bbox 3384 4249 3635 4322; x_wconf 84' lang='lat' dir='ltr'>imperio</span> <span class='ocrx_word' id='word_1_715' title='bbox 3665 4248 3823 4321; x_wconf 83' lang='lat' dir='ltr'>pari-</span> 
     </span>
    </p>
   </div>
   <div class='ocr_carea' id='block_1_94' title="bbox 2165 4336 3828 4417">
    <p class='ocr_par' dir='ltr' id='par_1_94' title="bbox 2165 4336 3828 4417">
     <span class='ocr_line' id='line_1_94' title="bbox 2165 4336 3828 4417; baseline -0.006 -13"><span class='ocrx_word' id='word_1_716' title='bbox 2165 4354 2349 4404; x_wconf 89' lang='lat' dir='ltr'>turos.</span> <span class='ocrx_word' id='word_1_717' title='bbox 2382 4348 2608 4417; x_wconf 82' lang='lat' dir='ltr'>Magnus</span> <span class='ocrx_word' id='word_1_718' title='bbox 2636 4344 2957 4415; x_wconf 87' lang='lat' dir='ltr'>est,inquit,</span> <span class='ocrx_word' id='word_1_719' title='bbox 2991 4345 3109 4399; x_wconf 86' lang='lat' dir='ltr'>dies</span> <span class='ocrx_word' id='word_1_720' title='bbox 3138 4343 3383 4407; x_wconf 83' lang='lat' dir='ltr'>Domini,</span> <span class='ocrx_word' id='word_1_721' title='bbox 3414 4356 3518 4412; x_wconf 89' lang='lat' dir='ltr'>quo</span> <span class='ocrx_word' id='word_1_722' title='bbox 3547 4336 3828 4411; x_wconf 70' lang='lat' dir='ltr'>capiasda</span> 
     </span>
    </p>
   </div>
   <div class='ocr_carea' id='block_1_95' title="bbox 404 4428 3820 4530">
    <p class='ocr_par' dir='ltr' id='par_1_95' title="bbox 404 4428 3820 4530">
     <span class='ocr_line' id='line_1_95' title="bbox 404 4428 3820 4530; baseline 0 -46"><span class='ocrx_word' id='word_1_723' title='bbox 404 4428 556 4530; x_wconf 70' lang='lat' dir='ltr'>Velut</span> <span class='ocrx_word' id='word_1_724' title='bbox 580 4429 819 4530; x_wconf 67' lang='lat' dir='ltr'>populus</span> <span class='ocrx_word' id='word_1_725' title='bbox 845 4432 1004 4530; x_wconf 59' lang='lat' dir='ltr'>fortis</span> <span class='ocrx_word' id='word_1_726' title='bbox 1032 4434 1378 4530; x_wconf 65' lang='lat' dir='ltr'>praeparatus</span> <span class='ocrx_word' id='word_1_727' title='bbox 1406 4433 1477 4530; x_wconf 75' lang='lat' dir='ltr'>ad</span> <span class='ocrx_word' id='word_1_728' title='bbox 1504 4436 1786 4530; x_wconf 56' lang='lat' dir='ltr'>praelium,</span> <span class='ocrx_word' id='word_1_729' title='bbox 1806 4454 2043 4493; x_wconf 90' lang='lat' dir='ltr'>rursum</span> <span class='ocrx_word' id='word_1_730' title='bbox 2077 4465 2124 4530; x_wconf 73' lang='grc' dir='ltr'>Β</span> <span class='ocrx_word' id='word_1_731' title='bbox 2157 4442 2240 4494; x_wconf 87' lang='lat' dir='ltr'>est</span> <span class='ocrx_word' id='word_1_732' title='bbox 2255 4436 2585 4502; x_wconf 84' lang='lat' dir='ltr'>Jerusalem,</span> <span class='ocrx_word' id='word_1_733' title='bbox 2612 4438 2666 4490; x_wconf 89' lang='lat' dir='ltr'><strong><em>et</em></strong></span> <span class='ocrx_word' id='word_1_734' title='bbox 2692 4433 2847 4490; x_wconf 86' lang='lat' dir='ltr'>valde</span> <span class='ocrx_word' id='word_1_735' title='bbox 2867 4433 3155 4499; x_wconf 79' lang='lat' dir='ltr'>terribilis,</span> <span class='ocrx_word' id='word_1_736' title='bbox 3185 4439 3237 4530; x_wconf 80' lang='lat' dir='ltr'><strong><em>et</em></strong></span> <span class='ocrx_word' id='word_1_737' title='bbox 3255 4431 3447 4530; x_wconf 68' lang='lat' dir='ltr'>nullus</span> <span class='ocrx_word' id='word_1_738' title='bbox 3464 4445 3592 4485; x_wconf 88' lang='lat' dir='ltr'>eum</span> <span class='ocrx_word' id='word_1_739' title='bbox 3611 4428 3820 4528; x_wconf 66' lang='lat' dir='ltr'>poterit</span> 
     </span>
    </p>
   </div>
   <div class='ocr_carea' id='block_1_96' title="bbox 398 4516 2046 4592">
    <p class='ocr_par' dir='ltr' id='par_1_96' title="bbox 398 4516 2046 4592">
     <span class='ocr_line' id='line_1_96' title="bbox 398 4516 2046 4592; baseline 0.007 -20"><span class='ocrx_word' id='word_1_740' title='bbox 398 4517 471 4572; x_wconf 90' lang='lat' dir='ltr'>ad</span> <span class='ocrx_word' id='word_1_741' title='bbox 503 4516 762 4573; x_wconf 83' lang='lat' dir='ltr'>locustae</span> <span class='ocrx_word' id='word_1_742' title='bbox 792 4519 985 4590; x_wconf 87' lang='lat' dir='ltr'>refert,</span> <span class='ocrx_word' id='word_1_743' title='bbox 1038 4524 1100 4575; x_wconf 89' lang='lat' dir='ltr'>ut</span> <span class='ocrx_word' id='word_1_744' title='bbox 1131 4537 1245 4576; x_wconf 92' lang='lat' dir='ltr'>non</span> <span class='ocrx_word' id='word_1_745' title='bbox 1278 4521 1447 4592; x_wconf 91' lang='lat' dir='ltr'>quasi</span> <span class='ocrx_word' id='word_1_746' title='bbox 1490 4523 1561 4578; x_wconf 90' lang='lat' dir='ltr'>de</span> <span class='ocrx_word' id='word_1_747' title='bbox 1600 4523 1891 4592; x_wconf 88' lang='lat' dir='ltr'>hostibus,</span> <span class='ocrx_word' id='word_1_748' title='bbox 1945 4528 2046 4583; x_wconf 90' lang='lat' dir='ltr'>sed</span> 
     </span>
    </p>
   </div>
   <div class='ocr_carea' id='block_1_97' title="bbox 399 4606 2050 4679">
    <p class='ocr_par' dir='ltr' id='par_1_97' title="bbox 399 4606 2050 4679">
     <span class='ocr_line' id='line_1_97' title="bbox 399 4606 2050 4679; baseline 0.006 -18"><span class='ocrx_word' id='word_1_749' title='bbox 399 4606 568 4678; x_wconf 89' lang='lat' dir='ltr'>quasi</span> <span class='ocrx_word' id='word_1_750' title='bbox 590 4606 662 4662; x_wconf 89' lang='lat' dir='ltr'>de</span> <span class='ocrx_word' id='word_1_751' title='bbox 682 4606 924 4662; x_wconf 90' lang='lat' dir='ltr'>locustis</span> <span class='ocrx_word' id='word_1_752' title='bbox 946 4608 1158 4665; x_wconf 89' lang='lat' dir='ltr'>referre</span> <span class='ocrx_word' id='word_1_753' title='bbox 1176 4610 1476 4679; x_wconf 87' lang='lat' dir='ltr'>videatur;</span> <span class='ocrx_word' id='word_1_754' title='bbox 1509 4616 1565 4668; x_wconf 90' lang='lat' dir='ltr'>et</span> <span class='ocrx_word' id='word_1_755' title='bbox 1584 4616 1780 4669; x_wconf 90' lang='lat' dir='ltr'>tamen</span> <span class='ocrx_word' id='word_1_756' title='bbox 1803 4615 1945 4671; x_wconf 90' lang='lat' dir='ltr'>dum</span> <span class='ocrx_word' id='word_1_757' title='bbox 1968 4617 2050 4672; x_wconf 88' lang='lat' dir='ltr'>lo-</span> 
     </span>
    </p>
   </div>
   <div class='ocr_carea' id='block_1_98' title="bbox 399 4690 2052 4773">
    <p class='ocr_par' dir='ltr' id='par_1_98' title="bbox 399 4690 2052 4773">
     <span class='ocr_line' id='line_1_98' title="bbox 399 4690 2052 4773; baseline 0.006 -22"><span class='ocrx_word' id='word_1_758' title='bbox 399 4698 596 4751; x_wconf 85' lang='lat' dir='ltr'>custas</span> <span class='ocrx_word' id='word_1_759' title='bbox 626 4694 899 4768; x_wconf 91' lang='lat' dir='ltr'>legimus,</span> <span class='ocrx_word' id='word_1_760' title='bbox 932 4690 1279 4770; x_wconf 69' lang='lat' dir='ltr'>Babylonios</span> <span class='ocrx_word' id='word_1_761' title='bbox 1306 4701 1653 4773; x_wconf 88' lang='lat' dir='ltr'>cogitemus.</span> <span class='ocrx_word' id='word_1_762' title='bbox 1689 4703 1911 4760; x_wconf 89' lang='lat' dir='ltr'>Tantus</span> <span class='ocrx_word' id='word_1_763' title='bbox 1937 4709 2052 4760; x_wconf 88' lang='lat' dir='ltr'>ter-</span> 
     </span>
    </p>
   </div>
   <div class='ocr_carea' id='block_1_99' title="bbox 402 4779 2052 4859">
    <p class='ocr_par' dir='ltr' id='par_1_99' title="bbox 402 4779 2052 4859">
     <span class='ocr_line' id='line_1_99' title="bbox 402 4779 2052 4859; baseline 0.008 -21"><span class='ocrx_word' id='word_1_764' title='bbox 402 4800 499 4839; x_wconf 91' lang='lat' dir='ltr'>ror</span> <span class='ocrx_word' id='word_1_765' title='bbox 526 4783 657 4850; x_wconf 88' lang='lat' dir='ltr'>erit,</span> <span class='ocrx_word' id='word_1_766' title='bbox 692 4789 757 4840; x_wconf 90' lang='lat' dir='ltr'>ut</span> <span class='ocrx_word' id='word_1_767' title='bbox 779 4801 982 4840; x_wconf 88' lang='lat' dir='ltr'>omnes</span> <span class='ocrx_word' id='word_1_768' title='bbox 1005 4779 1109 4857; x_wconf 76' lang='lat' dir='ltr'>per</span> <span class='ocrx_word' id='word_1_769' title='bbox 1127 4786 1436 4844; x_wconf 87' lang='lat' dir='ltr'>circuitum</span> <span class='ocrx_word' id='word_1_770' title='bbox 1461 4790 1746 4859; x_wconf 89' lang='lat' dir='ltr'>nationes,</span> <span class='ocrx_word' id='word_1_771' title='bbox 1779 4797 1835 4848; x_wconf 89' lang='lat' dir='ltr'>et</span> <span class='ocrx_word' id='word_1_772' title='bbox 1856 4793 2052 4851; x_wconf 91' lang='lat' dir='ltr'>animo</span> 
     </span>
    </p>
   </div>
   <div class='ocr_carea' id='block_1_100' title="bbox 401 4874 2052 4955">
    <p class='ocr_par' dir='ltr' id='par_1_100' title="bbox 401 4874 2052 4955">
     <span class='ocr_line' id='line_1_100' title="bbox 401 4874 2052 4955; baseline 0.007 -27"><span class='ocrx_word' id='word_1_773' title='bbox 401 4877 460 4928; x_wconf 91' lang='lat' dir='ltr'>et</span> <span class='ocrx_word' id='word_1_774' title='bbox 495 4889 734 4946; x_wconf 90' lang='lat' dir='ltr'>corpore</span> <span class='ocrx_word' id='word_1_775' title='bbox 764 4874 1228 4946; x_wconf 89' lang='lat' dir='ltr'>perhorrescant,</span> <span class='ocrx_word' id='word_1_776' title='bbox 1263 4876 1444 4933; x_wconf 91' lang='lat' dir='ltr'>immo</span> <span class='ocrx_word' id='word_1_777' title='bbox 1466 4880 1799 4936; x_wconf 86' lang='lat' dir='ltr'>crucientur</span> <span class='ocrx_word' id='word_1_778' title='bbox 1825 4900 1837 4937; x_wconf 95' lang='lat'>:</span> <span class='ocrx_word' id='word_1_779' title='bbox 1873 4888 1931 4938; x_wconf 90' lang='lat' dir='ltr'>et</span> <span class='ocrx_word' id='word_1_780' title='bbox 1951 4900 2052 4955; x_wconf 90' lang='lat' dir='ltr'>pa-</span> 
     </span>
    </p>
   </div>
   <div class='ocr_carea' id='block_1_101' title="bbox 401 4962 2051 5036">
    <p class='ocr_par' dir='ltr' id='par_1_101' title="bbox 401 4962 2051 5036">
     <span class='ocr_line' id='line_1_101' title="bbox 401 4962 2051 5036; baseline 0.006 -19"><span class='ocrx_word' id='word_1_781' title='bbox 401 4962 555 5018; x_wconf 88' lang='lat' dir='ltr'>voris</span> <span class='ocrx_word' id='word_1_782' title='bbox 586 4963 1011 5036; x_wconf 89' lang='lat' dir='ltr'>magnitudine,</span> <span class='ocrx_word' id='word_1_783' title='bbox 1040 4964 1238 5021; x_wconf 89' lang='lat' dir='ltr'>vultus</span> <span class='ocrx_word' id='word_1_784' title='bbox 1261 4966 1523 5023; x_wconf 90' lang='lat' dir='ltr'>omnium</span> <span class='ocrx_word' id='word_1_785' title='bbox 1547 4968 1605 5023; x_wconf 90' lang='lat' dir='ltr'>in</span> <span class='ocrx_word' id='word_1_786' title='bbox 1629 4968 1754 5025; x_wconf 65' lang='lat' dir='ltr'>ollae</span> <span class='ocrx_word' id='word_1_787' title='bbox 1776 4970 2051 5027; x_wconf 89' lang='lat' dir='ltr'>similitu-</span> 
     </span>
    </p>
   </div>
   <div class='ocr_carea' id='block_1_102' title="bbox 402 5051 2053 5133">
    <p class='ocr_par' dir='ltr' id='par_1_102' title="bbox 402 5051 2053 5133">
     <span class='ocr_line' id='line_1_102' title="bbox 402 5051 2053 5133; baseline 0.007 -27"><span class='ocrx_word' id='word_1_788' title='bbox 402 5051 599 5108; x_wconf 90' lang='lat' dir='ltr'>dinem</span> <span class='ocrx_word' id='word_1_789' title='bbox 634 5058 1063 5125; x_wconf 87' lang='lat' dir='ltr'>convertantur,</span> <span class='ocrx_word' id='word_1_790' title='bbox 1097 5072 1225 5127; x_wconf 70' lang='lat' dir='ltr'>quaa</span> <span class='ocrx_word' id='word_1_791' title='bbox 1257 5057 1388 5129; x_wconf 90' lang='lat' dir='ltr'>igne</span> <span class='ocrx_word' id='word_1_792' title='bbox 1419 5059 1746 5129; x_wconf 64' lang='lat' dir='ltr'>combusta,</span> <span class='ocrx_word' id='word_1_793' title='bbox 1794 5061 2053 5133; x_wconf 89' lang='lat' dir='ltr'>nigredi-</span> 
     </span>
    </p>
   </div>
   <div class='ocr_carea' id='block_1_103' title="bbox 403 5141 2051 5218">
    <p class='ocr_par' dir='ltr' id='par_1_103' title="bbox 403 5141 2051 5218">
     <span class='ocr_line' id='line_1_103' title="bbox 403 5141 2051 5218; baseline 0.007 -22"><span class='ocrx_word' id='word_1_794' title='bbox 403 5157 538 5197; x_wconf 89' lang='lat' dir='ltr'>nem</span> <span class='ocrx_word' id='word_1_795' title='bbox 556 5145 614 5197; x_wconf 89' lang='lat' dir='ltr'>et</span> <span class='ocrx_word' id='word_1_796' title='bbox 629 5141 933 5215; x_wconf 89' lang='lat' dir='ltr'>fuliginem</span> <span class='ocrx_word' id='word_1_797' title='bbox 953 5143 1087 5199; x_wconf 66' lang='grc' dir='ltr'>ἴωάί</span> <span class='ocrx_word' id='word_1_798' title='bbox 1104 5150 1391 5201; x_wconf 90' lang='lat' dir='ltr'>monstret</span> <span class='ocrx_word' id='word_1_799' title='bbox 1412 5151 1700 5218; x_wconf 88' lang='lat' dir='ltr'>aspectus.</span> <span class='ocrx_word' id='word_1_800' title='bbox 1716 5150 2051 5218; x_wconf 83' lang='lat' dir='ltr'>Discurrent,</span> 
     </span>
    </p>
   </div>
   <div class='ocr_carea' id='block_1_104' title="bbox 404 5229 2051 5332">
    <p class='ocr_par' dir='ltr' id='par_1_104' title="bbox 404 5229 2051 5332">
     <span class='ocr_line' id='line_1_104' title="bbox 404 5229 2051 5332; baseline 0.007 -47"><span class='ocrx_word' id='word_1_801' title='bbox 404 5229 804 5332; x_wconf 29' lang='lat' dir='ltr'>inquitxquasi</span> <span class='ocrx_word' id='word_1_802' title='bbox 826 5234 939 5332; x_wconf 65' lang='lat' dir='ltr'>viri</span> <span class='ocrx_word' id='word_1_803' title='bbox 952 5235 1139 5304; x_wconf 86' lang='lat' dir='ltr'>fortes,</span> <span class='ocrx_word' id='word_1_804' title='bbox 1160 5235 1317 5290; x_wconf 90' lang='lat' dir='ltr'>haud</span> <span class='ocrx_word' id='word_1_805' title='bbox 1346 5235 1591 5292; x_wconf 90' lang='lat' dir='ltr'>dubium</span> <span class='ocrx_word' id='word_1_806' title='bbox 1616 5238 1757 5309; x_wconf 90' lang='lat' dir='ltr'>quin</span> <span class='ocrx_word' id='word_1_807' title='bbox 1780 5238 2051 5297; x_wconf 55' lang='lat' dir='ltr'>locustis:</span> 
     </span>
    </p>
   </div>
   <div class='ocr_carea' id='block_1_105' title="bbox 403 5322 2053 5394">
    <p class='ocr_par' dir='ltr' id='par_1_105' title="bbox 403 5322 2053 5394">
     <span class='ocr_line' id='line_1_105' title="bbox 403 5322 2053 5394; baseline 0.006 -18"><span class='ocrx_word' id='word_1_808' title='bbox 403 5325 454 5377; x_wconf 86' lang='lat' dir='ltr'>et</span> <span class='ocrx_word' id='word_1_809' title='bbox 473 5322 637 5393; x_wconf 88' lang='lat' dir='ltr'>quasi</span> <span class='ocrx_word' id='word_1_810' title='bbox 651 5322 761 5377; x_wconf 88' lang='lat' dir='ltr'>viri</span> <span class='ocrx_word' id='word_1_811' title='bbox 780 5322 1069 5379; x_wconf 87' lang='lat' dir='ltr'>bellatores</span> <span class='ocrx_word' id='word_1_812' title='bbox 1092 5323 1380 5380; x_wconf 88' lang='lat' dir='ltr'>ascendent</span> <span class='ocrx_word' id='word_1_813' title='bbox 1397 5342 1638 5394; x_wconf 86' lang='lat' dir='ltr'>murum,</span> <span class='ocrx_word' id='word_1_814' title='bbox 1663 5331 1728 5382; x_wconf 90' lang='lat' dir='ltr'>ut</span> <span class='ocrx_word' id='word_1_815' title='bbox 1749 5344 2053 5387; x_wconf 90' lang='lat' dir='ltr'>murorum</span> 
     </span>
    </p>
   </div>
   <div class='ocr_carea' id='block_1_106' title="bbox 2159 4515 3826 4593">
    <p class='ocr_par' dir='ltr' id='par_1_106' title="bbox 2159 4515 3826 4593">
     <span class='ocr_line' id='line_1_106' title="bbox 2159 4515 3826 4593; baseline -0.007 -10"><span class='ocrx_word' id='word_1_816' title='bbox 2159 4528 2448 4593; x_wconf 83' lang='lat' dir='ltr'>sustinere,</span> <span class='ocrx_word' id='word_1_817' title='bbox 2497 4528 2555 4581; x_wconf 90' lang='lat' dir='ltr'>et</span> <span class='ocrx_word' id='word_1_818' title='bbox 2584 4524 2654 4579; x_wconf 91' lang='lat' dir='ltr'>de</span> <span class='ocrx_word' id='word_1_819' title='bbox 2684 4524 3028 4579; x_wconf 89' lang='lat' dir='ltr'>necessitate</span> <span class='ocrx_word' id='word_1_820' title='bbox 3056 4519 3419 4593; x_wconf 80' lang='lat' dir='ltr'>captivitatis</span> <span class='ocrx_word' id='word_1_821' title='bbox 3470 4522 3573 4575; x_wconf 87' lang='lat' dir='ltr'>aut</span> <span class='ocrx_word' id='word_1_822' title='bbox 3619 4515 3826 4573; x_wconf 85' lang='lat' dir='ltr'>mortis</span> 
     </span>
    </p>
   </div>
   <div class='ocr_carea' id='block_1_107' title="bbox 2161 4605 3824 4678">
    <p class='ocr_par' dir='ltr' id='par_1_107' title="bbox 2161 4605 3824 4678">
     <span class='ocr_line' id='line_1_107' title="bbox 2161 4605 3824 4678; baseline -0.007 -5"><span class='ocrx_word' id='word_1_823' title='bbox 2161 4616 2426 4673; x_wconf 88' lang='lat' dir='ltr'>evadere.</span> <span class='ocrx_word' id='word_1_824' title='bbox 2475 4613 2750 4669; x_wconf 87' lang='lat' dir='ltr'>Junctam</span> <span class='ocrx_word' id='word_1_825' title='bbox 2797 4619 2856 4666; x_wconf 83' lang='lat' dir='ltr'>et</span> <span class='ocrx_word' id='word_1_826' title='bbox 2903 4610 3289 4667; x_wconf 67' lang='lat' dir='ltr'>cohaerentem</span> <span class='ocrx_word' id='word_1_827' title='bbox 3345 4606 3459 4663; x_wconf 85' lang='lat' dir='ltr'>sibi</span> <span class='ocrx_word' id='word_1_828' title='bbox 3509 4605 3824 4678; x_wconf 86' lang='lat' dir='ltr'>pericopen</span> 
     </span>
    </p>
   </div>
   <div class='ocr_carea' id='block_1_108' title="bbox 2162 4693 3824 4771">
    <p class='ocr_par' dir='ltr' id='par_1_108' title="bbox 2162 4693 3824 4771">
     <span class='ocr_line' id='line_1_108' title="bbox 2162 4693 3824 4771; baseline -0.007 -11"><span class='ocrx_word' id='word_1_829' title='bbox 2162 4705 2418 4760; x_wconf 89' lang='lat' dir='ltr'>dividere</span> <span class='ocrx_word' id='word_1_830' title='bbox 2466 4700 2645 4769; x_wconf 90' lang='lat' dir='ltr'>nolui,</span> <span class='ocrx_word' id='word_1_831' title='bbox 2680 4717 2751 4756; x_wconf 90' lang='lat' dir='ltr'>ne</span> <span class='ocrx_word' id='word_1_832' title='bbox 2781 4700 2936 4771; x_wconf 90' lang='lat' dir='ltr'>quod</span> <span class='ocrx_word' id='word_1_833' title='bbox 2968 4715 3145 4755; x_wconf 90' lang='lat' dir='ltr'>sensu</span> <span class='ocrx_word' id='word_1_834' title='bbox 3180 4713 3366 4753; x_wconf 90' lang='lat' dir='ltr'>unum</span> <span class='ocrx_word' id='word_1_835' title='bbox 3396 4699 3546 4764; x_wconf 86' lang='lat' dir='ltr'>erat,</span> <span class='ocrx_word' id='word_1_836' title='bbox 3575 4693 3824 4750; x_wconf 86' lang='lat' dir='ltr'>diversis</span> 
     </span>
    </p>
   </div>
   <div class='ocr_carea' id='block_1_109' title="bbox 2162 4782 3824 4866">
    <p class='ocr_par' dir='ltr' id='par_1_109' title="bbox 2162 4782 3824 4866">
     <span class='ocr_line' id='line_1_109' title="bbox 2162 4782 3824 4866; baseline -0.008 -16"><span class='ocrx_word' id='word_1_837' title='bbox 2162 4792 2441 4866; x_wconf 90' lang='lat' dir='ltr'>capitulis</span> <span class='ocrx_word' id='word_1_838' title='bbox 2471 4794 2826 4863; x_wconf 87' lang='lat' dir='ltr'>carperetur.</span> <span class='ocrx_word' id='word_1_839' title='bbox 2860 4789 3253 4844; x_wconf 88' lang='lat' dir='ltr'>Transeamus</span> <span class='ocrx_word' id='word_1_840' title='bbox 3275 4786 3348 4841; x_wconf 90' lang='lat' dir='ltr'>ad</span> <span class='ocrx_word' id='word_1_841' title='bbox 3371 4782 3824 4857; x_wconf 83' lang='lat' dir='ltr'>intelligentiam</span> 
     </span>
    </p>
   </div>
   <div class='ocr_carea' id='block_1_110' title="bbox 2163 4872 3823 4955">
    <p class='ocr_par' dir='ltr' id='par_1_110' title="bbox 2163 4872 3823 4955">
     <span class='ocr_line' id='line_1_110' title="bbox 2163 4872 3823 4955; baseline -0.008 -16"><span class='ocrx_word' id='word_1_842' title='bbox 2163 4880 2553 4955; x_wconf 87' lang='lat' dir='ltr'>spiritualem,</span> <span class='ocrx_word' id='word_1_843' title='bbox 2588 4878 2822 4950; x_wconf 71' lang='lat' dir='ltr'>singula</span> <span class='ocrx_word' id='word_1_844' title='bbox 2850 4893 3095 4949; x_wconf 64' lang='lat' dir='ltr'>quisque</span> <span class='ocrx_word' id='word_1_845' title='bbox 3134 4878 3485 4948; x_wconf 85' lang='lat' dir='ltr'>repetentes.</span> <span class='ocrx_word' id='word_1_846' title='bbox 3515 4872 3823 4928; x_wconf 87' lang='lat' dir='ltr'>Tubarum</span> 
     </span>
    </p>
   </div>
   <div class='ocr_carea' id='block_1_111' title="bbox 2161 4959 3825 5041">
    <p class='ocr_par' dir='ltr' id='par_1_111' title="bbox 2161 4959 3825 5041">
     <span class='ocr_line' id='line_1_111' title="bbox 2161 4959 3825 5041; baseline -0.01 -13"><span class='ocrx_word' id='word_1_847' title='bbox 2161 4972 2663 5041; x_wconf 86' lang='lat' dir='ltr'>buccinarumque</span> <span class='ocrx_word' id='word_1_848' title='bbox 2692 4967 3024 5039; x_wconf 82' lang='lat' dir='ltr'>clangorem</span> <span class='ocrx_word' id='word_1_849' title='bbox 3056 4982 3174 5020; x_wconf 90' lang='lat' dir='ltr'>non</span> <span class='ocrx_word' id='word_1_850' title='bbox 3196 4963 3391 5019; x_wconf 91' lang='lat' dir='ltr'>solum</span> <span class='ocrx_word' id='word_1_851' title='bbox 3410 4962 3471 5017; x_wconf 92' lang='lat' dir='ltr'>in</span> <span class='ocrx_word' id='word_1_852' title='bbox 3497 4959 3753 5018; x_wconf 85' lang='lat' dir='ltr'>Levitioo</span> <span class='ocrx_word' id='word_1_853' title='bbox 3769 4960 3825 5015; x_wconf 88' lang='lat' dir='ltr'>et</span> 
     </span>
    </p>
   </div>
   <div class='ocr_carea' id='block_1_112' title="bbox 2162 5048 3826 5128">
    <p class='ocr_par' dir='ltr' id='par_1_112' title="bbox 2162 5048 3826 5128">
     <span class='ocr_line' id='line_1_112' title="bbox 2162 5048 3826 5128; baseline -0.009 -11"><span class='ocrx_word' id='word_1_854' title='bbox 2162 5062 2550 5117; x_wconf 88' lang='lat' dir='ltr'>Numerorum</span> <span class='ocrx_word' id='word_1_855' title='bbox 2580 5057 2728 5112; x_wconf 90' lang='lat' dir='ltr'>libro</span> <span class='ocrx_word' id='word_1_856' title='bbox 2748 5055 3002 5128; x_wconf 88' lang='lat' dir='ltr'>legimus</span> <span class='ocrx_word' id='word_1_857' title='bbox 3027 5056 3209 5125; x_wconf 88' lang='lat' dir='ltr'>(Num.</span> <span class='ocrx_word' id='word_1_858' title='bbox 3234 5054 3313 5124; x_wconf 70' lang='grc' dir='ltr'>κ),</span> <span class='ocrx_word' id='word_1_859' title='bbox 3336 5051 3397 5106; x_wconf 91' lang='lat' dir='ltr'>in</span> <span class='ocrx_word' id='word_1_860' title='bbox 3419 5050 3643 5122; x_wconf 90' lang='lat' dir='ltr'>quibus</span> <span class='ocrx_word' id='word_1_861' title='bbox 3658 5048 3826 5121; x_wconf 66' lang='lat' dir='ltr'>jube»</span> 
     </span>
    </p>
   </div>
   <div class='ocr_carea' id='block_1_113' title="bbox 2161 5138 3827 5219">
    <p class='ocr_par' dir='ltr' id='par_1_113' title="bbox 2161 5138 3827 5219">
     <span class='ocr_line' id='line_1_113' title="bbox 2161 5138 3827 5219; baseline -0.009 -13"><span class='ocrx_word' id='word_1_862' title='bbox 2161 5156 2278 5219; x_wconf 85' lang='lat' dir='ltr'>tur,</span> <span class='ocrx_word' id='word_1_863' title='bbox 2295 5153 2360 5205; x_wconf 91' lang='lat' dir='ltr'>ut</span> <span class='ocrx_word' id='word_1_864' title='bbox 2381 5150 2529 5205; x_wconf 91' lang='lat' dir='ltr'>duas</span> <span class='ocrx_word' id='word_1_865' title='bbox 2551 5149 2854 5219; x_wconf 87' lang='lat' dir='ltr'>argenteas</span> <span class='ocrx_word' id='word_1_866' title='bbox 2871 5145 3044 5199; x_wconf 90' lang='lat' dir='ltr'>tubas</span> <span class='ocrx_word' id='word_1_867' title='bbox 3066 5142 3241 5199; x_wconf 87' lang='lat' dir='ltr'>faciat</span> <span class='ocrx_word' id='word_1_868' title='bbox 3262 5141 3509 5213; x_wconf 82' lang='lat' dir='ltr'>Moyses,</span> <span class='ocrx_word' id='word_1_869' title='bbox 3526 5138 3754 5211; x_wconf 85' lang='lat' dir='ltr'>quibus</span> <span class='ocrx_word' id='word_1_870' title='bbox 3770 5140 3827 5192; x_wconf 86' lang='lat' dir='ltr'>et</span> 
     </span>
    </p>
   </div>
   <div class='ocr_carea' id='block_1_114' title="bbox 2156 5224 3824 5306">
    <p class='ocr_par' dir='ltr' id='par_1_114' title="bbox 2156 5224 3824 5306">
     <span class='ocr_line' id='line_1_114' title="bbox 2156 5224 3824 5306; baseline -0.01 -10"><span class='ocrx_word' id='word_1_871' title='bbox 2156 5241 2223 5296; x_wconf 84' lang='lat' dir='ltr'>in</span> <span class='ocrx_word' id='word_1_872' title='bbox 2249 5237 2536 5303; x_wconf 82' lang='lat' dir='ltr'>kalendis,</span> <span class='ocrx_word' id='word_1_873' title='bbox 2560 5241 2617 5293; x_wconf 89' lang='lat' dir='ltr'>et</span> <span class='ocrx_word' id='word_1_874' title='bbox 2636 5236 2696 5290; x_wconf 90' lang='lat' dir='ltr'>in</span> <span class='ocrx_word' id='word_1_875' title='bbox 2722 5234 2974 5306; x_wconf 89' lang='lat' dir='ltr'>septimo</span> <span class='ocrx_word' id='word_1_876' title='bbox 2996 5248 3218 5297; x_wconf 90' lang='lat' dir='ltr'>mense,</span> <span class='ocrx_word' id='word_1_877' title='bbox 3247 5231 3436 5303; x_wconf 90' lang='lat' dir='ltr'>prima</span> <span class='ocrx_word' id='word_1_878' title='bbox 3457 5227 3552 5283; x_wconf 88' lang='lat' dir='ltr'>die</span> <span class='ocrx_word' id='word_1_879' title='bbox 3577 5224 3824 5296; x_wconf 85' lang='lat' dir='ltr'>mensis,</span> 
     </span>
    </p>
   </div>
   <div class='ocr_carea' id='block_1_115' title="bbox 2162 5316 3830 5399">
    <p class='ocr_par' dir='ltr' id='par_1_115' title="bbox 2162 5316 3830 5399">
     <span class='ocr_line' id='line_1_115' title="bbox 2162 5316 3830 5399; baseline -0.01 -13"><span class='ocrx_word' id='word_1_880' title='bbox 2162 5337 2220 5386; x_wconf 90' lang='lat' dir='ltr'>et</span> <span class='ocrx_word' id='word_1_881' title='bbox 2247 5329 2307 5384; x_wconf 91' lang='lat' dir='ltr'>in</span> <span class='ocrx_word' id='word_1_882' title='bbox 2333 5326 2592 5399; x_wconf 70' lang='lat' dir='ltr'>jubilaao,</span> <span class='ocrx_word' id='word_1_883' title='bbox 2621 5329 2679 5381; x_wconf 89' lang='lat' dir='ltr'>et</span> <span class='ocrx_word' id='word_1_884' title='bbox 2708 5324 2764 5379; x_wconf 90' lang='lat' dir='ltr'>in</span> <span class='ocrx_word' id='word_1_885' title='bbox 2807 5322 2959 5377; x_wconf 83' lang='grc'>188</span> <span class='ocrx_word' id='word_1_886' title='bbox 3007 5321 3231 5378; x_wconf 63' lang='lat' dir='ltr'>caeteris</span> <span class='ocrx_word' id='word_1_887' title='bbox 3279 5316 3724 5385; x_wconf 85' lang='lat' dir='ltr'>festivitatibus,</span> <span class='ocrx_word' id='word_1_888' title='bbox 3771 5316 3830 5370; x_wconf 82' lang='lat' dir='ltr'>et</span> 
     </span>
    </p>
   </div>
   <div class='ocr_carea' id='block_1_116' title="bbox 406 5584 3747 5683">
    <p class='ocr_par' dir='ltr' id='par_1_116' title="bbox 406 5584 3747 5683">
     <span class='ocr_line' id='line_1_116' title="bbox 406 5584 3747 5683; baseline -0.002 -34"><span class='ocrx_word' id='word_1_889' title='bbox 406 5620 407 5623; x_wconf 59' lang='grc' dir='ltr'><strong>η</strong></span> <span class='ocrx_word' id='word_1_890' title='bbox 476 5588 755 5671; x_wconf 85' lang='lat' dir='ltr'>(a)Nostri</span> <span class='ocrx_word' id='word_1_891' title='bbox 771 5592 1403 5654; x_wconf 84' lang='lat' dir='ltr'>mss.audivimus.Tum</span> <span class='ocrx_word' id='word_1_892' title='bbox 1420 5610 1523 5673; x_wconf 89' lang='lat' dir='ltr'>pro</span> <span class='ocrx_word' id='word_1_893' title='bbox 1536 5600 1871 5673; x_wconf 79' lang='lat' dir='ltr'>vemrent,et</span> <span class='ocrx_word' id='word_1_894' title='bbox 1884 5604 2228 5683; x_wconf 78' lang='lat' dir='ltr'>occuparent,</span> <span class='ocrx_word' id='word_1_895' title='bbox 2241 5596 2532 5660; x_wconf 82' lang='lat' dir='ltr'>Victorius</span> <span class='ocrx_word' id='word_1_896' title='bbox 2561 5592 2863 5655; x_wconf 74' lang='lat' dir='ltr'>Florentiae</span> <span class='ocrx_word' id='word_1_897' title='bbox 2880 5591 3304 5653; x_wconf 64' lang='lat' dir='ltr'>coddwenerint</span> <span class='ocrx_word' id='word_1_898' title='bbox 3324 5592 3383 5648; x_wconf 86' lang='lat' dir='ltr'>et</span> <span class='ocrx_word' id='word_1_899' title='bbox 3398 5584 3747 5663; x_wconf 69' lang='lat' dir='ltr'>occuparint.</span> 
     </span>
    </p>
   </div>
  </div>
