3986 6190
264 234 379 296 965

1032 179 1783 303 coMMENTAmoaUM
1830 238 1905 300 IN
1950 233 2257 301 JOELEM
2302 237 2559 302 LIBER.
2605 190 2780 303 exp.
2827 238 2905 302 η.

3547 245 3666 307 966

263 366 497 439 quando
528 368 601 423 ad
633 367 785 425 bella
805 370 1145 442 procedunt,
1170 374 1383 427 canant
1407 369 1467 426 hi
1492 370 1592 443 qui
1614 371 1751 427 huic
1775 372 1902 427 oiﬁ-
1934 382 1987 442 Α
2017 376 2229 426 cuncta
2248 371 2889 444 vastabunt,quomodo
2908 371 3188 445 stipulam
3205 373 3443 431 ﬂamma
3461 392 3671 433 consu~

258 456 344 511 cio
376 456 696 529 mancipati
719 464 891 527 sunt;
915 460 1017 515 sed
1041 460 1217 515 etiam
1246 476 1447 516 muros
1465 461 1698 517 Jericho
1722 462 1793 517 ad
1821 465 1911 517 tu-

254 545 463 600 barum
494 544 828 619 clangorem
859 547 1144 621 scriptum
1176 553 1266 604 est
1286 549 1576 606 corruisse
1604 551 1785 619 (Iosue
1803 550 1906 621 v1).

254 635 322 690 Et
353 634 637 690 Dominus
666 635 939 708 angelum
1001 636 1324 693 missurum
1357 653 1419 693 se
1443 637 1587 693 dicit
1616 654 1743 694 esse
1774 654 1909 693 cum

251 721 525 796 clangore
557 724 710 780 tubae
740 725 949 794 (Matth.
983 732 1160 795 xx1v),
1193 731 1250 783 et
1274 726 1583 798 Apostolus
1614 743 1909 782 resurrec-

251 816 474 869 tionem
504 818 892 883 mortuorum,
926 815 1000 870 ad
1022 816 1173 871 tubae
1203 816 1461 871 sonitum
1487 816 1610 870 ﬁeri
1634 816 1912 888 praedicat

249 904 297 973 (Ι
330 901 454 957 Cor.
488 902 603 974 xv).
636 904 707 959 Et
733 902 793 959 in
822 904 1169 977 Apocalypsi
1228 921 1461 977 quoque
1488 905 1734 961 Joannis
1767 904 1905 978 legi-

254 994 641 1064 mus,septem
656 992 894 1065 angelos
911 994 1388 1067 accepissetuhas
1401 994 1911 1067 singulas,quibus

252 1096 361 1153 per
390 1080 655 1136 ordinem
689 1082 1053 1150 canentibus,
1089 1083 1240 1138 facta
1288 1088 1425 1138 sunt
1451 1100 1578 1155 quae
1609 1084 1909 1155 Scriptura

252 1168 536 1225 describit
565 1170 804 1242 (Apocal.
835 1172 982 1243 vm).
1006 1172 1347 1243 Praecipitur
1375 1188 1511 1245 ergo
1535 1189 1689 1228 nunc
1718 1188 1908 1228 sacer-

252 1258 493 1315 dotibus
524 1264 581 1314 et
611 1259 930 1331 magistris.
957 1265 1023 1315 ut
1052 1260 1303 1316 exaltent
1334 1260 1503 1332 quasi
1533 1261 1677 1316 tuba
1708 1276 1909 1316 vocem

252 1364 449 1419 suam,
480 1351 538 1403 et
566 1347 851 1420 impleant
870 1347 1014 1404 illud
1036 1349 1193 1421 quod
1219 1349 1501 1421 scriptum
1527 1354 1618 1405 est
1640 1366 1652 1404 :
1678 1351 1738 1405 In
1763 1365 1914 1406 mon»

251 1452 366 1505 tem
395 1437 669 1493 excelsum
688 1437 916 1493 ascende
936 1440 1032 1509 qui
1048 1439 1395 1509 evangelims
1416 1439 1549 1494 Sion
1573 1457 1591 1493 :
1613 1440 1799 1494 exaltu
1823 1455 1915 1494 vo-

248 1539 367 1581 cem
398 1533 552 1580 tuam
579 1526 679 1597 qui
706 1528 1005 1582 annuntias
1018 1527 1484 1600 JerusalemUsai.
1515 1544 1709 1595 XLvm,
1740 1528 1818 1598 9),
1852 1531 1920 1584 ut

255 1618 436 1670 canat
456 1614 599 1669 tuba
618 1614 677 1670 in
699 1615 861 1684 Sion,
887 1615 942 1670 id
967 1620 1075 1685 est,
1103 1616 1163 1671 in
1186 1615 1459 1685 Ecclesia,
1486 1633 1611 1688 qua:
1637 1618 1920 1689 interpre-

251 1709 415 1759 tatur
435 1702 673 1775 specula
690 1707 866 1776 atque
879 1703 1381 1760 sublimitas.Etin
1400 1705 1706 1761 sanctoDei
1721 1709 1919 1761 monte

254 1791 364 1862 qui
383 1790 649 1848 Christus
669 1797 779 1858 est,
797 1798 863 1848 ut
877 1793 1323 1859 conturbentur,
1340 1793 1460 1849 sive
1479 1794 1916 1849 confundantur

254 1896 465 1936 omnes
492 1881 847 1937 habitatores
876 1885 1063 1947 terrae,
1095 1886 1153 1938 et
1192 1882 1458 1938 confusio
1488 1899 1585 1939 eos
1617 1882 1917 1955 pertrahat

252 1969 327 2025 ad
352 1968 798 2026 salutem.Diem
820 1973 1017 2027 autem
1038 1970 1452 2041 Domini,diem
1478 1971 1737 2044 intellige
1750 1972 1913 2044 judi-

253 2056 484 2126 cii,sive
505 2058 658 2114 diem
682 2058 868 2115 exitus
891 2060 1357 2133 uniuscujusque
1380 2061 1452 2116 de
1469 2077 1726 2134 corpore.
1749 2062 1913 2127 Quod

254 2146 417 2201 enim
442 2146 501 2200 in
527 2146 843 2218 diejudicii
868 2148 1127 2204 futurum
1151 2154 1241 2205 est
1259 2148 1554 2220 omnibus,
1582 2150 1689 2206 hoc
1709 2150 1768 2205 in
1792 2150 1912 2205 sin-

258 2234 418 2306 gulis
449 2234 542 2290 die
572 2237 778 2291 mortis
809 2236 1107 2310 impletur.
1154 2237 1286 2293 Dies
1338 2239 1713 2295 tenebrarum
1744 2243 1833 2295 est
1861 2243 1920 2294 et

264 2323 574 2396 angustiae,
598 2324 723 2381 dies
746 2325 919 2382 nubis
939 2330 996 2382 et
1016 2327 1300 2396 turbinis;
1334 2328 1472 2399 quia
1493 2333 1705 2383 cuncta
1726 2345 1917 2400 pcena—

266 2428 401 2467 rum
421 2412 593 2484 plena
605 2418 743 2470 sunt
760 2420 931 2487 atque
949 2415 1335 2472 cruciatuum.
1353 2416 1915 2489 Venietangelorum

266 2501 524 2573 populus
546 2501 772 2560 multus
791 2507 850 2559 et
869 2503 1053 2572 fortis,
1073 2509 1138 2559 ut
1154 2505 1358 2561 reddat
1378 2506 1697 2578 unicuique
1718 2522 1920 2561 secun-

263 2590 411 2645 dum
441 2607 614 2663 opera
632 2607 773 2659 sua;
799 2596 855 2647 et
875 2592 1027 2648 sicut
1047 2610 1219 2649 mane
1240 2598 1297 2649 et
1326 2610 1537 2650 aurora
1557 2610 1917 2667 consurgens

262 2678 524 2751 primum
547 2684 795 2752 occupat
816 2685 1063 2748 montes,
1088 2682 1171 2737 sic
1187 2680 1476 2752 judicium
1495 2684 1566 2738 ab
1598 2683 1841 2739 excelsis
1861 2688 1920 2739 et

260 2769 605 2841 potentibus
632 2769 889 2842 incipiet,
919 2776 986 2827 ut
1014 2777 1279 2845 potentes
1331 2778 1596 2846 potenter
1623 2778 1919 2831 tormenta

261 2859 584 2930 patiantur.
618 2858 841 2915 Similis
872 2861 923 2915 ei
973 2878 1088 2917 non
1122 2861 1231 2917 fuit
1281 2879 1314 2917 a
1359 2862 1666 2935 principio,
1701 2868 1757 2919 et
1785 2868 1918 2936 post

259 2962 400 3001 eum
419 2963 533 3001 non
557 2950 667 3002 erit
689 2964 798 3020 usq
809 2965 877 3004 ue
899 2950 968 3004 ad
990 2966 1175 3006 annos
1195 2952 1585 3023 generationis
1607 2956 1663 3007 et
1683 2968 1919 3025 genera-

256 3034 444 3091 tionis
464 3035 709 3107 (Sapien.
732 3037 832 3109 v1).
852 3036 1061 3093 Omnia
1081 3038 1237 3095 enim
1265 3039 1440 3106 mala,
1473 3057 1600 3112 quae
1621 3041 1914 3097 veteribus

1945 1755 1993 1821 B

2019 460 2128 514 mit
2155 477 2167 515 :
2192 459 2274 514 ita
2300 460 2535 516 venient
2562 461 2635 515 ad
2670 460 3031 532 puniendum
3066 478 3079 516 :
3115 462 3197 516 ita
3226 463 3473 534 expediti
3499 469 3673 521 erunt

2018 552 2075 603 et
2105 547 2312 620 parati,
2337 554 2404 603 ut
2432 549 2685 622 populus
2715 549 2882 605 fortis
2911 550 2982 605 ad
3015 551 3539 622 praelium.Tantus
3560 555 3675 609 erit

2018 636 2491 704 timoromnium,
2506 643 2669 693 tanta
2685 638 3038 694 conscientia
3058 644 3448 711 peccatorum,
3465 646 3528 697 ut
3547 642 3674 698 nul—

2018 724 2113 780 lus
2143 725 2350 791 luceat,
2369 743 2472 780 nec
2494 727 2865 798 splendorem
2888 726 3101 783 habeat
3129 729 3350 801 gaudii,
3367 732 3467 785 sed
3486 730 3674 788 instar

2018 815 2240 870 adustae
2272 814 2397 870 olla:
2431 815 2605 871 facies
2634 816 2763 886 ejus
2791 820 3050 872 vertatur
3070 817 3129 871 in
3157 818 3673 876 tenebras.Ascen-

2017 902 2157 958 dent
2186 920 2422 958 murum
2447 909 2750 960 etomnem
2772 906 3159 961 munitionem
3185 907 3670 981 ;injunctumque

2018 992 2128 1047 sibi
2160 991 2457 1065 explentes
2478 1010 2646 1065 opus,
2664 1010 2778 1049 non
2811 994 3188 1050 declinabunt
3209 995 3268 1051 in
3287 1003 3508 1068 partem
3530 999 3672 1056 alte-

2015 1098 2141 1137 ram
2163 1082 2292 1148 ;sed
2313 1081 2706 1150 (a)inhiabunt
2727 1083 3073 1139 miserorum
3096 1084 3535 1156 suppliciis,nec
3567 1095 3677 1144 tor-

2021 1170 2232 1226 mentis
2249 1186 2450 1226 eorum
2475 1171 2849 1227 satiabuntur
2872 1173 3001 1241 ;sed
3032 1174 3438 1246 unusquisque
3454 1177 3676 1233 credita

2021 1259 2133 1314 sibi
2163 1260 2223 1314 in
2254 1263 2587 1331 peccatores
2611 1261 2900 1333 supplicia
2921 1266 3326 1334 prosequetur.
3344 1264 3456 1319 Sed
3498 1270 3556 1320 et
3575 1281 3678 1338 per

2022 1347 2307 1404 fenestras
2328 1348 2780 1416 intrabunt,sive
2801 1351 3038 1420 cadent;
3060 1350 3146 1407 vel
3171 1353 3468 1425 aggravati
3492 1354 3676 1410 armis

2025 1435 2149 1493 suis
2179 1435 2652 1505 ambulabunt,et
2696 1438 2755 1494 in
2779 1438 2996 1509 jaculis
3043 1456 3243 1495 eorum
3277 1441 3383 1511 [Αι.
3417 1443 3564 1514 suis]
3587 1460 3679 1499 ca-

2026 1524 2166 1580 dent
2195 1524 2276 1591 hi,
2311 1542 2458 1597 quos
2487 1527 2818 1599 acceperint
2845 1529 3409 1585 consumendos.Hze
3441 1536 3580 1586 sunt
3604 1533 3679 1588 fe-

2028 1618 2255 1681 nestrae,
2289 1614 2361 1669 de
2391 1614 2608 1686 quibus
2636 1619 2693 1670 et
2721 1616 3005 1673 Jeremias
3036 1617 3177 1673 dicit
3208 1634 3220 1673 :
3254 1619 3392 1674 Mors
3439 1621 3679 1676 intrabit

2026 1718 2125 1774 per
2150 1704 2416 1773 fenestras
2444 1712 2657 1759 nostras
2686 1705 2820 1776 (Jer.
2852 1722 2928 1775 v1,
2959 1706 3048 1778 21)
3085 1722 3097 1760 :
3132 1722 3336 1763 omnes
3366 1708 3522 1763 enim
3551 1725 3679 1766 sen-

2023 1807 2126 1845 sus
2161 1794 2387 1846 nostros
2418 1791 2643 1865 ingredi
2675 1792 2873 1849 hostes
2903 1793 3258 1865 desiderant,
3274 1800 3330 1852 et
3362 1812 3680 1869 capereur-

2022 1878 2157 1934 hem
2179 1879 2343 1935 bonae
2366 1880 2754 1945 conscientiae,
2768 1884 2825 1937 et
2842 1898 2944 1953 per
2965 1886 3163 1937 nostra
3176 1884 3545 1941 munimenta
3561 1887 3677 1943 dis-

2024 1983 2277 2035 currere,
2293 1968 2618 2041 domosque
2639 1986 2787 2041 quas
2807 1969 2975 2026 nobis
2999 1970 3169 2026 bonis
3200 1972 3473 2044 operibus
3496 1975 3676 2030 aedifi-

2023 2057 2307 2125 cavimus,
2321 2058 2639 2113 destruere.
2656 2057 2864 2114 Omnia
2879 2064 3073 2114 autem
3091 2059 3681 2120 faciuntintroeunles

2027 2161 2129 2217 por
2149 2145 2455 2213 fenestras,
2476 2147 2643 2218 quasi
2669 2147 2763 2202 fur
2786 2164 2799 2205 :
2822 2147 3003 2204 libere
3024 2149 3180 2204 enim
3207 2167 3321 2206 non
3345 2151 3681 2224 ingrediun-

2025 2238 2222 2305 tur,ut
2252 2235 2532 2308 sagittent
2556 2235 2611 2290 in
2640 2236 2889 2291 obscuro
2921 2244 3110 2293 rectos
3130 2240 3303 2293 corde
3325 2240 3498 2311 (Psal.
3518 2242 3596 2313 χ).
3632 2247 3674 2297 Α

2026 2322 2172 2378 facie
2222 2322 2394 2379 istius
2450 2323 2668 2397 p0puli,
2704 2326 2803 2396 qui
2830 2329 2920 2381 est
2967 2325 3190 2382 multus
3221 2333 3277 2383 et
3305 2328 3491 2400 fortis,
3527 2335 3681 2388 terra

2028 2412 2397 2477 contremuit,
2431 2416 2487 2467 et
2516 2412 2640 2467 cmli
2674 2413 2950 2469 commoti
3003 2420 3161 2469 sunt.
3188 2414 3390 2471 Caelum
3447 2421 3599 2474 enim
3625 2423 3679 2475 et

2026 2507 2170 2555 terra
2204 2501 2534 2571 transibunt,
2572 2503 2797 2557 verbum
2843 2506 3027 2557 autem
3056 2505 3279 2559 Domini
3301 2512 3589 2576 permanet
3618 2509 3681 2564 in

2025 2590 2297 2644 ('Bternum
2322 2590 2530 2659 (Matth.
2564 2590 2678 2662 24).
2710 2590 2821 2646 Sed
2853 2594 2909 2645 et
2937 2591 3023 2647 sol
3054 2595 3111 2646 et
3141 2591 3280 2648 luna
3309 2598 3473 2650 tanta
3502 2595 3677 2652 mise-

2027 2694 2224 2732 rorum
2257 2676 2545 2749 supplicia
2574 2678 2768 2735 videre
2800 2696 2913 2734 non
2936 2685 3302 2752 poterunt,et
3325 2684 3675 2755 maerebant,

2026 2767 2101 2839 (b)
2128 2783 2239 2822 non
2268 2766 2546 2822 habentia
2573 2767 2745 2823 officii
2765 2767 3188 2839 suijustiliam,
3213 2775 3269 2826 et
3290 2787 3393 2844 pro
3415 2771 3571 2829 claro
3594 2772 3679 2830 lu-

2027 2856 2478 2927 mine,tenebris
2509 2857 2847 2928 operientur
2874 2856 3183 2914 horrendis
3207 2859 3415 2927 ;stellse
3445 2878 3679 2935 quoque

2026 2943 2619 3016 retrahentfulgorem
2635 2962 2833 3014 suum,
2850 2945 3004 3001 I90
3017 2946 3157 3001 dum
3181 2948 3353 3003 etiam
3376 2950 3474 3021 qui
3490 2951 3678 3008 sancti

2027 3039 2166 3090 sunt
2181 3034 2552 3106 praesentiam
2568 3034 2800 3090 Domini
2817 3035 3040 3107 absque
3054 3036 3366 3093 formidine
3381 3056 3495 3095 non
3517 3040 3676 3097 vide-

259 3122 529 3180 historiis
559 3124 950 3194 continentur,
976 3132 1033 3183 et
1053 3131 1153 3182 aut
1173 3128 1556 3184 inundatione
1581 3129 1777 3195 maris,
1811 3135 1914 3187 aut
1942 3127 1985 3195 C
2023 3123 2192 3179 bunt.
2226 3124 2286 3178 In
2321 3125 2412 3179 his
2442 3123 2718 3179 omnibus
2747 3124 2910 3179 dabit
2943 3125 3223 3181 Dominus
3252 3143 3451 3183 vocem
3480 3146 3668 3204 suam,

258 3210 546 3269 illuvione
575 3214 909 3283 ﬂuminum,
943 3219 1045 3271 aut
1074 3216 1425 3288 pestilentia,
1460 3219 1700 3287 morbis,
1733 3219 1907 3291 fame,

254 3301 755 3372 bestiis,hostium
776 3304 1068 3372 vastitate,
1091 3305 1431 3363 hominibus
1455 3308 1911 3376 acciderunt,his

257 3389 594 3463 suppliciis,
626 3407 754 3464 quae
786 3392 843 3448 in
897 3393 991 3450 die
1021 3399 1161 3450 sunt
1213 3396 1507 3452 reddenda
1527 3397 1760 3467 judicii,
1793 3415 1907 3454 non

255 3484 538 3552 poterunt
566 3483 911 3554 comparari.
945 3486 1091 3540 Ante
1132 3484 1338 3540 faciem
1369 3485 1547 3556 hujus
1577 3486 1774 3558 populi
1807 3488 1909 3559 qui

257 3566 427 3623 fortis
458 3572 517 3623 et
545 3567 770 3626 multus
799 3575 906 3635 est,
959 3572 1069 3627 erit
1093 3572 1249 3644 ignis
1276 3590 1511 3645 vorans,
1545 3574 1664 3629 sive
1695 3591 1905 3631 consu-

256 3661 524 3728 mens,ut
542 3673 714 3714 omne
733 3659 794 3714 in
817 3658 986 3715 nobis
1009 3660 1484 3734 fenum,lignum,
1509 3662 1908 3736 stipulamque

253 3749 588 3801 consumat.
624 3747 783 3803 Unde
813 3752 869 3803 et
898 3748 970 3804 de
999 3752 1112 3805 Deo
1162 3750 1406 3807 dicitur:
1439 3752 1578 3807 Deus
1608 3754 1752 3823 ignis
1779 3768 1906 3808 con-

252 3849 480 3889 sumens
497 3838 597 3906 est,
620 3840 671 3892 et
684 3841 805 3908 post
825 3855 952 3893 eum
969 3855 1133 3894 urens
1152 3839 1379 3911 ﬂamma
1397 3841 1571 3912 (Deut.
1595 3858 1672 3913 1v,
1692 3842 1785 3912 24)
1807 3858 1821 3909 ;
1843 3845 1910 3897 ut

259 3921 410 3977 nihil
425 3922 642 3996 absque
656 3925 961 3998 suppliciis
973 3927 1908 4002 derelinquat.Quemcumquehic

253 4012 513 4084 populus
527 4030 640 4070 non
655 4015 909 4088 attigerit
922 4032 1025 4072 nec
1038 4016 1324 4073 invenerit
1337 4017 1395 4073 in
1410 4034 1475 4074 eo
1488 4035 1613 4074 com
1623 4018 1912 4075 bustionis

258 4100 567 4157 materiam
579 4102 748 4160 horto
762 4104 856 4160 Dei
872 4109 929 4161 et
943 4105 1212 4176 paradiso
1224 4105 1915 4180 assimilabiturvolupta-

257 4190 357 4255 tis,
384 4189 485 4262 qui
503 4190 657 4283 18D
675 4192 1182 4283 Hebraiceidicitur
1198 4211 1341 4250 EDEN
1357 4195 1525 4283 (py).
1545 4196 1603 4251 Si
1626 4213 1798 4266 quem
1818 4214 1916 4252 au-

254 4282 375 4335 tem
387 4281 869 4354 exusserit,quasi
882 4282 1258 4339 solitudinem
1271 4283 1328 4339 in
1344 4281 1599 4340 cinerem
1615 4284 1836 4359 rediget
1849 4302 1915 4341 ac

254 4365 507 4437 favillas,
539 4385 643 4426 nec
665 4376 755 4425 est
775 4371 876 4443 qui
900 4372 1155 4427 furorem
1177 4372 1305 4442 ejus
1326 4372 1514 4444 possit
1533 4374 1794 4441 evadere,
1823 4391 1918 4430 cu-
1945 4379 1949 4383 ’

244 4456 352 4527 jus
385 4456 642 4514 crudelis
671 4463 944 4531 aspectus
969 4460 1344 4516 frementium
1367 4476 1652 4533 equorum
1676 4461 1914 4518 habebit

252 4545 732 4617 similitudinem,
756 4553 813 4604 et
841 4549 925 4605 sic
946 4549 1278 4606 discurrent
1299 4550 1369 4605 ad
1393 4551 1739 4607 cruciandos
1761 4568 1908 4624 quos

252 4634 313 4689 in
336 4639 685 4707 potestatem
704 4638 1054 4710 acceperint,
1079 4638 1248 4711 quasi
1268 4638 1496 4711 equites
1516 4639 1631 4695 huc
1652 4638 1910 4713 illucque

251 4723 568 4781 volitantes
593 4743 607 4781 :
639 4726 918 4782 terribilis
938 4727 1049 4783 erit
1077 4727 1307 4783 sonitus
1323 4743 1546 4796 eorum,
1572 4729 1739 4800 quasi
1763 4745 1909 4800 qua-

253 4812 563 4886 drigarum
577 4831 865 4888 perprona
876 4816 1236 4872 currentium
1254 4820 1329 4884 ;et
1350 4831 1528 4889 super
1543 4816 1667 4889 capi
1678 4822 1734 4872 ta
1748 4834 1910 4873 mon-

251 4902 409 4957 tium
442 4902 734 4970 exsilient,
757 4904 1015 4960 excelsos
1044 4921 1307 4977 quosque
1325 4911 1383 4961 et
1413 4906 1471 4960 in
1494 4905 1759 4961 Ecclesiae
1782 4906 1906 4962 cul-

253 4989 417 5045 mine
447 4991 795 5048 constitutos
825 4992 1084 5049 cruciare
1141 4995 1463 5066 cupientes.
1510 4999 1577 5049 Et
1606 4994 1745 5066 quia
1775 5000 1909 5051 ante

2021 3222 2151 3268 ante
2184 3212 2387 3267 faciem
2411 3212 2697 3268 exercitus
2726 3213 3155 3278 sui.Quomodo
3178 3216 3333 3271 enim
3365 3217 3667 3293 Babylonii

2019 3300 2333 3373 punientes
2362 3301 2711 3369 Jerusalem,
2746 3302 2847 3358 Dei
2903 3310 3184 3360 vocantur
3216 3306 3504 3363 exercitus
3538 3325 3552 3366 :
3585 3310 3669 3366 sic

2020 3389 2210 3463 angeli
2243 3390 2487 3462 pessimi
2515 3391 2606 3462 (de
2625 3392 2842 3462 quibus
2870 3392 3153 3463 scriptum
3185 3398 3591 3454 est:Furorem
3613 3402 3669 3455 et

2018 3481 2162 3534 iram
2191 3484 2241 3533 et
2269 3482 2602 3549 angustiam,
2628 3481 3021 3535 immissionem
3048 3497 3147 3552 per
3168 3483 3392 3553 angelos
3407 3487 3668 3556 pessimos

2015 3568 2186 3636 (Psal.
2220 3585 2426 3635 LXXVII,
2461 3568 2571 3640 49).
2601 3567 2702 3624 Dei
2728 3568 3014 3624 exercitus
3061 3570 3357 3637 dicuntur,
3388 3578 3446 3629 et
3475 3579 3667 3632 castra

2014 3655 2175 3711 illius
2206 3657 2607 3727 nominantur,
2623 3658 2763 3712 dum
2786 3658 3012 3712 Domini
3035 3658 3255 3715 faciunt
3278 3661 3657 3722 voluntatem.

2015 3744 2264 3818 Magnus
2322 3750 2411 3801 est
2451 3745 2575 3801 dies
2608 3745 2841 3801 Domini
2900 3750 3075 3818 atque
3121 3748 3418 3818 terribilis,
3450 3751 3521 3807 de
3547 3769 3664 3825 quo

2016 3832 2153 3890 alibi
2187 3835 2470 3906 scriptum
2497 3837 2587 3890 est
2619 3852 2632 3890 :
2668 3835 2731 3891 Ut
2758 3834 2890 3907 quid
2927 3835 3249 3892 desideratis
3274 3838 3421 3895 diem
3446 3841 3675 3917 Domm;
3781 3862 3787 3867 ·

2018 3923 2266 3994 (Amosv)
2282 3926 2308 3977 .9
2329 3926 2385 3976 et
2408 3921 2501 3977 hic
2532 3926 2621 3977 est
2645 3923 2990 3993 tenebrze,et
3012 3940 3125 3979 non
3158 3923 3257 3979 lux
3274 3943 3287 3994 ;
3303 3931 3361 3982 et
3383 3929 3665 3987 terribilis

2018 4011 2527 4084 valde;rarosque
2565 4016 2667 4067 aut
2697 4011 2894 4067 nullus
2925 4028 3061 4068 eum
3094 4014 3308 4084 poterit
3354 4017 3664 4089 sustinere,

2021 4101 2163 4172 quin
2196 4101 2254 4156 in
2295 4118 2358 4156 se
2390 4100 2645 4172 praebeat
2675 4101 2981 4157 materiam
3021 4102 3315 4159 saeviendi.

2092 4189 2278 4258 (Vers.
2315 4190 2381 4244 12
2407 4190 2596 4261 seqq.)
2617 4190 2774 4245 Nunc
2800 4206 2929 4262 ergo
2959 4190 3095 4246 dicit
3125 4191 3421 4250 Dominus:
3443 4197 3677 4254 Conver-

2022 4280 2212 4335 timini
2240 4280 2313 4334 ad
2342 4295 2428 4334 me
2457 4279 2521 4333 in
2552 4282 2656 4334 toto
2702 4278 2860 4335 corde
2890 4288 3082 4352 vestro,
3115 4282 3177 4336 in
3195 4282 3436 4353 jejunio,
3466 4293 3520 4341 et
3542 4288 3677 4357 ﬂetu

2023 4371 2076 4423 et
2100 4368 2363 4436 planctu;
2394 4371 2444 4422 et
2469 4367 2700 4423 scindite
2727 4368 2892 4423 corda
2919 4371 3185 4437 vestra,et
3212 4386 3324 4425 non
3352 4374 3677 4431 vestimenta

2023 4465 2222 4519 vestra,
2254 4460 2307 4513 et
2336 4458 2726 4513 convertimini
2752 4456 2823 4512 ad
2856 4458 3161 4513 Dominum
3190 4459 3360 4514 Deum
3385 4468 3625 4518 vestrum
3656 4481 3670 4520 :

2020 4547 2151 4617 quia
2172 4547 2442 4615 benignus
2457 4550 2508 4602 et
2526 4548 2839 4602 misericors
2863 4554 2963 4615 est,
2977 4551 3189 4618 patiens
3202 4551 3254 4603 et
3272 4548 3343 4621 (e)
3362 4551 3556 4608 multae
3571 4552 3676 4608 mi-

2020 4636 2357 4705 sericordiaz,
2390 4643 2446 4690 et
2472 4634 2814 4706 praestabilis
2842 4652 3005 4707 super
3048 4636 3266 4692 malitia
3299 4655 3311 4693 :
3345 4639 3469 4708 quis
3495 4640 3596 4694 scit
3623 4641 3675 4696 si

2020 4726 2369 4779 convertatur
2400 4732 2451 4779 et
2482 4725 2746 4792 ignoscat,
2774 4732 2825 4779 et
2860 4726 3145 4797 relinquat
3168 4734 3291 4797 post
3332 4742 3394 4782 se
3425 4727 3672 4783 benedic-

2022 4814 2246 4880 tionem,
2273 4813 2611 4882 sacriﬁcium
2666 4817 2719 4867 et
2776 4813 3016 4870 libamen
3074 4815 3300 4870 Domino
3329 4816 3434 4871 Deo
3493 4821 3674 4875 nostra

2022 4901 2214 4972 [Vulg
2250 4902 2481 4972 vestro)?
2514 4900 2658 4956 LXX
2694 4904 2799 4957 :Et
2842 4918 2992 4958 nunc
3036 4902 3173 4959 dicit
3209 4904 3475 4961 Dominus
3528 4907 3670 4962 Deus

2018 4998 2231 5046 noster:
2246 4988 2644 5044 Convertimini
2666 4990 2742 5044 ad
2771 5006 2858 5045 me
2888 4992 2948 5045 in
2977 4994 3085 5047 toto
3109 4992 3268 5047 corde
3294 4996 3488 5061 vestro,
3512 4996 3569 5051 in
3580 4997 3672 5066 je-

253 5078 465 5134 faciem
494 5095 697 5136 eorum
725 5080 878 5153 ignis
900 5085 989 5138 est
1010 5098 1202 5149 vorax,
1226 5087 1401 5155 atque
1424 5099 1799 5155 consumens,
1823 5084 1908 5141 sic
2011 5079 2195 5152 junio,
2223 5079 2284 5133 in
2315 5078 2389 5150 (εἰ)
2417 5079 2632 5147 cilicio,
2656 5080 2715 5133 in
2745 5080 2893 5148 ﬂetu,
2908 5088 2964 5135 et
2992 5081 3053 5134 in
3070 5080 3298 5151 planctu
3322 5099 3336 5150 ;
3369 5086 3423 5137 et
3440 5084 3672 5141 scindite

323 5290 403 5368 (ᾳ)
432 5290 599 5368 _U_nus
627 5292 875 5368 Palatin.
908 5294 999 5350 sed
1026 5295 1316 5368 haerebunt
1342 5296 1647 5368 suppliciis.

347 5363 403 5448 ὸ)
429 5363 591 5448 idem
627 5365 876 5448 negandi
905 5365 1253 5448 particulam
1284 5363 1526 5448 respuit.

343 5434 396 5505 c)
429 5434 686 5509 Rursum
702 5434 871 5493 idem
901 5434 1037 5509 ins.,
1070 5446 1126 5494 et
1158 5434 1399 5495 multus
1426 5437 1827 5505 misericordia,
1856 5440 1909 5494 et

248 5505 613 5582 deprecabilis
646 5508 819 5582 ;quod
854 5505 1092 5582 quidem
1147 5515 1512 5582 postremum
1569 5510 1823 5582 verbum,
1845 5509 1905 5565 in

248 5577 486 5636 canone
512 5577 807 5639 Hebraics
829 5577 1112 5654 veritatis,
1140 5577 1205 5640 ut
1226 5582 1494 5645 Martian.
1516 5585 1702 5651 vocat,
1725 5581 1907 5643 codex

2018 5299 2400 5373 Sangerman,
2451 5307 2555 5373 pro
2602 5290 2862 5372 variante
2903 5290 3150 5373 lectione
3196 5292 3270 5347 ad
3315 5292 3666 5366 marginem,

2019 5362 2499 5423 Carcassonensis
2530 5362 2588 5417 in
2621 5362 2748 5435 ipso
2778 5363 3008 5434 prafert
3038 5367 3219 5418 textu;
3328 5429 3334 5435 δ

2090 5437 2167 5510 (d)
2195 5436 2404 5510 Verba,
2437 5434 3072 5510 ἰηᾳσοηεξιίοιηθξίξῇρρι
3122 5450 3265 5510 mss.
3298 5434 3484 5510 nostri
3514 5452 3528 5504 ;
3563 5452 3667 5494 nec

2017 5504 2128 5565 nisi
2152 5504 2408 5565 'Aldinus
2435 5521 2464 5561 e
2495 5504 2708 5561 Graecis
2734 5506 2842 5561 τῶν
2876 5504 3012 5563 LXX
3042 5505 3210 5563 codd.
3235 5506 3519 5578 agnoscit.
