3964 6184
344 228 464 290 967

1589 230 1651 289 S.
1701 227 2008 291 EUSEBII
2056 228 2501 294 IIIERONYMI

343 362 509 420 corda
534 363 795 429 vestru,et
822 376 935 416 non
960 361 1283 416 vestimenta
1310 367 1583 417 vestra..et
1611 364 1997 417 convertimini
2024 366 2070 428 Α
2111 364 2351 419 tentiam
2384 367 2665 436 tempero,
2699 367 2757 419 et
2784 368 2917 436 opto
2973 365 3169 436 potius
3227 380 3404 437 quam
3436 378 3750 436 praesumo,

344 452 417 507 ad
445 452 737 507 Dominum
764 450 935 505 Deum
959 454 1227 505 vestrum:
1251 452 1384 521 quia
1404 451 1719 506 misericors
1748 455 1800 505 et
1828 452 1996 506 mise-

2106 451 2344 508 dicens:
2378 454 2498 524 quis
2555 455 2659 508 scit
2685 454 2738 508 si
2790 463 3136 509 convertatur
3189 454 3341 509 102
3386 456 3440 508 et
3470 454 3755 523 ignoscat!

346 544 499 595 rutor
524 548 624 605 est,
655 542 870 610 patiens
898 541 950 594 et
976 540 1168 596 multa
1207 539 1627 605 misericordiae,
1658 543 1709 594 et
1730 540 1999 610 pwnitens
2105 542 2265 604 Quod
2299 541 2377 596 ait
2407 544 2548 613 quis,
2583 546 2685 597 aut
2706 541 3088 614 impossibile,
3108 547 3210 598 aut
3238 540 3477 597 difﬁcile
3507 540 3758 596 sentien-

339 644 502 699 super
528 628 762 683 malitiis
778 645 791 682 :
806 630 928 699 quis
938 631 1089 683 novit
1109 630 1164 684 si
1177 632 1484 684 revertatur
1501 634 1553 684 et
1570 631 1835 700 paeniteat
1849 645 1993 696 eum,

337 730 388 781 et
403 727 652 781 dimittat
662 729 781 797 post
795 742 853 781 se
869 726 1314 796 benedictionem,
1329 727 1676 797 sacriﬁcium
1685 730 1736 782 et
1753 726 1996 782 libamen

334 816 566 870 Domino
596 816 699 870 Deo
728 819 952 870 nostro?
983 814 1266 887 Superius
1297 814 1619 887 capitulum
1652 816 1722 869 ab
1754 832 1820 870 eo
1872 814 1995 871 loco

338 903 437 959 ubi
471 904 757 976 scriptum
792 907 882 958 est
913 922 926 959 :
963 903 1157 963 Canite
1184 904 1313 960 tuba
1372 906 1433 959 in
1470 904 1623 971 Sion,
1656 903 1878 959 ululute
1933 908 1995 959 in

333 995 517 1047 monte
542 995 729 1048 saneto
768 1008 886 1047 meo
920 1009 932 1047 :
966 993 1363 1048 conturbentur
1421 1009 1604 1048 omnes
1661 993 1994 1049 habitatores

334 1089 518 1151 terrae,
552 1098 739 1153 usque
768 1082 840 1136 ad
872 1097 1006 1136 eum
1038 1081 1252 1148 locum,
1285 1081 1385 1136 ubi
1441 1080 1691 1153 legimus
1724 1098 1736 1135 :
1770 1081 1992 1150 Magnus

332 1173 416 1225 est
441 1170 557 1226 dies
577 1172 797 1226 Domini
813 1174 862 1226 et
892 1172 1160 1226 terribilis
1186 1170 1362 1240 valde,
1380 1172 1502 1241 quis
1531 1170 1819 1226 sustinebit
1834 1173 1995 1225 eum?

336 1275 440 1330 per
482 1257 927 1315 translationem
960 1258 1347 1328 locustarum,
1382 1259 1695 1314 adventum
1755 1259 1992 1314 nuntiat

333 1346 762 1413 Chaldaeorum,
793 1351 850 1403 et
901 1364 1028 1418 quea
1088 1347 1244 1403 mala
1300 1351 1550 1403 ventura
1597 1346 1717 1403 sint
1746 1346 1982 1419 pepulo.

337 1436 505 1493 Nunc
537 1452 635 1492 eos
663 1437 735 1491 ad
769 1436 1171 1507 pcenitentiam
1206 1441 1499 1508 provocat,
1532 1440 1588 1491 et
1633 1436 1883 1491 converti
1913 1435 1984 1491 ad

336 1524 647 1579 Dominum
703 1524 1058 1592 cohortatur,
1091 1529 1157 1580 ut
1184 1529 1308 1581 tota
1349 1530 1545 1581 mente
1575 1525 1837 1593 correcti,
1872 1541 1987 1580 non

329 1613 623 1703 patiantur
653 1629 777 1684 quae
813 1613 1092 1668 Dominus
1123 1614 1536 1680 comminatur,
1554 1617 1613 1669 et
1631 1616 1720 1668 est
1740 1629 1978 1668 sensus:

2105 628 2250 684 dum
2280 636 2369 684 est
2393 647 2404 683 :
2437 631 2785 699 Sum-iﬁcium
2812 633 2861 685 et
2892 631 3131 685 libamen
3153 631 3382 685 Domino
3401 630 3512 683 Deo
3540 635 3759 687 nostra:

2107 725 2170 772 ut
2201 724 2511 790 postquam
2535 719 2759 773 dederit
2780 719 3262 789 benedictionem,
3286 723 3340 773 et
3362 724 3572 773 nostra
3594 716 3761 772 nobis

2102 813 2343 878 peccata
2370 807 2687 875 donaverit,
2724 813 2834 862 Deo
2866 808 3088 863 hostias
3120 809 3323 863 otl'erre
3347 806 3683 862 valeamus.

2175 930 2359 1003 (Vers.
2397 933 2464 993 15
2491 932 2678 1004 seqq.)
2711 933 2901 988 Canite
2945 934 3074 988 tuba
3124 934 3185 988 in
3216 932 3382 988 Sion:
3415 932 3758 1001 sanctiﬁcat:

2090 1020 2396 1092 jejunium,
2428 1030 2609 1077 vocate
2636 1024 2855 1089 emtum,
2877 1026 3198 1094 congregate
3212 1022 3514 1094 populum:
3547 1008 3755 1076 sancti-

2096 1110 2254 1178 ﬁcate
2281 1111 2598 1178 Ecclesium,
2628 1111 2934 1166 coadunale
2956 1128 3125 1177 senes,
3147 1119 3478 1183 congregata
3495 1111 3759 1182 parvulos

2098 1201 2149 1253 et
2173 1202 2422 1267 sugentes
2476 1200 2669 1255 ubera.
2703 1200 3025 1271 Egrediatur
3069 1217 3302 1272 sponsus
3331 1200 3396 1256 de
3424 1200 3611 1255 cubili
3639 1217 3755 1267 suo,

2099 1289 2149 1340 et
2176 1301 2377 1357 sponsa
2405 1287 2471 1343 de
2500 1287 2741 1344 thalamo
2768 1305 2897 1344 suo:
2959 1291 3105 1344 inter
3132 1290 3466 1346 vestibulum
3495 1297 3548 1345 et
3579 1290 3757 1345 altare

2088 1375 2286 1446 plorab
2296 1380 2393 1431 unt
2412 1377 2711 1433 sacerdotes
2732 1368 2978 1433 ministri
3000 1379 3297 1445 Domini,et
3315 1378 3498 1434 dicent
3518 1395 3533 1435 :
3562 1384 3754 1453 Parce,

2097 1464 2323 1521 Domine
2353 1465 2545 1537 (Vulg.
2605 1467 2738 1522 add.
2790 1468 2998 1539 parce).
3051 1469 3252 1540 populo
3304 1470 3417 1539 tuo,
3476 1473 3531 1524 et
3568 1467 3755 1525 nedes

2097 1553 2468 1610 haereditatem
2500 1559 2653 1611 tuum
2685 1558 2745 1610 in
2774 1557 2992 1628 approbi
3008 1557 3144 1626 ium,
3192 1560 3253 1612 ut
3281 1558 3654 1613 Dominentur
3679 1559 3755 1614 eis

2096 1644 2375 1698 nationes.
2400 1644 2578 1712 Quare
2591 1644 2781 1701 dicunt
2802 1646 2861 1699 in
2878 1647 3126 1717 pupulis:
3151 1646 3251 1703 Ubi
3264 1654 3344 1702 est
3358 1647 3502 1727 Deus
3523 1652 3756 1703 eorum?

326 1708 536 1764 Omnia
565 1725 691 1780 quae
718 1724 986 1765 sermone
1004 1709 1293 1781 praeterito
1315 1710 1707 1776 continentur,
1726 1713 1960 1781 propter

2097 1731 2276 1787 LXX:
2312 1708 2561 1802 Clangite
2590 1736 2725 1789 tuba
2756 1736 2816 1788 in
2864 1708 3015 1805 Sion,
3067 1716 3408 1806 sanctiﬁcate
3440 1737 3750 1809 jejunium,

324 1796 992 1863 easumlocutus,utvos
1016 1800 1163 1853 191
1194 1798 1645 1854 comminatione
1670 1816 1799 1854 mea
1812 1804 1991 1870 terre_

325 1903 469 1943 rem.
486 1887 649 1942 Unde
670 1886 1075 1942 convertimini
1092 1888 1161 1942 ad
1181 1903 1272 1943 me
1291 1887 1349 1942 in
1371 1892 1490 1943 toto
1520 1889 1691 1943 corde
1713 1892 1991 1957 vestro,et

325 1975 504 2034 animi
522 1976 1162 2049 pmnitentiamjejunio
1184 1981 1241 2032 et
1262 1977 1399 2032 ﬂetu
1416 1981 1473 2031 ct
1490 1976 1985 2049 plxnctibusindi-

324 2071 471 2133 cate;
488 2065 1067 2135 utnuncjejunantes
1081 2070 1281 2137 postea
1295 2065 1744 2136 saturemini,nu
1758 2081 1827 2119 nc
1848 2064 1988 2129 ﬂen_

330 2159 418 2210 tes
432 2158 632 2227 postea
644 2152 1063 2220 rideatis,nunc
1076 2155 1416 2227 plangentes
1429 2158 1631 2227 postea
1641 2152 1959 2209 consolemi
1968 2201 1988 2211 -

340 2243 421 2298 ni.
442 2242 655 2315 thuia
669 2242 1115 2297 consuetudinis
1128 2248 1234 2310 est,
1247 2249 1308 2298 ut
1329 2242 1387 2297 in
1402 2242 1671 2298 tristibus
1685 2247 1857 2313 atque
1880 2241 1983 2296 ad-

336 2332 521 2388 versis
551 2330 835 2387 scindatis
863 2332 1241 2402 vestes,quod
1277 2335 1333 2387 et
1363 2331 1619 2403 pontifex
1649 2332 1716 2385 ad
1753 2330 1981 2404 Domini

321 2420 552 2476 Salvato
562 2419 640 2475 ris
656 2419 874 2476 crimen
891 2422 1160 2492 augendu
1173 2420 1299 2475 min
1314 2419 1623 2493 Evangelio
1647 2420 1848 2475 fecisse
1863 2435 1984 2476 me-

325 2513 590 2566 moratur
608 2508 1059 2581 (Matth.xxvr),et
1074 2510 1318 2565 Paulum
1332 2516 1387 2565 et
1400 2509 1723 2564 Barnabam
1739 2507 1983 2563 audien-

337 2606 426 2655 tes
440 2598 611 2654 verba
625 2596 951 2670 blasphemi
959 2615 1025 2666 aa,
1041 2597 1293 2669 legimus
1307 2602 1669 2670 perpetrasse
1682 2598 1818 2669 (Aet.
1833 2595 1982 2667 xxv);

327 2688 546 2744 idcirco
576 2702 682 2759 ego
714 2686 981 2759 praecipio
1000 2686 1265 2754 vobis,ut
1295 2703 1666 2759 nequaquam
1700 2684 1983 2740 scindatis

325 2776 802 2843 vestimenta,sed
826 2776 998 2831 corda
1029 2793 1156 2848 quas
1188 2775 1357 2847 plena
1379 2780 1519 2831 sunt
1552 2774 1821 2847 peccatis,
1849 2789 1978 2845 quae

325 2866 515 2920 instar
535 2864 777 2931 utrium,
794 2864 905 2919 nisi
928 2864 1358 2932 scissatuerint,
1375 2867 1579 2936 sponte
1607 2866 1975 2934 rumpantur.

322 2961 587 3036 Cumque
633 2960 741 3016 hoc
796 2959 1067 3031 feceritis,
1101 2960 1282 3015 redite
1334 2960 1404 3014 ad
1444 2960 1760 3015 Dominum
1792 2959 1974 3014 Deum

321 3055 604 3117 vestrum,
638 3066 813 3122 quem
845 3049 1010 3104 vobis
1040 3048 1235 3122 priora
1264 3054 1501 3122 peccata
1531 3048 1788 3104 alienum
1824 3048 1968 3103 fece-

317 3144 476 3196 rant:
494 3155 598 3195 nec
623 3138 942 3211 desperatis
963 3139 1193 3193 veniam
1216 3137 1503 3193 scelerum
1523 3137 1927 3208 magnitudine
1952 3154 1965 3205 ;

316 3229 457 3300 quia
511 3243 727 3299 magna
786 3230 1019 3299 peccatu
1060 3242 1274 3299 magna
1304 3226 1513 3282 delebit
1543 3224 1971 3292 misericordia,

316 3321 415 3373 Est
445 3316 601 3372 enim
633 3314 924 3388 benignus
955 3318 1011 3371 et
1040 3315 1395 3383 misericors,
1431 3314 1656 3370 malens
1688 3314 1969 3387 paeniten-

316 3406 457 3462 tiam
519 3408 914 3478 peccatorum,
951 3421 1128 3477 quam
1191 3408 1434 3460 mortem
1471 3403 1685 3474 (Ezech.
1745 3403 1967 3473 χχχιιι),

316 3494 544 3566 patiens
565 3497 622 3549 et
642 3491 864 3549 multus
881 3492 940 3548 in
959 3492 1486 3563 misericordia,qui
1504 3510 1616 3549 non
1643 3492 1967 3547 humanam

314 3581 581 3636 imitatur
609 3579 1187 3653 impatientiamzsed
1209 3579 1381 3651 longo
1413 3585 1673 3650 tempore
1704 3584 1967 3634 nostram

314 3668 683 3742 praestolatur
714 3668 1223 3741 pmnitentiammt
1247 3666 1619 3740 praestabilis,
1654 3667 1772 3723 sive
1796 3666 1974 3739 pmni.

311 3763 451 3830 tens
474 3775 651 3830 super
668 3757 932 3829 malitiis,
947 3762 1012 3814 ut
1028 3758 1077 3814 si
1096 3774 1202 3814 nos
1218 3757 1512 3830 egerimus
1529 3773 1707 3829 super
1717 3756 1972 3828 peccatis

315 3826 749 3920 phenitentiam,
764 3847 1026 3920 etipsum
1040 3846 1316 3919 poeniteat
1339 3845 1812 3902 comminationis
1826 3862 1967 3911 suae,

325 3940 382 3992 et
410 3935 567 3992 mala
624 3951 748 4006 quae
809 3934 1202 3992 comminatus
1258 3939 1347 3990 est
1391 3935 1560 3990 nobis
1592 3952 1705 3988 non
1736 3933 1964 4002 inferat,

314 4029 654 4097 nostrisque
684 4024 1009 4080 mutatione
1039 4023 1358 4090 sententiae,
1392 4028 1449 4079 et
1502 4023 1626 4096 ipse
1684 4027 1964 4078 mutetur.

218 4124 223 4131 ‘
310 4112 591 4169 Malitiam
625 4117 821 4169 autem
851 4111 910 4167 in
944 4112 1053 4167 hoc
1083 4112 1208 4168 loco
1241 4129 1354 4167 non
1378 4111 1733 4168 contrariam
1762 4111 1964 4166 virtuti

312 4202 598 4259 debemus
618 4202 900 4273 accipere,
919 4200 1016 4255 sed
1043 4200 1623 4271 afﬂictionem,juxta
1642 4199 1787 4255 illud
1805 4200 1961 4272 quod

312 4288 451 4346 alibi
482 4289 735 4363 legimus
768 4305 780 4343 :
813 4290 1025 4360 Sufficit
1053 4287 1169 4343 diei
1190 4289 1409 4343 malitia
1436 4305 1537 4344 sua
1563 4289 1958 4362 (Matt.v1,34).

314 4388 383 4453 Et
417 4404 430 4441 :
461 4390 528 4444 Si
554 4391 635 4443 est
661 4388 723 4443 in
751 4388 975 4442 civitate
1003 4386 1246 4455 malitia,
1270 4403 1435 4457 quam
1459 4388 1722 4443 Dominus
1747 4403 1855 4443 non
1886 4386 1964 4459 fe-

2092 1820 2386 1891 prasdicate
2413 1823 2770 1895 curationem,
2817 1832 3134 1895 eongregate
3186 1825 3472 1896 papulum,
3503 1828 3750 1897 sanctiﬁ-

2095 1917 2214 1964 cate
2244 1909 2553 1982 Ecclesium,
2585 1911 2774 1980 eligite
2819 1928 3006 1968 senes:
3064 1916 3389 1984 congregate
3409 1916 3675 1986 parvulos
3702 1920 3749 1972 et

2094 2002 2347 2067 sugentes
2376 1999 2562 2067 ubera,
2611 2000 2927 2072 egrediatur
2976 2017 3205 2074 sponsus
3259 2001 3323 2058 de
3345 2003 3523 2058 cubili
3550 2020 3674 2070 suo,
3702 2014 3752 2060 et

2093 2102 2292 2157 sponsa
2317 2087 2385 2141 de
2408 2088 2653 2144 (hamulo
2670 2104 2786 2145 suo.
2816 2090 2963 2146 Inter
2988 2091 3325 2162 crepidinem
3352 2098 3403 2147 et
3431 2093 3618 2148 altare
3633 2094 3744 2165 plo-

2092 2178 2298 2230 rabunt
2324 2177 2628 2233 sacerdotes
2656 2179 2904 2233 ministri
2928 2180 3170 2248 Domini,
3217 2184 3269 2235 et
3292 2180 3508 2237 dicent:
3547 2188 3747 2251 Parce,

2092 2264 2341 2330 Domine,
2371 2268 2572 2338 populo
2602 2271 2715 2332 tuo,
2748 2271 2797 2321 et
2824 2284 2893 2323 ne
2938 2268 3149 2324 dederis
3178 2269 3560 2327 haereditatem
3594 2276 3747 2328 tuam

2093 2354 2155 2407 in
2184 2356 2622 2426 opprobrium,ut
2642 2354 2997 2412 dominentur
3017 2373 3203 2413 eorum
3221 2363 3426 2429 gentes,
3458 2377 3531 2415 ne
3558 2361 3747 2416 dicunt

2092 2442 2156 2496 in
2183 2444 2536 2500 nationibus:
2573 2447 2674 2502 Ubi
2699 2449 2781 2501 est
2827 2447 2968 2500 Deus
3017 2451 3245 2502 eorum?
3300 2447 3508 2504 Adhuc
3538 2467 3643 2506 eos
3672 2452 3743 2506 ad

2093 2531 2492 2603 paenitentiam
2525 2534 2881 2603 cohortatur,
2930 2540 3241 2609 antequam
3291 2540 3485 2594 veniat
3516 2539 3747 2597 hostilis

2091 2620 2400 2676 exercitus.
2433 2622 2641 2694 Supra,
2701 2623 2911 2695 inquit,
2941 2624 3199 2680 dixeram
3225 2641 3236 2679 :
3298 2625 3491 2683 Canite
3519 2629 3655 2684 tuba
3684 2630 3745 2684 in

2089 2708 2241 2778 Sion,
2274 2711 2487 2766 ulutate
2514 2713 2575 2765 in
2604 2720 2781 2768 monte
2826 2717 3011 2768 sancto
3038 2730 3178 2784 meo,
3236 2720 3295 2768 et
3322 2715 3571 2788 reliqua,
3603 2719 3746 2790 quia

2086 2797 2247 2854 venit
2276 2799 2401 2855 dies
2436 2800 2682 2869 Domini,
2718 2801 2857 2873 quia
2886 2818 3065 2874 prope
3094 2809 3183 2858 est
3211 2802 3335 2860 dies
3363 2805 3743 2864 tenebrarum

2087 2890 2146 2941 et
2170 2886 2456 2959 caliginis,
2487 2889 2612 2945 dies
2639 2889 2815 2945 nubis
2845 2895 2903 2946 et
2930 2891 3208 2957 turbinis,
3245 2894 3612 2952 annuntians
3641 2914 3742 2952 vo-

2084 2975 2178 3030 bis
2210 2975 2491 3047 populum
2523 2977 2775 3033 multum
2798 2983 2855 3034 et
2884 2980 3096 3036 fortem
3126 2998 3254 3037 esse
3272 2987 3616 3054 venturum,
3640 2987 3739 3058 qui

2081 3068 2305 3119 vestras
2355 3066 2755 3137 possessiones
2806 3068 3099 3142 urbesque
3155 3071 3538 3129 subverteret.
3571 3074 3742 3131 Nunc

2083 3153 2222 3224 quia
2243 3154 2531 3225 benignus
2547 3173 2678 3211 sum
2704 3161 2761 3213 et
2782 3157 3133 3224 misericors,
3165 3160 3412 3232 patiens,
3434 3167 3494 3217 et
3513 3162 3741 3219 multus

2083 3239 2503 3305 misericordia,
2527 3260 2591 3297 ru
2602 3260 2762 3298 rsum
2782 3244 3051 3321 praecipio
3067 3250 3124 3301 et
3138 3246 3267 3301 dico
3293 3247 3587 3319 :Clangite
3605 3252 3739 3306 tuba

2083 3330 2142 3383 in
2172 3329 2323 3400 Sion,
2354 3333 2412 3384 et
2440 3331 2838 3401 paenitentiam
2864 3333 2922 3388 in
2945 3333 3181 3406 populis
3211 3335 3521 3407 praedicata
3545 3354 3561 3393 :
3584 3354 3737 3393 sanc-

2080 3418 2285 3487 tiﬁcata
2304 3419 2606 3491 jejunium,
2633 3421 2930 3491 pradicate
2964 3423 3326 3489 curationem,
3361 3424 3484 3480 sive
3512 3430 3732 3494 certum,

2080 3505 2151 3560 de
2173 3505 2388 3578 quibus
2402 3508 2527 3578 jam
2552 3513 2686 3564 ante
2708 3509 2999 3566 diximus:
3024 3520 3345 3584 congregata
3360 3516 3648 3587 populum,
3670 3519 3734 3570 ut

2080 3595 2179 3665 qui
2213 3594 2517 3667 dispersus
2549 3603 2903 3670 peccaverat,
2937 3605 3323 3674 congregatus
3355 3618 3593 3675 peccare
3620 3604 3723 3658 ἀοι

2080 3683 2268 3740 sistat.
2301 3684 2650 3756 Sanctiﬁcate
2680 3688 2999 3760 Ecclesium,
3057 3694 3123 3745 ut
3153 3689 3356 3747 nullus
3384 3691 3444 3747 in
3477 3688 3715 3748 Ecclesia

2078 3790 2193 3829 non
2226 3780 2463 3831 sanctus
2488 3776 2586 3841 sit,
2620 3793 2691 3833 ne
2724 3777 2966 3835 forsitan
3007 3779 3407 3851 impediantur
3435 3781 3721 3839 orationes

2075 3867 2299 3930 vestrae,
2323 3867 2379 3919 et
2396 3864 2689 3921 modicum
2738 3867 3090 3923 fermentum
3121 3872 3302 3924 totam
3326 3886 3587 3926 massam
3607 3887 3730 3927 cor-

2076 3957 2314 4023 rumpat
2343 3952 2389 4024 (I
2417 3952 2536 4009 Cor.
2569 3955 2644 4026 v).
2695 3954 3034 4024 Coadunute,
3084 3956 3203 4013 sive
3233 3957 3423 4028 eligite
3450 3976 3634 4026 senes,
3667 3964 3732 4016 ut

2075 4056 2191 4095 non
2223 4045 2361 4097 aetas
2389 4040 2447 4097 in
2479 4041 2584 4112 eis,
2617 4045 2718 4099 sed
2751 4045 3030 4101 sanctitas
3060 4045 3371 4120 deligatur.
3399 4047 3732 4121 Congregate

2075 4145 2311 4201 quoque
2339 4132 2603 4199 parvulos
2630 4140 2682 4188 et
2708 4137 2958 4204 sugentes
3006 4134 3192 4207 ubera,
3225 4152 3298 4190 ne
3329 4135 3451 4192 ulla
3483 4138 3566 4194 sit
3598 4143 3734 4194 atas

2075 4232 2201 4288 quae
2235 4234 2350 4274 non
2381 4224 2752 4276 convertatur
2779 4221 2851 4277 ad
2877 4222 3208 4280 Dominum.
3242 4224 3528 4282 Parvulos
3559 4231 3731 4299 atque

2075 4304 2378 4374 lactentes,
2409 4309 2481 4365 de
2510 4309 2724 4381 quibus
2754 4309 2813 4366 in
2844 4311 3094 4368 Psalmis
3123 4318 3181 4367 et
3210 4313 3271 4368 in
3305 4314 3623 4389 Evangelio
3654 4316 3770 4373 le-'

2073 4394 2302 4466 gimus:
2336 4399 2420 4452 Ex
2448 4414 2541 4454 ore
2571 4400 2875 4469 infantium
2902 4408 2953 4455 et
2974 4401 3294 4457 laetentium
3309 4403 3603 4476 perfecisti
3617 4406 3730 4463 lauo

310 4476 445 4532 cerit
475 4476 654 4548 (Amos
682 4493 762 4547 ιιι,
795 4477 872 4547 6).
903 4474 1296 4547 Similiterque
1339 4474 1477 4548 quia
1506 4492 1685 4547 supra
1714 4476 1956 4547 dixerat,
1991 4470 2037 4537 D
2068 4483 2191 4538 dem
2220 4486 2392 4556 (Psul.
2426 4504 2549 4558 vm,
2582 4487 2654 4555 3;
2712 4488 2896 4545 Matth.
2930 4506 3045 4555 XXI,
3080 4490 3188 4560 16).
3224 4470 3377 4546 168
3410 4470 3597 4557 Ὀιιοε
3630 4496 3726 4549 Pe-

312 4565 604 4638 benignus
634 4569 690 4620 et
721 4564 1073 4634 misericors,
1100 4564 1324 4637 patiens
1350 4569 1406 4620 et
1435 4563 1659 4620 multus
1689 4564 1749 4619 in
1781 4564 1953 4620 mise-

311 4655 602 4721 cordia,et
633 4653 1005 4726 praestabilis,
1021 4654 1139 4709 sive
1171 4653 1460 4726 paenitens
1491 4670 1667 4726 super
1692 4651 1953 4720 malitiis,

313 4759 385 4798 ne
416 4741 658 4800 forsitan
692 4743 1032 4816 magnitudo
1065 4742 1386 4798 clementiae
1408 4759 1514 4798 nos
1541 4743 1754 4799 faceret
1776 4742 1957 4816 negli-

242 4832 243 4835 “
312 4825 539 4903 gentes,
572 4848 640 4887 ex
670 4848 919 4904 persona
948 4832 1246 4904 Prophetas
1268 4832 1471 4905 jungit
1499 4837 1556 4889 et
1602 4832 1743 4889 dicit
1774 4850 1787 4889 :
1821 4834 1958 4904 Quis

308 4921 410 4976 scit
458 4922 509 4976 si
536 4929 881 4977 convertatur
908 4930 963 4977 et
1011 4923 1273 4993 ignoscat,
1305 4930 1357 4978 et
1411 4920 1693 4994 relinquat
1742 4927 1867 4995 post
1902 4938 1959 4979 se

313 5008 739 5066 benedictionem
768 5014 793 5064 .9
816 5010 1179 5084 Ego,inquit,
1204 5010 1425 5080 hortor,
1450 5012 1602 5083 quod
1629 5028 1823 5067 meum
1846 5017 1955 5080 est,

311 5097 383 5154 ad
409 5097 906 5170 pmnitentiam,et
935 5100 1118 5156 Deum
1152 5099 1524 5155 inetiabiliter
1543 5101 1672 5155 novi
1703 5117 1830 5157 esse
1853 5101 1960 5156 cle-

312 5191 591 5254 mentem,
625 5187 851 5243 dicente
882 5188 1061 5243 David
1096 5205 1108 5242 :
1142 5189 1392 5244 Miserere
1422 5190 1551 5259 mei,
1585 5190 1743 5256 Deus,
1771 5206 1959 5245 secun-

312 5275 444 5331 dum
472 5292 730 5347 magnam
756 5277 1193 5333 misericordiam
1220 5280 1460 5346 tuum,ct
1485 5278 1786 5333 secundum
1812 5280 1960 5334 mul-

312 5362 603 5420 titudinem
613 5366 1029 5421 miserationum
1046 5371 1268 5422 tuarum
1282 5367 1400 5424 dele
1416 5369 1767 5440 iniquitatem
1779 5385 1962 5425 meum

332 5453 485 5510 Psal.
519 5472 571 5523 ι,
605 5455 655 5529 1,
690 5454 761 5526 ‘2).
791 5455 902 5511 Sed
934 5457 1072 5528 quia
1118 5457 1476 5530 profundum
1535 5458 1873 5515 divitiarum
1904 5465 1985 5516 et.

337 5571 347 5587 -
380 5540 611 5619 pientim
641 5548 699 5603 et
717 5544 974 5603 scientias
994 5545 1095 5605 Dei
1118 5563 1292 5605 nosse
1318 5564 1435 5607 non
1465 5564 1959 5623 possumus,sen-

2066 4576 2195 4629 trus
2226 4574 2499 4632 rationali
2528 4580 2586 4631 et
2641 4576 2864 4648 absque
2894 4576 3028 4632 dolo
3088 4577 3233 4633 dicit
3288 4579 3439 4636 lacte
3472 4581 3725 4637 nutritas

2065 4661 2114 4734 (Ι
2145 4663 2293 4717 Petr.
2329 4665 2391 4734 ιι)
2417 4680 2430 4718 :
2456 4663 2674 4735 quibus
2699 4666 2805 4735 (Al.
2838 4666 2911 4720 de
2931 4666 3167 4739 quibus)
3194 4666 3723 4743 Paulusloquitur:

2066 4753 2175 4805 Lac
2198 4751 2348 4805 vobis
2372 4754 2559 4823 potum
2590 4752 2732 4823 dedi,
2764 4770 2875 4810 non
2905 4771 3089 4812 escam
3118 4755 3163 4827 (Ι
3189 4755 3310 4811 Cor.
3345 4774 3432 4823 ιιι,
3466 4759 3527 4831 2)
3553 4776 3567 4815 :
3596 4776 3729 4833 quo-

2068 4855 2201 4894 rum
2235 4845 2290 4894 et
2318 4840 2581 4897 Salvator
2628 4842 2934 4899 meminit:
2968 4845 3043 4900 Ne
3093 4847 3527 4918 contempseritis
3562 4865 3724 4905 unum

2068 4928 2134 4983 de
2158 4930 2409 4985 minimis
2437 4932 2557 4986 istis
2581 4931 2729 5002 (Mat.
2762 4948 2924 4996 xvm,
2970 4933 3080 5004 40).
3117 4934 3473 5005 Egrediutur
3502 4951 3725 5009 quoque

2066 5033 2293 5089 sponsus
2322 5017 2387 5073 de
2413 5019 2587 5075 cubili
2615 5036 2736 5090 suo,
2769 5022 2819 5075 et
2873 5036 3070 5093 sponsa
3099 5021 3165 5079 de
3219 5023 3469 5081 thalamo
3498 5042 3632 5083 suo:
3658 5028 3721 5079 ut

2068 5107 2127 5161 in
2161 5111 2421 5179 tempore
2442 5107 2677 5179 jejunii,
2706 5108 3028 5165 vocationis
3074 5115 3131 5166 et
3160 5116 3366 5177 ccetus,
3397 5114 3719 5170 sanctiﬁca-

2067 5196 2246 5251 tionis
2276 5196 2562 5265 Ecclesiaa,
2609 5197 2911 5253 electionis
2962 5212 3209 5271 senum,
3254 5200 3719 5276 congregationis

2072 5284 2448 5356 parvulorum
2472 5289 2529 5340 et
2544 5285 2879 5359 sugentium
2900 5287 3220 5355 ubera,non
3238 5291 3453 5346 serviat
3470 5304 3715 5364 sponsus

2069 5378 2129 5430 et
2158 5391 2376 5447 sponsa
2396 5376 2553 5446 operi
2579 5376 2848 5449 nuptiali,
2874 5376 3089 5448 quibus
3111 5383 3167 5434 et
3190 5379 3337 5451 Lege
3364 5381 3714 5453 permissum

2069 5468 2179 5533 est,
2213 5471 2278 5521 ut
2307 5466 2380 5520 ad
2411 5464 2564 5521 bella
2595 5482 2710 5522 non
2742 5467 3074 5537 procedant.
3131 5467 3289 5523 Unde
3316 5474 3376 5524 et
3405 5467 3711 5542 Apostolus

2068 5554 2461 5614 recedendum
2492 5570 2808 5629 parumper
2836 5571 2872 5611 ιι
2899 5555 3054 5612 coitu
3084 5556 3376 5631 precepit,
3422 5563 3490 5616 ut
3517 5570 3701 5616 vacem
