3986 6190
254 300 372 371 969

1024 300 1769 365 COMMENTARIORUM
1813 300 1895 362 IN
1936 298 2244 363 JOELEM
2284 299 2542 364 LIBER.
2586 299 2758 363 CAP.
2802 300 2882 363 ΙΙ.

3533 302 3652 367 970

253 432 553 506 possimus
573 432 818 490 orationi
839 434 885 503 (Ι
907 433 1026 491 Cor.
1048 434 1174 506 νη),
1214 434 1360 507 Ergo
1408 434 1510 506 qui
1557 434 1616 489 in
1642 434 1889 506 castiga-
1921 436 1970 500 Α
2005 450 2181 502 quam
2242 433 2571 488 sacerdotes
2615 450 2720 504 pro
2778 432 2993 507 populo
3051 434 3344 507 deprecati
3402 442 3560 503 sunt,
3593 440 3652 492 et
3710 414 3723 421 Ι

250 522 409 579 tione
421 521 631 589 victus,
652 522 938 593 etjejunio
950 527 1122 595 atque
1135 522 1520 595 eleemosynis
1535 522 1747 577 dicitse
1760 538 1892 592 age-

248 627 309 666 re
334 609 751 687 pmnitentiam,
778 610 992 665 frustra
1013 611 1120 666 hoc
1141 627 1410 666 sermone
1445 611 1753 681 promittit,
1781 609 1893 665 nisi

246 697 582 771 egrediatur
601 699 672 753 de
691 698 866 753 cubili
888 716 1014 765 suo,
1035 705 1092 754 et
1113 704 1378 754 sanctum
1406 698 1895 770 purumquejeju-

246 787 414 842 nium
438 786 649 858 pudica
670 787 893 859 expleat
914 786 1269 859 pmnitentia.
1291 788 1570 859 Quodque
1592 787 1887 858 sequitur:

243 879 394 932 Inter
428 876 768 930 vestibulum
795 884 845 931 ct
874 877 1055 931 altare
1080 874 1382 947 plorabunt
1428 876 1757 943 Sacerdotes,
1792 892 1893 947 pro

240 964 507 1022 vestibulo
538 963 680 1019 LXX
710 964 1042 1035 crepidinem
1099 963 1463 1035 interpretati
1512 968 1688 1019 sunt:
1722 964 1892 1036 Sym—

243 1053 495 1109 machus
516 1052 590 1125 (a)
610 1049 950 1123 προπύλαιον
972 1070 984 1107 :
1009 1052 1216 1124 Aquila
1235 1048 1514 1125 πρόδομον
1541 1068 1553 1106 :
1576 1052 1893 1108 Theodotio

242 1142 443 1215 ipsum
464 1124 705 1196 verbum
726 1141 1073 1196 Hebraicum
1098 1124 1459 1213 posuitULAM
1474 1124 1668 1213 (D518)
1685 1158 1697 1196 :
1715 1156 1891 1212 quam

243 1247 354 1288 nos
375 1234 503 1285 ante
524 1232 668 1302 fores
696 1228 896 1300 templi
925 1230 1305 1301 porticumque
1337 1246 1651 1301 possumus
1681 1229 1891 1284 dicere.

241 1321 314 1378 Et
343 1324 479 1374 nota
507 1335 635 1390 quae
666 1318 771 1389 [AL
805 1317 985 1389 quod]
1017 1318 1419 1374 sacerdotibus
1463 1317 1762 1388 praecipiat
1791 1317 1891 1388 qui

240 1411 387 1473 sunt
416 1407 672 1463 ministri
705 1406 958 1472 Domini,
991 1412 1057 1462 ut
1084 1405 1313 1478 plorent
1354 1406 1503 1461 inter
1528 1404 1815 1477 templum
1836 1408 1894 1459 et

239 1495 447 1563 altare,
480 1499 537 1551 et
566 1494 763 1550 dicant
792 1511 923 1550 cum
947 1493 1256 1566 Apostolo:
1294 1495 1437 1565 Quis
1466 1494 1814 1564 infirmatur,
1843 1496 1894 1547 et

236 1600 342 1655 ego
372 1599 482 1639 non
514 1582 769 1652 inﬁrmor
792 1586 813 1637 Ρ
843 1584 964 1654 quis
991 1583 1427 1652 scandalizatur,
1450 1590 1499 1637 et
1520 1596 1616 1652 ego
1632 1598 1740 1636 non
1763 1596 1895 1635 uror

235 1674 336 1744 (Il.
373 1672 493 1728 Cor.
526 1689 603 1741 χι,
635 1671 726 1743 29)
755 1674 777 1725 Ρ
807 1672 911 1725 Et:
943 1671 1100 1725 Flere
1126 1687 1251 1725 eum
1278 1670 1551 1739 ﬂentibus.
1588 1670 1892 1740 Locusque

2003 521 2310 575 dixerunt:
2344 526 2514 576 Parce
2542 522 2789 590 Domine,
2842 524 3042 594 popqu
3089 527 3201 589 tuo,
3234 526 3283 578 et
3312 540 3384 578 ne
3410 526 3505 579 des
3535 525 3650 582 hae-

2004 611 2282 664 reditatem
2300 619 2449 664 tuam
2472 612 2528 664 in
2554 613 2922 682 opprobrium,
2948 612 3194 684 fecitque
3216 612 3469 685 populus
3491 614 3648 685 quod

2004 701 2354 769 praeceptum
2385 702 2493 765 est,
2532 704 2595 753 ut
2620 700 3007 756 sanctiﬁcaret
3028 700 3346 771 jejunium,
3367 702 3648 773 praedica-

2003 790 2089 839 ret
2119 786 2501 854 curationem,
2533 793 2910 860 congregaret
2941 790 3043 855 [AL
3095 791 3342 862 cogeret]
3386 790 3650 846 multitu-

2002 875 2220 939 dinem,
2244 876 2636 931 sanctiﬁcaret
2658 877 2996 942 Ecclesium,
3033 878 3270 951 eligeret
3297 895 3487 945 senes,
3510 896 3644 952 par-

2002 961 2166 1018 vulos
2183 968 2241 1017 et
2257 968 2531 1035 sugentes
2558 965 2738 1020 ubera
2770 970 3165 1038 congregaret,
3190 971 3247 1021 et
3274 968 3648 1039 egrederetur

2003 1067 2253 1123 sponsus
2278 1053 2349 1106 de
2371 1051 2549 1107 cubili
2592 1070 2718 1119 suo,
2752 1058 2808 1108 et
2829 1071 3046 1124 sponsa
3066 1056 3135 1110 de
3157 1055 3414 1110 thalamo
3432 1072 3557 1127 suo,
3590 1060 3649 1111 et

2004 1152 2376 1212 nequaquam
2398 1142 2556 1195 carni
2579 1146 2638 1196 et
2654 1140 2954 1213 voluptati,
2978 1144 3078 1198 sed
3102 1143 3309 1199 animae
3335 1149 3393 1200 et
3412 1145 3648 1202 ﬂetibus

2004 1228 2367 1284 inservirent.
2403 1230 2618 1285 Zelatus
2645 1234 2724 1285 est
2755 1233 3012 1287 Dominus
3041 1241 3244 1288 terram
3261 1248 3443 1300 suam,
3468 1249 3647 1306 quam

2002 1317 2166 1390 prius
2198 1320 2365 1389 quasi
2399 1317 2649 1373 alienam
2682 1323 3130 1391 contempserat,
3158 1325 3215 1376 et
3234 1338 3444 1392 passus
3461 1322 3653 1377 fuerat

2002 1404 2229 1461 locusta
2248 1410 2512 1461 vastante
2534 1406 2820 1479 populari,
2844 1412 2899 1464 et
2919 1409 3212 1464 intantum
3246 1410 3504 1482 pepercit
3525 1428 3649 1483 pae-

2002 1492 2348 1560 nitentibus,
2383 1500 2447 1549 ut
2472 1512 2570 1551 eos
2601 1495 2809 1567 dignos
2843 1512 2950 1551 sua
3005 1497 3384 1569 responsione
3413 1498 3645 1570 faceret,

2002 1580 2353 1653 diceretque,
2379 1583 2657 1655 quoniam
2680 1601 2884 1640 omnes
2908 1585 3104 1657 fruges
3126 1591 3369 1654 vestras,
3392 1586 3644 1657 locusta,

2002 1670 2281 1740 bruchus,
2318 1672 2642 1743 rubigoquc
2664 1674 2912 1728 vastavit
2935 1694 2948 1730 :
3002 1673 3131 1729 ideo
3154 1675 3303 1731 dabo
3328 1675 3491 1731 vobis
3521 1676 3643 1731 fru-

235 1766 418 1835 aptus
448 1758 797 1832 poenitentiae
849 1762 907 1814 et
962 1758 1337 1828 confessioni,
1400 1757 1685 1829 templum
1718 1761 1806 1811 est
1835 1762 1891 1813 et
1918 1794 1966 1858 Β
2001 1763 2286 1827 mentum,
2311 1763 2366 1813 et
2391 1766 2593 1816 caetera
2615 1776 2741 1831 quae
2771 1762 3054 1833 propheta
3097 1764 3393 1834 describit,
3416 1770 3471 1819 et
3498 1764 3650 1820 ultra

235 1850 464 1906 altare:
496 1849 779 1919 docetque
809 1846 948 1918 quid
986 1847 1176 1903 dicere
1231 1846 1479 1901 debeant
1534 1846 1887 1911 sacerdotes,

231 1938 318 1995 im
329 1954 426 1993 mu
442 1937 735 2008 quomodo
757 1935 1069 1992 Dominum
1086 1935 1380 2007 deprecari
1401 1952 1413 1989 :
1438 1941 1624 1999 Parce,
1642 1936 1886 2001 Domine,

228 2027 438 2099 populo
469 2030 596 2087 tuo;
626 2025 727 2096 qui
785 2025 1022 2097 quando
1080 2024 1373 2095 peccabat,
1423 2024 1743 2078 vocabatur
1773 2039 1887 2077 non

233 2114 499 2187 populus
528 2119 666 2170 tuus
691 2132 705 2168 :
730 2129 885 2168 nunc
906 2116 1218 2184 postquam
1268 2110 1506 2167 recessit
1529 2127 1562 2165 a
1582 2110 1759 2180 vitiis,
1788 2127 1888 2181 ap-

236 2204 498 2278 pellatur
526 2202 779 2276 populus
810 2207 967 2258 tuus.
999 2202 1063 2255 Et
1093 2216 1162 2255 ne
1219 2200 1312 2256 des
1340 2198 1718 2256 heereditatem
1740 2207 1892 2253 tuam

234 2296 303 2350 in
334 2292 715 2365 opprobrium,
745 2297 807 2345 ut
836 2289 1189 2345 dominentur
1218 2289 1298 2343 eis
1320 2289 1584 2343 nationes.
1608 2288 1886 2359 Apertum

233 2387 333 2439 est
362 2381 613 2452 aenigma
632 2379 784 2451 quod
808 2377 1044 2434 latebat.
1068 2375 1326 2449 Populus
1368 2376 1523 2430 enim
1544 2374 1641 2429 ille
1672 2373 1890 2430 multus

229 2476 298 2524 et
314 2468 507 2537 fortis,
533 2468 630 2539 qui
657 2484 835 2538 supra
857 2467 965 2522 sub
989 2481 1193 2533 erucae,
1218 2469 1275 2519 et
1302 2463 1560 2531 locustis,
1584 2468 1640 2519 et
1659 2461 1889 2528 bruchi,

229 2563 299 2614 et
319 2557 610 2629 rubiginis
632 2554 958 2627 descriptus
972 2559 1058 2609 est
1073 2553 1329 2620 nomine,
1350 2569 1505 2607 nunc
1518 2551 1892 2607 manifestius

228 2647 344 2719 qui
368 2644 813 2701 sitostenditur:
833 2645 896 2701 Ut
910 2643 1285 2709 dominentur,
1301 2641 1513 2713 inquit,
1535 2642 1613 2696 eis
1624 2642 1890 2695 nationes.

227 2737 430 2792 Datur
440 2738 635 2789 autem
652 2734 709 2787 in
722 2731 1097 2804 opprobrium
1112 2729 1421 2785 haereditas
1440 2728 1891 2798 Domino,quan-

227 2826 317 2880 do
338 2822 649 2880 servierint
673 2820 963 2886 hostibus,
986 2824 1042 2874 et
1080 2818 1330 2874 dixerint
1368 2817 1634 2871 nationes
1658 2834 1671 2871 :
1699 2816 1797 2887 Ubi
1816 2818 1893 2870 est

224 2915 383 2969 Deus
403 2927 611 2980 eorum,
634 2925 808 2981 quem
831 2908 943 2963 sibi
972 2905 1300 2979 praesulem,
1326 2920 1499 2976 quem
1527 2904 1890 2959 defensorem

225 3017 374 3059 esse
402 2998 751 3071 jactabant?
782 3001 1104 3051 Possumus
1134 2994 1397 3050 nationes
1442 2990 1808 3064 interpretari
1836 2993 1894 3045 et

227 3088 609 3147 adversarias
632 3090 967 3156 potestates,
994 3100 1119 3154 qua:
1148 3081 1429 3153 quamdiu
1453 3098 1567 3135 non
1591 3081 1746 3134 I94
1768 3079 1890 3151 agi-

1994 1863 2098 1902 vos
2120 1864 2235 1902 non
2264 1849 2492 1903 tradam
2513 1849 2855 1920 captivitati.
2876 1851 2945 1905 Et
2968 1852 3273 1923 Assyrium
3290 1857 3463 1923 atque
3483 1852 3650 1908 Chal-

1997 1935 2184 1991 daeum
2218 1937 2317 2008 qui
2350 1937 2420 1991 ab
2454 1937 2727 2008 aquilone
2756 1939 2860 2005 [AL
2895 1956 2929 1993 a
2958 1939 3269 2011 Babylone]
3302 1946 3411 2005 est,
3444 1941 3650 2013 procul

1998 2024 2208 2080 faciam
2232 2043 2265 2078 a
2287 2025 2469 2091 vobis,
2496 2026 2566 2080 de
2590 2042 2703 2096 quo
2725 2042 2905 2097 supra
2927 2029 3213 2100 scriptum
3250 2034 3340 2084 est
3367 2046 3379 2083 :
3405 2030 3650 2097 Populus

1996 2113 2207 2167 multus
2234 2119 2286 2168 et
2316 2115 2503 2183 fortis,
2542 2115 2686 2171 I95
2723 2124 2849 2170 ante
2876 2117 3079 2187 faciem
3106 2120 3230 2185 eius
3261 2119 3410 2188 ignis
3426 2133 3645 2189 vorans,

1997 2203 2047 2255 et
2065 2209 2184 2272 post
2209 2218 2337 2255 eum
2365 2218 2606 2256 exurens
2632 2204 2882 2272 ﬂamma,
2924 2206 3085 2276 quasi
3112 2214 3359 2278 aspectus
3387 2222 3651 2276 equorum

1998 2291 2242 2358 aspectus
2271 2304 2478 2344 eorum.
2516 2294 2582 2345 Et
2608 2291 2903 2361 expellam,
2935 2290 3145 2364 inquit,
3194 2310 3321 2348 eum
3350 2295 3411 2348 in
3441 2303 3652 2350 terram

1998 2376 2335 2448 solitudinis,
2383 2383 2439 2432 et
2499 2378 2698 2449 prima:
2757 2382 2950 2450 partes
2980 2380 3139 2436 illius
3169 2383 3376 2437 cadent
3400 2381 3459 2436 in
3490 2398 3651 2438 mare

2001 2465 2312 2531 Urientale,
2347 2471 2403 2520 et
2435 2466 2782 2537 posteriores
2830 2466 2891 2521 in
2949 2485 3109 2525 mare
3154 2469 3561 2538 novissimum,
3594 2474 3653 2526 et

2001 2553 2272 2609 ascendet
2304 2554 2451 2608 fetor
2470 2554 2620 2624 ejus,
2655 2554 2710 2608 id
2739 2560 2848 2624 est,
2882 2556 2983 2624 qui
3015 2557 3086 2611 ab
3138 2556 3423 2628 Aquilone
3453 2561 3562 2623 est,
3591 2561 3650 2612 et

2003 2641 2267 2712 putredo,
2301 2641 2441 2713 quia
2496 2644 2745 2713 superbe
2786 2642 2921 2713 egit.
2977 2644 3138 2714 Saepe
3168 2646 3501 2719 commonui
3535 2646 3646 2701 sub

2000 2729 2380 2785 translatione
2438 2729 2799 2785 locustarum
2858 2731 3108 2787 describi
3162 2732 3445 2804 impetum
3477 2734 3650 2789 Chal-

2002 2819 2281 2884 daeorum,
2315 2834 2429 2888 quo
2458 2818 2659 2884 Judaea
2687 2823 2912 2874 vastata
2941 2824 3046 2874 est.
3083 2820 3283 2892 Itaque
3312 2826 3503 2876 servat
3532 2838 3652 2877 me-

1999 2906 2306 2977 taphoram
2337 2905 2395 2959 in
2428 2904 2687 2976 reliquis,
2715 2912 2771 2961 et
2792 2907 2963 2976 juxta
3010 2906 3188 2962 situm
3223 2908 3531 2980 provincia:
3563 2910 3648 2966 sio
3722 2976 3727 2977 ί

1998 2994 2277 3065 loquitur,
2312 2993 2478 3064 quasi
2513 3011 2627 3047 non
2660 2995 2731 3048 de
2773 2994 3063 3059 hostibus,
3119 2997 3216 3049 sed
3278 2996 3349 3051 de
3405 2996 3650 3054 locustis

2001 3085 2212 3138 referre
2234 3080 2516 3136 videatur.
2541 3082 2724 3136 Etiam
2755 3083 2969 3137 nostris
2993 3084 3354 3153 temporibus
3388 3086 3645 3142 vidimus

229 3195 382 3234 unus
406 3175 828 3249 paenitentiam,
856 3172 1232 3227 dominantur
1249 3169 1528 3233 nostri,et
1543 3168 1894 3238 exprobrant
1921 3146 1963 3212 Ο
2002 3169 2238 3241 agmina
2288 3168 2646 3224 locustarum
2704 3174 2918 3224 terram
2964 3172 3171 3227 terisse
3200 3171 3488 3237 Judaeum,
3521 3190 3649 3246 quae

229 3271 299 3323 et
329 3266 576 3321 dicunt:
614 3263 714 3319 Ubi
740 3265 819 3317 est
847 3261 989 3316 Deus
1016 3275 1206 3315 eorum
1228 3260 1256 3315 1“?
1281 3256 1466 3313 Judaei
1496 3256 1677 3312 istum
1701 3257 1892 3312 locum

231 3353 314 3410 ad
348 3342 477 3426 Gog
506 3357 562 3408 et
602 3351 810 3423 Magog
862 3349 1138 3414 referunt,
1197 3345 1551 3401 saevissimas
1610 3345 1893 3412 nationes,

232 3459 397 3517 quas
426 3442 488 3496 in
522 3440 726 3495 ultimo
781 3443 1041 3509 tempore
1097 3441 1297 3491 contra
1330 3434 1507 3490 Israel
1539 3434 1743 3488 dicunt
1769 3450 1897 3489 esse

229 3538 549 3600 venturas,
596 3530 667 3584 de
691 3527 903 3598 quibus
941 3524 1172 3598 plenius
1222 3522 1497 3578 scribitur
1522 3521 1579 3575 in
1610 3521 1892 3576 Ezechiel.

316 3619 507 3693 (Vers.
543 3619 609 3673 18
637 3617 826 3689 seqq.)
856 3616 1070 3670 Zelatus
1099 3620 1176 3667 est
1208 3612 1466 3667 Dominus
1484 3614 1692 3665 terram
1713 3626 1891 3676 suam,

232 3720 293 3767 et
317 3709 570 3782 pepercit
594 3706 908 3777 populosae
934 3719 947 3758 :
971 3707 1022 3758 et
1052 3700 1323 3772 respondit
1357 3699 1613 3754 Dominus
1668 3701 1720 3752 et
1750 3697 1894 3754 dixit

228 3797 449 3871 populo
479 3810 574 3850 suo
593 3815 612 3849 :
642 3796 772 3849 Ecce
800 3808 894 3864 ego
922 3793 1144 3846 mittam
1173 3790 1327 3845 vobis
1367 3788 1705 3858 frumentum
1729 3792 1780 3840 et
1812 3787 1894 3841 vi—

234 3903 391 3944 num
420 3892 472 3940 et
491 3884 688 3949 oleum,
719 3890 772 3937 et
800 3880 1151 3951 replebimini
1175 3893 1256 3948 eo,
1279 3880 1331 3932 et
1350 3891 1460 3931 non
1480 3874 1616 3928 dabo
1637 3890 1726 3928 cos
1747 3874 1899 3928 ultra

236 3974 606 4049 opprobrium
635 3974 695 4027 in
724 3969 1018 4043 gentibus:
1050 3969 1100 4022 et
1124 3982 1249 4022 eum
1287 3965 1385 4037 qui
1412 3963 1479 4018 ab
1504 3963 1772 4034 Aquilone
1799 3964 1896 4028 est,
1952 4022 1953 4025 η

236 4062 446 4136 procul
473 4062 678 4132 faciam
694 4076 729 4114 α
756 4058 922 4127 vobis,
955 4064 1008 4111 et
1048 4055 1323 4126 expellam
1350 4069 1475 4108 eum
1505 4053 1564 4107 in
1585 4055 1795 4106 terram
1817 4052 1901 4105 in-

237 4155 402 4209 viam
430 4154 484 4206 et
513 4148 822 4204 desertam:
850 4146 1019 4218 facies
1053 4143 1246 4214 [Vulg.
1295 4141 1519 4212 [aciem]
1570 4140 1687 4212 ejus
1716 4146 1900 4194 contra

238 4255 411 4298 mare
429 4237 715 4306 orientale,
738 4239 793 4292 et
808 4238 1122 4290 extremum
1136 4232 1254 4303 ejus
1265 4229 1336 4285 ad
1346 4229 1872 4284 marenovissimum
1888 4243 1901 4282 :

240 4334 294 4387 et
326 4326 590 4385 ascendet
616 4327 758 4398 fetor
786 4324 923 4394 ejus,
958 4325 1013 4377 et
1048 4319 1299 4376 ascendet
1343 4320 1572 4386 putredo
1604 4318 1779 4381 illius,
1811 4317 1907 4387 qui

240 4416 457 4493 [Vulg:
486 4415 639 4487 quia]
660 4412 885 4483 superbe
914 4411 1044 4481 egit.
1099 4408 1275 4462 LXX:
1334 4407 1399 4461 Et
1449 4406 1656 4493 celatus
1685 4409 1765 4460 est
1802 4406 1905 4459 Do-

2003 3263 2205 3330 postea
2234 3257 2628 3312 misericordia
2659 3258 2889 3313 Domini
2923 3260 3072 3313 inter
3100 3261 3453 3316 vestibulum
3486 3265 3543 3317 et
3570 3260 3652 3317 al-

2001 3352 2145 3414 tare,
2172 3347 2280 3401 hoc
2302 3351 2411 3414 est,
2461 3346 2609 3399 inter
2637 3347 2826 3401 crucis
2876 3352 2932 3401 et
2956 3349 3399 3405 resurrectionis
3430 3350 3648 3417 locum,

2006 3434 2404 3491 sacerdotibus
2425 3441 2481 3488 et
2510 3434 2742 3504 populis
2768 3436 3077 3490 Dominum
3101 3437 3549 3507 deprecantibus
3570 3442 3654 3492 at-

2007 3539 2121 3594 que
2151 3520 2519 3576 dicentibus:
2552 3521 2721 3575 Parce
2749 3522 2948 3591 populo
2997 3525 3110 3585 tuo,
3144 3525 3310 3575 vento
3352 3527 3646 3593 surgente,

2007 3611 2066 3666 in
2099 3627 2259 3664 mare
2290 3609 2546 3680 primum
2580 3613 2635 3663 et
2662 3609 3047 3663 novissimum
3086 3609 3455 3680 Praecipitatie
3488 3613 3648 3664 sunt.

2010 3700 2165 3755 Mare
2186 3697 2440 3768 primum
2466 3696 2618 3767 quod
2644 3696 2813 3765 juxta
2834 3695 3206 3751 solitudinem
3238 3702 3344 3765 est,
3394 3702 3452 3752 et
3472 3696 3656 3769 vergit

2010 3787 2081 3841 ad
2115 3786 2431 3850 Orientem,
2463 3783 2606 3838 illud
2642 3782 2918 3854 intellige,
2955 3784 3011 3837 in
3045 3800 3160 3854 quo
3210 3782 3319 3838 fuit
3356 3785 3653 3854 quondam

2009 3874 2259 3930 Sodoma
2306 3877 2361 3927 et
2385 3869 2726 3939 Gomorrha,
2747 3871 2971 3924 Adama
3001 3875 3058 3925 et
3106 3870 3362 3938 Seboim,
3391 3871 3465 3942 (b)
3497 3870 3656 3942 quod

2013 3979 2167 4018 nunc
2198 3962 2492 4016 Mortuum
2525 3958 2883 4024 nominatur,
2908 3976 2972 4013 eo
2996 3959 3150 4029 quod
3180 3957 3340 4013 nulla
3363 3959 3437 4013 ibi
3464 3958 3658 4014 vivant

2013 4049 2354 4107 animantia.
2386 4048 2541 4102 Mare
2573 4052 2765 4101 autem
2798 4046 3209 4113 novissimum,
3254 4046 3361 4101 hoc
3395 4048 3550 4118 quod
3581 4047 3656 4102 ad

2013 4140 2379 4196 Occidentem
2403 4141 2511 4202 est,
2535 4139 2591 4189 et
2611 4134 2766 4205 quod
2789 4135 2950 4190 ducit
2973 4135 3027 4189 in
3050 4135 3385 4207 rEgyptum,
3404 4135 3463 4190 in
3485 4136 3659 4208 cujus

2013 4229 2225 4284 littore!
2256 4226 2429 4292 Gaza,
2487 4229 2542 4279 et
2588 4222 2856 4292 Ascalon,
2917 4228 3249 4295 Azotusque
3280 4226 3337 4278 et
3365 4223 3570 4295 Joppe,
3603 4224 3662 4276 et

2013 4320 2294 4381 Caesarea,
2353 4319 2409 4369 et
2462 4317 2677 4367 caterva
2736 4314 2911 4368 urbes
2968 4311 3277 4367 maritimae
3334 4311 3455 4366 sita:
3499 4313 3657 4366 sunt.

2017 4407 2276 4475 Cumque
2301 4403 2496 4457 littora
2518 4401 2828 4473 utriusque
2852 4401 3032 4455 maris
3052 4399 3272 4455 acervis
3295 4403 3659 4453 mortuarum

241 4485 445 4563 minus
474 4485 681 4557 terram
710 4516 886 4566 suam,
938 4501 989 4552 et
1044 4496 1285 4567 pepercit
1333 4491 1542 4565 populo
1592 4509 1712 4559 suo,
1744 4500 1795 4548 et
1820 4508 1905 4548 re-
1937 4511 1984 4576 D
2017 4494 2397 4558 locustarum,
2431 4507 2577 4561 quas
2608 4505 2775 4559 aqua}
2804 4492 3202 4554 evomuerant,
3253 4485 3660 4557 implerentur,

240 4593 471 4668 spondit
499 4589 863 4654 Dominus,_et
892 4587 1043 4641 dicit
1069 4584 1269 4657 populo
1311 4598 1407 4637 suo
1432 4598 1445 4636 :
1496 4582 1624 4636 Ecce
1652 4597 1749 4651 ego
1776 4581 1903 4635 mit-
1939 4574 1951 4576 ’
2017 4582 2259 4657 putredo
2278 4596 2479 4636 earum
2503 4583 2559 4634 et
2581 4578 2724 4632 fetor
2744 4577 3036 4632 intentum
3067 4575 3297 4668 noxi-us
3331 4574 3457 4668 fuit,
3482 4576 3546 4627 ut
3566 4587 3662 4628 ae-

246 4662 367 4740 tum
386 4681 545 4738 vobis
567 4681 911 4750 frumentum
930 4676 1182 4730 etvinum
1193 4672 1453 4741 etoleum,
1466 4676 1515 4724 et
1530 4669 1911 4740 implebimini
2014 4689 2139 4728 rem
2162 4685 2392 4741 quoque
2412 4668 2830 4735 corrumperet,
2854 4669 2910 4719 et
2933 4663 3265 4735 pestilentia
3286 4667 3404 4717 tam
3426 4662 3662 4750 jumen-

245 4788 321 4829 επ
339 4772 447 4840 eis,
468 4776 521 4824 et
542 4747 652 4823 non
678 4764 821 4820 dabo
846 4778 936 4818 vos
966 4763 1120 4817 ultra
1163 4759 1513 4832 opprobrium
1560 4760 1621 4813 in
1639 4757 1909 4829 gentibus,
2017 4768 2209 4816 torum
2234 4773 2411 4828 quam
2438 4753 2744 4809 hominum
2767 4752 3122 4825 gigneretur.
3147 4752 3375 4840 Quaerat
3402 4747 3667 4840 eruditus

246 4868 305 4915 et
318 4833 453 4914 eum
474 4857 572 4930 qui
591 4856 657 4910 ab
680 4852 946 4924 Aquilone
965 4854 1043 4906 est
1064 4847 1340 4918 repellam
1360 4864 1393 4901 a
1420 4847 1588 4916 vobis,
1608 4855 1657 4901 et
1685 4846 1910 4901 educam
2016 4849 2198 4904 lector
2229 4844 2327 4899 ubi
2357 4843 2465 4897 hoc
2506 4843 2675 4911 juxta
2708 4840 2963 4894 litteram
3022 4840 3238 4895 factum
3270 4836 3355 4930 sit
3395 4837 3471 4891 de’
3495 4833 3667 4930 Chal-

249 4963 385 5004 eum
410 4922 708 5002 inderram
728 4922 855 5013 qua:
874 4948 954 4995 est
974 4940 1095 4995 sine
1117 4954 1283 5008 aqua,
1306 4946 1357 4992 et
1382 4935 1699 5005 disperdam
1712 4936 1915 5006 faciem
2021 4934 2162 4991 dacis
2184 4933 2211 4987 ?
2234 4932 2356 4985 Non
2380 4929 2564 4984 multo
2589 4931 2716 4999 post
2738 4932 2997 5013 tempore
3044 4943 3217 4997 quam
3270 4926 3389 4979 haec
3421 4922 3666 4997 prophe-

250 5036 381 5106 ejus
408 5035 469 5089 in
496 5048 647 5088 mare
665 5031 927 5103 primum,
952 5036 1003 5083 et
1050 5026 1359 5099 posteriora
1402 5024 1520 5094 ejus
1543 5025 1602 5077 in
1638 5040 1793 5077 mare
1820 5037 1915 5078 no-
2020 5028 2143 5079 tata
2172 5024 2331 5086 sunt,
2365 5016 2656 5106 siquidem
2682 5014 2741 5068 in
2774 5014 2922 5106 Isaia
2948 5012 3219 5085 legimus,
3256 5018 3490 5106 centum
3514 5015 3668 5106 octo-

254 5098 554 5181 uissimum
582 5137 595 5175 :
629 5098 683 5174 et
710 5115 962 5173 ascendet
984 5098 1126 5188 fetor
1154 5115 1295 5186 ejus,
1324 5115 1375 5168 et
1412 5110 1664 5166 ascendet
1688 5108 1916 5181 putredo
2024 5112 2187 5185 ginta
2211 5108 2470 5180 quinque
2491 5103 2678 5159 millia
2700 5100 3102 5158 Chaldaeorum
3136 5104 3244 5156 sub
3266 5118 3399 5173 rege
3424 5098 3674 5188 Ezechia

252 5212 445 5274 illius,
478 5209 742 5281 quoniam
768 5186 1124 5277 magniﬁcam
1179 5209 1305 5258 sunt
1360 5216 1528 5273 opera
1578 5199 1717 5269 eius.
1750 5202 1915 5254 Post-
2024 5200 2084 5255 in
2107 5214 2226 5253 una
2250 5198 2417 5250 nocte
2439 5191 2643 5263 angelo
2666 5190 2934 5246 saeviente
2957 5205 3235 5262 percussa
3255 5189 3401 5261 (Isai.
3435 5186 3668 5259 xxxvu).

362 5390 428 5456 α)
460 5384 711 5440 Palatini
745 5400 890 5457 mss.
926 5378 1237 5457 πρόπυλον,
1271 5378 1423 5457 quod
1458 5378 1832 5457 idemsonat.
2024 5379 2242 5457 potest}.
2266 5389 2337 5427 ne
2365 5366 3281 5457 cocta-(eote,qutdquiuparuiquﬁ

362 5390 428 5456 α)
460 5389 711 5440 Palatini
745 5400 890 5439 mss.
926 5389 1237 5457 πρόπυλον,
1271 5389 1423 5452 quod
1458 5389 1612 5433 idem
1645 5389 1832 5432 sonat.
2024 5389 2232 5456 potest;
2266 5389 2337 5427 ne
2365 5389 2665 5426 ccc/uecta:
2693 5389 2929 5448 quamn,
2981 5389 3246 5448 parvique
3302 5389 3595 5448 vermium:
3622 5389 3678 5421 et

338 5389 415 5531 ib)
438 5458 500 5513 Id
520 5455 907 5531 exaggeratin
932 5450 1381 5531 Commentariis
1400 5450 1460 5531 in
1483 5447 1766 5531 Ezechiel.
1792 5464 1922 5531 cap,
2028 5446 2316 5517 anguillae,
2340 5446 2388 5497 et
2404 5441 3497 5531 caetera‘anima‘ntlium,‘serpentium

254 5509 1075 5596 χιζξιῖξᾷοἶίξὸἷέξηασῖιδᾳαο
1104 5523 1264 5596 nihil
1284 5520 1431 5596 quod
1449 5521 1637 5592 spiret,
1665 5528 1723 5596 et
1748 5509 1925 5596 possit
2028 5509 2125 5589 ra:
2138 5530 2368 5596 quorum
2392 5512 2569 5596 magis
2605 5509 2951 5596 cprp'uscutq
2969 5524 3261 5596 possumus,
3292 5524 3479 5596 nosse,
3510 5522 3677 5596 quam

256 5577 1097 5674 Wejpré'amaritudine
1123 5577 1307 5653 nimia'
1322 5596 1383 5652 in
1411 5577 1508 5652 hoc
1528 5577 1676 5651 mari
1690 5577 1926 5669 reperiri
2028 5577 2275 5651 nomina.
2305 5582 2449 5643 Vide
2476 5577 2603 5660 qua
2633 5577 2878 5639 in‘bunc
2906 5577 3101 5641 locum
3130 5577 3589 5647 observavimus.

590 5725 851 5794 Panos.
897 5723 1089 5793 XXV.
3272 5705 3347 5779 81
