  <div class='ocr_page' id='page_1' title='image "/cluster/home/n/w/nwhite01/storage/ocr_20150623/25/hvd.32044096580493/491.png"; bbox 0 0 3986 6190; ppageno 0'>
   <div class='ocr_carea' id='block_1_1' title="bbox 347 321 458 386">
    <p class='ocr_par' dir='ltr' id='par_1_1' title="bbox 347 321 458 386">
     <span class='ocr_line' id='line_1_1' title="bbox 347 321 458 386; baseline -0.018 0"><span class='ocrx_word' id='word_1_1' title='bbox 347 321 458 386; x_wconf 78' lang='grc'>971</span> 
     </span>
    </p>
   </div>
   <div class='ocr_carea' id='block_1_2' title="bbox 1617 312 2520 380">
    <p class='ocr_par' dir='ltr' id='par_1_2' title="bbox 1617 312 2520 380">
     <span class='ocr_line' id='line_1_2' title="bbox 1617 312 2520 380; baseline -0.003 -1"><span class='ocrx_word' id='word_1_2' title='bbox 1617 318 1682 379; x_wconf 91' lang='lat' dir='ltr'>S.</span> <span class='ocrx_word' id='word_1_3' title='bbox 1729 313 2037 380; x_wconf 89' lang='lat' dir='ltr'>EUSEBII</span> <span class='ocrx_word' id='word_1_4' title='bbox 2082 312 2520 378; x_wconf 81' lang='lat' dir='ltr'>HIERONYMI</span> 
     </span>
    </p>
   </div>
   <div class='ocr_carea' id='block_1_3' title="bbox 3626 308 3744 374">
    <p class='ocr_par' dir='ltr' id='par_1_3' title="bbox 3626 308 3744 374">
     <span class='ocr_line' id='line_1_3' title="bbox 3626 308 3744 374; baseline 0.017 -2"><span class='ocrx_word' id='word_1_5' title='bbox 3626 308 3744 374; x_wconf 74' lang='grc'>972</span> 
     </span>
    </p>
   </div>
   <div class='ocr_carea' id='block_1_4' title="bbox 346 444 3746 525">
    <p class='ocr_par' dir='ltr' id='par_1_4' title="bbox 346 444 3746 525">
     <span class='ocr_line' id='line_1_4' title="bbox 346 444 3746 525; baseline -0.004 -15"><span class='ocrx_word' id='word_1_6' title='bbox 346 456 464 511; x_wconf 90' lang='lat' dir='ltr'>Hoc</span> <span class='ocrx_word' id='word_1_7' title='bbox 481 454 651 525; x_wconf 81' lang='lat' dir='ltr'><strong>juxta</strong></span> <span class='ocrx_word' id='word_1_8' title='bbox 673 450 980 508; x_wconf 80' lang='lat' dir='ltr'>historiam</span> <span class='ocrx_word' id='word_1_9' title='bbox 1000 449 1345 506; x_wconf 85' lang='lat' dir='ltr'>dixerimus.</span> <span class='ocrx_word' id='word_1_10' title='bbox 1370 449 1649 506; x_wconf 46' lang='lat' dir='ltr'>Ceterum</span> <span class='ocrx_word' id='word_1_11' title='bbox 1675 449 1846 520; x_wconf 82' lang='lat' dir='ltr'>juxta</span> <span class='ocrx_word' id='word_1_12' title='bbox 1879 453 1992 503; x_wconf 86' lang='lat' dir='ltr'>tro-</span> <span class='ocrx_word' id='word_1_13' title='bbox 2024 449 2077 514; x_wconf 88' lang='grc' dir='ltr'><strong>Α</strong></span> <span class='ocrx_word' id='word_1_14' title='bbox 2105 465 2213 519; x_wconf 87' lang='lat' dir='ltr'>gna</span> <span class='ocrx_word' id='word_1_15' title='bbox 2238 465 2402 520; x_wconf 91' lang='lat' dir='ltr'>quam</span> <span class='ocrx_word' id='word_1_16' title='bbox 2423 449 2557 502; x_wconf 90' lang='lat' dir='ltr'>misi</span> <span class='ocrx_word' id='word_1_17' title='bbox 2576 448 2635 502; x_wconf 89' lang='lat' dir='ltr'>in</span> <span class='ocrx_word' id='word_1_18' title='bbox 2655 462 2746 502; x_wconf 88' lang='lat' dir='ltr'>vos</span> <span class='ocrx_word' id='word_1_19' title='bbox 2773 461 2786 502; x_wconf 89' lang='lat'>:</span> <span class='ocrx_word' id='word_1_20' title='bbox 2813 449 2861 502; x_wconf 88' lang='lat' dir='ltr'>et</span> <span class='ocrx_word' id='word_1_21' title='bbox 2881 444 3167 503; x_wconf 79' lang='lat' dir='ltr'>comedetis</span> <span class='ocrx_word' id='word_1_22' title='bbox 3203 450 3495 513; x_wconf 74' lang='lat' dir='ltr'>vescentes,</span> <span class='ocrx_word' id='word_1_23' title='bbox 3525 450 3581 500; x_wconf 86' lang='lat' dir='ltr'>et</span> <span class='ocrx_word' id='word_1_24' title='bbox 3597 451 3746 498; x_wconf 84' lang='lat' dir='ltr'>satu-</span> 
     </span>
    </p>
   </div>
   <div class='ocr_carea' id='block_1_5' title="bbox 346 538 1998 616">
    <p class='ocr_par' dir='ltr' id='par_1_5' title="bbox 346 538 1998 616">
     <span class='ocr_line' id='line_1_5' title="bbox 346 538 1998 616; baseline -0.004 -18"><span class='ocrx_word' id='word_1_25' title='bbox 346 541 659 616; x_wconf 86' lang='lat' dir='ltr'>pologiam,</span> <span class='ocrx_word' id='word_1_26' title='bbox 688 541 881 596; x_wconf 89' lang='lat' dir='ltr'>omnis</span> <span class='ocrx_word' id='word_1_27' title='bbox 909 539 1104 596; x_wconf 88' lang='lat' dir='ltr'>anima</span> <span class='ocrx_word' id='word_1_28' title='bbox 1129 544 1283 595; x_wconf 90' lang='lat' dir='ltr'>terra</span> <span class='ocrx_word' id='word_1_29' title='bbox 1307 543 1395 595; x_wconf 92' lang='lat' dir='ltr'>est</span> <span class='ocrx_word' id='word_1_30' title='bbox 1417 538 1669 605; x_wconf 87' lang='lat' dir='ltr'>Domini,</span> <span class='ocrx_word' id='word_1_31' title='bbox 1695 539 1753 593; x_wconf 90' lang='lat' dir='ltr'>in</span> <span class='ocrx_word' id='word_1_32' title='bbox 1776 554 1892 609; x_wconf 92' lang='lat' dir='ltr'>qua</span> <span class='ocrx_word' id='word_1_33' title='bbox 1913 553 1998 591; x_wconf 87' lang='lat' dir='ltr'>se-</span> 
     </span>
    </p>
   </div>
   <div class='ocr_carea' id='block_1_6' title="bbox 345 616 1996 701">
    <p class='ocr_par' dir='ltr' id='par_1_6' title="bbox 345 616 1996 701">
     <span class='ocr_line' id='line_1_6' title="bbox 345 616 1996 701; baseline -0.004 -15"><span class='ocrx_word' id='word_1_34' title='bbox 345 616 530 686; x_wconf 76' lang='lat' dir='ltr'>minat</span> <span class='ocrx_word' id='word_1_35' title='bbox 547 634 712 701; x_wconf 88' lang='lat' dir='ltr'>pater</span> <span class='ocrx_word' id='word_1_36' title='bbox 740 628 993 684; x_wconf 83' lang='lat' dir='ltr'>familias</span> <span class='ocrx_word' id='word_1_37' title='bbox 1017 633 1341 684; x_wconf 84' lang='lat' dir='ltr'>sementem</span> <span class='ocrx_word' id='word_1_38' title='bbox 1370 645 1562 695; x_wconf 90' lang='lat' dir='ltr'>suam,</span> <span class='ocrx_word' id='word_1_39' title='bbox 1586 644 1712 698; x_wconf 72' lang='lat' dir='ltr'>quae</span> <span class='ocrx_word' id='word_1_40' title='bbox 1735 643 1869 682; x_wconf 93' lang='lat' dir='ltr'>cum</span> <span class='ocrx_word' id='word_1_41' title='bbox 1895 641 1996 696; x_wconf 89' lang='lat' dir='ltr'>pro</span> 
     </span>
    </p>
   </div>
   <div class='ocr_carea' id='block_1_7' title="bbox 343 714 1997 787">
    <p class='ocr_par' dir='ltr' id='par_1_7' title="bbox 343 714 1997 787">
     <span class='ocr_line' id='line_1_7' title="bbox 343 714 1997 787; baseline -0.004 -14"><span class='ocrx_word' id='word_1_42' title='bbox 343 717 534 773; x_wconf 90' lang='lat' dir='ltr'>tritico</span> <span class='ocrx_word' id='word_1_43' title='bbox 565 717 786 772; x_wconf 90' lang='lat' dir='ltr'>zizania</span> <span class='ocrx_word' id='word_1_44' title='bbox 819 717 1035 782; x_wconf 82' lang='lat' dir='ltr'>fecerit,</span> <span class='ocrx_word' id='word_1_45' title='bbox 1070 717 1126 772; x_wconf 91' lang='lat' dir='ltr'>id</span> <span class='ocrx_word' id='word_1_46' title='bbox 1158 722 1265 787; x_wconf 90' lang='lat' dir='ltr'>est,</span> <span class='ocrx_word' id='word_1_47' title='bbox 1325 733 1540 772; x_wconf 84' lang='lat' dir='ltr'>avenas</span> <span class='ocrx_word' id='word_1_48' title='bbox 1597 720 1653 770; x_wconf 92' lang='lat' dir='ltr'>et</span> <span class='ocrx_word' id='word_1_49' title='bbox 1682 714 1910 780; x_wconf 90' lang='lat' dir='ltr'>lolium,</span> <span class='ocrx_word' id='word_1_50' title='bbox 1941 717 1997 767; x_wconf 88' lang='lat' dir='ltr'>et</span> 
     </span>
    </p>
   </div>
   <div class='ocr_carea' id='block_1_8' title="bbox 343 801 1995 877">
    <p class='ocr_par' dir='ltr' id='par_1_8' title="bbox 343 801 1995 877">
     <span class='ocr_line' id='line_1_8' title="bbox 343 801 1995 877; baseline -0.004 -15"><span class='ocrx_word' id='word_1_51' title='bbox 343 805 652 862; x_wconf 77' lang='lat' dir='ltr'>offenderit</span> <span class='ocrx_word' id='word_1_52' title='bbox 685 806 995 861; x_wconf 89' lang='lat' dir='ltr'>Dominum</span> <span class='ocrx_word' id='word_1_53' title='bbox 1020 823 1218 871; x_wconf 90' lang='lat' dir='ltr'>suum,</span> <span class='ocrx_word' id='word_1_54' title='bbox 1259 810 1316 860; x_wconf 92' lang='lat' dir='ltr'>et</span> <span class='ocrx_word' id='word_1_55' title='bbox 1362 809 1561 877; x_wconf 90' lang='lat' dir='ltr'>postea</span> <span class='ocrx_word' id='word_1_56' title='bbox 1601 803 1783 874; x_wconf 83' lang='lat' dir='ltr'>egerit</span> <span class='ocrx_word' id='word_1_57' title='bbox 1813 801 1995 874; x_wconf 62' lang='lat' dir='ltr'>paeni-</span> 
     </span>
    </p>
   </div>
   <div class='ocr_carea' id='block_1_9' title="bbox 347 892 1996 966">
    <p class='ocr_par' dir='ltr' id='par_1_9' title="bbox 347 892 1996 966">
     <span class='ocr_line' id='line_1_9' title="bbox 347 892 1996 966; baseline -0.004 -16"><span class='ocrx_word' id='word_1_58' title='bbox 347 893 612 950; x_wconf 90' lang='lat' dir='ltr'>tentiam:</span> <span class='ocrx_word' id='word_1_59' title='bbox 635 893 789 949; x_wconf 77' lang='lat'>196</span> <span class='ocrx_word' id='word_1_60' title='bbox 823 893 1226 966; x_wconf 88' lang='lat' dir='ltr'>plangensque</span> <span class='ocrx_word' id='word_1_61' title='bbox 1249 893 1503 949; x_wconf 81' lang='lat' dir='ltr'>dixerit?</span> <span class='ocrx_word' id='word_1_62' title='bbox 1526 898 1717 960; x_wconf 89' lang='lat' dir='ltr'>Puree,</span> <span class='ocrx_word' id='word_1_63' title='bbox 1749 892 1996 959; x_wconf 79' lang='lat' dir='ltr'>Domine,</span> 
     </span>
    </p>
   </div>
   <div class='ocr_carea' id='block_1_10' title="bbox 346 981 2000 1054">
    <p class='ocr_par' dir='ltr' id='par_1_10' title="bbox 346 981 2000 1054">
     <span class='ocr_line' id='line_1_10' title="bbox 346 981 2000 1054; baseline -0.004 -15"><span class='ocrx_word' id='word_1_64' title='bbox 346 981 552 1054; x_wconf 83' lang='lat' dir='ltr'>papula</span> <span class='ocrx_word' id='word_1_65' title='bbox 580 987 690 1049; x_wconf 85' lang='lat' dir='ltr'>tuo,</span> <span class='ocrx_word' id='word_1_66' title='bbox 725 981 945 1037; x_wconf 77' lang='lat' dir='ltr'>zelatur</span> <span class='ocrx_word' id='word_1_67' title='bbox 966 982 1250 1037; x_wconf 87' lang='lat' dir='ltr'>Dominus</span> <span class='ocrx_word' id='word_1_68' title='bbox 1273 986 1486 1036; x_wconf 90' lang='lat' dir='ltr'>terram</span> <span class='ocrx_word' id='word_1_69' title='bbox 1510 996 1702 1044; x_wconf 90' lang='lat' dir='ltr'>suam,</span> <span class='ocrx_word' id='word_1_70' title='bbox 1725 984 1782 1033; x_wconf 90' lang='lat' dir='ltr'>et</span> <span class='ocrx_word' id='word_1_71' title='bbox 1803 983 2000 1049; x_wconf 83' lang='lat' dir='ltr'>parcet</span> 
     </span>
    </p>
   </div>
   <div class='ocr_carea' id='block_1_11' title="bbox 349 1067 2002 1142">
    <p class='ocr_par' dir='ltr' id='par_1_11' title="bbox 349 1067 2002 1142">
     <span class='ocr_line' id='line_1_11' title="bbox 349 1067 2002 1142; baseline -0.004 -16"><span class='ocrx_word' id='word_1_72' title='bbox 349 1070 401 1126; x_wconf 85' lang='lat' dir='ltr'>ei</span> <span class='ocrx_word' id='word_1_73' title='bbox 425 1087 602 1142; x_wconf 89' lang='lat' dir='ltr'>quam</span> <span class='ocrx_word' id='word_1_74' title='bbox 625 1071 849 1126; x_wconf 90' lang='lat' dir='ltr'>dudum</span> <span class='ocrx_word' id='word_1_75' title='bbox 874 1075 1324 1142; x_wconf 84' lang='lat' dir='ltr'>contempserat,</span> <span class='ocrx_word' id='word_1_76' title='bbox 1343 1085 1564 1140; x_wconf 90' lang='lat' dir='ltr'>suoque</span> <span class='ocrx_word' id='word_1_77' title='bbox 1577 1083 1705 1123; x_wconf 91' lang='lat' dir='ltr'>eam</span> <span class='ocrx_word' id='word_1_78' title='bbox 1725 1067 2002 1138; x_wconf 86' lang='lat' dir='ltr'>dignatur</span> 
     </span>
    </p>
   </div>
   <div class='ocr_carea' id='block_1_12' title="bbox 351 1155 1998 1230">
    <p class='ocr_par' dir='ltr' id='par_1_12' title="bbox 351 1155 1998 1230">
     <span class='ocr_line' id='line_1_12' title="bbox 351 1155 1998 1230; baseline -0.004 -16"><span class='ocrx_word' id='word_1_79' title='bbox 351 1158 607 1230; x_wconf 90' lang='lat' dir='ltr'>alloquio</span> <span class='ocrx_word' id='word_1_80' title='bbox 637 1163 693 1214; x_wconf 92' lang='lat' dir='ltr'>et</span> <span class='ocrx_word' id='word_1_81' title='bbox 723 1158 901 1213; x_wconf 88' lang='lat' dir='ltr'>dicit:</span> <span class='ocrx_word' id='word_1_82' title='bbox 933 1158 1158 1214; x_wconf 85' lang='lat' dir='ltr'>Mittam</span> <span class='ocrx_word' id='word_1_83' title='bbox 1200 1157 1310 1212; x_wconf 87' lang='lat' dir='ltr'>tibi</span> <span class='ocrx_word' id='word_1_84' title='bbox 1360 1158 1742 1223; x_wconf 88' lang='lat' dir='ltr'>frumentum,</span> <span class='ocrx_word' id='word_1_85' title='bbox 1783 1155 1852 1210; x_wconf 90' lang='lat' dir='ltr'>de</span> <span class='ocrx_word' id='word_1_86' title='bbox 1883 1170 1998 1225; x_wconf 89' lang='lat' dir='ltr'>quo</span> 
     </span>
    </p>
   </div>
   <div class='ocr_carea' id='block_1_13' title="bbox 351 1246 1995 1318">
    <p class='ocr_par' dir='ltr' id='par_1_13' title="bbox 351 1246 1995 1318">
     <span class='ocr_line' id='line_1_13' title="bbox 351 1246 1995 1318; baseline -0.004 -16"><span class='ocrx_word' id='word_1_87' title='bbox 351 1247 636 1318; x_wconf 88' lang='lat' dir='ltr'>scriptum</span> <span class='ocrx_word' id='word_1_88' title='bbox 667 1251 755 1302; x_wconf 91' lang='lat' dir='ltr'>est</span> <span class='ocrx_word' id='word_1_89' title='bbox 782 1263 795 1302; x_wconf 89' lang='lat'>:</span> <span class='ocrx_word' id='word_1_90' title='bbox 831 1247 996 1302; x_wconf 89' lang='lat' dir='ltr'>Amen</span> <span class='ocrx_word' id='word_1_91' title='bbox 1026 1263 1208 1316; x_wconf 89' lang='lat' dir='ltr'>amen,</span> <span class='ocrx_word' id='word_1_92' title='bbox 1240 1247 1358 1301; x_wconf 88' lang='lat' dir='ltr'>dico</span> <span class='ocrx_word' id='word_1_93' title='bbox 1418 1246 1585 1316; x_wconf 88' lang='lat' dir='ltr'>vobis,</span> <span class='ocrx_word' id='word_1_94' title='bbox 1618 1247 1732 1299; x_wconf 91' lang='lat' dir='ltr'>nisi</span> <span class='ocrx_word' id='word_1_95' title='bbox 1759 1259 1995 1315; x_wconf 86' lang='lat' dir='ltr'>granum</span> 
     </span>
    </p>
   </div>
   <div class='ocr_carea' id='block_1_14' title="bbox 351 1334 2000 1407">
    <p class='ocr_par' dir='ltr' id='par_1_14' title="bbox 351 1334 2000 1407">
     <span class='ocr_line' id='line_1_14' title="bbox 351 1334 2000 1407; baseline -0.002 -17"><span class='ocrx_word' id='word_1_96' title='bbox 351 1337 628 1407; x_wconf 78' lang='lat' dir='ltr'>frumenti</span> <span class='ocrx_word' id='word_1_97' title='bbox 653 1334 852 1390; x_wconf 87' lang='lat' dir='ltr'>cadens</span> <span class='ocrx_word' id='word_1_98' title='bbox 880 1337 941 1390; x_wconf 90' lang='lat' dir='ltr'>in</span> <span class='ocrx_word' id='word_1_99' title='bbox 973 1345 1179 1391; x_wconf 87' lang='lat' dir='ltr'>terram</span> <span class='ocrx_word' id='word_1_100' title='bbox 1209 1339 1483 1390; x_wconf 86' lang='lat' dir='ltr'>mortuum</span> <span class='ocrx_word' id='word_1_101' title='bbox 1503 1337 1693 1404; x_wconf 81' lang='lat' dir='ltr'>fuerit,</span> <span class='ocrx_word' id='word_1_102' title='bbox 1725 1335 1903 1403; x_wconf 89' lang='lat' dir='ltr'>ipsum</span> <span class='ocrx_word' id='word_1_103' title='bbox 1921 1347 2000 1386; x_wconf 87' lang='lat' dir='ltr'>so-</span> 
     </span>
    </p>
   </div>
   <div class='ocr_carea' id='block_1_15' title="bbox 353 1422 2000 1492">
    <p class='ocr_par' dir='ltr' id='par_1_15' title="bbox 353 1422 2000 1492">
     <span class='ocr_line' id='line_1_15' title="bbox 353 1422 2000 1492; baseline -0.003 -13"><span class='ocrx_word' id='word_1_104' title='bbox 353 1425 469 1479; x_wconf 87' lang='lat' dir='ltr'>lum</span> <span class='ocrx_word' id='word_1_105' title='bbox 498 1431 685 1479; x_wconf 88' lang='lat' dir='ltr'>manet</span> <span class='ocrx_word' id='word_1_106' title='bbox 709 1442 726 1478; x_wconf 91' lang='lat'>:</span> <span class='ocrx_word' id='word_1_107' title='bbox 755 1426 804 1478; x_wconf 96' lang='lat' dir='ltr'>si</span> <span class='ocrx_word' id='word_1_108' title='bbox 832 1432 1014 1478; x_wconf 86' lang='lat' dir='ltr'>autem</span> <span class='ocrx_word' id='word_1_109' title='bbox 1041 1432 1316 1480; x_wconf 89' lang='lat' dir='ltr'>mortuum</span> <span class='ocrx_word' id='word_1_110' title='bbox 1344 1423 1541 1492; x_wconf 79' lang='lat' dir='ltr'>fuerit,</span> <span class='ocrx_word' id='word_1_111' title='bbox 1564 1422 1764 1476; x_wconf 89' lang='lat' dir='ltr'>multos</span> <span class='ocrx_word' id='word_1_112' title='bbox 1787 1423 2000 1491; x_wconf 83' lang='lat' dir='ltr'>fruetus</span> 
     </span>
    </p>
   </div>
   <div class='ocr_carea' id='block_1_16' title="bbox 351 1509 2001 1584">
    <p class='ocr_par' dir='ltr' id='par_1_16' title="bbox 351 1509 2001 1584">
     <span class='ocr_line' id='line_1_16' title="bbox 351 1509 2001 1584; baseline -0.004 -16"><span class='ocrx_word' id='word_1_113' title='bbox 351 1515 486 1583; x_wconf 85' lang='lat' dir='ltr'>facit</span> <span class='ocrx_word' id='word_1_114' title='bbox 517 1513 694 1584; x_wconf 86' lang='lat' dir='ltr'>(Joan.</span> <span class='ocrx_word' id='word_1_115' title='bbox 726 1513 828 1582; x_wconf 85' lang='lat' dir='ltr'>xu)</span> <span class='ocrx_word' id='word_1_116' title='bbox 862 1537 875 1577; x_wconf 88' lang='lat'><strong>;</strong></span> <span class='ocrx_word' id='word_1_117' title='bbox 909 1516 965 1567; x_wconf 88' lang='lat' dir='ltr'>et</span> <span class='ocrx_word' id='word_1_118' title='bbox 995 1513 1197 1566; x_wconf 91' lang='lat' dir='ltr'>vinum</span> <span class='ocrx_word' id='word_1_119' title='bbox 1231 1513 1386 1583; x_wconf 93' lang='lat' dir='ltr'>quod</span> <span class='ocrx_word' id='word_1_120' title='bbox 1409 1511 1662 1566; x_wconf 66' lang='lat' dir='ltr'>laetiﬁcat</span> <span class='ocrx_word' id='word_1_121' title='bbox 1688 1526 1786 1564; x_wconf 89' lang='lat' dir='ltr'>cor</span> <span class='ocrx_word' id='word_1_122' title='bbox 1817 1509 2001 1563; x_wconf 86' lang='lat' dir='ltr'>homi-</span> 
     </span>
    </p>
   </div>
   <div class='ocr_carea' id='block_1_17' title="bbox 356 1596 2002 1671">
    <p class='ocr_par' dir='ltr' id='par_1_17' title="bbox 356 1596 2002 1671">
     <span class='ocr_line' id='line_1_17' title="bbox 356 1596 2002 1671; baseline -0.002 -15"><span class='ocrx_word' id='word_1_123' title='bbox 356 1602 467 1670; x_wconf 86' lang='lat' dir='ltr'>nis,</span> <span class='ocrx_word' id='word_1_124' title='bbox 484 1605 540 1656; x_wconf 90' lang='lat' dir='ltr'>et</span> <span class='ocrx_word' id='word_1_125' title='bbox 565 1601 758 1656; x_wconf 90' lang='lat' dir='ltr'>oleum</span> <span class='ocrx_word' id='word_1_126' title='bbox 775 1601 931 1671; x_wconf 90' lang='lat' dir='ltr'>quod</span> <span class='ocrx_word' id='word_1_127' title='bbox 965 1599 1250 1655; x_wconf 84' lang='lat' dir='ltr'>exhilarat</span> <span class='ocrx_word' id='word_1_128' title='bbox 1265 1600 1489 1666; x_wconf 82' lang='lat' dir='ltr'>faciem,</span> <span class='ocrx_word' id='word_1_129' title='bbox 1509 1603 1751 1654; x_wconf 89' lang='lat' dir='ltr'>utvetus</span> <span class='ocrx_word' id='word_1_130' title='bbox 1765 1596 2002 1652; x_wconf 87' lang='lat' dir='ltr'>tristitia</span> 
     </span>
    </p>
   </div>
   <div class='ocr_carea' id='block_1_18' title="bbox 353 1686 1998 1762">
    <p class='ocr_par' dir='ltr' id='par_1_18' title="bbox 353 1686 1998 1762">
     <span class='ocr_line' id='line_1_18' title="bbox 353 1686 1998 1762; baseline -0.004 -17"><span class='ocrx_word' id='word_1_131' title='bbox 353 1695 746 1762; x_wconf 86' lang='lat' dir='ltr'>peccatorum,</span> <span class='ocrx_word' id='word_1_132' title='bbox 770 1689 1048 1744; x_wconf 87' lang='lat' dir='ltr'>frumenti</span> <span class='ocrx_word' id='word_1_133' title='bbox 1067 1693 1123 1744; x_wconf 90' lang='lat' dir='ltr'>et</span> <span class='ocrx_word' id='word_1_134' title='bbox 1145 1688 1261 1742; x_wconf 92' lang='lat' dir='ltr'>vini</span> <span class='ocrx_word' id='word_1_135' title='bbox 1280 1693 1337 1743; x_wconf 92' lang='lat' dir='ltr'>et</span> <span class='ocrx_word' id='word_1_136' title='bbox 1353 1688 1482 1757; x_wconf 89' lang='lat' dir='ltr'>olei,</span> <span class='ocrx_word' id='word_1_137' title='bbox 1505 1688 1562 1742; x_wconf 91' lang='lat' dir='ltr'>id</span> <span class='ocrx_word' id='word_1_138' title='bbox 1586 1692 1693 1751; x_wconf 87' lang='lat' dir='ltr'>est,</span> <span class='ocrx_word' id='word_1_139' title='bbox 1717 1686 1998 1740; x_wconf 90' lang='lat' dir='ltr'>virtutum</span> 
     </span>
    </p>
   </div>
   <div class='ocr_carea' id='block_1_19' title="bbox 353 1774 2078 1873">
    <p class='ocr_par' dir='ltr' id='par_1_19' title="bbox 353 1774 2078 1873">
     <span class='ocr_line' id='line_1_19' title="bbox 353 1774 2078 1873; baseline -0.003 -40"><span class='ocrx_word' id='word_1_140' title='bbox 353 1778 554 1833; x_wconf 73' lang='lat' dir='ltr'>laetitia</span> <span class='ocrx_word' id='word_1_141' title='bbox 583 1781 960 1849; x_wconf 86' lang='lat' dir='ltr'>temperetur,</span> <span class='ocrx_word' id='word_1_142' title='bbox 993 1781 1334 1847; x_wconf 84' lang='lat' dir='ltr'>tantamque</span> <span class='ocrx_word' id='word_1_143' title='bbox 1381 1775 1683 1873; x_wconf 83' lang='lat' dir='ltr'>habebunt</span> <span class='ocrx_word' id='word_1_144' title='bbox 1710 1774 1998 1828; x_wconf 90' lang='lat' dir='ltr'>bonorum</span> <span class='ocrx_word' id='word_1_145' title='bbox 2031 1809 2078 1873; x_wconf 82' lang='lat' dir='ltr'><strong>B</strong></span> 
     </span>
    </p>
   </div>
   <div class='ocr_carea' id='block_1_20' title="bbox 355 1863 2003 1934">
    <p class='ocr_par' dir='ltr' id='par_1_20' title="bbox 355 1863 2003 1934">
     <span class='ocr_line' id='line_1_20' title="bbox 355 1863 2003 1934; baseline -0.004 -12"><span class='ocrx_word' id='word_1_146' title='bbox 355 1867 622 1922; x_wconf 91' lang='lat' dir='ltr'>omnium</span> <span class='ocrx_word' id='word_1_147' title='bbox 643 1865 1086 1934; x_wconf 87' lang='lat' dir='ltr'>abundantiam,</span> <span class='ocrx_word' id='word_1_148' title='bbox 1114 1869 1177 1918; x_wconf 92' lang='lat' dir='ltr'>ut</span> <span class='ocrx_word' id='word_1_149' title='bbox 1197 1864 1532 1928; x_wconf 85' lang='lat' dir='ltr'>repleantur</span> <span class='ocrx_word' id='word_1_150' title='bbox 1553 1863 1636 1918; x_wconf 92' lang='lat' dir='ltr'>eis</span> <span class='ocrx_word' id='word_1_151' title='bbox 1658 1868 1832 1933; x_wconf 87' lang='lat' dir='ltr'>atque</span> <span class='ocrx_word' id='word_1_152' title='bbox 1849 1866 2003 1916; x_wconf 87' lang='lat' dir='ltr'>satu-</span> 
     </span>
    </p>
   </div>
   <div class='ocr_carea' id='block_1_21' title="bbox 356 1951 2002 2024">
    <p class='ocr_par' dir='ltr' id='par_1_21' title="bbox 356 1951 2002 2024">
     <span class='ocr_line' id='line_1_21' title="bbox 356 1951 2002 2024; baseline -0.004 -13"><span class='ocrx_word' id='word_1_153' title='bbox 356 1961 580 2011; x_wconf 87' lang='lat' dir='ltr'>rentur.</span> <span class='ocrx_word' id='word_1_154' title='bbox 608 1954 871 2024; x_wconf 90' lang='lat' dir='ltr'>Cnmque</span> <span class='ocrx_word' id='word_1_155' title='bbox 904 1953 1012 2008; x_wconf 90' lang='lat' dir='ltr'>hoc</span> <span class='ocrx_word' id='word_1_156' title='bbox 1043 1952 1253 2008; x_wconf 85' lang='lat' dir='ltr'>fuerint</span> <span class='ocrx_word' id='word_1_157' title='bbox 1278 1951 1599 2019; x_wconf 87' lang='lat' dir='ltr'>consecuti,</span> <span class='ocrx_word' id='word_1_158' title='bbox 1633 1966 2002 2021; x_wconf 88' lang='lat' dir='ltr'>nequaquam</span> 
     </span>
    </p>
   </div>
   <div class='ocr_carea' id='block_1_22' title="bbox 358 2039 2004 2112">
    <p class='ocr_par' dir='ltr' id='par_1_22' title="bbox 358 2039 2004 2112">
     <span class='ocr_line' id='line_1_22' title="bbox 358 2039 2004 2112; baseline -0.004 -14"><span class='ocrx_word' id='word_1_159' title='bbox 358 2041 744 2099; x_wconf 89' lang='lat' dir='ltr'>tradenturin</span> <span class='ocrx_word' id='word_1_160' title='bbox 778 2040 1158 2112; x_wconf 87' lang='lat' dir='ltr'>opprobrium</span> <span class='ocrx_word' id='word_1_161' title='bbox 1193 2041 1484 2111; x_wconf 85' lang='lat' dir='ltr'>gentibus,</span> <span class='ocrx_word' id='word_1_162' title='bbox 1519 2040 1589 2093; x_wconf 92' lang='lat' dir='ltr'>de</span> <span class='ocrx_word' id='word_1_163' title='bbox 1621 2039 1836 2110; x_wconf 91' lang='lat' dir='ltr'>quibus</span> <span class='ocrx_word' id='word_1_164' title='bbox 1860 2040 2004 2109; x_wconf 83' lang='lat' dir='ltr'>Apo-</span> 
     </span>
    </p>
   </div>
   <div class='ocr_carea' id='block_1_23' title="bbox 359 2127 2006 2201">
    <p class='ocr_par' dir='ltr' id='par_1_23' title="bbox 359 2127 2006 2201">
     <span class='ocr_line' id='line_1_23' title="bbox 359 2127 2006 2201; baseline -0.005 -14"><span class='ocrx_word' id='word_1_165' title='bbox 359 2130 544 2188; x_wconf 90' lang='lat' dir='ltr'>stolus</span> <span class='ocrx_word' id='word_1_166' title='bbox 575 2129 869 2201; x_wconf 86' lang='lat' dir='ltr'>loquitur:</span> <span class='ocrx_word' id='word_1_167' title='bbox 903 2131 1023 2184; x_wconf 86' lang='lat' dir='ltr'>Non</span> <span class='ocrx_word' id='word_1_168' title='bbox 1080 2133 1160 2184; x_wconf 88' lang='lat' dir='ltr'>est</span> <span class='ocrx_word' id='word_1_169' title='bbox 1198 2131 1354 2184; x_wconf 75' lang='lat' dir='ltr'>nobis</span> <span class='ocrx_word' id='word_1_170' title='bbox 1409 2130 1718 2183; x_wconf 78' lang='lat' dir='ltr'>colluctatio</span> <span class='ocrx_word' id='word_1_171' title='bbox 1750 2127 2006 2181; x_wconf 88' lang='lat' dir='ltr'>adversus</span> 
     </span>
    </p>
   </div>
   <div class='ocr_carea' id='block_1_24' title="bbox 357 2218 2006 2288">
    <p class='ocr_par' dir='ltr' id='par_1_24' title="bbox 357 2218 2006 2288">
     <span class='ocr_line' id='line_1_24' title="bbox 357 2218 2006 2288; baseline -0.003 -13"><span class='ocrx_word' id='word_1_172' title='bbox 357 2235 580 2275; x_wconf 88' lang='lat' dir='ltr'>carnem</span> <span class='ocrx_word' id='word_1_173' title='bbox 608 2227 658 2273; x_wconf 91' lang='lat' dir='ltr'>et</span> <span class='ocrx_word' id='word_1_174' title='bbox 687 2220 1030 2288; x_wconf 88' lang='lat' dir='ltr'>sanguinem,</span> <span class='ocrx_word' id='word_1_175' title='bbox 1062 2218 1154 2272; x_wconf 84' lang='lat' dir='ltr'>sed</span> <span class='ocrx_word' id='word_1_176' title='bbox 1185 2219 1442 2272; x_wconf 87' lang='lat' dir='ltr'>adversus</span> <span class='ocrx_word' id='word_1_177' title='bbox 1457 2218 1737 2288; x_wconf 82' lang='lat' dir='ltr'>principes</span> <span class='ocrx_word' id='word_1_178' title='bbox 1759 2221 1812 2270; x_wconf 87' lang='lat' dir='ltr'>et</span> <span class='ocrx_word' id='word_1_179' title='bbox 1833 2219 2006 2284; x_wconf 88' lang='lat' dir='ltr'>potes-</span> 
     </span>
    </p>
   </div>
   <div class='ocr_carea' id='block_1_25' title="bbox 358 2305 2004 2369">
    <p class='ocr_par' dir='ltr' id='par_1_25' title="bbox 358 2305 2004 2369">
     <span class='ocr_line' id='line_1_25' title="bbox 358 2305 2004 2369; baseline -0.004 -5"><span class='ocrx_word' id='word_1_180' title='bbox 358 2312 528 2364; x_wconf 88' lang='lat' dir='ltr'>tates:</span> <span class='ocrx_word' id='word_1_181' title='bbox 561 2306 817 2362; x_wconf 87' lang='lat' dir='ltr'>adversus</span> <span class='ocrx_word' id='word_1_182' title='bbox 845 2305 1039 2361; x_wconf 89' lang='lat' dir='ltr'>mundi</span> <span class='ocrx_word' id='word_1_183' title='bbox 1091 2315 1322 2361; x_wconf 88' lang='lat' dir='ltr'>rectores</span> <span class='ocrx_word' id='word_1_184' title='bbox 1372 2307 1729 2362; x_wconf 79' lang='lat' dir='ltr'>tenebrarum</span> <span class='ocrx_word' id='word_1_185' title='bbox 1785 2305 2004 2369; x_wconf 88' lang='lat' dir='ltr'>harum,</span> 
     </span>
    </p>
   </div>
   <div class='ocr_carea' id='block_1_26' title="bbox 357 2392 2003 2467">
    <p class='ocr_par' dir='ltr' id='par_1_26' title="bbox 357 2392 2003 2467">
     <span class='ocr_line' id='line_1_26' title="bbox 357 2392 2003 2467; baseline -0.004 -15"><span class='ocrx_word' id='word_1_186' title='bbox 357 2405 547 2452; x_wconf 90' lang='lat' dir='ltr'>contra</span> <span class='ocrx_word' id='word_1_187' title='bbox 559 2395 883 2466; x_wconf 89' lang='lat' dir='ltr'>spiritualiu</span> <span class='ocrx_word' id='word_1_188' title='bbox 894 2396 1162 2467; x_wconf 74' lang='lat' dir='ltr'>nequitiae</span> <span class='ocrx_word' id='word_1_189' title='bbox 1174 2397 1232 2450; x_wconf 88' lang='lat' dir='ltr'>in</span> <span class='ocrx_word' id='word_1_190' title='bbox 1246 2395 1547 2450; x_wconf 69' lang='lat' dir='ltr'>cazlestibus</span> <span class='ocrx_word' id='word_1_191' title='bbox 1561 2395 1783 2465; x_wconf 85' lang='lat' dir='ltr'>(Ephes.</span> <span class='ocrx_word' id='word_1_192' title='bbox 1799 2410 1876 2460; x_wconf 80' lang='lat' dir='ltr'>v1,</span> <span class='ocrx_word' id='word_1_193' title='bbox 1895 2392 2003 2461; x_wconf 89' lang='grc'>13).</span> 
     </span>
    </p>
   </div>
   <div class='ocr_carea' id='block_1_27' title="bbox 357 2480 2007 2555">
    <p class='ocr_par' dir='ltr' id='par_1_27' title="bbox 357 2480 2007 2555">
     <span class='ocr_line' id='line_1_27' title="bbox 357 2480 2007 2555; baseline -0.003 -15"><span class='ocrx_word' id='word_1_194' title='bbox 357 2489 504 2540; x_wconf 84' lang='lat' dir='ltr'>Eum</span> <span class='ocrx_word' id='word_1_195' title='bbox 533 2499 766 2555; x_wconf 91' lang='lat' dir='ltr'>quoque</span> <span class='ocrx_word' id='word_1_196' title='bbox 788 2483 887 2555; x_wconf 88' lang='lat' dir='ltr'>qui</span> <span class='ocrx_word' id='word_1_197' title='bbox 920 2483 992 2537; x_wconf 83' lang='lat' dir='ltr'>ab</span> <span class='ocrx_word' id='word_1_198' title='bbox 1023 2483 1306 2554; x_wconf 84' lang='lat' dir='ltr'>Aquilone</span> <span class='ocrx_word' id='word_1_199' title='bbox 1336 2488 1424 2538; x_wconf 89' lang='lat' dir='ltr'>est</span> <span class='ocrx_word' id='word_1_200' title='bbox 1455 2483 1549 2553; x_wconf 92' lang='lat' dir='ltr'>(de</span> <span class='ocrx_word' id='word_1_201' title='bbox 1580 2498 1695 2553; x_wconf 91' lang='lat' dir='ltr'>quo</span> <span class='ocrx_word' id='word_1_202' title='bbox 1724 2480 2007 2537; x_wconf 83' lang='lat' dir='ltr'>leremias</span> 
     </span>
    </p>
   </div>
   <div class='ocr_carea' id='block_1_28' title="bbox 358 2571 2010 2644">
    <p class='ocr_par' dir='ltr' id='par_1_28' title="bbox 358 2571 2010 2644">
     <span class='ocr_line' id='line_1_28' title="bbox 358 2571 2010 2644; baseline -0.004 -15"><span class='ocrx_word' id='word_1_203' title='bbox 358 2573 657 2644; x_wconf 87' lang='lat' dir='ltr'>loquitur:</span> <span class='ocrx_word' id='word_1_204' title='bbox 692 2572 768 2626; x_wconf 82' lang='lat' dir='ltr'>Ab</span> <span class='ocrx_word' id='word_1_205' title='bbox 800 2572 1067 2643; x_wconf 84' lang='lat' dir='ltr'>Aquilone</span> <span class='ocrx_word' id='word_1_206' title='bbox 1096 2572 1447 2626; x_wconf 75' lang='lat' dir='ltr'>exardescent</span> <span class='ocrx_word' id='word_1_207' title='bbox 1477 2571 1632 2626; x_wconf 78' lang='lat' dir='ltr'>mala.</span> <span class='ocrx_word' id='word_1_208' title='bbox 1651 2587 1810 2641; x_wconf 82' lang='lat' dir='ltr'>super</span> <span class='ocrx_word' id='word_1_209' title='bbox 1829 2585 2010 2625; x_wconf 87' lang='lat' dir='ltr'>omnes</span> 
     </span>
    </p>
   </div>
   <div class='ocr_carea' id='block_1_29' title="bbox 360 2659 2008 2732">
    <p class='ocr_par' dir='ltr' id='par_1_29' title="bbox 360 2659 2008 2732">
     <span class='ocr_line' id='line_1_29' title="bbox 360 2659 2008 2732; baseline -0.002 -14"><span class='ocrx_word' id='word_1_210' title='bbox 360 2663 693 2718; x_wconf 78' lang='lat' dir='ltr'>habitatores</span> <span class='ocrx_word' id='word_1_211' title='bbox 736 2665 905 2717; x_wconf 77' lang='lat' dir='ltr'>terra:</span> <span class='ocrx_word' id='word_1_212' title='bbox 935 2662 1153 2730; x_wconf 88' lang='lat' dir='ltr'>(Jerem.</span> <span class='ocrx_word' id='word_1_213' title='bbox 1189 2678 1227 2728; x_wconf 81' lang='grc' dir='ltr'>ι,</span> <span class='ocrx_word' id='word_1_214' title='bbox 1259 2661 1346 2732; x_wconf 84' lang='grc'>14)</span> <span class='ocrx_word' id='word_1_215' title='bbox 1372 2679 1384 2727; x_wconf 89' lang='grc'>;</span> <span class='ocrx_word' id='word_1_216' title='bbox 1420 2661 1489 2715; x_wconf 91' lang='lat' dir='ltr'>de</span> <span class='ocrx_word' id='word_1_217' title='bbox 1520 2676 1634 2731; x_wconf 92' lang='lat' dir='ltr'>quo</span> <span class='ocrx_word' id='word_1_218' title='bbox 1664 2663 1721 2714; x_wconf 89' lang='lat' dir='ltr'>et</span> <span class='ocrx_word' id='word_1_219' title='bbox 1737 2659 2008 2714; x_wconf 90' lang='lat' dir='ltr'>Salomon</span> 
     </span>
    </p>
   </div>
   <div class='ocr_carea' id='block_1_30' title="bbox 360 2747 2012 2820">
    <p class='ocr_par' dir='ltr' id='par_1_30' title="bbox 360 2747 2012 2820">
     <span class='ocr_line' id='line_1_30' title="bbox 360 2747 2012 2820; baseline -0.003 -13"><span class='ocrx_word' id='word_1_220' title='bbox 360 2751 605 2808; x_wconf 91' lang='lat' dir='ltr'>scribit:</span> <span class='ocrx_word' id='word_1_221' title='bbox 637 2749 832 2820; x_wconf 82' lang='lat' dir='ltr'>Aquilo</span> <span class='ocrx_word' id='word_1_222' title='bbox 866 2753 1060 2804; x_wconf 87' lang='lat' dir='ltr'>ventus</span> <span class='ocrx_word' id='word_1_223' title='bbox 1090 2749 1440 2819; x_wconf 86' lang='lat' dir='ltr'>durissimus)</span> <span class='ocrx_word' id='word_1_224' title='bbox 1474 2748 1696 2819; x_wconf 90' lang='lat' dir='ltr'>procul,</span> <span class='ocrx_word' id='word_1_225' title='bbox 1724 2747 1934 2818; x_wconf 88' lang='lat' dir='ltr'>inquit,</span> <span class='ocrx_word' id='word_1_226' title='bbox 1977 2764 2012 2802; x_wconf 86' lang='lat' dir='ltr'>a</span> 
     </span>
    </p>
   </div>
   <div class='ocr_carea' id='block_1_31' title="bbox 359 2835 2012 2907">
    <p class='ocr_par' dir='ltr' id='par_1_31' title="bbox 359 2835 2012 2907">
     <span class='ocr_line' id='line_1_31' title="bbox 359 2835 2012 2907; baseline -0.002 -13"><span class='ocrx_word' id='word_1_227' title='bbox 359 2838 525 2894; x_wconf 89' lang='lat' dir='ltr'>vobis</span> <span class='ocrx_word' id='word_1_228' title='bbox 550 2837 782 2903; x_wconf 88' lang='lat' dir='ltr'>faciam,</span> <span class='ocrx_word' id='word_1_229' title='bbox 805 2842 862 2892; x_wconf 90' lang='lat' dir='ltr'>et</span> <span class='ocrx_word' id='word_1_230' title='bbox 886 2836 1165 2907; x_wconf 81' lang='lat' dir='ltr'>expellam</span> <span class='ocrx_word' id='word_1_231' title='bbox 1190 2853 1322 2891; x_wconf 91' lang='lat' dir='ltr'>eum</span> <span class='ocrx_word' id='word_1_232' title='bbox 1351 2837 1408 2890; x_wconf 91' lang='lat' dir='ltr'>in</span> <span class='ocrx_word' id='word_1_233' title='bbox 1450 2841 1664 2891; x_wconf 90' lang='lat' dir='ltr'>terram</span> <span class='ocrx_word' id='word_1_234' title='bbox 1706 2835 1924 2890; x_wconf 87' lang='lat' dir='ltr'>inviam</span> <span class='ocrx_word' id='word_1_235' title='bbox 1955 2840 2012 2890; x_wconf 91' lang='lat' dir='ltr'>et</span> 
     </span>
    </p>
   </div>
   <div class='ocr_carea' id='block_1_32' title="bbox 362 2923 2007 2995">
    <p class='ocr_par' dir='ltr' id='par_1_32' title="bbox 362 2923 2007 2995">
     <span class='ocr_line' id='line_1_32' title="bbox 362 2923 2007 2995; baseline -0.002 -13"><span class='ocrx_word' id='word_1_236' title='bbox 362 2927 675 2992; x_wconf 86' lang='lat' dir='ltr'>desertam,</span> <span class='ocrx_word' id='word_1_237' title='bbox 699 2940 826 2995; x_wconf 62' lang='lat' dir='ltr'>quas</span> <span class='ocrx_word' id='word_1_238' title='bbox 848 2941 961 2978; x_wconf 88' lang='lat' dir='ltr'>non</span> <span class='ocrx_word' id='word_1_239' title='bbox 986 2924 1158 2979; x_wconf 83' lang='lat' dir='ltr'>habet</span> <span class='ocrx_word' id='word_1_240' title='bbox 1180 2923 1447 2979; x_wconf 86' lang='lat' dir='ltr'>notitiam</span> <span class='ocrx_word' id='word_1_241' title='bbox 1497 2923 1619 2994; x_wconf 89' lang='lat' dir='ltr'>Dei,</span> <span class='ocrx_word' id='word_1_242' title='bbox 1653 2924 1712 2977; x_wconf 92' lang='lat' dir='ltr'>in</span> <span class='ocrx_word' id='word_1_243' title='bbox 1745 2939 1861 2994; x_wconf 89' lang='lat' dir='ltr'>qua</span> <span class='ocrx_word' id='word_1_244' title='bbox 1892 2940 2007 2979; x_wconf 86' lang='lat' dir='ltr'>non</span> 
     </span>
    </p>
   </div>
   <div class='ocr_carea' id='block_1_33' title="bbox 364 3011 2006 3084">
    <p class='ocr_par' dir='ltr' id='par_1_33' title="bbox 364 3011 2006 3084">
     <span class='ocr_line' id='line_1_33' title="bbox 364 3011 2006 3084; baseline -0.002 -16"><span class='ocrx_word' id='word_1_245' title='bbox 364 3013 588 3069; x_wconf 89' lang='lat' dir='ltr'>habitat</span> <span class='ocrx_word' id='word_1_246' title='bbox 609 3011 860 3084; x_wconf 83' lang='lat' dir='ltr'>Spiritus</span> <span class='ocrx_word' id='word_1_247' title='bbox 882 3017 1142 3068; x_wconf 89' lang='lat' dir='ltr'>sanctus.</span> <span class='ocrx_word' id='word_1_248' title='bbox 1173 3011 1487 3082; x_wconf 87' lang='lat' dir='ltr'>Faciesque</span> <span class='ocrx_word' id='word_1_249' title='bbox 1508 3013 1634 3082; x_wconf 81' lang='lat' dir='ltr'>ejus</span> <span class='ocrx_word' id='word_1_250' title='bbox 1655 3012 1759 3066; x_wconf 87' lang='lat' dir='ltr'>erit</span> <span class='ocrx_word' id='word_1_251' title='bbox 1785 3012 1841 3066; x_wconf 92' lang='lat' dir='ltr'>in</span> <span class='ocrx_word' id='word_1_252' title='bbox 1861 3011 2006 3067; x_wconf 90' lang='lat' dir='ltr'>mari</span> 
     </span>
    </p>
   </div>
   <div class='ocr_carea' id='block_1_34' title="bbox 366 3099 2005 3174">
    <p class='ocr_par' dir='ltr' id='par_1_34' title="bbox 366 3099 2005 3174">
     <span class='ocr_line' id='line_1_34' title="bbox 366 3099 2005 3174; baseline -0.001 -18"><span class='ocrx_word' id='word_1_253' title='bbox 366 3102 556 3174; x_wconf 90' lang='lat' dir='ltr'>primo</span> <span class='ocrx_word' id='word_1_254' title='bbox 578 3105 635 3157; x_wconf 90' lang='lat' dir='ltr'>et</span> <span class='ocrx_word' id='word_1_255' title='bbox 655 3101 711 3156; x_wconf 91' lang='lat' dir='ltr'>in</span> <span class='ocrx_word' id='word_1_256' title='bbox 738 3099 883 3154; x_wconf 89' lang='lat' dir='ltr'>mari</span> <span class='ocrx_word' id='word_1_257' title='bbox 907 3099 1246 3166; x_wconf 88' lang='lat' dir='ltr'>novissimo,</span> <span class='ocrx_word' id='word_1_258' title='bbox 1272 3100 1328 3154; x_wconf 89' lang='lat' dir='ltr'>in</span> <span class='ocrx_word' id='word_1_259' title='bbox 1351 3099 1444 3154; x_wconf 90' lang='lat' dir='ltr'>his</span> <span class='ocrx_word' id='word_1_260' title='bbox 1480 3100 1577 3171; x_wconf 92' lang='lat' dir='ltr'>qui</span> <span class='ocrx_word' id='word_1_261' title='bbox 1604 3100 1934 3170; x_wconf 86' lang='lat' dir='ltr'>aperuerint</span> <span class='ocrx_word' id='word_1_262' title='bbox 1955 3099 2005 3154; x_wconf 90' lang='lat' dir='ltr'>ei</span> 
     </span>
    </p>
   </div>
   <div class='ocr_carea' id='block_1_35' title="bbox 2105 530 3746 608">
    <p class='ocr_par' dir='ltr' id='par_1_35' title="bbox 2105 530 3746 608">
     <span class='ocr_line' id='line_1_35' title="bbox 2105 530 3746 608; baseline -0.002 -18"><span class='ocrx_word' id='word_1_263' title='bbox 2105 537 2389 602; x_wconf 87' lang='lat' dir='ltr'>rabimini,</span> <span class='ocrx_word' id='word_1_264' title='bbox 2421 545 2471 592; x_wconf 92' lang='lat' dir='ltr'>et</span> <span class='ocrx_word' id='word_1_265' title='bbox 2504 535 2800 591; x_wconf 78' lang='lat' dir='ltr'>laudabitis</span> <span class='ocrx_word' id='word_1_266' title='bbox 2831 551 3027 591; x_wconf 85' lang='lat' dir='ltr'>nomen</span> <span class='ocrx_word' id='word_1_267' title='bbox 3077 534 3267 608; x_wconf 83' lang='lat' dir='ltr'>[Vulg.</span> <span class='ocrx_word' id='word_1_268' title='bbox 3313 533 3477 589; x_wconf 88' lang='lat' dir='ltr'>addit</span> <span class='ocrx_word' id='word_1_269' title='bbox 3505 530 3746 603; x_wconf 82' lang='lat' dir='ltr'>Domini]</span> 
     </span>
    </p>
   </div>
   <div class='ocr_carea' id='block_1_36' title="bbox 2109 621 3746 696">
    <p class='ocr_par' dir='ltr' id='par_1_36' title="bbox 2109 621 3746 696">
     <span class='ocr_line' id='line_1_36' title="bbox 2109 621 3746 696; baseline -0.002 -16"><span class='ocrx_word' id='word_1_270' title='bbox 2109 627 2201 680; x_wconf 91' lang='lat' dir='ltr'>Dei</span> <span class='ocrx_word' id='word_1_271' title='bbox 2225 627 2407 691; x_wconf 80' lang='lat' dir='ltr'>vestri,</span> <span class='ocrx_word' id='word_1_272' title='bbox 2430 627 2526 696; x_wconf 87' lang='lat' dir='ltr'>qui</span> <span class='ocrx_word' id='word_1_273' title='bbox 2542 624 2974 696; x_wconf 82' lang='lat' dir='ltr'>[ecitnobiscum</span> <span class='ocrx_word' id='word_1_274' title='bbox 3013 623 3204 695; x_wconf 89' lang='lat' dir='ltr'>[Vulg.</span> <span class='ocrx_word' id='word_1_275' title='bbox 3244 621 3540 693; x_wconf 85' lang='lat' dir='ltr'>vobiscum]</span> <span class='ocrx_word' id='word_1_276' title='bbox 3575 623 3746 676; x_wconf 82' lang='lat' dir='ltr'>mira-</span> 
     </span>
    </p>
   </div>
   <div class='ocr_carea' id='block_1_37' title="bbox 2107 712 3748 783">
    <p class='ocr_par' dir='ltr' id='par_1_37' title="bbox 2107 712 3748 783">
     <span class='ocr_line' id='line_1_37' title="bbox 2107 712 3748 783; baseline -0.002 -15"><span class='ocrx_word' id='word_1_277' title='bbox 2107 714 2260 780; x_wconf 88' lang='lat' dir='ltr'>bilia,</span> <span class='ocrx_word' id='word_1_278' title='bbox 2293 717 2344 768; x_wconf 93' lang='lat' dir='ltr'>et</span> <span class='ocrx_word' id='word_1_279' title='bbox 2373 730 2481 769; x_wconf 91' lang='lat' dir='ltr'>non</span> <span class='ocrx_word' id='word_1_280' title='bbox 2510 713 2871 783; x_wconf 80' lang='lat' dir='ltr'>confundetur</span> <span class='ocrx_word' id='word_1_281' title='bbox 2898 713 3132 783; x_wconf 84' lang='lat' dir='ltr'>populus</span> <span class='ocrx_word' id='word_1_282' title='bbox 3183 727 3336 767; x_wconf 79' lang='lat' dir='ltr'>meus</span> <span class='ocrx_word' id='word_1_283' title='bbox 3374 713 3435 766; x_wconf 89' lang='lat' dir='ltr'>in</span> <span class='ocrx_word' id='word_1_284' title='bbox 3462 712 3748 781; x_wconf 87' lang='lat' dir='ltr'>sempiter-</span> 
     </span>
    </p>
   </div>
   <div class='ocr_carea' id='block_1_38' title="bbox 2103 802 3750 874">
    <p class='ocr_par' dir='ltr' id='par_1_38' title="bbox 2103 802 3750 874">
     <span class='ocr_line' id='line_1_38' title="bbox 2103 802 3750 874; baseline -0.002 -18"><span class='ocrx_word' id='word_1_285' title='bbox 2103 820 2278 856; x_wconf 88' lang='lat' dir='ltr'>num:</span> <span class='ocrx_word' id='word_1_286' title='bbox 2309 807 2360 858; x_wconf 91' lang='lat' dir='ltr'>et</span> <span class='ocrx_word' id='word_1_287' title='bbox 2387 805 2576 858; x_wconf 86' lang='lat' dir='ltr'>scietis</span> <span class='ocrx_word' id='word_1_288' title='bbox 2606 804 2739 874; x_wconf 91' lang='lat' dir='ltr'>quia</span> <span class='ocrx_word' id='word_1_289' title='bbox 2769 804 2827 856; x_wconf 86' lang='lat' dir='ltr'>in</span> <span class='ocrx_word' id='word_1_290' title='bbox 2859 802 3037 857; x_wconf 91' lang='lat' dir='ltr'>medio</span> <span class='ocrx_word' id='word_1_291' title='bbox 3066 802 3233 856; x_wconf 89' lang='lat' dir='ltr'>Israel</span> <span class='ocrx_word' id='word_1_292' title='bbox 3263 816 3361 869; x_wconf 88' lang='lat' dir='ltr'>ego</span> <span class='ocrx_word' id='word_1_293' title='bbox 3403 816 3548 868; x_wconf 85' lang='lat' dir='ltr'>sum,</span> <span class='ocrx_word' id='word_1_294' title='bbox 3580 805 3634 854; x_wconf 87' lang='lat' dir='ltr'>et</span> <span class='ocrx_word' id='word_1_295' title='bbox 3657 813 3750 869; x_wconf 89' lang='lat' dir='ltr'>ego</span> 
     </span>
    </p>
   </div>
   <div class='ocr_carea' id='block_1_39' title="bbox 2109 879 3752 960">
    <p class='ocr_par' dir='ltr' id='par_1_39' title="bbox 2109 879 3752 960">
     <span class='ocr_line' id='line_1_39' title="bbox 2109 879 3752 960; baseline -0.003 -13"><span class='ocrx_word' id='word_1_296' title='bbox 2109 892 2371 947; x_wconf 86' lang='lat' dir='ltr'>Dominus</span> <span class='ocrx_word' id='word_1_297' title='bbox 2399 893 2538 946; x_wconf 88' lang='lat' dir='ltr'>Deus</span> <span class='ocrx_word' id='word_1_298' title='bbox 2572 893 2759 958; x_wconf 87' lang='lat' dir='ltr'>vester,</span> <span class='ocrx_word' id='word_1_299' title='bbox 2791 899 2842 945; x_wconf 90' lang='lat' dir='ltr'>et</span> <span class='ocrx_word' id='word_1_300' title='bbox 2867 905 2978 945; x_wconf 89' lang='lat' dir='ltr'>non</span> <span class='ocrx_word' id='word_1_301' title='bbox 3005 897 3084 944; x_wconf 91' lang='lat' dir='ltr'>est</span> <span class='ocrx_word' id='word_1_302' title='bbox 3113 879 3373 960; x_wconf 83' lang='lat' dir='ltr'>amplius,</span> <span class='ocrx_word' id='word_1_303' title='bbox 3405 895 3457 944; x_wconf 88' lang='lat' dir='ltr'>et</span> <span class='ocrx_word' id='word_1_304' title='bbox 3488 903 3602 942; x_wconf 86' lang='lat' dir='ltr'>non</span> <span class='ocrx_word' id='word_1_305' title='bbox 3629 903 3752 942; x_wconf 88' lang='lat' dir='ltr'>eon-</span> 
     </span>
    </p>
   </div>
   <div class='ocr_carea' id='block_1_40' title="bbox 2105 974 3752 1051">
    <p class='ocr_par' dir='ltr' id='par_1_40' title="bbox 2105 974 3752 1051">
     <span class='ocr_line' id='line_1_40' title="bbox 2105 974 3752 1051; baseline -0.002 -17"><span class='ocrx_word' id='word_1_306' title='bbox 2105 981 2373 1051; x_wconf 85' lang='lat' dir='ltr'>fundetur</span> <span class='ocrx_word' id='word_1_307' title='bbox 2398 980 2632 1051; x_wconf 81' lang='lat' dir='ltr'>papulas</span> <span class='ocrx_word' id='word_1_308' title='bbox 2661 995 2813 1034; x_wconf 88' lang='lat' dir='ltr'>meus</span> <span class='ocrx_word' id='word_1_309' title='bbox 2850 981 2908 1033; x_wconf 89' lang='lat' dir='ltr'>in</span> <span class='ocrx_word' id='word_1_310' title='bbox 2951 979 3368 1049; x_wconf 84' lang='lat' dir='ltr'>sempiternum.</span> <span class='ocrx_word' id='word_1_311' title='bbox 3406 976 3544 1032; x_wconf 87' lang='lat' dir='ltr'><strong>LXX</strong></span> <span class='ocrx_word' id='word_1_312' title='bbox 3567 993 3587 1033; x_wconf 93' lang='lat'>:</span> <span class='ocrx_word' id='word_1_313' title='bbox 3614 974 3752 1031; x_wconf 84' lang='lat' dir='ltr'>Con-</span> 
     </span>
    </p>
   </div>
   <div class='ocr_carea' id='block_1_41' title="bbox 2112 1065 3752 1139">
    <p class='ocr_par' dir='ltr' id='par_1_41' title="bbox 2112 1065 3752 1139">
     <span class='ocr_line' id='line_1_41' title="bbox 2112 1065 3752 1139; baseline -0.001 -18"><span class='ocrx_word' id='word_1_314' title='bbox 2112 1069 2218 1137; x_wconf 80' lang='lat' dir='ltr'>ﬁde</span> <span class='ocrx_word' id='word_1_315' title='bbox 2238 1077 2402 1132; x_wconf 87' lang='lat' dir='ltr'>terra,</span> <span class='ocrx_word' id='word_1_316' title='bbox 2426 1068 2601 1136; x_wconf 84' lang='lat' dir='ltr'>gaude</span> <span class='ocrx_word' id='word_1_317' title='bbox 2621 1072 2785 1139; x_wconf 88' lang='lat' dir='ltr'>atque</span> <span class='ocrx_word' id='word_1_318' title='bbox 2803 1068 3013 1131; x_wconf 63' lang='lat' dir='ltr'>laetare,</span> <span class='ocrx_word' id='word_1_319' title='bbox 3065 1068 3197 1137; x_wconf 87' lang='lat' dir='ltr'>quia</span> <span class='ocrx_word' id='word_1_320' title='bbox 3241 1066 3621 1137; x_wconf 78' lang='lat' dir='ltr'>magni/icavit</span> <span class='ocrx_word' id='word_1_321' title='bbox 3649 1065 3752 1120; x_wconf 84' lang='lat' dir='ltr'>Do-</span> 
     </span>
    </p>
   </div>
   <div class='ocr_carea' id='block_1_42' title="bbox 2105 1155 3751 1227">
    <p class='ocr_par' dir='ltr' id='par_1_42' title="bbox 2105 1155 3751 1227">
     <span class='ocr_line' id='line_1_42' title="bbox 2105 1155 3751 1227; baseline -0.002 -16"><span class='ocrx_word' id='word_1_322' title='bbox 2105 1159 2295 1212; x_wconf 88' lang='lat' dir='ltr'>minus</span> <span class='ocrx_word' id='word_1_323' title='bbox 2317 1165 2374 1211; x_wconf 89' lang='lat' dir='ltr'>ut</span> <span class='ocrx_word' id='word_1_324' title='bbox 2406 1158 2606 1227; x_wconf 76' lang='lat' dir='ltr'>faceret</span> <span class='ocrx_word' id='word_1_325' title='bbox 2630 1172 2642 1211; x_wconf 91' lang='lat'>:</span> <span class='ocrx_word' id='word_1_326' title='bbox 2675 1155 2949 1227; x_wconf 82' lang='lat' dir='ltr'>conﬁdite,</span> <span class='ocrx_word' id='word_1_327' title='bbox 2973 1157 3227 1226; x_wconf 87' lang='lat' dir='ltr'>jumenta</span> <span class='ocrx_word' id='word_1_328' title='bbox 3255 1155 3457 1226; x_wconf 88' lang='lat' dir='ltr'>campi,</span> <span class='ocrx_word' id='word_1_329' title='bbox 3485 1155 3751 1226; x_wconf 86' lang='lat' dir='ltr'>quoniam</span> 
     </span>
    </p>
   </div>
   <div class='ocr_carea' id='block_1_43' title="bbox 2105 1241 3756 1316">
    <p class='ocr_par' dir='ltr' id='par_1_43' title="bbox 2105 1241 3756 1316">
     <span class='ocr_line' id='line_1_43' title="bbox 2105 1241 3756 1316; baseline -0.001 -16"><span class='ocrx_word' id='word_1_330' title='bbox 2105 1247 2552 1313; x_wconf 89' lang='lat' dir='ltr'>germinaverunt</span> <span class='ocrx_word' id='word_1_331' title='bbox 2581 1247 2764 1316; x_wconf 87' lang='lat' dir='ltr'>campi</span> <span class='ocrx_word' id='word_1_332' title='bbox 2792 1243 3128 1314; x_wconf 86' lang='lat' dir='ltr'>solitudinis,</span> <span class='ocrx_word' id='word_1_333' title='bbox 3160 1245 3292 1316; x_wconf 86' lang='lat' dir='ltr'>quia</span> <span class='ocrx_word' id='word_1_334' title='bbox 3323 1245 3536 1315; x_wconf 88' lang='lat' dir='ltr'>lignum</span> <span class='ocrx_word' id='word_1_335' title='bbox 3563 1241 3756 1298; x_wconf 76' lang='lat' dir='ltr'>attulit</span> 
     </span>
    </p>
   </div>
   <div class='ocr_carea' id='block_1_44' title="bbox 2113 1331 3757 1404">
    <p class='ocr_par' dir='ltr' id='par_1_44' title="bbox 2113 1331 3757 1404">
     <span class='ocr_line' id='line_1_44' title="bbox 2113 1331 3757 1404; baseline -0.001 -16"><span class='ocrx_word' id='word_1_336' title='bbox 2113 1336 2355 1404; x_wconf 80' lang='lat' dir='ltr'>fructum</span> <span class='ocrx_word' id='word_1_337' title='bbox 2383 1350 2562 1402; x_wconf 90' lang='lat' dir='ltr'>suum,</span> <span class='ocrx_word' id='word_1_338' title='bbox 2594 1334 2728 1403; x_wconf 83' lang='lat' dir='ltr'>ﬁcus</span> <span class='ocrx_word' id='word_1_339' title='bbox 2773 1341 2824 1388; x_wconf 90' lang='lat' dir='ltr'>et</span> <span class='ocrx_word' id='word_1_340' title='bbox 2873 1334 3036 1388; x_wconf 88' lang='lat' dir='ltr'>vinea</span> <span class='ocrx_word' id='word_1_341' title='bbox 3063 1333 3330 1388; x_wconf 88' lang='lat' dir='ltr'>dederunt</span> <span class='ocrx_word' id='word_1_342' title='bbox 3370 1331 3757 1403; x_wconf 75' lang='lat' dir='ltr'>fortitudinem</span> 
     </span>
    </p>
   </div>
   <div class='ocr_carea' id='block_1_45' title="bbox 2106 1421 3755 1495">
    <p class='ocr_par' dir='ltr' id='par_1_45' title="bbox 2106 1421 3755 1495">
     <span class='ocr_line' id='line_1_45' title="bbox 2106 1421 3755 1495; baseline 0 -19"><span class='ocrx_word' id='word_1_343' title='bbox 2106 1439 2296 1477; x_wconf 88' lang='lat' dir='ltr'>suam:</span> <span class='ocrx_word' id='word_1_344' title='bbox 2321 1425 2370 1477; x_wconf 91' lang='lat' dir='ltr'>et</span> <span class='ocrx_word' id='word_1_345' title='bbox 2389 1423 2501 1492; x_wconf 81' lang='lat' dir='ltr'>ﬁlii</span> <span class='ocrx_word' id='word_1_346' title='bbox 2521 1422 2668 1493; x_wconf 89' lang='lat' dir='ltr'>Sion,</span> <span class='ocrx_word' id='word_1_347' title='bbox 2697 1421 2930 1495; x_wconf 86' lang='lat' dir='ltr'>gaudete</span> <span class='ocrx_word' id='word_1_348' title='bbox 2949 1425 3111 1492; x_wconf 88' lang='lat' dir='ltr'>atque</span> <span class='ocrx_word' id='word_1_349' title='bbox 3147 1422 3416 1476; x_wconf 70' lang='lat' dir='ltr'>laetemini</span> <span class='ocrx_word' id='word_1_350' title='bbox 3435 1423 3492 1477; x_wconf 85' lang='lat' dir='ltr'>in</span> <span class='ocrx_word' id='word_1_351' title='bbox 3523 1422 3755 1476; x_wconf 85' lang='lat' dir='ltr'>Domino</span> 
     </span>
    </p>
   </div>
   <div class='ocr_carea' id='block_1_46' title="bbox 2108 1509 3757 1581">
    <p class='ocr_par' dir='ltr' id='par_1_46' title="bbox 2108 1509 3757 1581">
     <span class='ocr_line' id='line_1_46' title="bbox 2108 1509 3757 1581; baseline 0 -17"><span class='ocrx_word' id='word_1_352' title='bbox 2108 1512 2214 1566; x_wconf 91' lang='lat' dir='ltr'>Deo</span> <span class='ocrx_word' id='word_1_353' title='bbox 2235 1514 2427 1576; x_wconf 88' lang='lat' dir='ltr'>vestro,</span> <span class='ocrx_word' id='word_1_354' title='bbox 2453 1513 2714 1581; x_wconf 88' lang='lat' dir='ltr'>quoniam</span> <span class='ocrx_word' id='word_1_355' title='bbox 2738 1510 2883 1565; x_wconf 80' lang='lat' dir='ltr'>dedit</span> <span class='ocrx_word' id='word_1_356' title='bbox 2914 1511 3061 1566; x_wconf 85' lang='lat' dir='ltr'>vobis</span> <span class='ocrx_word' id='word_1_357' title='bbox 3101 1525 3249 1565; x_wconf 88' lang='lat' dir='ltr'>escas</span> <span class='ocrx_word' id='word_1_358' title='bbox 3259 1511 3513 1581; x_wconf 65' lang='lat' dir='ltr'>justitiz,</span> <span class='ocrx_word' id='word_1_359' title='bbox 3538 1517 3593 1565; x_wconf 86' lang='lat' dir='ltr'>et</span> <span class='ocrx_word' id='word_1_360' title='bbox 3609 1509 3757 1580; x_wconf 86' lang='lat' dir='ltr'>pluit</span> 
     </span>
    </p>
   </div>
   <div class='ocr_carea' id='block_1_47' title="bbox 2111 1599 3758 1670">
    <p class='ocr_par' dir='ltr' id='par_1_47' title="bbox 2111 1599 3758 1670">
     <span class='ocr_line' id='line_1_47' title="bbox 2111 1599 3758 1670; baseline -0.001 -17"><span class='ocrx_word' id='word_1_361' title='bbox 2111 1599 2257 1654; x_wconf 87' lang='lat' dir='ltr'>vobis</span> <span class='ocrx_word' id='word_1_362' title='bbox 2276 1599 2509 1654; x_wconf 84' lang='lat' dir='ltr'>imbrem</span> <span class='ocrx_word' id='word_1_363' title='bbox 2530 1603 2940 1670; x_wconf 86' lang='lat' dir='ltr'>temporancum</span> <span class='ocrx_word' id='word_1_364' title='bbox 2967 1604 3018 1654; x_wconf 89' lang='lat' dir='ltr'>et</span> <span class='ocrx_word' id='word_1_365' title='bbox 3036 1599 3365 1668; x_wconf 87' lang='lat' dir='ltr'>serotinum,</span> <span class='ocrx_word' id='word_1_366' title='bbox 3387 1600 3531 1654; x_wconf 84' lang='lat' dir='ltr'>sicut</span> <span class='ocrx_word' id='word_1_367' title='bbox 3554 1614 3588 1652; x_wconf 91' lang='lat' dir='ltr'>a</span> <span class='ocrx_word' id='word_1_368' title='bbox 3599 1599 3758 1670; x_wconf 84' lang='lat' dir='ltr'>prin-</span> 
     </span>
    </p>
   </div>
   <div class='ocr_carea' id='block_1_48' title="bbox 2108 1685 3758 1759">
    <p class='ocr_par' dir='ltr' id='par_1_48' title="bbox 2108 1685 3758 1759">
     <span class='ocr_line' id='line_1_48' title="bbox 2108 1685 3758 1759; baseline -0.001 -16"><span class='ocrx_word' id='word_1_369' title='bbox 2108 1689 2273 1759; x_wconf 88' lang='lat' dir='ltr'>cipio,</span> <span class='ocrx_word' id='word_1_370' title='bbox 2304 1696 2359 1742; x_wconf 86' lang='lat' dir='ltr'>et</span> <span class='ocrx_word' id='word_1_371' title='bbox 2393 1688 2748 1758; x_wconf 82' lang='lat' dir='ltr'>replebantur</span> <span class='ocrx_word' id='word_1_372' title='bbox 2805 1703 2954 1745; x_wconf 75' lang='lat' dir='ltr'>areae</span> <span class='ocrx_word' id='word_1_373' title='bbox 3007 1689 3209 1754; x_wconf 89' lang='lat' dir='ltr'>tritico,</span> <span class='ocrx_word' id='word_1_374' title='bbox 3269 1692 3320 1742; x_wconf 89' lang='lat' dir='ltr'>et</span> <span class='ocrx_word' id='word_1_375' title='bbox 3374 1685 3758 1742; x_wconf 78' lang='lat' dir='ltr'>redundabant</span> 
     </span>
    </p>
   </div>
   <div class='ocr_carea' id='block_1_49' title="bbox 2110 1775 3756 1847">
    <p class='ocr_par' dir='ltr' id='par_1_49' title="bbox 2110 1775 3756 1847">
     <span class='ocr_line' id='line_1_49' title="bbox 2110 1775 3756 1847; baseline -0.002 -15"><span class='ocrx_word' id='word_1_376' title='bbox 2110 1777 2412 1832; x_wconf 90' lang='lat' dir='ltr'>toreularia</span> <span class='ocrx_word' id='word_1_377' title='bbox 2443 1779 2566 1830; x_wconf 87' lang='lat' dir='ltr'>vino</span> <span class='ocrx_word' id='word_1_378' title='bbox 2593 1784 2644 1831; x_wconf 89' lang='lat' dir='ltr'>et</span> <span class='ocrx_word' id='word_1_379' title='bbox 2670 1777 2804 1832; x_wconf 88' lang='lat' dir='ltr'>oleo.</span> <span class='ocrx_word' id='word_1_380' title='bbox 2838 1777 2903 1831; x_wconf 85' lang='lat' dir='ltr'>Et</span> <span class='ocrx_word' id='word_1_381' title='bbox 2932 1775 3157 1830; x_wconf 89' lang='lat' dir='ltr'>reddam</span> <span class='ocrx_word' id='word_1_382' title='bbox 3183 1775 3334 1831; x_wconf 84' lang='lat' dir='ltr'>vobis</span> <span class='ocrx_word' id='word_1_383' title='bbox 3357 1792 3460 1847; x_wconf 86' lang='lat' dir='ltr'>pro</span> <span class='ocrx_word' id='word_1_384' title='bbox 3489 1775 3666 1832; x_wconf 84' lang='lat' dir='ltr'>annis</span> <span class='ocrx_word' id='word_1_385' title='bbox 3697 1776 3756 1830; x_wconf 86' lang='lat' dir='ltr'>in</span> 
     </span>
    </p>
   </div>
   <div class='ocr_carea' id='block_1_50' title="bbox 2112 1864 3753 1935">
    <p class='ocr_par' dir='ltr' id='par_1_50' title="bbox 2112 1864 3753 1935">
     <span class='ocr_line' id='line_1_50' title="bbox 2112 1864 3753 1935; baseline 0 -17"><span class='ocrx_word' id='word_1_386' title='bbox 2112 1864 2307 1934; x_wconf 87' lang='lat' dir='ltr'>quibus</span> <span class='ocrx_word' id='word_1_387' title='bbox 2329 1864 2557 1919; x_wconf 74' lang='lat' dir='ltr'>comedit</span> <span class='ocrx_word' id='word_1_388' title='bbox 2576 1865 2799 1931; x_wconf 87' lang='lat' dir='ltr'>locusta,</span> <span class='ocrx_word' id='word_1_389' title='bbox 2828 1874 2878 1920; x_wconf 92' lang='lat' dir='ltr'>et</span> <span class='ocrx_word' id='word_1_390' title='bbox 2903 1864 3141 1920; x_wconf 87' lang='lat' dir='ltr'>bruchus</span> <span class='ocrx_word' id='word_1_391' title='bbox 3161 1871 3216 1920; x_wconf 86' lang='lat' dir='ltr'>et</span> <span class='ocrx_word' id='word_1_392' title='bbox 3239 1865 3454 1935; x_wconf 85' lang='lat' dir='ltr'>rubigo,</span> <span class='ocrx_word' id='word_1_393' title='bbox 3483 1869 3535 1920; x_wconf 87' lang='lat' dir='ltr'>et</span> <span class='ocrx_word' id='word_1_394' title='bbox 3567 1880 3753 1921; x_wconf 85' lang='lat' dir='ltr'>eruca.</span> 
     </span>
    </p>
   </div>
   <div class='ocr_carea' id='block_1_51' title="bbox 2110 1952 3758 2024">
    <p class='ocr_par' dir='ltr' id='par_1_51' title="bbox 2110 1952 3758 2024">
     <span class='ocr_line' id='line_1_51' title="bbox 2110 1952 3758 2024; baseline 0.001 -17"><span class='ocrx_word' id='word_1_395' title='bbox 2110 1953 2402 2007; x_wconf 86' lang='lat' dir='ltr'>Fortitudo</span> <span class='ocrx_word' id='word_1_396' title='bbox 2430 1969 2552 2007; x_wconf 88' lang='lat' dir='ltr'>mea</span> <span class='ocrx_word' id='word_1_397' title='bbox 2582 1969 2781 2024; x_wconf 88' lang='lat' dir='ltr'>magna</span> <span class='ocrx_word' id='word_1_398' title='bbox 2801 1969 2963 2022; x_wconf 89' lang='lat' dir='ltr'>quam</span> <span class='ocrx_word' id='word_1_399' title='bbox 2993 1954 3128 2008; x_wconf 86' lang='lat' dir='ltr'>misi</span> <span class='ocrx_word' id='word_1_400' title='bbox 3155 1954 3214 2006; x_wconf 89' lang='lat' dir='ltr'>in</span> <span class='ocrx_word' id='word_1_401' title='bbox 3245 1969 3352 2019; x_wconf 86' lang='lat' dir='ltr'>vos,</span> <span class='ocrx_word' id='word_1_402' title='bbox 3385 1955 3438 2008; x_wconf 89' lang='lat' dir='ltr'>et</span> <span class='ocrx_word' id='word_1_403' title='bbox 3462 1952 3758 2008; x_wconf 84' lang='lat' dir='ltr'>vescemini</span> 
     </span>
    </p>
   </div>
   <div class='ocr_carea' id='block_1_52' title="bbox 2111 2040 3758 2111">
    <p class='ocr_par' dir='ltr' id='par_1_52' title="bbox 2111 2040 3758 2111">
     <span class='ocr_line' id='line_1_52' title="bbox 2111 2040 3758 2111; baseline 0.002 -17"><span class='ocrx_word' id='word_1_404' title='bbox 2111 2041 2464 2111; x_wconf 86' lang='lat' dir='ltr'>comede-ntes,</span> <span class='ocrx_word' id='word_1_405' title='bbox 2496 2045 2546 2096; x_wconf 91' lang='lat' dir='ltr'>et</span> <span class='ocrx_word' id='word_1_406' title='bbox 2573 2041 2966 2096; x_wconf 88' lang='lat' dir='ltr'>saturabimini</span> <span class='ocrx_word' id='word_1_407' title='bbox 2989 2056 3002 2096; x_wconf 93' lang='lat'>:</span> <span class='ocrx_word' id='word_1_408' title='bbox 3026 2049 3078 2097; x_wconf 87' lang='lat' dir='ltr'>et</span> <span class='ocrx_word' id='word_1_409' title='bbox 3097 2040 3393 2096; x_wconf 80' lang='lat' dir='ltr'>laudabitis</span> <span class='ocrx_word' id='word_1_410' title='bbox 3421 2056 3621 2096; x_wconf 87' lang='lat' dir='ltr'>nomen</span> <span class='ocrx_word' id='word_1_411' title='bbox 3651 2045 3758 2098; x_wconf 85' lang='lat' dir='ltr'>Do-</span> 
     </span>
    </p>
   </div>
   <div class='ocr_carea' id='block_1_53' title="bbox 2111 2129 3759 2202">
    <p class='ocr_par' dir='ltr' id='par_1_53' title="bbox 2111 2129 3759 2202">
     <span class='ocr_line' id='line_1_53' title="bbox 2111 2129 3759 2202; baseline 0.001 -19"><span class='ocrx_word' id='word_1_412' title='bbox 2111 2131 2256 2184; x_wconf 88' lang='lat' dir='ltr'>mini</span> <span class='ocrx_word' id='word_1_413' title='bbox 2276 2131 2374 2184; x_wconf 88' lang='lat' dir='ltr'>Dei</span> <span class='ocrx_word' id='word_1_414' title='bbox 2390 2131 2573 2196; x_wconf 87' lang='lat' dir='ltr'>vestri,</span> <span class='ocrx_word' id='word_1_415' title='bbox 2596 2131 2692 2202; x_wconf 89' lang='lat' dir='ltr'>qui</span> <span class='ocrx_word' id='word_1_416' title='bbox 2709 2131 2836 2200; x_wconf 79' lang='lat' dir='ltr'>feeit</span> <span class='ocrx_word' id='word_1_417' title='bbox 2856 2131 3128 2185; x_wconf 86' lang='lat' dir='ltr'>vobiscum</span> <span class='ocrx_word' id='word_1_418' title='bbox 3139 2129 3425 2185; x_wconf 84' lang='lat' dir='ltr'>mirabilia</span> <span class='ocrx_word' id='word_1_419' title='bbox 3442 2137 3492 2184; x_wconf 92' lang='lat' dir='ltr'>et</span> <span class='ocrx_word' id='word_1_420' title='bbox 3507 2145 3619 2185; x_wconf 86' lang='lat' dir='ltr'>non</span> <span class='ocrx_word' id='word_1_421' title='bbox 3637 2145 3759 2185; x_wconf 65' lang='lat' dir='ltr'>cono</span> 
     </span>
    </p>
   </div>
   <div class='ocr_carea' id='block_1_54' title="bbox 2112 2218 3759 2290">
    <p class='ocr_par' dir='ltr' id='par_1_54' title="bbox 2112 2218 3759 2290">
     <span class='ocr_line' id='line_1_54' title="bbox 2112 2218 3759 2290; baseline 0.001 -19"><span class='ocrx_word' id='word_1_422' title='bbox 2112 2218 2382 2289; x_wconf 80' lang='lat' dir='ltr'>fundetur</span> <span class='ocrx_word' id='word_1_423' title='bbox 2415 2219 2654 2289; x_wconf 87' lang='lat' dir='ltr'>populus</span> <span class='ocrx_word' id='word_1_424' title='bbox 2685 2234 2831 2274; x_wconf 89' lang='lat' dir='ltr'>meus</span> <span class='ocrx_word' id='word_1_425' title='bbox 2862 2221 2920 2273; x_wconf 89' lang='lat' dir='ltr'>in</span> <span class='ocrx_word' id='word_1_426' title='bbox 2949 2227 3236 2287; x_wconf 76' lang='lat' dir='ltr'>aeternum,</span> <span class='ocrx_word' id='word_1_427' title='bbox 3271 2226 3322 2273; x_wconf 90' lang='lat' dir='ltr'>et</span> <span class='ocrx_word' id='word_1_428' title='bbox 3341 2219 3523 2274; x_wconf 75' lang='lat' dir='ltr'>scietis</span> <span class='ocrx_word' id='word_1_429' title='bbox 3544 2219 3677 2290; x_wconf 88' lang='lat' dir='ltr'>quia</span> <span class='ocrx_word' id='word_1_430' title='bbox 3697 2220 3759 2273; x_wconf 89' lang='lat' dir='ltr'>in</span> 
     </span>
    </p>
   </div>
   <div class='ocr_carea' id='block_1_55' title="bbox 2114 2305 3758 2378">
    <p class='ocr_par' dir='ltr' id='par_1_55' title="bbox 2114 2305 3758 2378">
     <span class='ocr_line' id='line_1_55' title="bbox 2114 2305 3758 2378; baseline 0.002 -18"><span class='ocrx_word' id='word_1_431' title='bbox 2114 2305 2289 2361; x_wconf 89' lang='lat' dir='ltr'>medio</span> <span class='ocrx_word' id='word_1_432' title='bbox 2307 2307 2474 2362; x_wconf 87' lang='lat' dir='ltr'>Israel</span> <span class='ocrx_word' id='word_1_433' title='bbox 2495 2323 2592 2375; x_wconf 88' lang='lat' dir='ltr'>ego</span> <span class='ocrx_word' id='word_1_434' title='bbox 2639 2324 2781 2373; x_wconf 88' lang='lat' dir='ltr'>sum,</span> <span class='ocrx_word' id='word_1_435' title='bbox 2809 2315 2858 2362; x_wconf 91' lang='lat' dir='ltr'>et</span> <span class='ocrx_word' id='word_1_436' title='bbox 2878 2323 2974 2378; x_wconf 91' lang='lat' dir='ltr'>ego</span> <span class='ocrx_word' id='word_1_437' title='bbox 3015 2308 3277 2362; x_wconf 87' lang='lat' dir='ltr'>Dominus</span> <span class='ocrx_word' id='word_1_438' title='bbox 3317 2307 3457 2362; x_wconf 82' lang='lat' dir='ltr'>Deus</span> <span class='ocrx_word' id='word_1_439' title='bbox 3485 2314 3677 2372; x_wconf 88' lang='lat' dir='ltr'>vester,</span> <span class='ocrx_word' id='word_1_440' title='bbox 3707 2310 3758 2362; x_wconf 85' lang='lat' dir='ltr'>et</span> 
     </span>
    </p>
   </div>
   <div class='ocr_carea' id='block_1_56' title="bbox 2114 2395 3760 2467">
    <p class='ocr_par' dir='ltr' id='par_1_56' title="bbox 2114 2395 3760 2467">
     <span class='ocr_line' id='line_1_56' title="bbox 2114 2395 3760 2467; baseline 0.002 -19"><span class='ocrx_word' id='word_1_441' title='bbox 2114 2411 2222 2450; x_wconf 90' lang='lat' dir='ltr'>non</span> <span class='ocrx_word' id='word_1_442' title='bbox 2242 2403 2318 2450; x_wconf 86' lang='lat' dir='ltr'>est</span> <span class='ocrx_word' id='word_1_443' title='bbox 2338 2396 2578 2466; x_wconf 86' lang='lat' dir='ltr'>amplius</span> <span class='ocrx_word' id='word_1_444' title='bbox 2595 2399 2798 2466; x_wconf 68' lang='lat' dir='ltr'>praeter</span> <span class='ocrx_word' id='word_1_445' title='bbox 2813 2403 2981 2461; x_wconf 91' lang='lat' dir='ltr'>me,et</span> <span class='ocrx_word' id='word_1_446' title='bbox 3003 2413 3112 2450; x_wconf 88' lang='lat' dir='ltr'>non</span> <span class='ocrx_word' id='word_1_447' title='bbox 3135 2395 3511 2466; x_wconf 75' lang='lat' dir='ltr'>confundetur</span> <span class='ocrx_word' id='word_1_448' title='bbox 3522 2395 3760 2467; x_wconf 81' lang='lat' dir='ltr'>populus</span> 
     </span>
    </p>
   </div>
   <div class='ocr_carea' id='block_1_57' title="bbox 2115 2481 3762 2556">
    <p class='ocr_par' dir='ltr' id='par_1_57' title="bbox 2115 2481 3762 2556">
     <span class='ocr_line' id='line_1_57' title="bbox 2115 2481 3762 2556; baseline 0.002 -20"><span class='ocrx_word' id='word_1_449' title='bbox 2115 2499 2268 2537; x_wconf 90' lang='lat' dir='ltr'>meus</span> <span class='ocrx_word' id='word_1_450' title='bbox 2300 2485 2358 2537; x_wconf 88' lang='lat' dir='ltr'>in</span> <span class='ocrx_word' id='word_1_451' title='bbox 2386 2488 2678 2540; x_wconf 67' lang='lat' dir='ltr'>aeternum.</span> <span class='ocrx_word' id='word_1_452' title='bbox 2711 2483 2996 2539; x_wconf 89' lang='lat' dir='ltr'>Omnibus</span> <span class='ocrx_word' id='word_1_453' title='bbox 3030 2499 3156 2555; x_wconf 72' lang='lat' dir='ltr'>quis</span> <span class='ocrx_word' id='word_1_454' title='bbox 3189 2482 3296 2556; x_wconf 79' lang='grc' dir='ltr'>[Αἰ.</span> <span class='ocrx_word' id='word_1_455' title='bbox 3321 2481 3559 2555; x_wconf 83' lang='lat' dir='ltr'>quibus]</span> <span class='ocrx_word' id='word_1_456' title='bbox 3583 2500 3762 2555; x_wconf 87' lang='lat' dir='ltr'>supra</span> 
     </span>
    </p>
   </div>
   <div class='ocr_carea' id='block_1_58' title="bbox 2118 2571 3763 2644">
    <p class='ocr_par' dir='ltr' id='par_1_58' title="bbox 2118 2571 3763 2644">
     <span class='ocr_line' id='line_1_58' title="bbox 2118 2571 3763 2644; baseline 0.001 -19"><span class='ocrx_word' id='word_1_457' title='bbox 2118 2571 2304 2626; x_wconf 85' lang='lat' dir='ltr'>fuerat</span> <span class='ocrx_word' id='word_1_458' title='bbox 2335 2571 2749 2640; x_wconf 88' lang='lat' dir='ltr'>comminatus,</span> <span class='ocrx_word' id='word_1_459' title='bbox 2783 2588 2939 2626; x_wconf 91' lang='lat' dir='ltr'>nunc</span> <span class='ocrx_word' id='word_1_460' title='bbox 2970 2571 3264 2628; x_wconf 86' lang='lat' dir='ltr'>contraria</span> <span class='ocrx_word' id='word_1_461' title='bbox 3294 2571 3624 2644; x_wconf 87' lang='lat' dir='ltr'>pollicetur.</span> <span class='ocrx_word' id='word_1_462' title='bbox 3659 2571 3763 2626; x_wconf 88' lang='lat' dir='ltr'>Su-</span> 
     </span>
    </p>
   </div>
   <div class='ocr_carea' id='block_1_59' title="bbox 2118 2659 3763 2733">
    <p class='ocr_par' dir='ltr' id='par_1_59' title="bbox 2118 2659 3763 2733">
     <span class='ocr_line' id='line_1_59' title="bbox 2118 2659 3763 2733; baseline 0.001 -20"><span class='ocrx_word' id='word_1_463' title='bbox 2118 2675 2223 2730; x_wconf 89' lang='lat' dir='ltr'>pra</span> <span class='ocrx_word' id='word_1_464' title='bbox 2244 2659 2505 2715; x_wconf 88' lang='lat' dir='ltr'>dixerat:</span> <span class='ocrx_word' id='word_1_465' title='bbox 2530 2659 2682 2731; x_wconf 86' lang='lat' dir='ltr'>ignis</span> <span class='ocrx_word' id='word_1_466' title='bbox 2708 2660 2959 2716; x_wconf 89' lang='lat' dir='ltr'>comedit</span> <span class='ocrx_word' id='word_1_467' title='bbox 2980 2661 3245 2733; x_wconf 88' lang='lat' dir='ltr'>speciosa</span> <span class='ocrx_word' id='word_1_468' title='bbox 3264 2660 3497 2725; x_wconf 86' lang='lat' dir='ltr'>deserti,</span> <span class='ocrx_word' id='word_1_469' title='bbox 3521 2665 3579 2716; x_wconf 89' lang='lat' dir='ltr'>et</span> <span class='ocrx_word' id='word_1_470' title='bbox 3598 2660 3763 2716; x_wconf 87' lang='lat' dir='ltr'>ﬂam-</span> 
     </span>
    </p>
   </div>
   <div class='ocr_carea' id='block_1_60' title="bbox 2120 2747 3761 2822">
    <p class='ocr_par' dir='ltr' id='par_1_60' title="bbox 2120 2747 3761 2822">
     <span class='ocr_line' id='line_1_60' title="bbox 2120 2747 3761 2822; baseline 0.002 -21"><span class='ocrx_word' id='word_1_471' title='bbox 2120 2764 2216 2802; x_wconf 89' lang='lat' dir='ltr'>ma</span> <span class='ocrx_word' id='word_1_472' title='bbox 2246 2747 2547 2803; x_wconf 91' lang='lat' dir='ltr'>succendit</span> <span class='ocrx_word' id='word_1_473' title='bbox 2576 2747 2774 2805; x_wconf 90' lang='lat' dir='ltr'>omnia</span> <span class='ocrx_word' id='word_1_474' title='bbox 2802 2747 2959 2820; x_wconf 90' lang='lat' dir='ltr'>ligna</span> <span class='ocrx_word' id='word_1_475' title='bbox 2992 2749 3268 2822; x_wconf 88' lang='lat' dir='ltr'>regionis,</span> <span class='ocrx_word' id='word_1_476' title='bbox 3307 2753 3364 2805; x_wconf 88' lang='lat' dir='ltr'>et</span> <span class='ocrx_word' id='word_1_477' title='bbox 3407 2748 3606 2806; x_wconf 70' lang='lat' dir='ltr'>bestias</span> <span class='ocrx_word' id='word_1_478' title='bbox 3635 2748 3761 2822; x_wconf 86' lang='lat' dir='ltr'>agri</span> 
     </span>
    </p>
   </div>
   <div class='ocr_carea' id='block_1_61' title="bbox 2120 2835 3759 2910">
    <p class='ocr_par' dir='ltr' id='par_1_61' title="bbox 2120 2835 3759 2910">
     <span class='ocr_line' id='line_1_61' title="bbox 2120 2835 3759 2910; baseline 0.003 -21"><span class='ocrx_word' id='word_1_479' title='bbox 2120 2835 2289 2906; x_wconf 88' lang='lat' dir='ltr'>quasi</span> <span class='ocrx_word' id='word_1_480' title='bbox 2316 2851 2450 2891; x_wconf 88' lang='lat' dir='ltr'>area</span> <span class='ocrx_word' id='word_1_481' title='bbox 2475 2836 2680 2892; x_wconf 89' lang='lat' dir='ltr'>sitiens</span> <span class='ocrx_word' id='word_1_482' title='bbox 2702 2836 2947 2892; x_wconf 87' lang='lat' dir='ltr'>imbrem</span> <span class='ocrx_word' id='word_1_483' title='bbox 2972 2842 3360 2910; x_wconf 83' lang='lat' dir='ltr'>suspexerunt</span> <span class='ocrx_word' id='word_1_484' title='bbox 3385 2839 3457 2893; x_wconf 89' lang='lat' dir='ltr'>ad</span> <span class='ocrx_word' id='word_1_485' title='bbox 3480 2841 3536 2893; x_wconf 92' lang='lat' dir='ltr'>te</span> <span class='ocrx_word' id='word_1_486' title='bbox 3561 2855 3575 2894; x_wconf 91' lang='lat'>:</span> <span class='ocrx_word' id='word_1_487' title='bbox 3608 2855 3759 2910; x_wconf 84' lang='lat' dir='ltr'>quo-</span> 
     </span>
    </p>
   </div>
   <div class='ocr_carea' id='block_1_62' title="bbox 2120 2923 3757 2999">
    <p class='ocr_par' dir='ltr' id='par_1_62' title="bbox 2120 2923 3757 2999">
     <span class='ocr_line' id='line_1_62' title="bbox 2120 2923 3757 2999; baseline 0.003 -21"><span class='ocrx_word' id='word_1_488' title='bbox 2120 2923 2277 2978; x_wconf 89' lang='lat' dir='ltr'>niam</span> <span class='ocrx_word' id='word_1_489' title='bbox 2298 2924 2608 2980; x_wconf 85' lang='lat' dir='ltr'>exsiccavit</span> <span class='ocrx_word' id='word_1_490' title='bbox 2628 2929 2763 2980; x_wconf 92' lang='lat' dir='ltr'>sunt</span> <span class='ocrx_word' id='word_1_491' title='bbox 2786 2925 2973 2981; x_wconf 89' lang='lat' dir='ltr'>fontes</span> <span class='ocrx_word' id='word_1_492' title='bbox 2995 2942 3305 2997; x_wconf 89' lang='lat' dir='ltr'>aquarum,</span> <span class='ocrx_word' id='word_1_493' title='bbox 3331 2930 3387 2981; x_wconf 90' lang='lat' dir='ltr'>et</span> <span class='ocrx_word' id='word_1_494' title='bbox 3409 2925 3566 2999; x_wconf 86' lang='lat' dir='ltr'>ignis</span> <span class='ocrx_word' id='word_1_495' title='bbox 3588 2927 3757 2984; x_wconf 87' lang='lat' dir='ltr'>devo-</span> 
     </span>
    </p>
   </div>
   <div class='ocr_carea' id='block_1_63' title="bbox 2118 3012 3758 3088">
    <p class='ocr_par' dir='ltr' id='par_1_63' title="bbox 2118 3012 3758 3088">
     <span class='ocr_line' id='line_1_63' title="bbox 2118 3012 3758 3088; baseline 0.002 -21"><span class='ocrx_word' id='word_1_496' title='bbox 2118 3012 2263 3067; x_wconf 88' lang='lat' dir='ltr'>ravit</span> <span class='ocrx_word' id='word_1_497' title='bbox 2283 3013 2544 3084; x_wconf 89' lang='lat' dir='ltr'>speciosa</span> <span class='ocrx_word' id='word_1_498' title='bbox 2563 3013 2797 3069; x_wconf 90' lang='lat' dir='ltr'>deserti.</span> <span class='ocrx_word' id='word_1_499' title='bbox 2820 3013 2984 3069; x_wconf 89' lang='lat' dir='ltr'>Nunc</span> <span class='ocrx_word' id='word_1_500' title='bbox 3005 3013 3150 3069; x_wconf 80' lang='lat' dir='ltr'>laetis</span> <span class='ocrx_word' id='word_1_501' title='bbox 3181 3014 3484 3070; x_wconf 86' lang='lat' dir='ltr'>tristitiam</span> <span class='ocrx_word' id='word_1_502' title='bbox 3507 3015 3758 3088; x_wconf 87' lang='lat' dir='ltr'>mitigat,</span> 
     </span>
    </p>
   </div>
   <div class='ocr_carea' id='block_1_64' title="bbox 2117 3099 3758 3174">
    <p class='ocr_par' dir='ltr' id='par_1_64' title="bbox 2117 3099 3758 3174">
     <span class='ocr_line' id='line_1_64' title="bbox 2117 3099 3758 3174; baseline 0.002 -18"><span class='ocrx_word' id='word_1_503' title='bbox 2117 3105 2174 3156; x_wconf 89' lang='lat' dir='ltr'>et</span> <span class='ocrx_word' id='word_1_504' title='bbox 2195 3099 2483 3171; x_wconf 87' lang='lat' dir='ltr'>lacrymas</span> <span class='ocrx_word' id='word_1_505' title='bbox 2516 3102 2684 3157; x_wconf 88' lang='lat' dir='ltr'>vertit</span> <span class='ocrx_word' id='word_1_506' title='bbox 2712 3103 2772 3157; x_wconf 89' lang='lat' dir='ltr'>in</span> <span class='ocrx_word' id='word_1_507' title='bbox 2805 3102 3009 3158; x_wconf 91' lang='lat' dir='ltr'>risum.</span> <span class='ocrx_word' id='word_1_508' title='bbox 3063 3103 3263 3166; x_wconf 87' lang='lat' dir='ltr'>Nolite,</span> <span class='ocrx_word' id='word_1_509' title='bbox 3296 3103 3511 3174; x_wconf 90' lang='lat' dir='ltr'>inquit,</span> <span class='ocrx_word' id='word_1_510' title='bbox 3539 3106 3758 3172; x_wconf 86' lang='lat' dir='ltr'>timere,</span> 
     </span>
    </p>
   </div>
   <div class='ocr_carea' id='block_1_65' title="bbox 358 3178 3759 3264">
    <p class='ocr_par' dir='ltr' id='par_1_65' title="bbox 358 3178 3759 3264">
     <span class='ocr_line' id='line_1_65' title="bbox 358 3178 3759 3264; baseline 0.001 -18"><span class='ocrx_word' id='word_1_511' title='bbox 358 3191 605 3262; x_wconf 86' lang='lat' dir='ltr'>januam</span> <span class='ocrx_word' id='word_1_512' title='bbox 637 3192 1030 3260; x_wconf 89' lang='lat' dir='ltr'>peccatorum,</span> <span class='ocrx_word' id='word_1_513' title='bbox 1063 3193 1120 3243; x_wconf 93' lang='lat' dir='ltr'>et</span> <span class='ocrx_word' id='word_1_514' title='bbox 1149 3188 1302 3259; x_wconf 90' lang='lat' dir='ltr'>apud</span> <span class='ocrx_word' id='word_1_515' title='bbox 1336 3204 1484 3258; x_wconf 91' lang='lat' dir='ltr'>quos</span> <span class='ocrx_word' id='word_1_516' title='bbox 1515 3203 1698 3258; x_wconf 91' lang='lat' dir='ltr'>usque</span> <span class='ocrx_word' id='word_1_517' title='bbox 1728 3187 1800 3242; x_wconf 88' lang='lat' dir='ltr'>ad</span> <span class='ocrx_word' id='word_1_518' title='bbox 1831 3191 2010 3242; x_wconf 86' lang='lat' dir='ltr'>extre-</span> <span class='ocrx_word' id='word_1_519' title='bbox 2038 3178 2080 3244; x_wconf 89' lang='lat' dir='ltr'>C</span> <span class='ocrx_word' id='word_1_520' title='bbox 2119 3191 2395 3244; x_wconf 88' lang='lat' dir='ltr'>animalia</span> <span class='ocrx_word' id='word_1_521' title='bbox 2424 3192 2701 3260; x_wconf 82' lang='lat' dir='ltr'>regicnis:</span> <span class='ocrx_word' id='word_1_522' title='bbox 2733 3193 2862 3264; x_wconf 84' lang='lat' dir='ltr'>quia</span> <span class='ocrx_word' id='word_1_523' title='bbox 2893 3193 3344 3262; x_wconf 84' lang='lat' dir='ltr'>germinaverunt</span> <span class='ocrx_word' id='word_1_524' title='bbox 3399 3193 3640 3264; x_wconf 83' lang='lat' dir='ltr'>speciosa</span> <span class='ocrx_word' id='word_1_525' title='bbox 3665 3193 3759 3248; x_wconf 86' lang='lat' dir='ltr'>de-</span> 
     </span>
    </p>
   </div>
   <div class='ocr_carea' id='block_1_66' title="bbox 369 3275 2014 3347">
    <p class='ocr_par' dir='ltr' id='par_1_66' title="bbox 369 3275 2014 3347">
     <span class='ocr_line' id='line_1_66' title="bbox 369 3275 2014 3347; baseline -0.002 -14"><span class='ocrx_word' id='word_1_526' title='bbox 369 3294 533 3333; x_wconf 90' lang='lat' dir='ltr'>mum</span> <span class='ocrx_word' id='word_1_527' title='bbox 580 3278 706 3332; x_wconf 70' lang='lat' dir='ltr'>vitae</span> <span class='ocrx_word' id='word_1_528' title='bbox 764 3282 998 3347; x_wconf 89' lang='lat' dir='ltr'>tempus</span> <span class='ocrx_word' id='word_1_529' title='bbox 1032 3275 1480 3347; x_wconf 88' lang='lat' dir='ltr'>permanserint,</span> <span class='ocrx_word' id='word_1_530' title='bbox 1514 3281 1570 3330; x_wconf 89' lang='lat' dir='ltr'>et</span> <span class='ocrx_word' id='word_1_531' title='bbox 1600 3277 1744 3331; x_wconf 88' lang='lat' dir='ltr'>fetor</span> <span class='ocrx_word' id='word_1_532' title='bbox 1768 3275 1927 3330; x_wconf 90' lang='lat' dir='ltr'>illius</span> <span class='ocrx_word' id='word_1_533' title='bbox 1955 3279 2014 3330; x_wconf 89' lang='lat' dir='ltr'>et</span> 
     </span>
    </p>
   </div>
   <div class='ocr_carea' id='block_1_67' title="bbox 371 3363 2014 3439">
    <p class='ocr_par' dir='ltr' id='par_1_67' title="bbox 371 3363 2014 3439">
     <span class='ocr_line' id='line_1_67' title="bbox 371 3363 2014 3439; baseline -0.002 -17"><span class='ocrx_word' id='word_1_534' title='bbox 371 3367 618 3439; x_wconf 88' lang='lat' dir='ltr'>putredo</span> <span class='ocrx_word' id='word_1_535' title='bbox 640 3365 903 3422; x_wconf 89' lang='lat' dir='ltr'>ascendit</span> <span class='ocrx_word' id='word_1_536' title='bbox 922 3365 1097 3420; x_wconf 89' lang='lat' dir='ltr'>etiam</span> <span class='ocrx_word' id='word_1_537' title='bbox 1119 3364 1176 3418; x_wconf 91' lang='lat' dir='ltr'>in</span> <span class='ocrx_word' id='word_1_538' title='bbox 1203 3381 1300 3420; x_wconf 88' lang='lat' dir='ltr'>eos</span> <span class='ocrx_word' id='word_1_539' title='bbox 1322 3364 1421 3436; x_wconf 91' lang='lat' dir='ltr'>qui</span> <span class='ocrx_word' id='word_1_540' title='bbox 1472 3363 1583 3419; x_wconf 91' lang='lat' dir='ltr'>sibi</span> <span class='ocrx_word' id='word_1_541' title='bbox 1634 3380 1847 3435; x_wconf 83' lang='lat' dir='ltr'>magna</span> <span class='ocrx_word' id='word_1_542' title='bbox 1876 3380 2014 3435; x_wconf 91' lang='lat' dir='ltr'>pro-</span> 
     </span>
    </p>
   </div>
   <div class='ocr_carea' id='block_1_68' title="bbox 368 3452 2012 3525">
    <p class='ocr_par' dir='ltr' id='par_1_68' title="bbox 368 3452 2012 3525">
     <span class='ocr_line' id='line_1_68' title="bbox 368 3452 2012 3525; baseline -0.002 -15"><span class='ocrx_word' id='word_1_543' title='bbox 368 3455 631 3519; x_wconf 89' lang='lat' dir='ltr'>mittunt,</span> <span class='ocrx_word' id='word_1_544' title='bbox 654 3459 709 3510; x_wconf 91' lang='lat' dir='ltr'>et</span> <span class='ocrx_word' id='word_1_545' title='bbox 759 3453 976 3508; x_wconf 89' lang='lat' dir='ltr'>cadunt</span> <span class='ocrx_word' id='word_1_546' title='bbox 998 3470 1100 3525; x_wconf 88' lang='lat' dir='ltr'>per</span> <span class='ocrx_word' id='word_1_547' title='bbox 1131 3453 1462 3524; x_wconf 90' lang='lat' dir='ltr'>superbiam</span> <span class='ocrx_word' id='word_1_548' title='bbox 1495 3470 1507 3507; x_wconf 92' lang='lat'>:</span> <span class='ocrx_word' id='word_1_549' title='bbox 1532 3452 1668 3523; x_wconf 91' lang='lat' dir='ltr'>quia</span> <span class='ocrx_word' id='word_1_550' title='bbox 1690 3468 2012 3522; x_wconf 90' lang='lat' dir='ltr'>numquam</span> 
     </span>
    </p>
   </div>
   <div class='ocr_carea' id='block_1_69' title="bbox 366 3541 2013 3613">
    <p class='ocr_par' dir='ltr' id='par_1_69' title="bbox 366 3541 2013 3613">
     <span class='ocr_line' id='line_1_69' title="bbox 366 3541 2013 3613; baseline -0.002 -14"><span class='ocrx_word' id='word_1_551' title='bbox 366 3547 496 3600; x_wconf 88' lang='lat' dir='ltr'>tuta</span> <span class='ocrx_word' id='word_1_552' title='bbox 515 3547 604 3598; x_wconf 89' lang='lat' dir='ltr'>est</span> <span class='ocrx_word' id='word_1_553' title='bbox 624 3542 884 3598; x_wconf 90' lang='lat' dir='ltr'>humana</span> <span class='ocrx_word' id='word_1_554' title='bbox 907 3541 1211 3613; x_wconf 87' lang='lat' dir='ltr'>fragilitas,</span> <span class='ocrx_word' id='word_1_555' title='bbox 1227 3545 1515 3612; x_wconf 91' lang='lat' dir='ltr'>etquanto</span> <span class='ocrx_word' id='word_1_556' title='bbox 1529 3541 1843 3596; x_wconf 88' lang='lat' dir='ltr'>virtutibus</span> <span class='ocrx_word' id='word_1_557' title='bbox 1859 3556 2013 3595; x_wconf 92' lang='lat' dir='ltr'>cres-</span> 
     </span>
    </p>
   </div>
   <div class='ocr_carea' id='block_1_70' title="bbox 365 3629 2012 3702">
    <p class='ocr_par' dir='ltr' id='par_1_70' title="bbox 365 3629 2012 3702">
     <span class='ocr_line' id='line_1_70' title="bbox 365 3629 2012 3702; baseline -0.001 -15"><span class='ocrx_word' id='word_1_558' title='bbox 365 3631 575 3702; x_wconf 88' lang='lat' dir='ltr'>cimus,</span> <span class='ocrx_word' id='word_1_559' title='bbox 589 3636 750 3686; x_wconf 86' lang='lat' dir='ltr'>tanto</span> <span class='ocrx_word' id='word_1_560' title='bbox 771 3630 957 3702; x_wconf 88' lang='lat' dir='ltr'>magis</span> <span class='ocrx_word' id='word_1_561' title='bbox 973 3630 1178 3685; x_wconf 89' lang='lat' dir='ltr'>timere</span> <span class='ocrx_word' id='word_1_562' title='bbox 1193 3630 1474 3684; x_wconf 80' lang='lat' dir='ltr'>debemus</span> <span class='ocrx_word' id='word_1_563' title='bbox 1491 3647 1562 3685; x_wconf 91' lang='lat' dir='ltr'>ne</span> <span class='ocrx_word' id='word_1_564' title='bbox 1575 3630 1644 3685; x_wconf 92' lang='lat' dir='ltr'>de</span> <span class='ocrx_word' id='word_1_565' title='bbox 1657 3629 2012 3685; x_wconf 89' lang='lat' dir='ltr'>sublimibus</span> 
     </span>
    </p>
   </div>
   <div class='ocr_carea' id='block_1_71' title="bbox 362 3718 2013 3790">
    <p class='ocr_par' dir='ltr' id='par_1_71' title="bbox 362 3718 2013 3790">
     <span class='ocr_line' id='line_1_71' title="bbox 362 3718 2013 3790; baseline -0.001 -14"><span class='ocrx_word' id='word_1_566' title='bbox 362 3737 725 3776; x_wconf 89' lang='lat' dir='ltr'>corruamus.</span> <span class='ocrx_word' id='word_1_567' title='bbox 747 3719 1207 3786; x_wconf 86' lang='lat' dir='ltr'>Juxtalitteram,</span> <span class='ocrx_word' id='word_1_568' title='bbox 1224 3735 1431 3790; x_wconf 85' lang='lat' dir='ltr'>grages</span> <span class='ocrx_word' id='word_1_569' title='bbox 1445 3718 1804 3773; x_wconf 90' lang='lat' dir='ltr'>locustarum</span> <span class='ocrx_word' id='word_1_570' title='bbox 1825 3718 2013 3790; x_wconf 87' lang='lat' dir='ltr'>magis</span> 
     </span>
    </p>
   </div>
   <div class='ocr_carea' id='block_1_72' title="bbox 363 3806 2012 3880">
    <p class='ocr_par' dir='ltr' id='par_1_72' title="bbox 363 3806 2012 3880">
     <span class='ocr_line' id='line_1_72' title="bbox 363 3806 2012 3880; baseline -0.001 -16"><span class='ocrx_word' id='word_1_571' title='bbox 363 3811 575 3864; x_wconf 85' lang='lat' dir='ltr'>Auster</span> <span class='ocrx_word' id='word_1_572' title='bbox 594 3825 771 3880; x_wconf 91' lang='lat' dir='ltr'>quam</span> <span class='ocrx_word' id='word_1_573' title='bbox 794 3806 1006 3880; x_wconf 81' lang='lat' dir='ltr'>Aquilo</span> <span class='ocrx_word' id='word_1_574' title='bbox 1031 3807 1332 3862; x_wconf 90' lang='lat' dir='ltr'>consuevit</span> <span class='ocrx_word' id='word_1_575' title='bbox 1353 3807 1664 3869; x_wconf 89' lang='lat' dir='ltr'>adducere,</span> <span class='ocrx_word' id='word_1_576' title='bbox 1683 3807 1738 3861; x_wconf 91' lang='lat' dir='ltr'>id</span> <span class='ocrx_word' id='word_1_577' title='bbox 1757 3810 1866 3874; x_wconf 83' lang='lat' dir='ltr'>est,</span> <span class='ocrx_word' id='word_1_578' title='bbox 1895 3823 2012 3862; x_wconf 92' lang='lat' dir='ltr'>non</span> 
     </span>
    </p>
   </div>
   <div class='ocr_carea' id='block_1_73' title="bbox 363 3894 2012 3969">
    <p class='ocr_par' dir='ltr' id='par_1_73' title="bbox 363 3894 2012 3969">
     <span class='ocr_line' id='line_1_73' title="bbox 363 3894 2012 3969; baseline -0.002 -16"><span class='ocrx_word' id='word_1_579' title='bbox 363 3914 432 3953; x_wconf 85' lang='lat' dir='ltr'>ex</span> <span class='ocrx_word' id='word_1_580' title='bbox 463 3896 676 3969; x_wconf 88' lang='lat' dir='ltr'>frigore</span> <span class='ocrx_word' id='word_1_581' title='bbox 698 3896 960 3962; x_wconf 89' lang='lat' dir='ltr'>veniunt,</span> <span class='ocrx_word' id='word_1_582' title='bbox 994 3897 1094 3950; x_wconf 89' lang='lat' dir='ltr'>sed</span> <span class='ocrx_word' id='word_1_583' title='bbox 1128 3901 1184 3950; x_wconf 90' lang='lat' dir='ltr'>et</span> <span class='ocrx_word' id='word_1_584' title='bbox 1214 3894 1440 3950; x_wconf 87' lang='lat' dir='ltr'>calore:</span> <span class='ocrx_word' id='word_1_585' title='bbox 1492 3911 1692 3951; x_wconf 91' lang='lat' dir='ltr'>verum</span> <span class='ocrx_word' id='word_1_586' title='bbox 1735 3895 2012 3966; x_wconf 90' lang='lat' dir='ltr'>quoniam</span> 
     </span>
    </p>
   </div>
   <div class='ocr_carea' id='block_1_74' title="bbox 364 3982 2013 4057">
    <p class='ocr_par' dir='ltr' id='par_1_74' title="bbox 364 3982 2013 4057">
     <span class='ocr_line' id='line_1_74' title="bbox 364 3982 2013 4057; baseline -0.002 -17"><span class='ocrx_word' id='word_1_587' title='bbox 364 3985 437 4041; x_wconf 91' lang='lat' dir='ltr'>de</span> <span class='ocrx_word' id='word_1_588' title='bbox 455 3985 709 4057; x_wconf 83' lang='lat' dir='ltr'>Assyriis</span> <span class='ocrx_word' id='word_1_589' title='bbox 729 3983 1101 4056; x_wconf 89' lang='lat' dir='ltr'>loquebatur,</span> <span class='ocrx_word' id='word_1_590' title='bbox 1140 3983 1497 4039; x_wconf 89' lang='lat' dir='ltr'>locustarum</span> <span class='ocrx_word' id='word_1_591' title='bbox 1550 3999 1773 4054; x_wconf 90' lang='lat' dir='ltr'>ponens</span> <span class='ocrx_word' id='word_1_592' title='bbox 1805 3982 2013 4037; x_wconf 88' lang='lat' dir='ltr'>simili-</span> 
     </span>
    </p>
   </div>
   <div class='ocr_carea' id='block_1_75' title="bbox 365 4071 2011 4144">
    <p class='ocr_par' dir='ltr' id='par_1_75' title="bbox 365 4071 2011 4144">
     <span class='ocr_line' id='line_1_75' title="bbox 365 4071 2011 4144; baseline -0.001 -16"><span class='ocrx_word' id='word_1_593' title='bbox 365 4074 655 4144; x_wconf 89' lang='lat' dir='ltr'>tudinem,</span> <span class='ocrx_word' id='word_1_594' title='bbox 680 4073 808 4128; x_wconf 90' lang='lat' dir='ltr'>ideo</span> <span class='ocrx_word' id='word_1_595' title='bbox 832 4072 1179 4144; x_wconf 87' lang='lat' dir='ltr'>Aquilonem</span> <span class='ocrx_word' id='word_1_596' title='bbox 1203 4071 1574 4143; x_wconf 90' lang='lat' dir='ltr'>interposuit,</span> <span class='ocrx_word' id='word_1_597' title='bbox 1600 4075 1663 4125; x_wconf 93' lang='lat' dir='ltr'>ut</span> <span class='ocrx_word' id='word_1_598' title='bbox 1679 4088 1794 4126; x_wconf 90' lang='lat' dir='ltr'>non</span> <span class='ocrx_word' id='word_1_599' title='bbox 1817 4087 2011 4127; x_wconf 88' lang='lat' dir='ltr'>veram</span> 
     </span>
    </p>
   </div>
   <div class='ocr_carea' id='block_1_76' title="bbox 365 4158 2012 4232">
    <p class='ocr_par' dir='ltr' id='par_1_76' title="bbox 365 4158 2012 4232">
     <span class='ocr_line' id='line_1_76' title="bbox 365 4158 2012 4232; baseline 0 -16"><span class='ocrx_word' id='word_1_600' title='bbox 365 4160 674 4228; x_wconf 87' lang='lat' dir='ltr'>locustam,</span> <span class='ocrx_word' id='word_1_601' title='bbox 702 4178 828 4232; x_wconf 65' lang='lat' dir='ltr'>quas</span> <span class='ocrx_word' id='word_1_602' title='bbox 853 4161 926 4216; x_wconf 88' lang='lat' dir='ltr'>ab</span> <span class='ocrx_word' id='word_1_603' title='bbox 945 4163 1157 4216; x_wconf 89' lang='lat' dir='ltr'>Austro</span> <span class='ocrx_word' id='word_1_604' title='bbox 1193 4159 1389 4215; x_wconf 91' lang='lat' dir='ltr'>venire</span> <span class='ocrx_word' id='word_1_605' title='bbox 1415 4158 1733 4226; x_wconf 81' lang='lat' dir='ltr'>consuevit,</span> <span class='ocrx_word' id='word_1_606' title='bbox 1761 4160 1860 4216; x_wconf 89' lang='lat' dir='ltr'>sed</span> <span class='ocrx_word' id='word_1_607' title='bbox 1903 4160 2012 4216; x_wconf 90' lang='lat' dir='ltr'>sub</span> 
     </span>
    </p>
   </div>
   <div class='ocr_carea' id='block_1_77' title="bbox 369 4247 1868 4321">
    <p class='ocr_par' dir='ltr' id='par_1_77' title="bbox 369 4247 1868 4321">
     <span class='ocr_line' id='line_1_77' title="bbox 369 4247 1868 4321; baseline -0.001 -17"><span class='ocrx_word' id='word_1_608' title='bbox 369 4247 600 4306; x_wconf 88' lang='lat' dir='ltr'>locusta</span> <span class='ocrx_word' id='word_1_609' title='bbox 627 4247 1026 4321; x_wconf 89' lang='lat' dir='ltr'>intelligamus</span> <span class='ocrx_word' id='word_1_610' title='bbox 1056 4248 1318 4320; x_wconf 83' lang='lat' dir='ltr'>Assyrios</span> <span class='ocrx_word' id='word_1_611' title='bbox 1349 4251 1523 4318; x_wconf 88' lang='lat' dir='ltr'>atque</span> <span class='ocrx_word' id='word_1_612' title='bbox 1552 4247 1868 4304; x_wconf 79' lang='lat' dir='ltr'>Chaldaeos.</span> 
     </span>
    </p>
   </div>
   <div class='ocr_carea' id='block_1_78' title="bbox 440 4335 2016 4410">
    <p class='ocr_par' dir='ltr' id='par_1_78' title="bbox 440 4335 2016 4410">
     <span class='ocr_line' id='line_1_78' title="bbox 440 4335 2016 4410; baseline 0 -18"><span class='ocrx_word' id='word_1_613' title='bbox 440 4337 628 4410; x_wconf 87' lang='lat' dir='ltr'>(Vers.</span> <span class='ocrx_word' id='word_1_614' title='bbox 690 4338 762 4392; x_wconf 87' lang='lat'>22</span> <span class='ocrx_word' id='word_1_615' title='bbox 811 4339 1000 4408; x_wconf 89' lang='lat' dir='ltr'>seqq.)</span> <span class='ocrx_word' id='word_1_616' title='bbox 1056 4335 1189 4392; x_wconf 85' lang='lat' dir='ltr'>Noti</span> <span class='ocrx_word' id='word_1_617' title='bbox 1245 4337 1458 4405; x_wconf 89' lang='lat' dir='ltr'>timere,</span> <span class='ocrx_word' id='word_1_618' title='bbox 1490 4339 1681 4391; x_wconf 88' lang='lat' dir='ltr'>terra:</span> <span class='ocrx_word' id='word_1_619' title='bbox 1718 4337 1936 4392; x_wconf 73' lang='lat' dir='ltr'>multa</span> <span class='ocrx_word' id='word_1_620' title='bbox 1964 4342 2016 4393; x_wconf 88' lang='lat' dir='ltr'>et</span> 
     </span>
    </p>
   </div>
   <div class='ocr_carea' id='block_1_79' title="bbox 369 4425 2011 4498">
    <p class='ocr_par' dir='ltr' id='par_1_79' title="bbox 369 4425 2011 4498">
     <span class='ocr_line' id='line_1_79' title="bbox 369 4425 2011 4498; baseline -0.001 -16"><span class='ocrx_word' id='word_1_621' title='bbox 369 4427 561 4486; x_wconf 71' lang='lat' dir='ltr'>laetare</span> <span class='ocrx_word' id='word_1_622' title='bbox 616 4429 879 4498; x_wconf 90' lang='lat' dir='ltr'>quoniam</span> <span class='ocrx_word' id='word_1_623' title='bbox 931 4425 1304 4496; x_wconf 82' lang='lat' dir='ltr'>magniﬁcavit</span> <span class='ocrx_word' id='word_1_624' title='bbox 1362 4425 1624 4480; x_wconf 90' lang='lat' dir='ltr'>Dominus</span> <span class='ocrx_word' id='word_1_625' title='bbox 1681 4429 1741 4479; x_wconf 92' lang='lat' dir='ltr'>ut</span> <span class='ocrx_word' id='word_1_626' title='bbox 1769 4427 2011 4496; x_wconf 82' lang='lat' dir='ltr'>faceret:</span> 
     </span>
    </p>
   </div>
   <div class='ocr_carea' id='block_1_80' title="bbox 2120 3280 3763 3350">
    <p class='ocr_par' dir='ltr' id='par_1_80' title="bbox 2120 3280 3763 3350">
     <span class='ocr_line' id='line_1_80' title="bbox 2120 3280 3763 3350; baseline 0.002 -16"><span class='ocrx_word' id='word_1_627' title='bbox 2120 3281 2252 3334; x_wconf 88' lang='lat' dir='ltr'>serti</span> <span class='ocrx_word' id='word_1_628' title='bbox 2275 3294 2287 3332; x_wconf 93' lang='lat'>:</span> <span class='ocrx_word' id='word_1_629' title='bbox 2309 3280 2439 3348; x_wconf 88' lang='lat' dir='ltr'>quia</span> <span class='ocrx_word' id='word_1_630' title='bbox 2483 3280 2698 3348; x_wconf 86' lang='lat' dir='ltr'>lignum</span> <span class='ocrx_word' id='word_1_631' title='bbox 2741 3280 2925 3335; x_wconf 82' lang='lat' dir='ltr'>attulit</span> <span class='ocrx_word' id='word_1_632' title='bbox 2952 3282 3196 3350; x_wconf 72' lang='lat' dir='ltr'>fructum</span> <span class='ocrx_word' id='word_1_633' title='bbox 3225 3296 3406 3347; x_wconf 90' lang='lat' dir='ltr'>suum,</span> <span class='ocrx_word' id='word_1_634' title='bbox 3435 3282 3570 3350; x_wconf 78' lang='lat' dir='ltr'>ﬁcus</span> <span class='ocrx_word' id='word_1_635' title='bbox 3599 3286 3650 3337; x_wconf 85' lang='lat' dir='ltr'>et</span> <span class='ocrx_word' id='word_1_636' title='bbox 3678 3283 3763 3337; x_wconf 77' lang='lat' dir='ltr'>vi-</span> 
     </span>
    </p>
   </div>
   <div class='ocr_carea' id='block_1_81' title="bbox 2119 3367 3764 3426">
    <p class='ocr_par' dir='ltr' id='par_1_81' title="bbox 2119 3367 3764 3426">
     <span class='ocr_line' id='line_1_81' title="bbox 2119 3367 3764 3426; baseline 0.003 -5"><span class='ocrx_word' id='word_1_637' title='bbox 2119 3383 2223 3422; x_wconf 88' lang='lat' dir='ltr'>nea</span> <span class='ocrx_word' id='word_1_638' title='bbox 2261 3367 2522 3423; x_wconf 86' lang='lat' dir='ltr'>dederunt</span> <span class='ocrx_word' id='word_1_639' title='bbox 2577 3369 2831 3423; x_wconf 90' lang='lat' dir='ltr'>virtutem</span> <span class='ocrx_word' id='word_1_640' title='bbox 2888 3385 3047 3424; x_wconf 89' lang='lat' dir='ltr'>suam</span> <span class='ocrx_word' id='word_1_641' title='bbox 3075 3385 3094 3423; x_wconf 90' lang='lat'><strong><em>:</em></strong></span> <span class='ocrx_word' id='word_1_642' title='bbox 3152 3373 3209 3424; x_wconf 92' lang='lat' dir='ltr'>et</span> <span class='ocrx_word' id='word_1_643' title='bbox 3237 3372 3400 3424; x_wconf 86' lang='lat' dir='ltr'>tanta</span> <span class='ocrx_word' id='word_1_644' title='bbox 3427 3369 3539 3424; x_wconf 91' lang='lat' dir='ltr'>erit</span> <span class='ocrx_word' id='word_1_645' title='bbox 3569 3387 3764 3426; x_wconf 89' lang='lat' dir='ltr'>rerum</span> 
     </span>
    </p>
   </div>
   <div class='ocr_carea' id='block_1_82' title="bbox 2122 3455 3763 3531">
    <p class='ocr_par' dir='ltr' id='par_1_82' title="bbox 2122 3455 3763 3531">
     <span class='ocr_line' id='line_1_82' title="bbox 2122 3455 3763 3531; baseline 0.003 -21"><span class='ocrx_word' id='word_1_646' title='bbox 2122 3455 2386 3510; x_wconf 90' lang='lat' dir='ltr'>omnium</span> <span class='ocrx_word' id='word_1_647' title='bbox 2413 3456 2792 3524; x_wconf 81' lang='lat' dir='ltr'>abundantia,</span> <span class='ocrx_word' id='word_1_648' title='bbox 2818 3462 2880 3512; x_wconf 92' lang='lat' dir='ltr'>ut</span> <span class='ocrx_word' id='word_1_649' title='bbox 2903 3473 3275 3528; x_wconf 83' lang='lat' dir='ltr'>nequaquam</span> <span class='ocrx_word' id='word_1_650' title='bbox 3298 3457 3451 3512; x_wconf 90' lang='lat' dir='ltr'>desit</span> <span class='ocrx_word' id='word_1_651' title='bbox 3473 3457 3580 3529; x_wconf 82' lang='grc' dir='ltr'>[ΑΙ.</span> <span class='ocrx_word' id='word_1_652' title='bbox 3607 3457 3763 3531; x_wconf 92' lang='lat' dir='ltr'>dem]</span> 
     </span>
    </p>
   </div>
   <div class='ocr_carea' id='block_1_83' title="bbox 2122 3544 3767 3618">
    <p class='ocr_par' dir='ltr' id='par_1_83' title="bbox 2122 3544 3767 3618">
     <span class='ocr_line' id='line_1_83' title="bbox 2122 3544 3767 3618; baseline 0.004 -20"><span class='ocrx_word' id='word_1_653' title='bbox 2122 3544 2287 3600; x_wconf 92' lang='lat' dir='ltr'>vobis</span> <span class='ocrx_word' id='word_1_654' title='bbox 2317 3545 2698 3613; x_wconf 86' lang='lat' dir='ltr'>frumentum;</span> <span class='ocrx_word' id='word_1_655' title='bbox 2726 3546 2925 3601; x_wconf 91' lang='lat' dir='ltr'>vinum</span> <span class='ocrx_word' id='word_1_656' title='bbox 2953 3545 3105 3601; x_wconf 77' lang='lat' dir='ltr'>I98</span> <span class='ocrx_word' id='word_1_657' title='bbox 3129 3550 3184 3601; x_wconf 92' lang='lat' dir='ltr'>et</span> <span class='ocrx_word' id='word_1_658' title='bbox 3208 3545 3401 3601; x_wconf 91' lang='lat' dir='ltr'>oleum</span> <span class='ocrx_word' id='word_1_659' title='bbox 3441 3563 3558 3618; x_wconf 92' lang='lat' dir='ltr'>quo</span> <span class='ocrx_word' id='word_1_660' title='bbox 3602 3553 3767 3604; x_wconf 82' lang='lat' dir='ltr'>satu-</span> 
     </span>
    </p>
   </div>
   <div class='ocr_carea' id='block_1_84' title="bbox 2124 3631 3772 3705">
    <p class='ocr_par' dir='ltr' id='par_1_84' title="bbox 2124 3631 3772 3705">
     <span class='ocr_line' id='line_1_84' title="bbox 2124 3631 3772 3705; baseline 0.003 -19"><span class='ocrx_word' id='word_1_661' title='bbox 2124 3631 2366 3700; x_wconf 88' lang='lat' dir='ltr'>remini;</span> <span class='ocrx_word' id='word_1_662' title='bbox 2389 3633 2488 3687; x_wconf 90' lang='lat' dir='ltr'>sed</span> <span class='ocrx_word' id='word_1_663' title='bbox 2519 3633 2952 3705; x_wconf 84' lang='lat' dir='ltr'>adimpleantur</span> <span class='ocrx_word' id='word_1_664' title='bbox 2971 3651 3114 3690; x_wconf 69' lang='lat' dir='ltr'>areas</span> <span class='ocrx_word' id='word_1_665' title='bbox 3143 3635 3452 3702; x_wconf 84' lang='lat' dir='ltr'>frumento,</span> <span class='ocrx_word' id='word_1_666' title='bbox 3474 3641 3530 3690; x_wconf 93' lang='lat' dir='ltr'>et</span> <span class='ocrx_word' id='word_1_667' title='bbox 3550 3636 3772 3691; x_wconf 88' lang='lat' dir='ltr'>redun-</span> 
     </span>
    </p>
   </div>
   <div class='ocr_carea' id='block_1_85' title="bbox 2123 3720 3759 3796">
    <p class='ocr_par' dir='ltr' id='par_1_85' title="bbox 2123 3720 3759 3796">
     <span class='ocr_line' id='line_1_85' title="bbox 2123 3720 3759 3796; baseline 0.003 -22"><span class='ocrx_word' id='word_1_668' title='bbox 2123 3720 2261 3775; x_wconf 90' lang='lat' dir='ltr'>dent</span> <span class='ocrx_word' id='word_1_669' title='bbox 2290 3720 2602 3777; x_wconf 89' lang='lat' dir='ltr'>torcularia</span> <span class='ocrx_word' id='word_1_670' title='bbox 2631 3721 2766 3777; x_wconf 88' lang='lat' dir='ltr'>vino</span> <span class='ocrx_word' id='word_1_671' title='bbox 2795 3726 2852 3777; x_wconf 91' lang='lat' dir='ltr'>et</span> <span class='ocrx_word' id='word_1_672' title='bbox 2909 3722 3054 3790; x_wconf 92' lang='lat' dir='ltr'>oleo,</span> <span class='ocrx_word' id='word_1_673' title='bbox 3113 3727 3178 3778; x_wconf 89' lang='lat' dir='ltr'>ut</span> <span class='ocrx_word' id='word_1_674' title='bbox 3237 3740 3352 3778; x_wconf 91' lang='lat' dir='ltr'>non</span> <span class='ocrx_word' id='word_1_675' title='bbox 3405 3721 3590 3779; x_wconf 90' lang='lat' dir='ltr'>solum</span> <span class='ocrx_word' id='word_1_676' title='bbox 3639 3722 3759 3796; x_wconf 87' lang='lat' dir='ltr'>ipsi</span> 
     </span>
    </p>
   </div>
   <div class='ocr_carea' id='block_1_86' title="bbox 2123 3809 3766 3883">
    <p class='ocr_par' dir='ltr' id='par_1_86' title="bbox 2123 3809 3766 3883">
     <span class='ocr_line' id='line_1_86' title="bbox 2123 3809 3766 3883; baseline 0.002 -20"><span class='ocrx_word' id='word_1_677' title='bbox 2123 3809 2444 3875; x_wconf 90' lang='lat' dir='ltr'>comedere,</span> <span class='ocrx_word' id='word_1_678' title='bbox 2479 3811 2580 3864; x_wconf 88' lang='lat' dir='ltr'>sed</span> <span class='ocrx_word' id='word_1_679' title='bbox 2615 3810 2788 3865; x_wconf 90' lang='lat' dir='ltr'>etiam</span> <span class='ocrx_word' id='word_1_680' title='bbox 2819 3809 2951 3866; x_wconf 92' lang='lat' dir='ltr'>aliis</span> <span class='ocrx_word' id='word_1_681' title='bbox 2999 3811 3254 3883; x_wconf 77' lang='lat' dir='ltr'>praebere</span> <span class='ocrx_word' id='word_1_682' title='bbox 3282 3809 3542 3867; x_wconf 86' lang='lat' dir='ltr'>valeatis.</span> <span class='ocrx_word' id='word_1_683' title='bbox 3573 3811 3660 3866; x_wconf 80' lang='lat' dir='ltr'>Ad</span> <span class='ocrx_word' id='word_1_684' title='bbox 3693 3810 3766 3866; x_wconf 81' lang='lat' dir='ltr'>f1-</span> 
     </span>
    </p>
   </div>
   <div class='ocr_carea' id='block_1_87' title="bbox 2122 3897 3769 3971">
    <p class='ocr_par' dir='ltr' id='par_1_87' title="bbox 2122 3897 3769 3971">
     <span class='ocr_line' id='line_1_87' title="bbox 2122 3897 3769 3971; baseline 0.004 -21"><span class='ocrx_word' id='word_1_685' title='bbox 2122 3897 2231 3952; x_wconf 89' lang='lat' dir='ltr'>lios</span> <span class='ocrx_word' id='word_1_686' title='bbox 2255 3914 2488 3970; x_wconf 92' lang='lat' dir='ltr'>quoque</span> <span class='ocrx_word' id='word_1_687' title='bbox 2507 3899 2640 3954; x_wconf 88' lang='lat' dir='ltr'>Sion</span> <span class='ocrx_word' id='word_1_688' title='bbox 2680 3898 3009 3970; x_wconf 75' lang='lat' dir='ltr'>specialiter</span> <span class='ocrx_word' id='word_1_689' title='bbox 3057 3898 3337 3971; x_wconf 90' lang='lat' dir='ltr'>loquitur,</span> <span class='ocrx_word' id='word_1_690' title='bbox 3390 3905 3452 3955; x_wconf 90' lang='lat' dir='ltr'>ut</span> <span class='ocrx_word' id='word_1_691' title='bbox 3474 3898 3769 3956; x_wconf 82' lang='lat' dir='ltr'>exsultent</span> 
     </span>
    </p>
   </div>
   <div class='ocr_carea' id='block_1_88' title="bbox 2123 3987 3768 4059">
    <p class='ocr_par' dir='ltr' id='par_1_88' title="bbox 2123 3987 3768 4059">
     <span class='ocr_line' id='line_1_88' title="bbox 2123 3987 3768 4059; baseline 0.002 -17"><span class='ocrx_word' id='word_1_692' title='bbox 2123 3991 2180 4042; x_wconf 91' lang='lat' dir='ltr'>et</span> <span class='ocrx_word' id='word_1_693' title='bbox 2223 3987 2536 4057; x_wconf 88' lang='lat' dir='ltr'>gaudeant,</span> <span class='ocrx_word' id='word_1_694' title='bbox 2562 4003 2675 4042; x_wconf 91' lang='lat' dir='ltr'>non</span> <span class='ocrx_word' id='word_1_695' title='bbox 2717 3987 2774 4040; x_wconf 91' lang='lat' dir='ltr'>in</span> <span class='ocrx_word' id='word_1_696' title='bbox 2801 4003 3171 4059; x_wconf 89' lang='lat' dir='ltr'>quacumque</span> <span class='ocrx_word' id='word_1_697' title='bbox 3194 4005 3254 4044; x_wconf 90' lang='lat' dir='ltr'>re</span> <span class='ocrx_word' id='word_1_698' title='bbox 3274 3987 3382 4044; x_wconf 87' lang='lat' dir='ltr'>levi</span> <span class='ocrx_word' id='word_1_699' title='bbox 3409 4006 3424 4057; x_wconf 88' lang='lat'><strong>;</strong></span> <span class='ocrx_word' id='word_1_700' title='bbox 3447 3988 3551 4044; x_wconf 90' lang='lat' dir='ltr'>sed</span> <span class='ocrx_word' id='word_1_701' title='bbox 3575 3988 3635 4044; x_wconf 90' lang='lat' dir='ltr'>in</span> <span class='ocrx_word' id='word_1_702' title='bbox 3660 3988 3768 4045; x_wconf 91' lang='lat' dir='ltr'>Do-</span> 
     </span>
    </p>
   </div>
   <div class='ocr_carea' id='block_1_89' title="bbox 2124 4074 3774 4148">
    <p class='ocr_par' dir='ltr' id='par_1_89' title="bbox 2124 4074 3774 4148">
     <span class='ocr_line' id='line_1_89' title="bbox 2124 4074 3774 4148; baseline 0.002 -19"><span class='ocrx_word' id='word_1_703' title='bbox 2124 4075 2281 4130; x_wconf 89' lang='lat' dir='ltr'>mino</span> <span class='ocrx_word' id='word_1_704' title='bbox 2312 4075 2427 4130; x_wconf 93' lang='lat' dir='ltr'>Deo</span> <span class='ocrx_word' id='word_1_705' title='bbox 2450 4091 2576 4145; x_wconf 90' lang='lat' dir='ltr'>suo,</span> <span class='ocrx_word' id='word_1_706' title='bbox 2601 4075 2702 4145; x_wconf 91' lang='lat' dir='ltr'>qui</span> <span class='ocrx_word' id='word_1_707' title='bbox 2725 4076 2884 4130; x_wconf 90' lang='lat' dir='ltr'>dedit</span> <span class='ocrx_word' id='word_1_708' title='bbox 2905 4076 2988 4131; x_wconf 90' lang='lat' dir='ltr'>eis</span> <span class='ocrx_word' id='word_1_709' title='bbox 3013 4074 3294 4132; x_wconf 87' lang='lat' dir='ltr'>alimenta</span> <span class='ocrx_word' id='word_1_710' title='bbox 3327 4076 3576 4148; x_wconf 69' lang='lat' dir='ltr'>justitiaa</span> <span class='ocrx_word' id='word_1_711' title='bbox 3601 4093 3616 4131; x_wconf 93' lang='lat'>:</span> <span class='ocrx_word' id='word_1_712' title='bbox 3637 4080 3696 4132; x_wconf 91' lang='lat' dir='ltr'>et</span> <span class='ocrx_word' id='word_1_713' title='bbox 3710 4079 3774 4132; x_wconf 89' lang='lat' dir='ltr'>ut</span> 
     </span>
    </p>
   </div>
   <div class='ocr_carea' id='block_1_90' title="bbox 2123 4161 3776 4238">
    <p class='ocr_par' dir='ltr' id='par_1_90' title="bbox 2123 4161 3776 4238">
     <span class='ocr_line' id='line_1_90' title="bbox 2123 4161 3776 4238; baseline 0.001 -19"><span class='ocrx_word' id='word_1_714' title='bbox 2123 4161 2503 4234; x_wconf 89' lang='lat' dir='ltr'>Septuaginta</span> <span class='ocrx_word' id='word_1_715' title='bbox 2524 4162 2970 4232; x_wconf 89' lang='lat' dir='ltr'>transtulerunt,</span> <span class='ocrx_word' id='word_1_716' title='bbox 2983 4168 3036 4220; x_wconf 88' lang='lat' dir='ltr'>et</span> <span class='ocrx_word' id='word_1_717' title='bbox 3052 4165 3281 4221; x_wconf 89' lang='lat' dir='ltr'>imbrem</span> <span class='ocrx_word' id='word_1_718' title='bbox 3294 4169 3776 4238; x_wconf 83' lang='lat' dir='ltr'>temporaneumet</span> 
     </span>
    </p>
   </div>
   <div class='ocr_carea' id='block_1_91' title="bbox 2123 4251 3776 4324">
    <p class='ocr_par' dir='ltr' id='par_1_91' title="bbox 2123 4251 3776 4324">
     <span class='ocr_line' id='line_1_91' title="bbox 2123 4251 3776 4324; baseline 0.002 -18"><span class='ocrx_word' id='word_1_719' title='bbox 2123 4252 2445 4316; x_wconf 83' lang='lat' dir='ltr'>serotinum,</span> <span class='ocrx_word' id='word_1_720' title='bbox 2477 4256 2542 4304; x_wconf 91' lang='lat' dir='ltr'>ut</span> <span class='ocrx_word' id='word_1_721' title='bbox 2569 4251 2883 4307; x_wconf 89' lang='lat' dir='ltr'>comedant</span> <span class='ocrx_word' id='word_1_722' title='bbox 2911 4256 3085 4324; x_wconf 89' lang='lat' dir='ltr'>atque</span> <span class='ocrx_word' id='word_1_723' title='bbox 3123 4253 3414 4321; x_wconf 63' lang='lat' dir='ltr'>laetentur,</span> <span class='ocrx_word' id='word_1_724' title='bbox 3442 4257 3502 4309; x_wconf 90' lang='lat' dir='ltr'>et</span> <span class='ocrx_word' id='word_1_725' title='bbox 3531 4253 3776 4310; x_wconf 85' lang='lat' dir='ltr'>laudent</span> 
     </span>
    </p>
   </div>
   <div class='ocr_carea' id='block_1_92' title="bbox 2126 4338 3773 4413">
    <p class='ocr_par' dir='ltr' id='par_1_92' title="bbox 2126 4338 3773 4413">
     <span class='ocr_line' id='line_1_92' title="bbox 2126 4338 3773 4413; baseline 0.004 -21"><span class='ocrx_word' id='word_1_726' title='bbox 2126 4353 2334 4393; x_wconf 88' lang='lat' dir='ltr'>nomen</span> <span class='ocrx_word' id='word_1_727' title='bbox 2359 4338 2591 4394; x_wconf 89' lang='lat' dir='ltr'>Domini</span> <span class='ocrx_word' id='word_1_728' title='bbox 2616 4339 2712 4398; x_wconf 87' lang='lat' dir='ltr'>Dei</span> <span class='ocrx_word' id='word_1_729' title='bbox 2735 4339 2848 4411; x_wconf 90' lang='lat' dir='ltr'>sui,</span> <span class='ocrx_word' id='word_1_730' title='bbox 2874 4340 2973 4412; x_wconf 91' lang='lat' dir='ltr'>qui</span> <span class='ocrx_word' id='word_1_731' title='bbox 3000 4341 3134 4396; x_wconf 78' lang='lat' dir='ltr'>fecit</span> <span class='ocrx_word' id='word_1_732' title='bbox 3168 4358 3302 4398; x_wconf 91' lang='lat' dir='ltr'>cum</span> <span class='ocrx_word' id='word_1_733' title='bbox 3335 4342 3420 4398; x_wconf 88' lang='lat' dir='ltr'>eis</span> <span class='ocrx_word' id='word_1_734' title='bbox 3450 4341 3773 4413; x_wconf 72' lang='lat' dir='ltr'>mirabilia,</span> 
     </span>
    </p>
   </div>
   <div class='ocr_carea' id='block_1_93' title="bbox 2124 4429 3777 4502">
    <p class='ocr_par' dir='ltr' id='par_1_93' title="bbox 2124 4429 3777 4502">
     <span class='ocr_line' id='line_1_93' title="bbox 2124 4429 3777 4502; baseline 0.004 -20"><span class='ocrx_word' id='word_1_735' title='bbox 2124 4432 2180 4482; x_wconf 90' lang='lat' dir='ltr'>et</span> <span class='ocrx_word' id='word_1_736' title='bbox 2202 4444 2570 4499; x_wconf 88' lang='lat' dir='ltr'>nequaquam</span> <span class='ocrx_word' id='word_1_737' title='bbox 2589 4429 3022 4484; x_wconf 87' lang='lat' dir='ltr'>confundantur</span> <span class='ocrx_word' id='word_1_738' title='bbox 3039 4446 3052 4484; x_wconf 91' lang='lat'>:</span> <span class='ocrx_word' id='word_1_739' title='bbox 3068 4430 3324 4486; x_wconf 86' lang='lat' dir='ltr'>etsciant</span> <span class='ocrx_word' id='word_1_740' title='bbox 3339 4429 3777 4502; x_wconf 77' lang='lat' dir='ltr'>quiaDominus</span> 
     </span>
    </p>
   </div>
   <div class='ocr_carea' id='block_1_94' title="bbox 366 4513 3777 4602">
    <p class='ocr_par' dir='ltr' id='par_1_94' title="bbox 366 4513 3777 4602">
     <span class='ocr_line' id='line_1_94' title="bbox 366 4513 3777 4602; baseline 0.001 -30"><span class='ocrx_word' id='word_1_741' title='bbox 366 4516 543 4572; x_wconf 87' lang='lat' dir='ltr'>nolite</span> <span class='ocrx_word' id='word_1_742' title='bbox 571 4517 783 4582; x_wconf 89' lang='lat' dir='ltr'>timere,</span> <span class='ocrx_word' id='word_1_743' title='bbox 816 4513 1086 4568; x_wconf 88' lang='lat' dir='ltr'>animalia</span> <span class='ocrx_word' id='word_1_744' title='bbox 1141 4515 1380 4584; x_wconf 85' lang='lat' dir='ltr'>regionis</span> <span class='ocrx_word' id='word_1_745' title='bbox 1409 4534 1430 4581; x_wconf 91' lang='lat'><strong><em>;</em></strong></span> <span class='ocrx_word' id='word_1_746' title='bbox 1487 4514 1617 4583; x_wconf 88' lang='lat' dir='ltr'>quia</span> <span class='ocrx_word' id='word_1_747' title='bbox 1671 4519 2015 4581; x_wconf 87' lang='lat' dir='ltr'>germinave-</span> <span class='ocrx_word' id='word_1_748' title='bbox 2049 4539 2093 4602; x_wconf 83' lang='lat' dir='ltr'><strong>D</strong></span> <span class='ocrx_word' id='word_1_749' title='bbox 2129 4517 2277 4572; x_wconf 91' lang='lat' dir='ltr'>Deus</span> <span class='ocrx_word' id='word_1_750' title='bbox 2301 4515 2474 4572; x_wconf 87' lang='lat' dir='ltr'>Israel</span> <span class='ocrx_word' id='word_1_751' title='bbox 2497 4517 2718 4572; x_wconf 87' lang='lat' dir='ltr'>habitet</span> <span class='ocrx_word' id='word_1_752' title='bbox 2740 4517 2800 4572; x_wconf 92' lang='lat' dir='ltr'>in</span> <span class='ocrx_word' id='word_1_753' title='bbox 2827 4517 3019 4574; x_wconf 91' lang='lat' dir='ltr'>medio</span> <span class='ocrx_word' id='word_1_754' title='bbox 3041 4535 3265 4584; x_wconf 90' lang='lat' dir='ltr'>eorum,</span> <span class='ocrx_word' id='word_1_755' title='bbox 3290 4525 3344 4574; x_wconf 88' lang='lat' dir='ltr'>et</span> <span class='ocrx_word' id='word_1_756' title='bbox 3369 4525 3584 4592; x_wconf 70' lang='lat' dir='ltr'>praeter</span> <span class='ocrx_word' id='word_1_757' title='bbox 3606 4519 3777 4576; x_wconf 87' lang='lat' dir='ltr'>illum</span> 
     </span>
    </p>
   </div>
   <div class='ocr_carea' id='block_1_95' title="bbox 369 4601 2019 4674">
    <p class='ocr_par' dir='ltr' id='par_1_95' title="bbox 369 4601 2019 4674">
     <span class='ocr_line' id='line_1_95' title="bbox 369 4601 2019 4674; baseline -0.001 -14"><span class='ocrx_word' id='word_1_758' title='bbox 369 4608 505 4660; x_wconf 86' lang='lat' dir='ltr'>runt</span> <span class='ocrx_word' id='word_1_759' title='bbox 540 4604 689 4659; x_wconf 76' lang='grc'>197</span> <span class='ocrx_word' id='word_1_760' title='bbox 751 4605 991 4674; x_wconf 81' lang='lat' dir='ltr'>speciosa</span> <span class='ocrx_word' id='word_1_761' title='bbox 1049 4602 1270 4668; x_wconf 88' lang='lat' dir='ltr'>deserti,</span> <span class='ocrx_word' id='word_1_762' title='bbox 1319 4603 1583 4674; x_wconf 88' lang='lat' dir='ltr'>quoniam</span> <span class='ocrx_word' id='word_1_763' title='bbox 1641 4601 1833 4674; x_wconf 90' lang='lat' dir='ltr'>[Vulg.</span> <span class='ocrx_word' id='word_1_764' title='bbox 1866 4603 2019 4674; x_wconf 87' lang='lat' dir='ltr'>quia,</span> 
     </span>
    </p>
   </div>
   <div class='ocr_carea' id='block_1_96' title="bbox 369 4691 2022 4766">
    <p class='ocr_par' dir='ltr' id='par_1_96' title="bbox 369 4691 2022 4766">
     <span class='ocr_line' id='line_1_96' title="bbox 369 4691 2022 4766; baseline -0.002 -17"><span class='ocrx_word' id='word_1_765' title='bbox 369 4694 589 4766; x_wconf 87' lang='lat' dir='ltr'>lignum</span> <span class='ocrx_word' id='word_1_766' title='bbox 619 4693 804 4748; x_wconf 87' lang='lat' dir='ltr'>attulit</span> <span class='ocrx_word' id='word_1_767' title='bbox 833 4694 1074 4762; x_wconf 80' lang='lat' dir='ltr'>fructum</span> <span class='ocrx_word' id='word_1_768' title='bbox 1102 4708 1281 4760; x_wconf 89' lang='lat' dir='ltr'>suum,</span> <span class='ocrx_word' id='word_1_769' title='bbox 1313 4693 1451 4760; x_wconf 79' lang='lat' dir='ltr'>licus</span> <span class='ocrx_word' id='word_1_770' title='bbox 1480 4694 1531 4746; x_wconf 87' lang='lat' dir='ltr'>et</span> <span class='ocrx_word' id='word_1_771' title='bbox 1568 4693 1729 4746; x_wconf 87' lang='lat' dir='ltr'>vinea</span> <span class='ocrx_word' id='word_1_772' title='bbox 1757 4691 2022 4746; x_wconf 85' lang='lat' dir='ltr'>dederunt</span> 
     </span>
    </p>
   </div>
   <div class='ocr_carea' id='block_1_97' title="bbox 365 4779 2022 4850">
    <p class='ocr_par' dir='ltr' id='par_1_97' title="bbox 365 4779 2022 4850">
     <span class='ocr_line' id='line_1_97' title="bbox 365 4779 2022 4850; baseline -0.001 -13"><span class='ocrx_word' id='word_1_773' title='bbox 365 4785 632 4837; x_wconf 86' lang='lat' dir='ltr'>virtutem</span> <span class='ocrx_word' id='word_1_774' title='bbox 661 4797 815 4836; x_wconf 87' lang='lat' dir='ltr'>suam</span> <span class='ocrx_word' id='word_1_775' title='bbox 839 4797 858 4835; x_wconf 88' lang='lat'><strong><em>:</em></strong></span> <span class='ocrx_word' id='word_1_776' title='bbox 907 4785 959 4834; x_wconf 89' lang='lat' dir='ltr'>et</span> <span class='ocrx_word' id='word_1_777' title='bbox 987 4779 1105 4850; x_wconf 81' lang='lat' dir='ltr'>ﬁlii</span> <span class='ocrx_word' id='word_1_778' title='bbox 1133 4779 1286 4847; x_wconf 90' lang='lat' dir='ltr'>Sion,</span> <span class='ocrx_word' id='word_1_779' title='bbox 1347 4781 1619 4836; x_wconf 74' lang='lat' dir='ltr'>exsultate</span> <span class='ocrx_word' id='word_1_780' title='bbox 1644 4788 1700 4835; x_wconf 91' lang='lat' dir='ltr'>et</span> <span class='ocrx_word' id='word_1_781' title='bbox 1746 4780 2022 4836; x_wconf 67' lang='lat' dir='ltr'>tartamini</span> 
     </span>
    </p>
   </div>
   <div class='ocr_carea' id='block_1_98' title="bbox 366 4868 2019 4940">
    <p class='ocr_par' dir='ltr' id='par_1_98' title="bbox 366 4868 2019 4940">
     <span class='ocr_line' id='line_1_98' title="bbox 366 4868 2019 4940; baseline -0.001 -14"><span class='ocrx_word' id='word_1_782' title='bbox 366 4872 427 4926; x_wconf 88' lang='lat' dir='ltr'>in</span> <span class='ocrx_word' id='word_1_783' title='bbox 459 4871 696 4926; x_wconf 88' lang='lat' dir='ltr'>Domino</span> <span class='ocrx_word' id='word_1_784' title='bbox 728 4875 841 4926; x_wconf 90' lang='lat' dir='ltr'>Deo</span> <span class='ocrx_word' id='word_1_785' title='bbox 871 4873 1066 4935; x_wconf 88' lang='lat' dir='ltr'>vestro,</span> <span class='ocrx_word' id='word_1_786' title='bbox 1100 4871 1228 4940; x_wconf 89' lang='lat' dir='ltr'>quia</span> <span class='ocrx_word' id='word_1_787' title='bbox 1259 4868 1405 4923; x_wconf 88' lang='lat' dir='ltr'>dedit</span> <span class='ocrx_word' id='word_1_788' title='bbox 1441 4869 1592 4924; x_wconf 89' lang='lat' dir='ltr'>vobis</span> <span class='ocrx_word' id='word_1_789' title='bbox 1637 4869 1906 4924; x_wconf 88' lang='lat' dir='ltr'>doctorem</span> <span class='ocrx_word' id='word_1_790' title='bbox 1925 4869 2019 4940; x_wconf 84' lang='lat' dir='ltr'>ju-</span> 
     </span>
    </p>
   </div>
   <div class='ocr_carea' id='block_1_99' title="bbox 369 4956 2018 5029">
    <p class='ocr_par' dir='ltr' id='par_1_99' title="bbox 369 4956 2018 5029">
     <span class='ocr_line' id='line_1_99' title="bbox 369 4956 2018 5029; baseline -0.002 -13"><span class='ocrx_word' id='word_1_791' title='bbox 369 4961 560 5028; x_wconf 70' lang='lat' dir='ltr'>stiliee,</span> <span class='ocrx_word' id='word_1_792' title='bbox 580 4968 631 5016; x_wconf 90' lang='lat' dir='ltr'>et</span> <span class='ocrx_word' id='word_1_793' title='bbox 654 4959 970 5015; x_wconf 87' lang='lat' dir='ltr'>descendere</span> <span class='ocrx_word' id='word_1_794' title='bbox 988 4960 1162 5029; x_wconf 66' lang='lat' dir='ltr'>faciet</span> <span class='ocrx_word' id='word_1_795' title='bbox 1193 4956 1260 5010; x_wconf 89' lang='lat' dir='ltr'>ad</span> <span class='ocrx_word' id='word_1_796' title='bbox 1289 4973 1378 5012; x_wconf 88' lang='lat' dir='ltr'>vos</span> <span class='ocrx_word' id='word_1_797' title='bbox 1409 4958 1638 5012; x_wconf 88' lang='lat' dir='ltr'>imbrem</span> <span class='ocrx_word' id='word_1_798' title='bbox 1668 4958 2018 5028; x_wconf 86' lang='lat' dir='ltr'>matutinum,</span> 
     </span>
    </p>
   </div>
   <div class='ocr_carea' id='block_1_100' title="bbox 369 5045 2020 5119">
    <p class='ocr_par' dir='ltr' id='par_1_100' title="bbox 369 5045 2020 5119">
     <span class='ocr_line' id='line_1_100' title="bbox 369 5045 2020 5119; baseline -0.004 -13"><span class='ocrx_word' id='word_1_799' title='bbox 369 5054 420 5106; x_wconf 83' lang='lat' dir='ltr'>et</span> <span class='ocrx_word' id='word_1_800' title='bbox 441 5051 747 5105; x_wconf 87' lang='lat' dir='ltr'>serotinum</span> <span class='ocrx_word' id='word_1_801' title='bbox 773 5045 963 5119; x_wconf 78' lang='lat' dir='ltr'>[Vulg.</span> <span class='ocrx_word' id='word_1_802' title='bbox 989 5045 1330 5116; x_wconf 69' lang='lat' dir='ltr'>additsieut}</span> <span class='ocrx_word' id='word_1_803' title='bbox 1354 5046 1432 5118; x_wconf 88' lang='lat' dir='ltr'>(a)</span> <span class='ocrx_word' id='word_1_804' title='bbox 1454 5047 1513 5100; x_wconf 87' lang='lat' dir='ltr'>in</span> <span class='ocrx_word' id='word_1_805' title='bbox 1531 5048 1826 5118; x_wconf 84' lang='lat' dir='ltr'>principio,</span> <span class='ocrx_word' id='word_1_806' title='bbox 1845 5049 1897 5102; x_wconf 90' lang='lat' dir='ltr'>et</span> <span class='ocrx_word' id='word_1_807' title='bbox 1917 5047 2020 5101; x_wconf 88' lang='lat' dir='ltr'>im-</span> 
     </span>
    </p>
   </div>
   <div class='ocr_carea' id='block_1_101' title="bbox 368 5134 2024 5212">
    <p class='ocr_par' dir='ltr' id='par_1_101' title="bbox 368 5134 2024 5212">
     <span class='ocr_line' id='line_1_101' title="bbox 368 5134 2024 5212; baseline -0.003 -17"><span class='ocrx_word' id='word_1_808' title='bbox 368 5140 674 5212; x_wconf 79' lang='lat' dir='ltr'>plebantur</span> <span class='ocrx_word' id='word_1_809' title='bbox 703 5153 845 5192; x_wconf 58' lang='lat' dir='ltr'>arex</span> <span class='ocrx_word' id='word_1_810' title='bbox 875 5137 1170 5207; x_wconf 83' lang='lat' dir='ltr'>frumento,</span> <span class='ocrx_word' id='word_1_811' title='bbox 1202 5142 1252 5190; x_wconf 89' lang='lat' dir='ltr'>et</span> <span class='ocrx_word' id='word_1_812' title='bbox 1291 5134 1675 5191; x_wconf 87' lang='lat' dir='ltr'>redundabunt</span> <span class='ocrx_word' id='word_1_813' title='bbox 1723 5137 2024 5191; x_wconf 88' lang='lat' dir='ltr'>toreularia</span> 
     </span>
    </p>
   </div>
   <div class='ocr_carea' id='block_1_102' title="bbox 371 5224 2021 5295">
    <p class='ocr_par' dir='ltr' id='par_1_102' title="bbox 371 5224 2021 5295">
     <span class='ocr_line' id='line_1_102' title="bbox 371 5224 2021 5295; baseline -0.002 -11"><span class='ocrx_word' id='word_1_814' title='bbox 371 5231 498 5286; x_wconf 90' lang='lat' dir='ltr'>vino</span> <span class='ocrx_word' id='word_1_815' title='bbox 527 5231 577 5283; x_wconf 87' lang='lat' dir='ltr'>et</span> <span class='ocrx_word' id='word_1_816' title='bbox 606 5229 743 5293; x_wconf 90' lang='lat' dir='ltr'>oleo,</span> <span class='ocrx_word' id='word_1_817' title='bbox 777 5235 829 5281; x_wconf 93' lang='lat' dir='ltr'>et</span> <span class='ocrx_word' id='word_1_818' title='bbox 859 5225 1081 5280; x_wconf 88' lang='lat' dir='ltr'>reddam</span> <span class='ocrx_word' id='word_1_819' title='bbox 1100 5225 1247 5280; x_wconf 87' lang='lat' dir='ltr'>vobis</span> <span class='ocrx_word' id='word_1_820' title='bbox 1278 5240 1478 5295; x_wconf 85' lang='lat' dir='ltr'>annos,</span> <span class='ocrx_word' id='word_1_821' title='bbox 1519 5240 1647 5295; x_wconf 90' lang='lat' dir='ltr'>quos</span> <span class='ocrx_word' id='word_1_822' title='bbox 1671 5224 1905 5280; x_wconf 89' lang='lat' dir='ltr'>comedit</span> <span class='ocrx_word' id='word_1_823' title='bbox 1940 5225 2021 5281; x_wconf 86' lang='lat' dir='ltr'>lo-</span> 
     </span>
    </p>
   </div>
   <div class='ocr_carea' id='block_1_103' title="bbox 371 5313 2016 5390">
    <p class='ocr_par' dir='ltr' id='par_1_103' title="bbox 371 5313 2016 5390">
     <span class='ocr_line' id='line_1_103' title="bbox 371 5313 2016 5390; baseline -0.004 -14"><span class='ocrx_word' id='word_1_824' title='bbox 371 5322 541 5390; x_wconf 88' lang='lat' dir='ltr'>custa,</span> <span class='ocrx_word' id='word_1_825' title='bbox 563 5317 817 5384; x_wconf 81' lang='lat' dir='ltr'>bruchus,</span> <span class='ocrx_word' id='word_1_826' title='bbox 836 5323 887 5371; x_wconf 88' lang='lat' dir='ltr'>et</span> <span class='ocrx_word' id='word_1_827' title='bbox 905 5315 1119 5385; x_wconf 86' lang='lat' dir='ltr'>rubigo,</span> <span class='ocrx_word' id='word_1_828' title='bbox 1142 5317 1192 5370; x_wconf 88' lang='lat' dir='ltr'>et</span> <span class='ocrx_word' id='word_1_829' title='bbox 1221 5330 1403 5369; x_wconf 89' lang='lat' dir='ltr'>eruca.</span> <span class='ocrx_word' id='word_1_830' title='bbox 1428 5313 1708 5370; x_wconf 89' lang='lat' dir='ltr'>Fortitudo</span> <span class='ocrx_word' id='word_1_831' title='bbox 1736 5330 1858 5370; x_wconf 89' lang='lat' dir='ltr'>mea</span> <span class='ocrx_word' id='word_1_832' title='bbox 1887 5330 2016 5371; x_wconf 91' lang='lat' dir='ltr'>ma-</span> 
     </span>
    </p>
   </div>
   <div class='ocr_carea' id='block_1_104' title="bbox 439 5548 2020 5624">
    <p class='ocr_par' dir='ltr' id='par_1_104' title="bbox 439 5548 2020 5624">
     <span class='ocr_line' id='line_1_104' title="bbox 439 5548 2020 5624; baseline 0.001 -18"><span class='ocrx_word' id='word_1_833' title='bbox 439 5552 516 5624; x_wconf 90' lang='lat' dir='ltr'>(a)</span> <span class='ocrx_word' id='word_1_834' title='bbox 533 5549 677 5624; x_wconf 87' lang='lat' dir='ltr'>Vide</span> <span class='ocrx_word' id='word_1_835' title='bbox 699 5549 915 5624; x_wconf 73' lang='lat' dir='ltr'>Rufini,</span> <span class='ocrx_word' id='word_1_836' title='bbox 938 5548 1058 5624; x_wconf 75' lang='lat' dir='ltr'>sive</span> <span class='ocrx_word' id='word_1_837' title='bbox 1079 5549 1207 5621; x_wconf 86' lang='lat' dir='ltr'>ejus</span> <span class='ocrx_word' id='word_1_838' title='bbox 1229 5548 1330 5623; x_wconf 89' lang='lat' dir='ltr'>qui</span> <span class='ocrx_word' id='word_1_839' title='bbox 1354 5548 1607 5607; x_wconf 81' lang='lat' dir='ltr'>Rufinus</span> <span class='ocrx_word' id='word_1_840' title='bbox 1629 5549 1814 5624; x_wconf 88' lang='lat' dir='ltr'>audit,</span> <span class='ocrx_word' id='word_1_841' title='bbox 1851 5550 2020 5607; x_wconf 82' lang='lat' dir='ltr'>Com-</span> 
     </span>
    </p>
   </div>
   <div class='ocr_carea' id='block_1_105' title="bbox 374 5621 1222 5680">
    <p class='ocr_par' dir='ltr' id='par_1_105' title="bbox 374 5621 1222 5680">
     <span class='ocr_line' id='line_1_105' title="bbox 374 5621 1222 5680; baseline -0.002 0"><span class='ocrx_word' id='word_1_842' title='bbox 374 5621 700 5680; x_wconf 81' lang='lat' dir='ltr'>mentarios</span> <span class='ocrx_word' id='word_1_843' title='bbox 729 5621 791 5678; x_wconf 90' lang='lat' dir='ltr'>in</span> <span class='ocrx_word' id='word_1_844' title='bbox 820 5621 976 5680; x_wconf 90' lang='lat' dir='ltr'>hunc</span> <span class='ocrx_word' id='word_1_845' title='bbox 1007 5621 1222 5678; x_wconf 90' lang='lat' dir='ltr'>locum.</span> 
     </span>
    </p>
   </div>
   <div class='ocr_carea' id='block_1_106' title="bbox 2129 4604 3778 4678">
    <p class='ocr_par' dir='ltr' id='par_1_106' title="bbox 2129 4604 3778 4678">
     <span class='ocr_line' id='line_1_106' title="bbox 2129 4604 3778 4678; baseline 0.004 -18"><span class='ocrx_word' id='word_1_846' title='bbox 2129 4604 2326 4660; x_wconf 88' lang='lat' dir='ltr'>nullus</span> <span class='ocrx_word' id='word_1_847' title='bbox 2357 4606 2434 4661; x_wconf 87' lang='lat' dir='ltr'>sit</span> <span class='ocrx_word' id='word_1_848' title='bbox 2465 4605 2635 4678; x_wconf 89' lang='lat' dir='ltr'>alius,</span> <span class='ocrx_word' id='word_1_849' title='bbox 2659 4606 2798 4677; x_wconf 89' lang='lat' dir='ltr'>quia</span> <span class='ocrx_word' id='word_1_850' title='bbox 2833 4607 3003 4662; x_wconf 90' lang='lat' dir='ltr'>Pater</span> <span class='ocrx_word' id='word_1_851' title='bbox 3031 4607 3090 4662; x_wconf 90' lang='lat' dir='ltr'>in</span> <span class='ocrx_word' id='word_1_852' title='bbox 3112 4607 3274 4674; x_wconf 87' lang='lat' dir='ltr'>Filio,</span> <span class='ocrx_word' id='word_1_853' title='bbox 3299 4613 3355 4663; x_wconf 90' lang='lat' dir='ltr'>et</span> <span class='ocrx_word' id='word_1_854' title='bbox 3380 4607 3562 4664; x_wconf 85' lang='lat' dir='ltr'>Filius</span> <span class='ocrx_word' id='word_1_855' title='bbox 3584 4608 3642 4664; x_wconf 91' lang='lat' dir='ltr'>in</span> <span class='ocrx_word' id='word_1_856' title='bbox 3673 4609 3778 4666; x_wconf 75' lang='lat' dir='ltr'>Pa-</span> 
     </span>
    </p>
   </div>
   <div class='ocr_carea' id='block_1_107' title="bbox 2129 4695 3778 4768">
    <p class='ocr_par' dir='ltr' id='par_1_107' title="bbox 2129 4695 3778 4768">
     <span class='ocr_line' id='line_1_107' title="bbox 2129 4695 3778 4768; baseline 0.002 -20"><span class='ocrx_word' id='word_1_857' title='bbox 2129 4697 2250 4748; x_wconf 88' lang='lat' dir='ltr'>tre:</span> <span class='ocrx_word' id='word_1_858' title='bbox 2277 4698 2466 4749; x_wconf 88' lang='lat' dir='ltr'>etnon</span> <span class='ocrx_word' id='word_1_859' title='bbox 2492 4695 2882 4750; x_wconf 89' lang='lat' dir='ltr'>confundetur</span> <span class='ocrx_word' id='word_1_860' title='bbox 2904 4695 3156 4767; x_wconf 89' lang='lat' dir='ltr'>p0pulus</span> <span class='ocrx_word' id='word_1_861' title='bbox 3179 4695 3337 4752; x_wconf 87' lang='lat' dir='ltr'>illius</span> <span class='ocrx_word' id='word_1_862' title='bbox 3360 4695 3464 4763; x_wconf 84' lang='grc' dir='ltr'>[Αι.</span> <span class='ocrx_word' id='word_1_863' title='bbox 3495 4700 3692 4768; x_wconf 86' lang='lat' dir='ltr'>meus]</span> <span class='ocrx_word' id='word_1_864' title='bbox 3718 4696 3778 4752; x_wconf 91' lang='lat' dir='ltr'>in</span> 
     </span>
    </p>
   </div>
   <div class='ocr_carea' id='block_1_108' title="bbox 2129 4782 3780 4858">
    <p class='ocr_par' dir='ltr' id='par_1_108' title="bbox 2129 4782 3780 4858">
     <span class='ocr_line' id='line_1_108' title="bbox 2129 4782 3780 4858; baseline 0.002 -21"><span class='ocrx_word' id='word_1_865' title='bbox 2129 4785 2763 4854; x_wconf 64' lang='lat' dir='ltr'>aeternum.Ha:cjuxta</span> <span class='ocrx_word' id='word_1_866' title='bbox 2785 4782 3061 4854; x_wconf 89' lang='lat' dir='ltr'>litteram,</span> <span class='ocrx_word' id='word_1_867' title='bbox 3113 4785 3252 4855; x_wconf 90' lang='lat' dir='ltr'>quia</span> <span class='ocrx_word' id='word_1_868' title='bbox 3278 4784 3528 4840; x_wconf 91' lang='lat' dir='ltr'>Domino</span> <span class='ocrx_word' id='word_1_869' title='bbox 3574 4801 3780 4858; x_wconf 84' lang='lat' dir='ltr'>repro-</span> 
     </span>
    </p>
   </div>
   <div class='ocr_carea' id='block_1_109' title="bbox 2131 4871 3778 4946">
    <p class='ocr_par' dir='ltr' id='par_1_109' title="bbox 2131 4871 3778 4946">
     <span class='ocr_line' id='line_1_109' title="bbox 2131 4871 3778 4946; baseline 0.004 -22"><span class='ocrx_word' id='word_1_870' title='bbox 2131 4871 2316 4927; x_wconf 89' lang='lat' dir='ltr'>missa</span> <span class='ocrx_word' id='word_1_871' title='bbox 2335 4875 2495 4936; x_wconf 90' lang='lat' dir='ltr'>sunt,</span> <span class='ocrx_word' id='word_1_872' title='bbox 2518 4872 2814 4927; x_wconf 89' lang='lat' dir='ltr'>credimus</span> <span class='ocrx_word' id='word_1_873' title='bbox 2835 4871 3139 4941; x_wconf 88' lang='lat' dir='ltr'>accidisse,</span> <span class='ocrx_word' id='word_1_874' title='bbox 3165 4877 3222 4929; x_wconf 91' lang='lat' dir='ltr'>et</span> <span class='ocrx_word' id='word_1_875' title='bbox 3239 4871 3613 4930; x_wconf 85' lang='lat' dir='ltr'>sterilitatem</span> <span class='ocrx_word' id='word_1_876' title='bbox 3641 4890 3778 4946; x_wconf 64' lang='lat' dir='ltr'>pre-</span> 
     </span>
    </p>
   </div>
   <div class='ocr_carea' id='block_1_110' title="bbox 2129 4959 3776 5036">
    <p class='ocr_par' dir='ltr' id='par_1_110' title="bbox 2129 4959 3776 5036">
     <span class='ocr_line' id='line_1_110' title="bbox 2129 4959 3776 5036; baseline 0.002 -22"><span class='ocrx_word' id='word_1_877' title='bbox 2129 4959 2361 5014; x_wconf 88' lang='lat' dir='ltr'>teritam</span> <span class='ocrx_word' id='word_1_878' title='bbox 2389 4959 2551 5014; x_wconf 90' lang='lat' dir='ltr'>novis</span> <span class='ocrx_word' id='word_1_879' title='bbox 2585 4960 2852 5032; x_wconf 85' lang='lat' dir='ltr'>frugibus</span> <span class='ocrx_word' id='word_1_880' title='bbox 2882 4966 3321 5033; x_wconf 86' lang='lat' dir='ltr'>compensatam</span> <span class='ocrx_word' id='word_1_881' title='bbox 3346 4979 3360 5018; x_wconf 89' lang='lat'>:</span> <span class='ocrx_word' id='word_1_882' title='bbox 3397 4966 3460 5017; x_wconf 90' lang='lat' dir='ltr'>ut</span> <span class='ocrx_word' id='word_1_883' title='bbox 3483 4961 3776 5036; x_wconf 90' lang='lat' dir='ltr'>quidquid</span> 
     </span>
    </p>
   </div>
   <div class='ocr_carea' id='block_1_111' title="bbox 2131 5046 3778 5124">
    <p class='ocr_par' dir='ltr' id='par_1_111' title="bbox 2131 5046 3778 5124">
     <span class='ocr_line' id='line_1_111' title="bbox 2131 5046 3778 5124; baseline 0.004 -22"><span class='ocrx_word' id='word_1_884' title='bbox 2131 5048 2206 5119; x_wconf 91' lang='lat' dir='ltr'>(b)</span> <span class='ocrx_word' id='word_1_885' title='bbox 2230 5046 2476 5113; x_wconf 90' lang='lat' dir='ltr'>locusta,</span> <span class='ocrx_word' id='word_1_886' title='bbox 2493 5048 2777 5116; x_wconf 87' lang='lat' dir='ltr'>bruchus,</span> <span class='ocrx_word' id='word_1_887' title='bbox 2801 5054 2858 5104; x_wconf 91' lang='lat' dir='ltr'>et</span> <span class='ocrx_word' id='word_1_888' title='bbox 2877 5049 3104 5122; x_wconf 90' lang='lat' dir='ltr'>rubigo:</span> <span class='ocrx_word' id='word_1_889' title='bbox 3127 5053 3182 5105; x_wconf 90' lang='lat' dir='ltr'>et</span> <span class='ocrx_word' id='word_1_890' title='bbox 3199 5065 3373 5106; x_wconf 88' lang='lat' dir='ltr'>eruca</span> <span class='ocrx_word' id='word_1_891' title='bbox 3394 5066 3778 5124; x_wconf 79' lang='lat' dir='ltr'>consumpse-</span> 
     </span>
    </p>
   </div>
   <div class='ocr_carea' id='block_1_112' title="bbox 2131 5137 3781 5212">
    <p class='ocr_par' dir='ltr' id='par_1_112' title="bbox 2131 5137 3781 5212">
     <span class='ocr_line' id='line_1_112' title="bbox 2131 5137 3781 5212; baseline 0.001 -20"><span class='ocrx_word' id='word_1_892' title='bbox 2131 5142 2240 5203; x_wconf 89' lang='lat' dir='ltr'>rat,</span> <span class='ocrx_word' id='word_1_893' title='bbox 2271 5137 2439 5193; x_wconf 88' lang='lat' dir='ltr'>annls</span> <span class='ocrx_word' id='word_1_894' title='bbox 2471 5137 2857 5209; x_wconf 89' lang='lat' dir='ltr'>sequentibus</span> <span class='ocrx_word' id='word_1_895' title='bbox 2889 5137 3250 5209; x_wconf 90' lang='lat' dir='ltr'>impleretur.</span> <span class='ocrx_word' id='word_1_896' title='bbox 3305 5140 3644 5212; x_wconf 65' lang='lat' dir='ltr'>Quaerimus</span> <span class='ocrx_word' id='word_1_897' title='bbox 3679 5153 3781 5196; x_wconf 83' lang='lat' dir='ltr'>cur</span> 
     </span>
    </p>
   </div>
   <div class='ocr_carea' id='block_1_113' title="bbox 2130 5225 3778 5300">
    <p class='ocr_par' dir='ltr' id='par_1_113' title="bbox 2130 5225 3778 5300">
     <span class='ocr_line' id='line_1_113' title="bbox 2130 5225 3778 5300; baseline 0.002 -20"><span class='ocrx_word' id='word_1_898' title='bbox 2130 5241 2304 5281; x_wconf 89' lang='lat' dir='ltr'>eruca</span> <span class='ocrx_word' id='word_1_899' title='bbox 2334 5225 2635 5293; x_wconf 86' lang='lat' dir='ltr'>fortitudo,</span> <span class='ocrx_word' id='word_1_900' title='bbox 2668 5225 2754 5282; x_wconf 89' lang='lat' dir='ltr'>vel</span> <span class='ocrx_word' id='word_1_901' title='bbox 2790 5227 2976 5282; x_wconf 89' lang='lat' dir='ltr'>virtus</span> <span class='ocrx_word' id='word_1_902' title='bbox 3013 5227 3238 5282; x_wconf 90' lang='lat' dir='ltr'>Domini</span> <span class='ocrx_word' id='word_1_903' title='bbox 3273 5226 3570 5300; x_wconf 87' lang='lat' dir='ltr'>appellata</span> <span class='ocrx_word' id='word_1_904' title='bbox 3595 5229 3696 5299; x_wconf 85' lang='lat' dir='ltr'>sit,</span> <span class='ocrx_word' id='word_1_905' title='bbox 3723 5229 3778 5283; x_wconf 82' lang='lat' dir='ltr'>et</span> 
     </span>
    </p>
   </div>
   <div class='ocr_carea' id='block_1_114' title="bbox 2131 5313 3777 5390">
    <p class='ocr_par' dir='ltr' id='par_1_114' title="bbox 2131 5313 3777 5390">
     <span class='ocr_line' id='line_1_114' title="bbox 2131 5313 3777 5390; baseline 0.002 -21"><span class='ocrx_word' id='word_1_906' title='bbox 2131 5330 2244 5370; x_wconf 91' lang='lat' dir='ltr'>non</span> <span class='ocrx_word' id='word_1_907' title='bbox 2269 5313 2461 5371; x_wconf 90' lang='lat' dir='ltr'>solum</span> <span class='ocrx_word' id='word_1_908' title='bbox 2485 5315 2687 5384; x_wconf 91' lang='lat' dir='ltr'>virtus,</span> <span class='ocrx_word' id='word_1_909' title='bbox 2711 5316 2810 5371; x_wconf 90' lang='lat' dir='ltr'>sed</span> <span class='ocrx_word' id='word_1_910' title='bbox 2837 5314 3022 5372; x_wconf 85' lang='lat' dir='ltr'>virtus</span> <span class='ocrx_word' id='word_1_911' title='bbox 3045 5331 3259 5388; x_wconf 84' lang='lat' dir='ltr'>magna</span> <span class='ocrx_word' id='word_1_912' title='bbox 3277 5315 3306 5370; x_wconf 89' lang='lat'><strong>?</strong></span> <span class='ocrx_word' id='word_1_913' title='bbox 3329 5315 3636 5381; x_wconf 85' lang='lat' dir='ltr'>Quomodo</span> <span class='ocrx_word' id='word_1_914' title='bbox 3673 5331 3777 5390; x_wconf 89' lang='lat' dir='ltr'>po-</span> 
     </span>
    </p>
   </div>
   <div class='ocr_carea' id='block_1_115' title="bbox 2199 5545 3204 5623">
    <p class='ocr_par' dir='ltr' id='par_1_115' title="bbox 2199 5545 3204 5623">
     <span class='ocr_line' id='line_1_115' title="bbox 2199 5545 3204 5623; baseline 0.004 -19"><span class='ocrx_word' id='word_1_915' title='bbox 2199 5547 2272 5622; x_wconf 90' lang='lat' dir='ltr'>(b)</span> <span class='ocrx_word' id='word_1_916' title='bbox 2305 5547 2601 5606; x_wconf 88' lang='lat' dir='ltr'>Interserit</span> <span class='ocrx_word' id='word_1_917' title='bbox 2630 5545 2870 5606; x_wconf 85' lang='lat' dir='ltr'>Palatin.</span> <span class='ocrx_word' id='word_1_918' title='bbox 2899 5551 3204 5623; x_wconf 72' lang='grc' dir='ltr'>τροπικῶς.</span> 
     </span>
    </p>
   </div>
  </div>
