3986 6190
357 366 476 437 979

1601 364 1665 439 Β.
1712 369 2019 440 EUSEBII
2065 369 2507 440 HIERONYMI

3635 370 3754 437 980

358 511 567 581 quiseel
593 508 749 565 nobis
775 523 976 577 semen,
996 510 1139 567 sicut
1173 509 1408 568 Sodoma
1449 513 1587 582 facti
1638 528 1892 580 essemus,
1947 516 2001 569 et
2027 514 2076 577 Α
2111 527 2245 567 cum
2266 511 2371 583 eis,
2405 528 2519 567 non
2551 509 2811 584 potentia
2842 507 3186 583 maiestatis,
3221 505 3323 568 sed
3353 506 3599 566 rationis
3634 500 3754 566 eos

355 599 496 653 sicut
534 598 831 653 Gomorrha
879 600 1092 655 similes
1120 602 1414 672 fuissemus
1436 602 1588 672 (Isai.
1613 620 1652 668 ι,
1680 602 1756 669 9).
1786 602 1902 657 Hos
1915 618 1997 658 re-

355 686 557 742 siduos
586 687 865 743 Dominus
884 690 1128 755 vocavit,
1152 690 1270 747 sive
1286 692 1682 762 evangelimvit
1698 707 1818 757 eos,
1850 708 1997 762 quos

350 774 578 830 vocavit
602 776 716 831 :sic
738 776 891 833 enim
908 777 1437 851 LXXinterpretati
1478 784 1637 836 sunt.
1674 784 1856 835 Locus
1903 778 1998 835 hic

280 873 291 877 ‘
354 861 739 920 difﬁcillimus
769 869 875 935 est,
907 871 964 921 et
995 866 1384 939 multiplicem
1414 868 1701 940 recipiens
1730 866 1997 939 explana-

352 950 570 1007 tionem
592 952 698 1008 ?ut
728 955 842 1010 sub
870 954 1195 1026 tropologia
1215 957 1412 1011 omnia
1442 973 1568 1027 quae
1585 954 1739 1011 dicta
1759 955 1995 1020 sunt,ad

355 1038 454 1095 illa
486 1045 749 1112 tempora
772 1043 1112 1114 referamus,
1148 1045 1216 1099 ad
1252 1063 1376 1116 quae
1406 1046 1611 1100 Petrus
1670 1049 1727 1099 et
1783 1043 1997 1099 Paulus

355 1130 603 1200 apostoli
626 1130 974 1198 retulerunt,
1007 1133 1116 1188 hoc
1148 1141 1255 1200 est,
1285 1135 1521 1205 quondo
1545 1150 1756 1204 passus
1786 1137 1875 1188 est
1895 1132 1997 1188 Do-

353 1217 553 1273 minus
575 1224 631 1274 et
661 1222 994 1276 resurrexit.
1018 1223 1214 1293 Neque
1238 1222 1392 1277 enirn
1417 1222 1540 1277 fieri
1574 1226 1782 1295 potest,
1813 1226 1875 1277 ut
1905 1239 1998 1276 su-

350 1307 579 1378 periora
607 1307 668 1362 in
698 1312 959 1380 tempore
980 1310 1289 1380 passionis,
1322 1315 1379 1366 et
1400 1327 1527 1383 quae
1559 1314 1889 1381 sequuntur
1908 1309 1996 1364 in-

349 1394 684 1467 telligamus
717 1397 776 1451 in
806 1397 900 1452 die
923 1397 1156 1468 judicii,
1192 1399 1443 1453 maxime
1486 1415 1619 1453 cum
1679 1403 1991 1470 sequatur:

351 1485 488 1553 Quia
518 1500 635 1539 ecce
665 1487 725 1540 in
754 1486 941 1541 diebus
971 1488 1110 1552 illis,
1140 1490 1192 1543 et
1226 1490 1286 1542 in
1327 1497 1566 1558 tempore
1612 1488 1733 1557 illo,
1779 1492 1837 1542 et
1886 1487 1996 1542 iste

346 1573 693 1639 versiculus,
725 1576 1184 1645 praecedentibus
1206 1577 1483 1633 inferiora
1502 1580 1995 1644 connectens,uno

347 1661 503 1717 dicat
530 1666 742 1718 cuncta
768 1667 1031 1735 tempore
1057 1669 1414 1737 perpetrata.

418 1750 579 1823 (Cap.
606 1738 697 1806 III.
722 1783 791 1792 —
809 1752 976 1809 Vers.
1003 1754 1026 1808 1
1054 1754 1245 1826 seqq.)
1268 1755 1411 1822 Quia
1440 1770 1555 1809 ecce
1568 1756 1627 1809 in
1649 1754 1834 1809 diebus
1856 1754 1990 1821 illis,

2106 600 2347 656 veritate
2378 600 2751 668 convincens,
2787 600 2889 672 qui
2925 600 3073 672 parti
3106 603 3247 656 sunt
3287 597 3576 671 populum
3633 597 3756 664 Dei,

2106 694 2163 744 et
2187 688 2586 745 haereditatem
2616 688 2777 744 illius
2808 688 3295 761 disperseruntin
3327 686 3761 752 nationibus,ut

2107 794 2301 834 servos
2332 778 2430 833 Dei
2464 779 2576 834 sibi
2625 777 2841 834 servire
2894 776 3358 850 compellerent;
3421 780 3480 832 et
3536 781 3755 832 terram

2104 865 2267 921 illius
2296 865 2637 932 diviserunt,
2667 866 2868 921 multis
2898 883 3027 922 eam
3058 865 3209 921 inter
3228 880 3291 921 se
3334 864 3642 920 erroribus
3671 881 3762 921 se-

2106 959 2397 1025 parantes,
2431 960 2494 1009 ut
2524 954 2619 1010 alii
2660 954 2921 1010 colerent
2966 954 3188 1022 Jovem,
3214 953 3314 1010 alii
3348 957 3667 1022 Iunonem,
3711 958 3766 1010 et

2106 1044 2445 1105 Minervam,
2468 1049 2523 1098 et
2540 1044 2781 1112 febrem,
2812 1049 2868 1099 et
2902 1043 3255 1115 rubiginem,
3288 1046 3346 1098 et
3384 1042 3650 1098 Anubim
3707 1049 3763 1099 et

2105 1130 2483 1197 crocodilum,
2512 1138 2568 1187 et
2588 1132 2731 1199 ibin,
2765 1137 3029 1203 noctuas,
3063 1130 3452 1203 accipitres,et
3481 1129 3761 1187 ciconiae.

2106 1219 2225 1274 Sub
2259 1219 2347 1274 bis
2378 1220 2716 1275 nominibus
2747 1220 3042 1291 quondam
3078 1219 3301 1275 divisus
3355 1224 3447 1276 est
3502 1220 3760 1292 populus

2105 1308 2242 1364 Dei:
2280 1325 2406 1380 quae
2438 1310 2780 1364 adversariae
2837 1310 3125 1375 nationes,
3177 1309 3234 1363 id
3293 1313 3401 1377 est,
3464 1308 3759 1381 principes

2105 1397 2309 1451 mundi
2332 1396 2523 1466 istius,
2554 1401 2612 1452 et
2640 1402 2889 1453 rectores
2928 1398 3325 1464 tenebrarum,
3384 1414 3499 1453 non
3560 1396 3756 1453 solum

2104 1486 2429 1541 diviserunt
2458 1486 2569 1541 sibi
2596 1485 2880 1558 populum
2900 1486 3021 1556 Dei,
3047 1487 3147 1542 sed
3177 1489 3504 1557 posuerunt
3545 1502 3758 1557 pueros

2104 1574 2163 1629 in
2183 1574 2598 1645 prostibulum,
2616 1579 2680 1629 ut
2700 1573 2926 1629 virilem
2947 1577 3217 1645 cogerent
3231 1579 3463 1631 mutare
3478 1579 3756 1630 naturam

2103 1663 2174 1718 de
2205 1664 2419 1735 quibus
2450 1662 2765 1735 Apostolus
2822 1662 3117 1735 loquitur:
3168 1664 3468 1735 Propterea
3518 1664 3761 1720 tradidit

2103 1753 2228 1807 illos
2247 1754 2386 1808 Deus
2414 1754 2474 1807 in
2500 1754 2783 1824 passiones
2807 1753 3170 1823 ignominiae:
3212 1751 3493 1823 siquidem
3529 1752 3760 1826 feminae

345 1848 398 1895 et
419 1840 1358 1912 intemporeillo,cumconvertero
1376 1842 1911 1915 captivitatemJuda
1939 1851 2074 1940 etB
2103 1857 2291 1896 eorum
2338 1849 2687 1897 mutaverunt
2740 1843 3056 1897 naturalem
3106 1856 3268 1895 usum
3319 1840 3432 1909 [ΑΙ.
3485 1845 3760 1897 naturam

342 1929 668 1998 Jerusalem,
686 1930 1018 2001 congregabo
1040 1948 1228 1986 omnes
1248 1940 1509 2002 gentes,et
1524 1931 1790 1987 deducam
1815 1948 1907 1987 eas
1937 1934 1998 1988 in

345 2018 547 2074 vallem
560 2020 895 2089 Josaphat,et
916 2020 1221 2089 disceptatio
1244 2036 1367 2076 cum
1387 2022 1468 2076 eis
1483 2022 1565 2075 ibi
1611 2037 1777 2093 super
1796 2021 1998 2093 populo

344 2122 487 2173 meo,
512 2109 561 2161 et
591 2106 905 2163 haereditate
934 2124 1053 2163 mea
1085 2109 1271 2173 Israel,
1328 2124 1459 2178 quos
1513 2108 1888 2178 disperserunt
1935 2110 1995 2162 in

345 2196 669 2251 nationibus
689 2216 708 2250 .·
756 2201 807 2252 et
836 2206 1042 2252 terram
1070 2213 1248 2252 meam
1276 2195 1607 2266 diviserunt,
1638 2204 1690 2251 et
1719 2212 1881 2267 super
1907 2214 1997 2268 po-

343 2285 537 2357 pulum
566 2302 751 2340 meum
786 2288 1057 2341 miserunt
1085 2294 1322 2341 sortem:
1351 2294 1401 2341 et
1423 2290 1719 2357 posuerunt
1760 2302 1996 2356 puerum

345 2374 408 2428 in
434 2373 751 2444 prostibula,
786 2379 839 2429 et
866 2376 1113 2441 puellam
1131 2374 1492 2430 vendiderunt
1517 2390 1617 2444 pro
1647 2374 1795 2444 vino,
1812 2378 1872 2428 ut
1907 2374 1993 2430 bi-

348 2462 554 2518 berent.
584 2462 754 2518 LXX:
790 2465 932 2532 Quia
955 2480 1075 2518 ecce
1095 2479 1192 2532 ego
1222 2466 1281 2520 in
1302 2464 1487 2519 diebus
1521 2463 1657 2527 illis,
1681 2473 1732 2518 et
1764 2465 1823 2518 in
1853 2471 1992 2518 tem-

342 2566 480 2622 pore
510 2550 608 2607 illo
638 2553 863 2623 quando
878 2557 1189 2609 eonvertero
1218 2554 1588 2623 captivitatem
1606 2552 1746 2608 Juda
1767 2557 1817 2607 et
1836 2556 1997 2610 Jeru-

344 2639 538 2709 salem,
571 2641 916 2713 oongregabo
946 2657 1131 2697 omnes
1161 2645 1366 2710 gentes,
1397 2649 1449 2695 et
1476 2640 1741 2696 deducam
1780 2657 1872 2697 eas
1931 2642 1991 2696 in

344 2729 545 2784 vallem
574 2730 861 2801 Josaphat,
883 2738 934 2785 et
963 2730 1254 2800 diceptabo
1282 2746 1404 2784 cum
1435 2731 1513 2784 eis
1545 2730 1624 2784 ibi
1647 2745 1749 2800 pro
1784 2729 1991 2801 populo

343 2832 483 2886 meo,
514 2825 564 2872 et
586 2818 1046 2874 hmrediiatemea
1074 2821 1272 2884 Israel,
1331 2820 1428 2889 qui
1472 2819 1703 2888 dispersi
1755 2826 1881 2873 sunt
1929 2820 1990 2871 in

346 2905 597 2974 gentibus
614 2923 633 2960 :
654 2910 705 2960 et
727 2916 934 2961 terram
949 2922 1129 2961 meam
1148 2906 1473 2973 diviserunt,
1492 2916 1544 2961 et
1559 2922 1721 2976 super
1730 2907 1986 2977 populum

348 3008 533 3047 meum
552 2995 821 3049 miserunt
834 2999 1030 3050 sortes:
1060 3000 1111 3050 et
1138 3002 1433 3067 posuerunt
1440 3011 1674 3066 puerum
1700 2996 1762 3049 in
1790 2997 1990 3066 prosti-

354 3079 496 3146 bula,
520 3089 570 3137 et
580 3084 793 3153 puellas
822 3085 1126 3140 vendebant
1143 3100 1242 3155 pro
1266 3086 1480 3150 vino,et
1510 3083 1788 3139 bibebant.
1823 3084 1987 3141 Dica-

2107 1930 2308 2001 suam],
2341 1931 2402 1985 in
2428 1947 2552 1986 eum
2572 1947 2733 1986 usum
2745 1931 2842 2002 qui
2860 1933 3056 1985 contra
3088 1932 3354 1984 naturam
3372 1931 3763 1988 est.Similiter

2103 2022 2157 2074 et
2184 2020 2436 2085 masculi,
2469 2020 2665 2075 relicto
2685 2020 2937 2074 naturali
2948 2035 3049 2073 usu
3068 2019 3315 2088 femine,
3366 2020 3581 2075 accensi
3630 2027 3760 2074 sunt

2104 2109 2164 2163 in
2187 2108 2519 2163 desiderium
2538 2111 2627 2163 sui
2647 2111 2708 2162 in
2728 2109 2986 2171 invicem,
3007 2108 3242 2161 masculi
3260 2107 3322 2161 in
3349 2108 3620 2163 masculos
3639 2117 3759 2164 tur-

2099 2197 2405 2268 pitudinem
2422 2200 2733 2265 operantes,
2756 2205 2807 2251 et
2827 2195 3124 2251 mercedem
3140 2212 3310 2266 quam
3337 2197 3582 2263 oportuit
3596 2212 3751 2252 erro-

2101 2286 2182 2340 ris
2202 2287 2290 2340 sui
2319 2287 2380 2340 in
2406 2287 2724 2356 semetipsos
2745 2286 3087 2356 recipientes.
3113 2284 3227 2339 Nec
3257 2283 3367 2340 hoc
3391 2284 3595 2340 fecisse
3623 2302 3756 2341 con-

2100 2374 2267 2441 tenti,
2291 2374 2681 2428 vendiderunt
2703 2372 2959 2446 puellam
2987 2388 3090 2445 pro
3118 2372 3275 2441 vino,
3300 2372 3667 2439 utbiberent,
3696 2377 3753 2430 et

2101 2462 2331 2518 libidini
2353 2463 2688 2534 praeferrent
2712 2461 3075 2535 gulam.Quaa
3099 2462 3371 2517 universa
3388 2462 3748 2534 Judmi,Ves-

2101 2552 2348 2623 pasiani.
2379 2551 2613 2623 Titique
2640 2551 3025 2624 temporibus,
3059 2556 3116 2605 et
3148 2549 3401 2606 maxime
3442 2551 3745 2622 Hadriani,

2093 2639 2262 2710 juxta
2286 2639 2543 2695 litteram
2565 2639 2806 2711 impleta
2827 2656 2955 2695 esse
2978 2639 3527 2695 commemorant.8i
3549 2644 3747 2697 autem

2098 2728 2170 2783 ad
2194 2729 2345 2784 diem
2362 2729 2730 2801 judicii,quaa
2746 2725 3746 2801 scriptasunt,voluerimusreferre,

2096 2817 2348 2873 dicimus
2368 2835 2601 2874 omnem
2634 2818 2731 2890 qui
2766 2816 3041 2882 salvetur,
3100 2814 3314 2872 calvari
3370 2816 3431 2871 in
3488 2817 3748 2874 Ecclesia

2096 2906 2215 2962 sive
2234 2906 2293 2962 in
2315 2907 2531 2963 ccelesti
2548 2906 2971 2963 Jerusalem.Et
2993 2910 3303 2978 postquam
3315 2904 3346 2961 J
3355 2905 3483 2960 uda
3499 2906 3674 2963 fuerit
3692 2912 3749 2965 et

2094 2994 2419 3051 Jerusalem
2442 2996 2596 3053 208
2619 3011 2895 3051 conversa
2925 2994 3252 3067 captivitas,
3310 2997 3451 3049 tunc
3503 3011 3742 3069 congre-

2096 3084 2319 3154 gandos
2333 3090 2389 3139 et
2400 3085 2507 3139 ded
2518 3084 2771 3140 ucendos
2785 3099 2991 3139 omnes
3003 3083 3061 3138 in
3076 3080 3745 3155 vallemJosaphat:etibi

353 3185 487 3225 mus
516 3174 581 3224 ut
611 3171 845 3242 polliciti
879 3190 1103 3240 sumus,
1137 3174 1212 3245 (a)
1237 3174 1989 3245 primumjuxtaanagogen
2029 3238 2059 3245 Δ
2097 3172 2526 3243 diceptaturum
2540 3173 2854 3229 Dominum
2875 3188 3009 3227 cum
3023 3171 3107 3229 eis
3128 3171 3226 3244 qui
3251 3189 3427 3228 suum
3451 3171 3737 3245 populum

351 3238 647 3330 prioribus
674 3238 1550 3334 posteriorajungentes,eadem
1574 3261 1622 3315 si
1645 3238 1986 3331 poterimvus,
2020 3238 2062 3305 Ο
2100 3238 2388 3332 persecuti
2417 3267 2576 3330 sunt,
2596 3267 2649 3317 et
2681 3261 3007 3317 diviserunt
3034 3238 3163 3316 sibi-
3184 3238 3590 3318 haereditatein
3632 3262 3741 3318 Do-

347 3350 418 3404 ad
451 3350 604 3405 diem
620 3350 827 3421 judicii
850 3334 1061 3406 referre
1084 3350 1460 3406 tentabimus.
1482 3348 1729 3406 Salvatis
1749 3350 1985 3405 creden-

344 3438 502 3493 tibus
533 3439 589 3493 in
626 3443 821 3494 monte
852 3439 1011 3507 Sion,
1044 3444 1099 3494 et
1127 3438 1477 3504 Jerusalem,
1505 3442 1561 3493 et
1589 3438 1807 3494 vocatis
1848 3438 1987 3494 resi-

342 3527 476 3582 duis
498 3528 568 3583 de
596 3528 810 3600 populo
831 3528 1188 3599 Judaeorum,
1210 3528 1311 3600 qui
1336 3545 1467 3582 cum
1492 3526 1773 3598 apostolis
1795 3531 1851 3582 et
1884 3544 1987 3599 per

294 3616 635 3701 [apostolos
673 3617 1063 3686 crediderunt,
1095 3617 1155 3672 in
1201 3622 1463 3689 tempore
1511 3616 1612 3672 illo
1669 3620 1981 3687 postquam

338 3706 971 3762 converteritDominus
986 3707 1379 3779 captivitatem
1399 3709 1433 3760 J
1440 3706 1554 3759 uda
1573 3705 1981 3776 etJerusalem,

334 3794 433 3866 qui
467 3799 700 3850 venerat
732 3795 1042 3866 praedicare
1073 3795 1238 3850 caesis
1270 3794 1485 3861 visum,
1535 3797 1594 3848 et
1650 3793 1836 3865 captis
1892 3808 1981 3848 re-

336 3883 700 3953 missionem,
732 3889 790 3940 et
817 3883 1089 3939 liberavit
1118 3900 1218 3938 eos
1250 3882 1349 3954 qui
1371 3882 1981 3938 Dcminumconliten-

336 3975 454 4037 tur,
483 3976 539 4026 et
568 3973 666 4044 qui
698 3977 1005 4028 versantur
1032 3972 1092 4027 in
1123 3972 1399 4035 Ecclesia,
1431 3971 1490 4026 in
1510 3988 1627 4043 qua
1645 3970 1789 4025 visio
1822 3970 1981 4042 pacis

339 4063 447 4128 est,
478 4061 854 4131 congregabit
885 4077 1089 4116 omnes
1122 4066 1321 4132 gentes
1344 4077 1470 4131 qua
1509 4059 1742 4115 credere
1786 4058 1981 4114 nolue-

339 4152 511 4202 runt:
543 4152 599 4202 et
617 4149 763 4204 201
801 4149 1046 4204 deducet
1066 4165 1164 4204 eas
1195 4149 1252 4203 in
1272 4148 1480 4204 vallem
1501 4147 1803 4220 Josaphat,
1822 4148 1976 4220 quod

339 4234 789 4306 signiﬁcantius,
807 4237 979 4306 juxta
998 4236 1334 4291 Hebraicam
1358 4237 1657 4291 veritatem
1679 4235 1873 4292 Graece
1892 4236 1978 4290 di-

336 4322 487 4377 citur
505 4322 800 4393 κατάξω,ἱᾱ
835 4325 1203 4392 est,deorsum
1233 4325 1511 4387 ducam,et
1532 4324 1601 4379 de
1622 4323 1982 4381 sublimibus

337 4412 409 4466 ad
440 4412 716 4467 inferiora
733 4412 1057 4467 detraham.
1085 4411 1393 4483 Simulque
1412 4411 1980 4483 considera,quando

335 4500 670 4556 incredulos
700 4518 984 4573 quosque,
1016 4500 1103 4555 vel
1134 4501 1495 4557 adversariae
1521 4505 1836 4572 potestates
1867 4499 1980 4556 Do-

2097 3349 2241 3403 mini
2273 3354 2331 3405 et
2360 3350 2837 3423 dispersaverunt
2864 3366 2964 3405 eos
3006 3348 3067 3404 in
3098 3349 3458 3417 nationibus,
3482 3354 3539 3405 et
3568 3365 3746 3423 super

2094 3440 2306 3493 terram
2338 3437 2501 3494 illius
2531 3439 2821 3494 miserunt
2843 3440 3060 3494 sortem
3087 3455 3099 3493 :
3129 3455 3258 3509 qua:
3281 3455 3397 3494 non
3421 3438 3619 3494 solum
3641 3456 3741 3494 su-

2093 3542 2195 3597 per
2223 3526 2508 3582 hzereticis
2537 3527 2821 3582 debemus
2848 3527 3128 3598 accipere,
3161 3527 3260 3598 qui
3293 3526 3406 3582 sibi
3433 3526 3533 3583 Dei
3551 3544 3738 3599 popu-

2092 3613 2215 3669 lum
2248 3615 2591 3681 diviserunt,
2625 3619 2681 3669 et
2709 3632 2808 3671 eos
2830 3614 3050 3670 faciunt
3077 3631 3205 3671 esse
3236 3614 3506 3688 gentiles,
3528 3616 3631 3671 sed
3662 3616 3736 3671 ad

2091 3719 2319 3758 omnem
2356 3703 2609 3777 rigidum
2640 3704 3080 3775 superbumque
3099 3704 3417 3769 doctorem,
3464 3704 3559 3776 qui
3618 3703 3731 3758 sub

2091 3794 2328 3849 nomine
2353 3792 2629 3849 doctrinae
2658 3798 2715 3848 et
2744 3792 3049 3848 sacerdotii
3107 3793 3492 3848 dominantur
3534 3790 3735 3862 cleris,

2089 3885 2147 3936 et
2170 3883 2510 3953 opprimunt
2538 3898 2637 3937 eos
2667 3881 2767 3952 qui
2792 3881 3038 3953 subjecti
3074 3880 3505 3953 sunt.Cumque
3523 3881 3741 3937 iuerint

2089 3969 2474 4042 negligentes,
2505 3975 2562 4026 et
2588 3968 3110 4026 scandalizaverint
3140 3986 3325 4025 unum
3353 3970 3425 4025 de
3441 3969 3733 4040 minimis,

2088 4059 2265 4114 etiam
2298 4076 2511 4129 pueros
2544 4062 2769 4130 ponunt
2799 4059 2856 4112 in
2891 4056 3313 4131 prostibulum,
3344 4057 3463 4113 sive
3495 4059 3740 4115 tradunt

2088 4147 2527 4203 meretricibus:
2587 4151 2643 4203 et
2692 4164 2868 4203 causa
2924 4146 3241 4219 voluptatis
3287 4163 3406 4203 suae
3467 4148 3734 4219 (quorum

2089 4236 2229 4290 Deus
2305 4239 2494 4290 venter
2549 4239 2646 4299 est,
2702 4238 2753 4291 et
2834 4236 3013 4307 gloria
3072 4237 3134 4291 in
3177 4237 3495 4305 confusione
3547 4252 3739 4292 eorum

2087 4324 2315 4396 (Philip.
2348 4324 2433 4394 III)
2465 4323 2722 4379 vendunt
2749 4322 2996 4395 puellas,
3029 4327 3095 4379 ut
3111 4323 3556 4379 bibantvinum.
3601 4329 3736 4381 Tra-

2088 4412 2175 4467 dit
2205 4417 2399 4468 autem
2424 4412 2820 4468 adolescentes
2854 4412 3341 4479 meretricibus,et
3358 4412 3584 4485 puellas
3605 4431 3735 4470 ven-

2088 4501 2174 4556 dit
2204 4501 2467 4568 luxuriae,
2501 4499 2806 4574 quiturpis
2825 4500 2971 4556 lucri
2999 4501 3191 4574 gratia
3222 4517 3336 4557 non
3366 4500 3611 4573 corripit
3638 4502 3736 4559 de-

336 4590 535 4646 minus
566 4590 637 4645 ad
663 4591 956 4661 judicium
988 4594 1279 4662 provocat,
1317 4594 1374 4644 et
1401 4590 1649 4661 diceptat
1706 4605 1839 4644 cum
1897 4589 1981 4645 eis
2013 4608 2058 4672 D
2090 4588 2446 4663 linquentes.

334 4694 437 4750 pro
460 4678 673 4751 populo
695 4696 800 4734 suo
820 4697 832 4735 :
865 4679 1146 4745 deducam,
1173 4678 1387 4750 inquit,
1404 4693 1495 4733 eas
1518 4680 1578 4732 in
1596 4676 1794 4732 vallem
1828 4677 1977 4734 lasa-

329 4767 731 4839 phat.Quando
745 4774 939 4824 autem
955 4770 1256 4824 credentes
1274 4768 1345 4822 ad
1361 4765 1623 4838 praelium
1639 4765 1978 4821 cohortatur

331 4857 501 4912 dicit:
537 4856 805 4913 Suscitate
826 4858 1065 4913 robustos
1098 4873 1110 4911 :
1143 4856 1417 4917 accedant,
1449 4854 1745 4910 ascendant
1786 4871 1976 4911 omnes

329 4947 440 5001 viri
456 4946 763 5002 bellatores:
775 4950 1107 5015 consurgant
1118 4955 1171 5000 ct
1188 4945 1489 5001 ascendant
1507 4947 1690 5015 gentes
1703 4947 1762 5001 in
1774 4944 1971 4999 vallem

329 5036 606 5104 Josaphat,
640 5052 753 5090 non
804 5036 1175 5096 descendere,
1229 5035 1332 5089 sed
1392 5033 1704 5089 ascendam
1761 5032 1973 5088 cohor-

330 5123 760 5179 tantur.0mnis
776 5125 932 5179 enim
953 5124 1051 5195 qui
1069 5124 1448 5193 judicatur(b)
1472 5126 1709 5195 propter
1738 5125 1975 5193 peccata

331 5230 460 5277 sua,
522 5212 580 5267 in
628 5212 777 5268 valle
832 5213 1058 5284 positus
1114 5217 1221 5278 est,
1284 5229 1409 5283 quae
1468 5209 1813 5283 appellatur.
1881 5210 1969 5265 Jo-

327 5303 540 5373 sap/tat,
572 5302 768 5368 idest,
830 5302 1055 5357 Domini
1098 5301 1403 5370 judicium.
1463 5299 1571 5363 Qui
1628 5299 1785 5355 enim
1843 5314 1970 5353 cre-

328 5390 415 5446 dit
444 5392 500 5447 in
534 5392 802 5478 Domino,
835 5407 948 5445 non
973 5390 1359 5461 judicabitur.
1399 5389 1599 5461 ibique
1644 5386 1970 5460 disputabit

392 5620 780 5702 (a)_Vic.torius_
807 5619 1031 5675 restitui
1073 5618 1198 5702 vnlt
1244 5617 1437 5702 locum
1503 5618 1811 5691 praeposito
1870 5617 1965 5674 hic

321 5689 563 5764 puncto,
585 5692 939 5761 inductaque
976 5706 1112 5747 mox
1147 5698 1198 5747 et
1226 5689 1455 5762 copula.

298 6066 563 6145 Δ

2161 4678 2345 4750 (Vere.
2376 4679 2519 4747 4-6.)
2552 4682 2759 4733 Verum
2792 4677 2923 4749 quid
2959 4678 3111 4733 vobis
3155 4681 3209 4733 et
3264 4678 3425 4743 mihi,
3477 4679 3655 4750 Tyrus
3690 4688 3741 4736 et

2084 4766 2271 4836 Sidon,
2304 4771 2358 4823 et
2387 4769 2567 4823 omnis
2628 4767 2893 4822 terminus
2933 4766 3402 4823 Palaestinorum?
3454 4766 3738 4840 Numquid

2082 4856 2350 4912 ultionem
2368 4854 3066 4923 vosreddetis[Al.redditis
3085 4855 3228 4910 mihi
3244 4858 3270 4908 .9
3319 4858 3384 4911 Et
3409 4857 3464 4912 si
3515 4856 3741 4914 ulcisci-

2080 4947 2224 5001 mini
2252 4944 2361 5013 [ΑΙ.
2393 4943 2757 5016 ulcisceminij
2778 4958 2871 4999 vos
2896 4952 3089 4999 centra
3143 4960 3248 5009 me,
3307 4946 3415 4999 cito
3470 4945 3737 5003 velociter

2081 5033 2308 5089 rediam
2328 5033 2762 5089 vicissitudinem
2788 5032 2938 5087 vobis
2966 5048 3132 5104 super
3147 5041 3309 5103 caput
3331 5036 3593 5090 vestrum.
3629 5036 3734 5091 Ar-

2080 5130 2309 5191 gentum
2323 5124 2472 5178 enim
2489 5137 2676 5178 meum
2690 5124 2740 5176 et
2752 5137 2949 5176 aurum
2964 5138 3144 5176 meum
3161 5120 3354 5194 [Vulg.
3403 5127 3732 5194 tac.meum]

2079 5212 2267 5267 tulisti
2282 5253 2294 5267 .
2338 5219 2387 5267 et
2414 5210 2804 5267 desiderabilia
2826 5225 2968 5278 mea,
2988 5218 3040 5266 et
3067 5210 3440 5282 pulcherrima
3459 5212 3734 5269 intulistis

2079 5303 2139 5355 in
2168 5300 2399 5356 delubra
2428 5307 2638 5356 vestra:
2667 5302 2718 5354 et
2743 5299 2886 5370 ﬁlios
2914 5299 3078 5365 Juda,
3110 5302 3161 5354 et
3207 5297 3358 5369 ﬁlios
3413 5302 3732 5357 Jerusalem

2078 5389 2396 5446 vendidistis
2414 5389 2550 5460 ﬁliis
2581 5386 2929 5446 Graecorum:
2950 5390 3010 5443 ut
3039 5388 3194 5459 longe
3216 5390 3471 5459 faceretis
3517 5404 3610 5447 eos
3667 5390 3735 5447 de

2074 5617 2440 5746 Magaw“
2466 5616 2912 5691 istha’c'l’ropm
2934 5622 3157 5690 Peccata
3175 5634 3298 5688 sua,
3314 5616 3550 5676 Victorii
3560 5619 3727 5693 igno-
