3964 6184
173 340 291 412 985

935 336 1680 412 COMMENTARIORUM
1722 338 1804 405 IN
1847 335 2169 405 JOELEM'
2194 340 2448 430 LIBER.
2489 343 2660 408 CAP.
2704 340 2812 409 III.

3459 340 3577 409 986

178 479 391 551 sionis.,
406 478 1166 551 sequentestranslationem
1183 477 1402 550 Aquilae
1415 482 1472 533 et
1485 474 1817 550 Symmachi
1848 473 1902 540 Α
1928 478 2086 530 trum
2120 477 2467 534 adversariis
2498 496 2611 534 non
2635 478 2901 550 patuerit.
2927 478 3057 534 Haec
3078 476 3263 534 Judaei
3286 480 3345 534 et
3367 478 3573 548 nostri,

183 573 241 626 et
268 569 485 642 quinta;
517 568 812 634 editionis,
863 569 1246 641 Septuaginta
1293 571 1349 621 et
1376 566 1694 622 Theodotio
1722 569 1823 631 τῆς

179 654 329 730 δίκῃς
355 655 448 711 καί
477 662 578 725 τῆς
601 656 852 730 κρίσεως,
884 657 941 711 id
976 662 1084 727 est,
1126 672 1303 711 causae
1326 667 1377 711 et
1405 656 1606 724 iudicii
1634 659 1823 709 trans—

177 746 476 803 tulerunt:
514 761 616 817 pro
648 761 763 817 quo
794 746 853 800 in
885 745 1165 801 Hebraico
1195 746 1478 817 scriptum
1511 749 1600 800 est
1637 760 1826 799 manus

177 835 393 925 (γἹἿΠ),
426 835 582 906 quod
614 834 839 925 Hebraei
868 849 983 888 non
1008 833 1198 889 solum
1217 835 1582 925 concisionem
1605 858 1619 892 ς
1644 833 1827 925 sedet

176 920 381 979 aurum
414 920 784 994 interpretari
815 926 1044 993 putant,
1076 938 1190 993 quo
1223 921 1445 977 scilicet
1475 922 1533 976 in
1574 921 1720 976 valle
1736 922 1828 991 ju-

177 1010 335 1077 dicii,
369 1026 547 1082 quam
598 1009 976 1082 suspicantur
1023 1010 1371 1083 gehennam,
1423 1009 1671 1066 excoctis
1704 1026 1827 1064 sor-

179 1099 356 1155 dibus
375 1103 767 1171 peccatorum,
793 1116 1004 1171 purum
1028 1116 1237 1155 aurum
1269 1103 1583 1154 remaneat.
1609 1098 1827 1153 Idcirco

178 1193 377 1244 autem
409 1187 694 1260 gentium,
730 1188 800 1243 de
830 1188 1049 1259 quibus
1088 1203 1269 1259 supra
1299 1187 1554 1243 diximus
1591 1187 1648 1241 in
1680 1186 1829 1241 valle

170 1275 404 1348 judicii,
437 1275 557 1331 sive
603 1273 972 1344 concisionis,
1023 1276 1221 1347 populi
1271 1280 1717 1348 congregantur,
1767 1278 1832 1331 ut

176 1364 615 1420 interﬁciantur
642 1368 700 1418 et
729 1368 1025 1431 corruant,
1058 1368 1115 1420 et
1137 1381 1171 1419 a
1203 1365 1446 1420 Domino
1464 1364 1825 1436 judicentur.

177 1454 363 1523 Cujus
393 1468 695 1508 mmrorem
747 1453 859 1508 diei
892 1459 951 1509 et
996 1458 1290 1510 tormenta
1321 1454 1711 1525 pcreuntium,
1758 1470 1830 1509 ne

177 1541 265 1598 sol
284 1542 519 1614 quidem
533 1546 591 1597 et
611 1541 752 1597 luna
773 1546 1043 1613 astraque
1060 1547 1265 1597 caetera
1286 1549 1561 1613 poterunt
1575 1542 1789 1598 intueri
1812 1562 1827 1609 ;

179 1631 283 1688 sed
317 1631 612 1687 retrahent
642 1629 927 1702 fulgorem
958 1647 1157 1700 suum,
1188 1637 1246 1686 et
1275 1632 1636 1687 severitatem
1668 1632 1830 1703 judi-

178 1720 371 1777 cantis
402 1721 817 1791 reddentisque
873 1721 1339 1792 uniuscujusque
1387 1737 1535 1793 opus
1566 1725 1622 1775 in
1675 1723 1831 1778 214

1935 566 2289 631 utdiximus,
2308 568 2704 637 judaizantes,
2730 569 2799 623 ad
2823 566 2983 623 mille
3001 584 3289 623 annorum
3314 567 3574 625 fabulam

1933 654 2211 720 referunt,
2247 656 2481 726 quando
2511 660 2720 726 putant
2758 657 3056 712 Christum
3088 655 3486 713 habitaturum
3510 656 3572 713 in

1934 741 2094 809 Sion,
2128 748 2184 798 et
2213 744 2270 798 in
2301 744 2626 800 Jerusalem
2660 761 2836 800 aurea
2868 748 3039 816 atque
3071 750 3365 817 gemmata
3402 762 3571 801 sano-

1932 835 2125 886 torum
2154 833 2397 903 populos
2429 834 2887 906 congregandos.
2923 838 2987 888 ut
3016 834 3114 904 qui
3145 833 3205 887 in
3228 833 3342 888 isto
3364 833 3574 890 seculo

1936 922 2195 991 oppressi
2214 926 2371 977 'sunt
2400 924 2472 977 ab
2505 922 2791 977 universis
2822 922 3115 991 gentibus,
3147 922 3206 977 in
3234 921 3344 981 hoc
3372 923 3575 980 eodem

1935 1010 2163 1064 cunctis
2195 1009 2480 1081 imperent
2509 1010 2863 1066 nationibus.

2008 1099 2193 1169 (Vers.
2258 1101 2367 1171 18.)
2414 1102 2562 1157 215
2619 1102 2678 1155 Et
2728 1101 2835 1155 erit
2864 1102 2924 1155 in
2973 1100 3063 1155 die
3108 1100 3230 1170 illa,
3288 1099 3579 1156 stillabant

1936 1192 2142 1243 montes
2165 1189 2525 1251 dulcedinem,
2550 1195 2601 1245 et
2632 1191 2789 1245 colles
2813 1192 2985 1259 ﬂuent
3012 1190 3164 1258 lacte,
3188 1199 3237 1243 et
3258 1205 3354 1258 per
3392 1204 3579 1245 omnes

1936 1277 2086 1332 rivos
2109 1279 2260 1357 Iuda:
2283 1279 2443 1333 ibunt
2474 1296 2651 1351 aqua.
2675 1279 2813 1334 LXX
2836 1295 2848 1333 :
2886 1281 2949 1333 Et
2974 1280 3086 1333 erit
3114 1280 3172 1333 in
3193 1277 3283 1333 die
3311 1278 3434 1343 illa,
3455 1278 3607 1357 δαὶ-ί

1942 1354 2151 1422 ιαὺιιηί
2175 1371 2383 1422 montes
2426 1367 2789 1431 dulcedinem,
2828 1370 2878 1422 et
2928 1367 3090 1423 colles
3135 1368 3307 1441 ﬂuent
3339 1367 3501 1434 laete,
3530 1369 3582 1422 et

1939 1472 2123 1512 omnes
2151 1458 2465 1511 emissiones
2503 1457 2655 1513 Iudae
2702 1458 2877 1527 ﬂuent
2918 1457 3078 1527 aquis
3128 1455 3438 1511 Habitante
3466 1456 3579 1512 Do-

1938 1545 2099 1601 mino
2130 1547 2188 1599 in
2220 1546 2355 1601 Sion
2378 1551 2435 1600 et
2464 1546 2523 1600 in
2543 1550 2737 1601 monte
2766 1550 2968 1601 sancto
2985 1545 3364 1615 suo,quando
3382 1543 3581 1600 nullus

1940 1652 2044 1707 per
2071 1635 2394 1691 Jerusalem
2428 1641 2690 1691 sanctam
2720 1635 3072 1708 pertransire
3101 1634 3427 1701 tentaverit,
3452 1633 3580 1706 qui-

1940 1741 2193 1797 cumque
2220 1725 2277 1779 in
2309 1742 2378 1780 ea
2408 1740 2576 1780 mons
2608 1726 2801 1795 fuerit,
2843 1728 2901 1779 et
2930 1724 3001 1779 ad
3033 1723 3317 1778 virtutum
3357 1721 3584 1779 excelsa

180 1815 358 1882 caput
391 1826 588 1876 suum,
611 1810 868 1881 aspicere
897 1827 1010 1865 non
1036 1810 1355 1865 audebunt.
1381 1810 1505 1864 Non
1538 1811 1692 1883 quod
1716 1810 1833 1866 cle-
1861 1839 1909 1905 B
1941 1813 2286 1884 pervenerit,
2321 1812 2628 1867 dulcedine
2645 1817 2701 1865 et
2730 1811 2899 1867 melle
2922 1809 3178 1879 sudabit,
3202 1814 3257 1865 et
3279 1808 3586 1905 stillabunt

179 1899 472 1955 mentiora
503 1899 620 1953 sint
670 1913 846 1969 quam
881 1898 978 1952 Dei
1002 1898 1265 1970 judicia;
1318 1899 1419 1953 sed
1451 1900 1603 1970 quod
1640 1900 1833 1955 omnis

178 1987 530 2044 creaturain
561 1988 869 2042 tormentis
899 1985 1147 2042 aliorum
1179 1988 1249 2043 de
1278 2004 1381 2042 suo
1397 1986 1622 2058 judicio
1653 1988 1832 2060 perti-

180 2081 427 2132 mescat.

253 2164 440 2238 (Vere.
471 2165 563 2230 16,
613 2164 726 2236 17.)
758 2166 820 2221 Et
858 2166 1120 2220 Dominus
1165 2166 1233 2220 de
1269 2164 1400 2220 Sion
1447 2166 1645 2236 rugiet,
1692 2169 1742 2222 et
1769 2167 1834 2221 de

180 2254 491 2311 Jerusalem
519 2254 671 2309 dabit
698 2269 882 2309 vocem
925 2270 1102 2321 suam,
1153 2258 1204 2309 et
1236 2254 1596 2310 movebuntur
1634 2256 1759 2310 cteli
1784 2263 1834 2310 et

188 2352 362 2406 terra,
381 2351 431 2399 et
458 2344 718 2398 Dcmmus
737 2359 857 2413 spes
882 2343 1081 2415 papuli
1090 2347 1199 2407 sui,
1233 2346 1283 2398 et
1302 2345 1561 2414 fortitudo
1589 2345 1831 2415 ﬁliorum

183 2432 379 2498 Israel,
412 2437 461 2487 et
487 2432 671 2487 scietis
717 2434 849 2503 quia
894 2448 988 2503 ego
1014 2433 1278 2487 Dominus
1330 2433 1471 2487 Deus
1502 2441 1688 2496 vester,
1728 2432 1831 2487 ha—

182 2523 369 2577 bitans
392 2522 454 2575 in
483 2520 609 2576 Sion
635 2520 828 2593 [Vulg.
863 2520 1047 2576 addit.
1082 2522 1171 2590 in]
1200 2525 1381 2576 monte
1399 2525 1589 2577 sancto
1618 2537 1756 2586 meo,
1783 2529 1833 2576 et

178 2611 294 2666 erit
329 2610 638 2667 Jerusalem
683 2616 891 2675 sancta,
941 2613 994 2664 et
1019 2609 1191 2664 alieni
1235 2624 1343 2663 non
1383 2611 1700 2664 transibunt
1737 2625 1835 2677 per

178 2715 308 2755 eam
338 2699 600 2770 amplius.
638 2698 812 2753 LXX:
860 2699 1120 2753 Dominus
1147 2705 1333 2753 autem
1375 2698 1439 2752 de
1466 2698 1597 2754 Sion
1626 2699 1835 2753 clama-

166 2789 286 2855 ωε,
318 2791 375 2844 et
402 2788 469 2843 de
514 2787 815 2843 Jerusalem
842 2787 993 2842 dabit
1018 2803 1201 2843 vocem
1247 2803 1427 2853 suam,
1453 2796 1503 2842 et
1531 2788 1836 2843 movebitur

176 2878 383 2935 calum
408 2880 459 2931 et
498 2885 666 2941 terra,
718 2880 770 2931 et
820 2877 1083 2930 Dominus
1129 2879 1319 2946 parcet
1365 2877 1563 2947 populo
1618 2892 1734 2944 suo,
1783 2879 1836 2932 et

175 2965 515 3037 eonfortabit
542 2965 680 3020 ﬁlios
719 2965 908 3031 Israel,
957 2972 1009 3019 et
1035 2965 1217 3018 scietis
1258 2966 1385 3035 quia
1428 2980 1529 3033 ego
1570 2966 1832 3020 Dominus

175 3057 329 3112 Deus
355 3058 532 3109 vester
559 3053 816 3108 habitans
835 3055 899 3107 in
927 3052 1057 3108 Sion
1084 3056 1265 3108 monte
1284 3058 1469 3109 sancto
1497 3070 1633 3123 meo,
1661 3058 1711 3109 et
1731 3056 1836 3109 erit

176 3144 503 3202 Jerusalem
527 3146 792 3207 sancta,et
822 3140 1137 3213 alienigena
1164 3158 1275 3196 non
1299 3140 1559 3198 tranSibit
1584 3159 1684 3214 per
1711 3159 1835 3197 eam

1941 1918 2010 1957 ex
2039 1917 2104 1957 eo
2135 1901 2333 1973 gratim
2365 1900 2722 1973 spirituales,
2742 1901 2813 1955 de
2842 1899 3056 1971 quibus
3083 1897 3367 1970 propheta
3390 1895 3582 1969 loqui-

1940 1995 2074 2046 tur:
2111 1992 2285 2059 Quam
2313 1991 2496 2045 dulcia
2524 1992 2736 2061 gutturi
2761 2005 2882 2044 meo
2912 1989 3127 2060 eloquia
3147 1995 3258 2055 tua,
3282 2003 3450 2058 super
3474 1986 3588 2042 mel

1940 2079 2027 2134 ori
2051 2095 2170 2135 meo
2202 2084 2315 2145 (Ps.
2348 2094 2541 2148 cxvm,
2577 2077 2736 2146 103)!
2790 2077 3125 2141 Quiautem
3156 2076 3393 2131 inferior
3420 2089 3586 2129 mon-

1942 2167 2100 2222 tibus
2155 2171 2261 2232 est,
2340 2171 2398 2222 et
2453 2166 2705 2222 necdum
2766 2166 2835 2221 ad
2910 2164 3281 2237 perfectionis
3351 2162 3587 2219 culmen

1941 2256 2330 2319 ascenderint,
2382 2256 2683 2310 vocabitur
2731 2254 2917 2319 collis,
2951 2258 3008 2309 et
3062 2253 3245 2309 ﬂuent
3274 2254 3344 2308 de
3382 2268 3450 2308 eo
3477 2250 3584 2307 rivi

1938 2344 2129 2415 lactis,
2162 2345 2377 2416 quibus
2408 2343 2573 2399 rudis
2604 2343 2662 2398 in
2696 2343 2923 2398 Christo
2954 2342 3214 2397 nutritur
3241 2340 3507 2412 infantia,
3532 2344 3589 2397 et

1944 2450 2227 2504 aquarum
2262 2433 2528 2497 ﬂumina,
2562 2449 2689 2504 quae
2715 2433 2786 2488 de
2806 2435 3004 2487 ventre
3033 2448 3138 2486 suo
3164 2430 3445 2486 Dominus
3469 2446 3587 2485 ma-

1943 2537 2081 2576 nare
2112 2525 2361 2577 testatus
2392 2526 2481 2576 est
2508 2522 2668 2592 (Joan
2704 2520 2824 2590 vn).
2858 2520 3075 2576 Omnes
3103 2519 3261 2575 enim
3305 2517 3432 2585 rivi,
3467 2517 3586 2573 sive

1942 2610 2288 2666 emissiones
2313 2610 2488 2675 Juda,
2514 2609 2917 2682 implebuntur
2939 2608 3131 2679 aquis,
3164 2610 3221 2663 et
3244 2606 3390 2662 nihil
3418 2606 3478 2661 in
3500 2604 3585 2661 eis

1888 2699 1894 2704 ’
1942 2698 2160 2754 siccum
2185 2701 2316 2765 erit,
2342 2698 2812 2753 redundantibus
2830 2697 3056 2752 cunctis
3070 2693 3582 2768 gratiaspirituali.

2014 2790 2078 2843 Et
2123 2790 2247 2859 fons
2292 2788 2361 2845 de
2413 2788 2569 2843 domo
2612 2788 2828 2842 Domini
2865 2786 3196 2854 egredietur,
3237 2787 3290 2839 et
3330 2783 3589 2853 irrigabit

1944 2880 2237 2932 torrentem
2267 2876 2380 2949 [ΑΞ.
2424 2876 2652 2950 fontem]
2683 2878 2988 2947 spinarum.
3041 2874 3144 2929 Pro
3192 2880 3429 2929 torrente
3470 2872 3584 2943 spi-

1940 2984 2164 3034 narum,
2190 2966 2571 3039 Septuaginta
2598 2964 3045 3030 transtulerunt,
3060 2968 3354 3019 torrentem
3371 2963 3589 3034 [παῖδας

1945 3058 2142 3120 lorum,
2174 3055 2231 3110 id
2264 3059 2372 3124 est,
2398 3051 2632 3129 σχοίνων
2660 3071 2673 3109 :
2703 3054 2781 3125 (a)
2804 3054 2956 3125 quod
2983 3056 3083 3107 aut
3105 3050 3394 3106 funiculos
3412 3048 3590 3122 signi-

1944 3145 2099 3212 ﬁcat,
2134 3149 2234 3199 aut
2256 3145 2427 3216 juxta
2474 3143 2773 3216 Egyptios
2800 3157 3136 3197 mensuram
3168 3138 3308 3196 certi
3338 3138 3588 3205 itineris,

176 3231 451 3302 amplius.
479 3232 620 3283 Cum
637 3228 779 3284 solis
799 3234 858 3284 et
878 3228 1029 3283 lunai
1047 3233 1512 3301 cunctarumque
1528 3229 1830 3285 stellarum
1864 3204 1906 3271 ο
1947 3204 2278 3287 Ρεειιῐηὶείευ
2303 3204 2603 3286 dicente?"
2623 3204 2891 3285 Semitam
2935 3245 3115 3283 meam
3170 3236 3220 3284 et
3273 3228 3589 3297 funiculum

178 3318 471 3392 splendor
498 3318 755 3373 tenebris
786 3317 963 3372 fuerit
1002 3322 1418 3385 commutatus,
1452 3318 1736 3374 Dominus
1765 3320 1836 3375 de

170 3409 321 3464 Sion
350 3406 542 3461 instar
592 3405 776 3462 leonis
830 3406 1042 3478 rugiet,
1094 3406 1213 3462 sive
1270 3405 1567 3473 clamabit,
1626 3412 1684 3463 et
1716 3414 1834 3463 tam

175 3494 416 3554 excelsa
441 3511 548 3549 vox
578 3494 707 3565 ejus
746 3494 856 3549 erit
903 3500 1079 3565 atque
1132 3494 1428 3559 terribilis,
1462 3500 1528 3549 ut
1558 3495 1834 3551 ccelorum

172 3583 455 3641 cardines
486 3588 543 3645 et
557 3588 846 3638 terrarum
880 3583 1261 3638 fundamenta
1281 3583 1641 3653 quatiantur.
1666 3583 1837 3639 Cum-

171 3690 297 3747 que
329 3679 451 3728 tam
472 3688 708 3728 severus
738 3670 795 3726 in
816 3687 914 3727 eos
937 3671 1220 3743 fueritqui
1237 3671 1517 3743 puniendi
1545 3677 1704 3739 sunt,
1725 3673 1837 3727 erit

174 3763 447 3819 clemens
476 3777 614 3835 erga
643 3759 925 3833 populum
958 3777 1156 3826 suum,
1190 3764 1247 3814 et
1292 3759 1454 3815 dabit
1482 3760 1566 3815 eis
1600 3761 1834 3816 fortitu-

175 3851 384 3908 dinem
419 3851 517 3922 qui
547 3849 916 3922 appellantur
938 3848 1041 3903 filii
1065 3849 1264 3919 Israet,
1290 3865 1455 3904 mens
1480 3849 1701 3904 scilicet
1720 3865 1837 3906 cer-

172 3955 336 3997 nens
365 3939 583 4005 Deum;
616 3937 704 3993 vel
749 3935 1031 3998 εὐθύτατος
1062 3940 1220 4002 Θεοῦ,
1273 3953 1448 4009 quem
1496 3955 1601 3993 nos
1647 3941 1834 3995 rectis-

170 4031 395 4085 simum
421 4018 731 4083 Dei'dicere
749 4042 1067 4099 possumus
1092 4041 1104 4079 :
1135 4025 1235 4098 qui
1256 4042 1369 4081 non
1389 4024 1837 4082 ambulaverunt

170 4134 293 4192 per
323 4132 536 4189 pravas
584 4116 845 4182 semitas,
878 4115 979 4171 sed
1012 4114 1344 4185 gradientes
1377 4115 1433 4169 in
1486 4116 1575 4169 via
1593 4115 1832 4187 Christi,

166 4207 388 4263 omnia
419 4209 575 4260 recta
605 4205 887 4261 fecerunt.
905 4204 1069 4259 Tunc
1083 4204 1270 4258 scient
1288 4207 1344 4259 et
1372 4203 1431 4258 hi
1464 4203 1562 4276 qui
1588 4204 1833 4275 punien-

162 4301 301 4361 tur,
334 4293 501 4350 etilli
535 4294 633 4365 qui
684 4296 1063 4349 assumantur
1106 4292 1167 4347 in
1211 4292 1481 4364 gloriam,
1535 4294 1690 4365 quod
1728 4296 1833 4349 Do-

160 4387 384 4442 minus
417 4383 639 4438 babitet
673 4381 732 4437 in
779 4381 1018 4454 specula
1066 4397 1175 4436 sua
1220 4382 1379 4447 Sion,
1428 4382 1568 4437 etin
1599 4382 1830 4439 Christo

161 4479 380 4532 monte
414 4478 614 4528 sancto
644 4488 773 4537 suo,
822 4471 945 4526 sive
976 4470 1035 4524 in
1085 4485 1151 4524 eo
1204 4470 1303 4541 qui
1338 4486 1400 4525 se
1447 4470 1691 4542 dignum
1728 4473 1824 4527 Dei

1942 3338 2127 3376 meum
2154 3323 2213 3375 tu
2234 3322 2577 3391 investigasti
2604 3321 2715 3386 (Ps.
2760 3335 3034 3388 cxxxvm,
3063 3320 3138 3387 2).
3177 3322 3240 3371 1n
3270 3315 3398 3371 Nilo
3428 3316 3585 3372 enim

1944 3409 2206 3474 ﬂumine,
2240 3409 2361 3464 sive
2410 3409 2467 3462 in
2502 3407 2638 3462 rivis
2688 3409 2837 3479 ejus,
2886 3406 3073 3461 solent
3121 3421 3297 3459 naves
3346 3403 3585 3459 funibus

1942 3498 2193 3563 trahere,
2226 3502 2384 3552 certa
2414 3497 2699 3551 habentes
2750 3496 2959 3567 spatia,
2996 3510 3122 3564 quae
3170 3490 3465 3563 appellant
3491 3494 3583 3562 fu-

1941 3587 2173 3647 niculos,
2201 3589 2262 3639 ut
2294 3583 2478 3639 labori
2509 3584 2896 3651 defessorum,
2930 3580 3182 3637 recentia
3226 3578 3584 3634 trahentium

1943 3673 2090 3730 colla
2120 3673 2455 3728 succedant.
2509 3672 2623 3729 Nec
2675 3670 2890 3725 mirum
2946 3670 2993 3724 si
3038 3683 3402 3739 unaquaeque
3441 3682 3586 3738 gens

1943 3768 2100 3819 certa
2123 3761 2348 3815 viarum
2364 3760 2553 3832 spatia
2577 3759 2700 3815 suis
2714 3758 2965 3829 appellet
2989 3756 3351 3823 nominibus,
3374 3771 3507 3811 cum
3529 3759 3587 3811 et

1941 3852 2127 3908 Latini
2190 3849 2347 3904 mille
2405 3865 2614 3920 passus
2663 3851 2889 3910 vocent,
2947 3850 3005 3902 et
3060 3845 3205 3902 Galli
3263 3844 3480 3911 leucas,
3530 3848 3588 3901 et

1942 3941 2128 3995 Persae
2154 3954 2532 4010 parasangas,
2565 3941 2620 3993 et
2640 3936 2713 4008 (b)
2746 3941 2936 3993 rastas
2962 3935 3232 3991 universa
3252 3932 3580 3999 Germania,

1943 4033 2119 4100 atque
2148 4027 2208 4082 in
2240 4026 2491 4098 singulis
2540 4024 2879 4080 nominibus
2927 4024 3155 4080 diversa
3184 4039 3464 4078 mensura
3486 4022 3583 4078 sit.

1943 4117 2073 4173 Haec
2124 4121 2448 4188 propterea,
2496 4113 2635 4186 quia
2683 4115 2925 4169 verbum
2977 4111 3321 4168 Hebraicum
3382 4127 3587 4167 sarum

1943 4206 2168 4276 (ωηπς)
2212 4204 2592 4276 Septuaginta
2639 4204 2920 4275 funiculos
2964 4201 3411 4258 transtulerunt.
3466 4200 3586 4256 Cas-

1940 4300 2130 4350 terum
2165 4292 2310 4349 nulli
2343 4293 2589 4348 dubium
2640 4297 2748 4356 est,
2782 4292 2982 4348 omnia
3030 4308 3156 4364 quae
3205 4290 3266 4345 in
3314 4290 3587 4345 taberna-

1942 4382 2073 4439 culo
2103 4381 2203 4437 Dei
2227 4381 2501 4453 legimus,
2536 4382 2605 4435 de
2639 4380 2815 4453 lignis
2847 4381 3039 4435 Settim
3089 4378 3268 4433 fuisse
3295 4377 3583 4448 perfecta:

1942 4487 2073 4543 quae
2105 4470 2245 4526 LXX
2289 4470 2649 4542 interpretati
2693 4473 2833 4524 sunt
2863 4470 3016 4537 ligna
3065 4466 3452 4538 imputribilia.
3485 4464 3588 4520 Est

158 4560 517 4621 habitaculo
551 4559 908 4633 praeparavit.
940 4559 1103 4614 Tunc
1134 4557 1245 4613 erit
1274 4563 1479 4613 sancta
1502 4558 1827 4615 Jerusalem
1861 4572 1907 4636 ι)
1940 4566 2134 4617 autem
2169 4576 2352 4633 genus
2388 4559 2613 4614 arboris
2644 4559 2700 4613 in
2734 4574 2949 4628 eremo,
2983 4556 3165 4628 spina)
3197 4554 3338 4610 alba:
3370 4551 3587 4619 simile,

154 4649 323 4706 visio
357 4647 539 4720 pacis,
574 4664 609 4702 a
654 4662 771 4720 qua
801 4652 857 4701 et
906 4644 1180 4701 Salomon
1231 4661 1440 4701 nomen
1488 4647 1728 4718 accepit,
1774 4652 1831 4703 et

159 4736 356 4794 alieni
388 4753 505 4792 non
539 4734 981 4808 pertransibunt
1012 4750 1113 4805 per
1139 4749 1267 4789 eam
1299 4733 1573 4806 amplius.
1597 4735 1830 4792 Alienos

156 4825 265 4883 vel
297 4825 600 4881 dcemones
630 4822 908 4896 intellige,
941 4822 1039 4894 qui
1071 4822 1291 4877 externi
1323 4839 1357 4878 a
1388 4821 1502 4878 Deo
1534 4828 1702 4879 sunt:
1742 4824 1829 4881 vel

160 4929 390 4971 omnes
437 4913 727 4985 pessimae
772 4910 1153 4984 cogitationes
1219 4914 1393 4983 atque
1446 4921 1700 4983 peccata,
1754 4914 1825 4969 de

159 5001 399 5075 quibus
430 5000 712 5072 propheta
740 4998 1030 5071 loquitur:
1062 5000 1140 5054 Ab
1171 4999 1373 5054 alienis
1383 5016 1549 5071 parce
1566 5017 1718 5057 servo
1738 5010 1829 5059 tuo

162 5094 297 5164 (Ps.
321 5105 480 5155 mu,
499 5091 590 5161 24)
616 5105 630 5144 :
664 5104 795 5160 quas
825 5104 1195 5159 nequaquam
1216 5086 1370 5143 ultra
1400 5087 1457 5143 in
1483 5089 1653 5145 nobis
1677 5090 1827 5147 viam

162 5178 521 5253 reperirent,
556 5177 607 5233 si
651 5175 1031 5232 habuerimus
1060 5175 1162 5231 Dei
1212 5191 1437 5248 pacem,
1470 5182 1528 5232 et
1558 5194 1657 5233 cor
1689 5195 1828 5235 nos-

242 5371 325 5443 (a)
358 5368 555 5445 Nostri
586 5387 733 5445 mss.
764 5367 1014 5445 χοινίων,
1038 5369 1535 5445 quemadmodum
1556 5375 1618 5445 et
1644 5376 1819 5445 Graec.

155 5440 468 5514 Complut.
499 5440 659 5513 legit.
683 5440 1156 5514 Porrocorrupte
1185 5450 1341 5496 unus
1366 5440 1656 5513 'Palatin.,
1684 5443 1823 5513 quod

158 5512 361 5572 autem
388 5512 670 5582 funiculus
696 5512 983 5581 signiﬁcet,
1036 5512 1095 5566 ut
1116 5513 1283 5584 juxta
1331 5512 1647 5584 rEgyptios,
1676 5530 1826 5570 men-

157 5600 365 5642 suram
391 5586 526 5653 certi
555 5584 791 5653 itineris,
822 5585 1119 5639 Psalmista
1139 5583 1367 5650 dicente,
1398 5583 1712 5641 didicimus.

240 5656 320 5729 (b)
335 5651 704 5713 Glossarium
715 5651 1046 5713 Germanic.
1065 5653 1295 5729 Georgii
1309 5654 1605 5713 Wachteri
1618 5656 1824 5731 Lipsiaa

1939 4648 2128 4705 colore
2176 4653 2234 4703 et
2284 4647 2457 4713 foliis,
2509 4663 2622 4702 non
2668 4644 3092 4717 magnitudine.
3143 4642 3418 4713 Alioquin
3463 4645 3587 4697 tam

1938 4738 2190 4811 grandes
2220 4736 2293 4807 (ε)
2324 4737 2559 4791 arbores
2591 4740 2749 4805 sunt,
2777 4740 2843 4789 ut
2872 4732 3162 4789 latissima
3190 4731 3345 4788 216
3373 4747 3441 4786 ex
3468 4728 3588 4786 illis

1937 4824 2200 4882 tabulata
2232 4824 2548 4893 caedantur,
2581 4822 2929 4896 lignumque
2959 4821 3349 4877 fortissimum
3379 4823 3486 4885 est,
3531 4822 3589 4874 et

1938 4912 2303 4970 incredibilis
2332 4912 2586 4968 levitatis
2616 4927 2682 4966 ac
2713 4909 3194 4984 pulchritudinis,
3226 4909 3387 4963 itaut
3407 4923 3476 4963 ex
3494 4906 3587 4963 his

1938 5003 2113 5059 etiam
2144 5018 2284 5056 vasa
2324 5000 2728 5067 torcularium,
2761 5017 2891 5071 qua:
2922 4997 3145 5070 ἄρσενας
3176 5001 3233 5052 et
3256 4992 3465 5066 θηλύας
3494 5011 3588 5051 vo-

1938 5095 2091 5154 cant,
2119 5089 2395 5145 ditissimi
2430 5089 2647 5160 quique
2669 5095 2725 5144 et
2752 5085 3175 5143 studiosissimi
3200 5085 3432 5151 faciant,
3458 5100 3586 5156 qua

1938 5178 2097 5251 ligna
2128 5178 2186 5234 in
2235 5177 2377 5235 locis
2419 5176 2617 5243 cultis,
2658 5182 2715 5232 et
2770 5177 2827 5231 in
2879 5177 3139 5233 Romano
3170 5174 3313 5241 solo,
3364 5174 3623 5269 absque,

1938 5371 2115 5427 1717:
2173 5395 2200 5421 ‹‹
2255 5376 2410 5433 Rost,
2468 5372 2723 5442 requies;
2772 5373 2919 5440 Rast,
2977 5371 3252 5426 milliare.
3284 5367 3585 5442 ,Rasta‘in

1936 5442 2247 5516 Evangelio
2278 5441 2519 5516 Gothico
2537 5438 2789 5513 'ponitur
2829 5438 2931 5515 pro
2958 5442 3212 5516 milliari
3232 5458 3251 5516 :_
3280 5440 3340 5495 in
3381 5438 3584 5495 chico

1937 5512 2159 5569 Runico
2192 5516 2316 5585 [lost
2346 5512 2695 5585 poniturpro
2711 5512 2985 5569 mensura
3001 5514 3124 5568 vim.
3150 5512 3291 5585 Vide
3314 5515 3586 5585 nostrum

1934 5586 2168 5641 Hieron.
2201 5584 2261 5639 in
2293 5581 2516 5640 Prmtat.
2551 5581 2739 5641 adlib.
2771 5588 3150 5644 uComment.
3170 5583 3240 5639 ad
3263 5581 3523 5640 Galatas.
3559 5605 3581 5632 η

2006 5655 2082 5729 (c)
2112 5655 2236 5713 Huc
2264 5655 2415 5713 refer
2432 5654 2689 5716 Plinium
2710 5656 2810 5715 lib.
2834 5676 2958 5734 xm,
2982 5655 3221 5733 cap.19,
3238 5654 3405 5713 etlib.
3427 5668 3582 5725 xxiv,
