3986 6190
448 354 565 425 987

1685 354 1752 424 S.
1797 353 2108 423 EUSEBII
2157 353 2602 423 HIERONYMI

445 492 670 552 Arabiae
715 488 1029 547 solitudine
1080 504 1197 546 non
1245 488 1642 548 inveniuntur.
1696 495 1806 547 Pro
1849 494 2088 548 torrente
2116 492 2172 558 Α
2203 490 2477 560 Francos,
2536 489 2910 558 Alemannos,
2958 495 3274 566 gentesque
3304 491 3441 550 alias
3486 490 3757 567 signiﬁcari.

441 582 838 656 funicutorum,
872 580 990 636 sive
1036 582 1350 652 spinarum,
1385 581 1774 654 Symmachus
1805 580 2083 651 interpre-

443 676 604 728 tatus
625 676 737 737 est,
766 670 966 725 vallem
993 672 1308 741 spinarum.
1344 671 1442 726 Est
1481 675 1677 726 autem
1720 669 1881 725 locus
1917 671 2087 740 juxta

449 759 744 816 Liviadem
772 763 934 814 trans
954 775 1114 814 mare
1144 763 1464 824 mortuum,
1483 765 1645 816 sexto
1676 760 1748 814 ab
1771 776 1840 814 ea
1860 758 2084 813 distans

457 848 861 916 milliario,ubi
893 849 1187 919 quondam
1229 864 1362 903 cum
1399 847 1735 904 Madianitis
1767 847 2086 904 fornicatus

444 941 536 993 est
558 935 754 993 Israel.
789 937 978 1006 Hujus
1008 937 1117 991 loci
1148 953 1212 992 ex
1247 953 1496 1008 persona
1525 937 1623 992 Dei
1656 937 1928 992 Michaaas
1951 953 2086 1007 pro-

445 1027 620 1100 pheta
663 1026 954 1092 meminit,
1007 1027 1248 1080 dicens:
1298 1027 1540 1098 Populus
1589 1042 1759 1092 meus,
1795 1032 2084 1089 memento,

445 1130 647 1188 quaeso,
680 1115 811 1186 quid
837 1117 1157 1183 cogitaverit
1177 1114 1400 1180 Balach,
1423 1131 1525 1171 rex
1551 1115 1723 1181 Moab,
1754 1118 1802 1170 et
1835 1113 1964 1186 quid
1995 1131 2085 1169 re-

445 1203 725 1276 sponderit
743 1203 973 1258 Balaam
1002 1203 1151 1272 filius
1182 1205 1319 1259 Beor
1345 1203 1410 1258 de
1440 1203 1634 1259 Settim
1668 1219 1845 1275 usque
1873 1203 1943 1257 ad
1964 1201 2088 1257 Gat-

445 1291 840 1366 gatam(Mich.
899 1309 975 1358 v1,
1032 1292 1108 1362 5).
1170 1291 1274 1347 Pro
1331 1309 1444 1363 quo
1476 1297 1534 1348 et
1588 1291 1670 1346 ibi
1709 1291 2089 1364 Septuaginta

444 1379 892 1446 transtulerunt,
924 1379 1028 1432 ἀπὸ
1056 1383 1162 1432 τῶν
1195 1378 1454 1454 σχοίνων,
1483 1381 1592 1436 hoc
1612 1385 1721 1452 est,
1755 1399 1789 1436 a
1816 1380 2086 1452 funiculis

445 1484 614 1540 usque
641 1468 710 1522 ad
738 1469 1042 1538 Galgalam.
1078 1473 1224 1540 Ergo
1277 1469 1604 1542 egredietur
1632 1471 1762 1526 fons
1812 1471 1882 1524 de
1913 1469 2086 1524 domo

447 1557 699 1623 Domini,
729 1573 856 1628 quae
886 1556 1302 1628 interpretatur
1325 1557 1598 1614 Ecclesia.
1629 1559 1708 1616 De
1729 1575 1845 1631 quo
1875 1563 1931 1613 et
1951 1558 2087 1612 Eze-

447 1643 593 1700 chiel
621 1649 677 1699 et
706 1645 1013 1700 Zacharias
1045 1650 1270 1716 ponunt
1299 1646 1359 1700 in
1402 1647 1514 1702 fine
1543 1645 1908 1702 voluminum
1952 1661 2087 1701 suo-

444 1749 578 1789 rum
610 1733 821 1804 (Ezech.
855 1751 1025 1801 XLVII,
1057 1735 1218 1798 Zach,
1250 1735 1394 1806 xm),
1428 1740 1494 1790 ut
1542 1735 1743 1806 spinas
1771 1739 2003 1790 nostras
2033 1737 2090 1788 et

442 1821 583 1876 vitia
611 1828 783 1892 atque
830 1827 1086 1894 peccata,
1129 1840 1254 1894 quae
1301 1822 1524 1878 nullam
1557 1823 1780 1896 frugem
1832 1823 2089 1878 habuere

431 1909 700 1982 justitizs,
732 1915 1096 1966 commutent
1129 1910 1187 1965 in
1239 1911 1466 1966 Domini
1523 1911 1770 1978 novalia,
1803 1916 1862 1967 et
1908 1910 2087 1966 aridi-

440 2002 620 2056 tatem
645 2005 904 2056 nostram
923 1999 1676 2072 rigentaquislargissimis,
1701 2005 1874 2074 etpro
1897 1999 2085 2071 spinis

350 2097 354 2101 ‘
443 2104 510 2143 ac
557 2088 851 2160 vepribus,
886 2087 1056 2143 ﬂores
1089 2087 1369 2142 virtutum
1413 2088 1769 2161 multiplices
1802 2089 2089 2160 germine-
2125 2081 2146 2109 λ

447 2193 601 2234 mus.
633 2177 703 2233 Et
753 2177 909 2232 ineo
960 2176 1106 2246 loco,
1154 2177 1254 2232 ubi
1286 2179 1580 2248 quondam
1632 2177 1950 2233 fornicatus
1999 2180 2088 2232 est

447 2264 649 2334 Israel,
681 2270 740 2322 et
766 2266 1030 2321 initiatus
1060 2269 1149 2321 est
1179 2264 1554 2337 Beelphegor,
1578 2264 1701 2321 lilia
1721 2265 2008 2321 castitatis
2031 2268 2088 2320 et

447 2371 591 2412 rosae
622 2355 864 2426 pudoris
893 2371 959 2410 ac
990 2354 1342 2426 virginitatis
1371 2355 1710 2410 exuberent.

518 2443 703 2514 (Vers.
737 2443 854 2512 49.)
897 2445 1170 2517 Aigyptus
1221 2445 1281 2498 in
1309 2443 1640 2499 desolatione
1685 2443 1880 2516 [Vulg.
1939 2443 2087 2498 deso-

451 2532 735 2604 lationem]
765 2534 888 2599 erit,
920 2537 971 2588 et
1026 2532 1268 2590 Idumsea
1316 2535 1376 2587 in
1422 2532 1693 2588 desertum
1735 2533 2084 2604 perditionis,

442 2638 548 2694 pro
583 2638 651 2677 eo
681 2621 822 2693 quod
871 2624 1064 2694 inique
1091 2631 1320 2692 egerunt
1365 2621 1557 2694 [Vulg.
1580 2624 1814 2693 egerint]
1855 2624 1913 2677 in
1942 2623 2086 2691 ﬁlios

445 2711 604 2777 Iuda,
636 2719 688 2767 et
706 2711 1016 2782 eﬂuderunt
1035 2710 1053 2784 [
1062 2710 1230 2782 Vulg.
1253 2711 1566 2784 effuderint]
1582 2713 1912 2780 sanguinem
1933 2712 2087 2765 inno-

445 2802 653 2855 centem
676 2801 736 2854 in
763 2803 911 2854 terra
938 2800 1244 2854 sua.LXX:
1275 2801 1538 2870 XEgyptus
1563 2802 1623 2854 in
1638 2800 1940 2870 perditione
1958 2799 2083 2866 erit,

442 2891 494 2944 et
522 2887 766 2942 Idumam
787 2887 847 2940 in
866 2903 1120 2958 campum
1138 2887 1508 2954 desolationis,
1526 2897 1748 2959 propter
1764 2888 2086 2958 iniquitates

444 2974 705 3045 ﬁliorum
753 2974 920 3042 Juda,
969 2990 1071 3046 pro
1121 2991 1182 3030 eo
1232 2974 1373 3046 quod
1401 2975 1712 3046 effuderunt
1755 2977 2085 3048 sanguinem

444 3063 654 3132 iustum
678 3064 739 3118 in
771 3071 1048 3119 terrasua.
1082 3068 1149 3118 Et
1178 3063 1236 3117 in
1269 3062 1716 3118 hoclocoJudsei
1737 3063 2083 3136 gravissimo

445 3167 652 3208 somno
683 3151 1021 3206 dormiunt:
1059 3151 1116 3205 in
1147 3150 1353 3207 ultimo
1380 3156 1658 3222 tempore,
1692 3153 1925 3224 quando
1966 3168 2082 3206 non

2195 579 2311 635 Nos
2343 585 2540 636 autem
2573 581 2838 637 dicamus
2884 586 3144 654 tempore
3186 582 3485 639 Dominice
3532 599 3760 640 resurrec-

2192 668 2394 735 tionis,
2426 667 2510 724 vel
2543 669 2859 741 diejudicii
2881 671 3221 742 (utrumque
3252 671 3402 726 enim
3417 670 3761 743 recipimus)et

2194 758 2502 829 Egyptum
2551 763 2608 814 et
2656 759 2993 830 Idumaeam,
3044 760 3104 814 in
3145 776 3209 814 eo
3251 760 3402 831 quod
3453 759 3692 832 Egyptus
3724 766 3765 816 et

2193 846 2450 901 Idumaea
2479 851 2637 913 sunt,
2677 847 3085 902 destruendus.
3138 851 3416 920 Egyptus
3445 848 3639 902 dicitur
3667 863 3763 904 uss-

2195 951 2338 990 RAIM
2369 935 2796 1007 (mmequod
2829 935 3242 1008 interpretatur
3269 929 3594 1006 ἐκθλίϐουσα,
3620 935 3669 990 id
3688 940 3764 1001 est,

2195 1029 2429 1078 sanctos
2460 1024 2558 1079 Dei
2587 1041 2911 1098 persequens
2943 1029 3001 1078 et
3044 1024 3353 1080 tribulans:
3404 1025 3652 1090 Idumaaa,
3692 1027 3768 1078 ter-

2190 1128 2347 1178 rena,
2381 1112 2467 1168 vel
2505 1117 2753 1168 cruenta.
2787 1112 3150 1185 Quicumque
3198 1112 3377 1186 igitur
3405 1112 3499 1167 Dei
3543 1110 3767 1184 populum

2194 1207 2534 1274 persecutus
2566 1205 2672 1269 est,
2707 1207 2764 1257 et
2807 1201 3055 1257 terrenis
3102 1201 3385 1257 vacaverit
3423 1200 3688 1272 operibus,
3725 1216 3771 1254 ac

2195 1290 2579 1347 multitudine
2612 1290 2954 1346 delictorum
2972 1290 3230 1362 quotidie
3259 1289 3470 1344 fuderit
3484 1288 3772 1361 sanguinem

2193 1378 2587 1444 innocentem,
2618 1395 2819 1434 eorum
2873 1378 3114 1445 scilicet,
3166 1394 3316 1450 quos
3343 1377 3550 1448 decipit
3593 1377 3775 1448 (Διάθ-

2195 1468 2452 1539 ceperit),
2507 1467 2617 1522 erit
2665 1467 2723 1521 in
2773 1466 3182 1538 perditionem,
3245 1470 3310 1521 ut
3338 1464 3556 1520 animas
3591 1479 3774 1536 quoque

2197 1563 2522 1628 martyrum
2542 1556 2651 1611 sub
2670 1555 2838 1610 altari
2854 1555 3108 1610 clamare
3125 1553 3774 1627 cognovimuszUsquequo,

2195 1646 2420 1701 Domine
2441 1653 2664 1701 sanctus
2694 1648 2746 1700 et
2775 1660 2958 1711 verus,
2978 1660 3088 1699 non
3109 1644 3333 1714 judicas
3361 1651 3412 1698 et
3439 1643 3658 1698 vindicas
3681 1657 3776 1696 san-

2195 1737 2420 1804 guinem
2447 1737 2697 1790 nostrum
2724 1733 2790 1790 de
2817 1735 2902 1789 his
2934 1735 3031 1806 qui
3075 1733 3328 1789 habitant
3356 1733 3416 1788 in
3465 1735 3604 1787 terra
3636 1731 3776 1802 (Apoc.

2197 1841 2275 1894 vx,
2305 1825 2392 1891 10)
2415 1823 2443 1878 ?

2267 1913 2454 1982 (Vers.
2484 1913 2555 1967 20
2583 1912 2772 1983 seqq.)
2802 1912 2866 1965 Et
2894 1910 3090 1966 Judza
3123 1913 3465 1968 inwternum
3482 1907 3776 1975 habitabitur,

2193 2005 2248 2056 et
2275 2001 2575 2056 Jerusalem
2607 2002 2664 2054 in
2695 2001 3044 2070 generatione
3062 2001 3113 2054 et
3135 2000 3560 2068 generationem:
3589 2000 3632 2052 et
3656 2012 3778 2049 mun-

2193 2089 2329 2144 dabo
2357 2091 2680 2159 sanguinem
2703 2104 2914 2156 eorum,
2938 2088 3014 2160 (a)
3045 2104 3178 2159 quos
3207 2104 3320 2144 non
3357 2087 3504 2144 218
3533 2084 3778 2141 mandave-

2193 2194 2335 2247 ram,
2369 2183 2422 2232 et
2452 2179 2712 2233 Dominus
2733 2177 3164 2233 commorabitur
3186 2179 3247 2232 in
3275 2178 3427 2232 Sion.
3455 2174 3582 2230 LXX
3600 2190 3617 2229 ι
3636 2172 3780 2229 Iudae

2194 2271 2379 2322 autem
2409 2268 2470 2321 in
2488 2270 2753 2322 aeternum
2763 2265 3120 2336 habitabitur,
3141 2269 3194 2321 et
3212 2265 3509 2322 Jerusalem
3532 2264 3584 2318 in
3601 2275 3777 2334 genera-

2195 2358 2342 2411 tione
2371 2359 2420 2410 et
2449 2357 2875 2426 generationem,
2895 2365 2946 2410 et
2965 2356 3254 2426 requiram
3282 2354 3595 2424 sanguinem
3614 2365 3775 2415 eorum,

2195 2445 2542 2517 inuttumque
2569 2461 2681 2500 esse
2710 2461 2820 2499 non
2844 2445 3046 2515 patiar,
3079 2445 3144 2498 Et
3187 2443 3456 2499 Dominus
3483 2440 3714 2496 habitabit
3735 2437 3776 2490 in

2191 2535 2346 2590 Sion.
2389 2533 2512 2588 Non
2543 2531 2746 2602 utique
2774 2531 2895 2586 haec
2915 2532 3113 2586 Judaaa
3142 2530 3205 2586 in
3237 2535 3512 2586 aeternum
3541 2524 3779 2583 habitabi-

2195 2625 2312 2687 tur,
2345 2637 2521 2692 quam
2553 2621 2820 2676 videmus
2841 2637 2969 2676 esse
2989 2621 3287 2676 desertam
3312 2635 3453 2676 :non
3474 2618 3578 2674 ista
3591 2615 3778 2673 Jerusa-

2193 2709 2332 2776 lem,
2364 2711 2534 2780 cujus
2568 2709 2770 2766 ruinas
2799 2709 3136 2764 cernimus:
3164 2709 3268 2765 sed
3299 2707 3401 2763 illa
3426 2708 3627 2770 Judaa,
3647 2703 3779 2773 cujus

2193 2799 2324 2855 ﬁlias
2358 2799 2792 2855 exsultaverunt
2820 2803 2878 2854 et
2907 2797 3108 2853 leetatae
3137 2801 3284 2853 sunt
3304 2798 3363 2852 in
3395 2794 3644 2852 omnibus
3661 2789 3779 2864 judi-

2193 2888 2300 2944 ciis
2331 2886 2578 2943 Domini.
2598 2888 2666 2942 Et
2695 2887 2766 2942 de
2787 2885 2975 2958 quain
2991 2887 3105 2942 fine
3127 2883 3586 2957 quinquagesimi
3610 2876 3773 2952 psalmi

2193 2976 2445 3050 legimus
2469 2992 2483 3030 :
2519 2977 2761 3044 Benigne
2790 2981 2896 3046 fac,
2921 2976 3170 3043 Domine,
3201 2977 3262 3030 in
3288 2974 3425 3030 bona
3446 2973 3691 3029 voluntate
3708 2975 3778 3022 tua

2191 3067 2343 3137 Sion,
2377 3073 2435 3120 ut
2459 3065 2810 3136 aediﬁcentur
2833 3065 2987 3119 muri
3011 3063 3348 3120 Jerusalem.
3380 3063 3443 3118 In
3472 3061 3571 3117 hac
3597 3055 3778 3131 provin-

2191 3154 2281 3209 cia
2311 3153 2696 3210 confessionis
2727 3157 2783 3208 et
2828 3151 3042 3224 glorise,
3076 3155 3134 3208 et
3179 3152 3241 3206 in
3291 3151 3400 3207 hac
3444 3150 3577 3206 urbe
3601 3149 3652 3202 in
3690 3157 3777 3216 qua

445 3238 768 3308 Christum,
803 3239 904 3294 sed
951 3238 1373 3294 Antichristum
1407 3241 1735 3312 suscepturi
1765 3245 1925 3308 sunt,
1956 3240 2082 3294 vin-
2116 3227 2158 3293 C
2197 3259 2309 3314 pax
2336 3241 2568 3298 Domini
2600 3240 2876 3312 cernitur,
2911 3241 3021 3296 erit
3048 3243 3270 3296 aeterna
3304 3239 3590 3303 habitatio,
3613 3251 3708 3290 non
3732 3231 3775 3284 in

435 3326 651 3384 dictam
684 3327 797 3398 sui,
833 3328 892 3382 in
929 3327 1220 3400 [Egyptios
1246 3327 1344 3399 qui
1387 3327 1558 3382 vicini
1590 3331 1747 3397 sunt,
1779 3333 1836 3384 et
1881 3328 1940 3383 in
1967 3328 2084 3384 Ro-

429 3432 634 3473 manos
661 3433 812 3488 quos
843 3415 1738 3488 interpretanturldumzsos,spe
1751 3417 2072 3474 vanissima

428 3505 848 3578 contingentes.
887 3509 961 3560 Ut
993 3503 1219 3560 scilicet
1239 3505 1530 3576 quomodo
1553 3505 1776 3562 Pharao
1797 3511 1853 3561 et
1880 3505 2071 3562 omnis

427 3595 556 3666 ejus
596 3593 906 3659 exercitus,
957 3593 1058 3665 qui
1091 3610 1194 3666 per
1247 3593 1671 3666 quadragintos
1719 3600 1777 3650 et
1831 3595 2073 3667 triginta

428 3699 614 3739 annos
647 3683 934 3756 populum
966 3682 1068 3738 Dei
1099 3682 1390 3754 captivum
1414 3682 1620 3752 tenuit,
1649 3683 1706 3738 in
1739 3683 1887 3739 mari
1917 3685 2065 3740 21⁸1

431 3772 629 3828 Rubro
661 3773 1008 3828 submersus
1029 3776 1150 3826 est:
1184 3770 1264 3826 sic
1278 3770 1456 3826 etiam
1481 3771 1725 3828 Romani
1749 3772 1847 3845 qui
1869 3774 2072 3828 eodem

428 3877 717 3918 annorum
751 3861 940 3932 spatio
987 3861 1222 3916 Judaeos
1270 3861 1597 3932 possessuri
1647 3866 1804 3927 sunt,
1850 3861 2072 3918 ultione

433 3949 656 4005 Domini
683 3948 1007 4004 deleantur.
1033 3946 1362 4020 Hocillispe
1383 3948 1493 4004 sibi
1515 3965 1682 4005 cassa
1704 3950 2068 4020 promittant.

429 4037 629 4108 Neque
661 4036 819 4092 enim
851 4041 1101 4108 possunt
1155 4053 1440 4107 exponere
1471 4053 1651 4108 quare
1680 4053 1814 4092 cum
1846 4038 1904 4092 in
1933 4039 2071 4094 orbe

428 4127 603 4181 tanta
663 4124 780 4180 sint
836 4124 1123 4192 nationes,
1181 4125 1308 4179 duas
1341 4124 1532 4180 solum
1589 4129 1814 4198 gentes,
1861 4127 2070 4200 Egyp-

429 4211 649 4268 tiorum
681 4216 739 4267 et
770 4212 1156 4267 Idumasorum
1187 4217 1533 4283 expetantur
1563 4215 1634 4269 ad
1671 4231 1930 4286 pmnam;
1973 4219 2074 4272 aut

431 4316 536 4356 cur
565 4317 668 4373 pro
696 4299 966 4355 Idumaeis
989 4298 1396 4372 intelligantur
1421 4301 1688 4374 Romani,
1711 4319 1845 4359 cum
1868 4305 2070 4360 eadem

429 4386 665 4445 licentia
694 4387 1013 4444 mentiendi
1035 4405 1066 4443 e
1086 4389 1312 4444 diverso
1335 4389 1635 4461 possimus
1655 4408 1935 4460 asserere,
1959 4394 2071 4448 sub

2184 3347 2384 3397 unam,
2421 3330 2506 3386 vel
2541 3331 2600 3385 in
2633 3335 2774 3400 tres,
2807 3334 2908 3386 aut
2938 3329 3138 3402 plures
3191 3328 3600 3402 generationes,
3625 3321 3707 3379 sed
3728 3319 3771 3374 in

2181 3419 2557 3492 generatione
2588 3423 2646 3474 et
2656 3420 3118 3492 generationem,
3134 3417 3252 3474 hoc
3274 3423 3383 3489 est,
3400 3417 3457 3473 in
3480 3414 3678 3472 duabus
3695 3424 3767 3481 ge.

2182 3509 2584 3564 nerationibus
2617 3523 2842 3573 eorum,
2875 3507 2977 3578 qui
3009 3507 3082 3561 de
3117 3506 3344 3563 Judazis
3375 3510 3430 3562 et
3457 3504 3523 3559 de
3547 3498 3767 3575 gentibus

2182 3597 2573 3653 crediderunt.
2600 3597 2667 3652 Et
2697 3594 3312 3652 mundabitDominus
3343 3593 3653 3666 sanguinem
3671 3600 3771 3640 om-

2182 3685 2347 3742 nium
2380 3690 2775 3759 peccatorum,
2810 3701 2987 3756 quem
3012 3684 3180 3756 prius
3213 3701 3330 3740 non
3353 3674 3765 3738 mundaverat,ut

2182 3776 2428 3832 mundet
2459 3775 2517 3830 in
2551 3773 2882 3846 Evangelio,
2917 3789 3064 3844 quos
3096 3771 3158 3828 in
3196 3774 3350 3845 Lege
3381 3771 3646 3846 peccantes
3677 3761 3769 3816 im~

2180 3865 2433 3920 mundos
2466 3863 2798 3935 reliquerat.
2835 3862 2966 3918 Ideo
2999 3861 3157 3917 enim
3183 3853 3653 3918 conclusitomnia
3682 3847 3769 3904 sub

2181 3958 2438 4026 peccato,
2472 3957 2536 4008 ut
2568 3952 2844 4008 omnibus
2875 3949 3230 4006 misereatur
3258 3953 3435 4023 (Rom.
3450 3951 3560 4016 x1);
3600 3935 3776 4000 sivenl-

2181 4041 2430 4098 ciscetur
2442 4057 2740 4096 servorum
2756 4055 2998 4094 suorum
3020 4040 3398 4111 sanguinem,
3419 4051 3578 4110 quem
3591 4033 3640 4087 in
3653 4042 3774 4084 mar-

2179 4129 2326 4200 tyrio
2359 4146 2460 4200 pro
2488 4129 2744 4184 nominis
2770 4130 2896 4198 ejus
2918 4128 3292 4185 confessione
3316 4127 3596 4184 fuderunt.
3614 4121 3670 4176 Et
3688 4116 3773 4172 Do-

2181 4220 2382 4276 minus
2415 4217 2876 4274 commorabitur
2903 4216 2962 4271 in
2997 4216 3156 4287 Sion,
3183 4217 3257 4272 de
3281 4233 3400 4288 qua
3418 4213 3672 4283 scriptum
3685 4207 3773 4260 est:

2179 4309 2555 4364 Fundamenta
2579 4307 2695 4376 ejus
2724 4308 2786 4361 in
2813 4305 3090 4361 montibus
3128 4308 3341 4362 sanctis
3373 4321 3393 4360 :
3439 4301 3612 4373 diligit
3637 4291 3778 4350 Domi-

2177 4415 2282 4454 nus
2326 4399 2511 4468 portas
2572 4395 2722 4460 Sion,
2792 4409 2957 4465 super
2997 4395 3186 4450 omnia
3252 4390 3598 4450 tabernacula
3655 4378 3779 4441 Iacob

431 4478 822 4535 Idumasorum
853 4476 1132 4534 vocabulo
1164 4476 1249 4533 vel
1280 4476 1507 4550 Persas,
1541 4478 1628 4536 vel
1660 4479 1961 4550 Elamitas,
1987 4482 2074 4538 vel
2107 4479 2152 4542 D
2181 4489 2298 4556 (Ps.
2335 4501 2527 4553 vam,
2558 4483 2636 4553 l).

437 4672 488 4712 c.
523 4656 590 4729 t2
616 4700 630 4724 ,
674 4654 1144 4729 Theophrastum
1166 4672 1416 4729 quoque
1447 4657 1594 4713 Hist.
1627 4658 1815 4729 Plant,
1850 4659 1958 4718 lib.
1998 4678 2076 4729 ιν,

436 4743 487 4805 ς.
528 4728 601 4805 ‘3.
637 4727 760 4805 _ubi
813 4725 1037 4805 bixgytiov
1098 4725 1363 4805 arborem
1413 4745 1542 4785 esse
1597 4725 1809 4797 tradit,
1849 4749 1916 4787 ex
1964 4725 2081 4805 qua

436 4793 842 4867 ,δωδεκάπηχυς
873 4795 1002 4867 ὕλη,
1037 4798 1297 4865 caeditur,
1330 4805 1440 4854 etc.

505 4873 585 4942 (a)
605 4871 691 4946 Ad
704 4869 1010 4946 vulgatam
1042 4870 1612 4946 editioniVictorigs,
1628 4889 1788 4946 quem
1811 4891 1824 4946 ς
1847 4875 2080 4946 probat-

435 4941 550 5013 que
581 4956 650 4998 ex
679 4941 804 5014 ipso
834 4941 1184 5014 Hieronymo
1203 4941 1449 4998 inferius
1475 4958 1486 4997 :
1511 4943 1574 4996 Et
1597 4941 2081 5002 mundabitDomi-

2186 4681 2293 4720 nus
2321 4663 2648 4738 s_anguinegn
2675 4661 2924 4716 omnium
2949 4661 3521 4738 peccatorum,_oum
3535 4653 3677 4738 prius
3699 4658 3782 4738 non

2186 4705 3396 4810 RUnZZEZEZVMOEEGcIéhEfﬁéﬁ'ééﬁiitf
3403 4705 3585 4810 ᾖῖὸξιίῖέ
3595 4705 3782 4810 iw

2188 4809 2337 4862 tione
2363 4809 2414 4861 et
2439 4800 3150 4876 generationem,_reponit,
3183 4800 3632 4876 ingenerationes
3654 4800 3781 4862 gene-

2191 4872 2661 4944 rationumjuxta
2683 4872 3079 4941 Graecumﬁ’u;
3110 4872 3302 4948 γενεάξ
3332 4873 3546 4947 γενεῶν.
