3964 6184
176 250 277 312 993

1013 244 1765 312 COMMENTARIORUM
1805 246 1884 308 IN
1928 244 2140 308 AMOS
2186 245 2335 309 LIB.
2377 244 2425 306 Ι.
2473 246 2648 347 C’AP.
2692 246 2742 308 Ι.

3439 253 3557 319 994

171 385 459 455 pastorum,
491 384 545 437 et
570 382 872 437 exsiccem
898 383 974 437 est
1002 388 1187 436 vertex
1216 380 1474 436 Carmeli.
1521 381 1660 436 LXX
1684 399 1702 434 :
1733 381 1797 435 Et
1827 382 1879 447 Α
1912 394 2060 450 quos
2086 377 3558 452 imminentecaptivitate,instarmontiumdeserto-

174 472 245 526 ait
262 488 281 525 :
313 471 581 528 Dominus
607 468 673 527 de
701 470 833 526 Sion
861 469 1055 542 effatus
1080 478 1178 535 est,
1211 473 1263 524 et
1291 469 1357 525 de
1378 471 1683 526 Jerusalem
1711 469 1802 524 de-

169 558 248 615 dit
273 575 449 616 vocem
475 576 655 630 suam,
688 566 740 615 et
770 560 1035 615 luxerunt
1059 575 1266 631 pascua
1278 565 1582 630 pastorum,
1603 562 1654 614 et
1683 575 1804 613 are-

168 650 344 719 factus
374 656 453 704 est
478 653 668 705 vertex
699 644 954 704 Carmeli.
970 647 1242 704 Naturale
1273 652 1452 714 est,ut
1479 665 1683 704 omnes
1715 664 1804 703 ar-

170 738 349 793 tifices
381 755 499 793 suae
530 737 673 793 artis
700 737 1018 809 loquantur
1046 736 1345 808 exemplis,
1378 743 1434 792 et
1480 736 1805 807 unusquis-

170 843 274 899 que
302 827 360 881 in
393 843 509 898 quo
540 827 734 882 studio
752 827 909 881 trivit
930 825 1347 897 mtatemﬁllius
1361 826 1805 881 similitudinem

167 915 412 989 proferat
442 915 599 971 verbi
629 915 835 988 gratia,
870 915 971 988 qui
1004 920 1184 971 nauta
1211 920 1301 971 est
1330 919 1386 970 et
1432 916 1805 988 gubernator,

165 1004 457 1061 tristitiam
481 1021 649 1061 suam
663 1009 963 1077 comparat
973 1004 1303 1076 tempestati
1319 1022 1331 1072 ;
1349 1004 1481 1058 dam
1492 1022 1523 1057 n
1534 1019 1807 1074 um,nau-

163 1093 412 1167 fragium
431 1097 626 1161 vocat;
657 1094 930 1149 inimicos
960 1110 1120 1161 suos,
1138 1100 1341 1148 ventos
1363 1093 1685 1148 contrarios
1708 1108 1808 1164 ap—

161 1181 353 1256 pellat.
388 1182 645 1238 Rursum
706 1182 1150 1255 prosperitatem
1202 1186 1259 1237 et
1289 1181 1570 1253 laetitiam,
1604 1196 1807 1236 auram

161 1271 618 1344 placidissimam
650 1275 708 1328 et
738 1272 1026 1327 secundos
1058 1271 1326 1326 nominat
1362 1277 1568 1326 ventos
1600 1288 1613 1338 ;
1648 1274 1811 1324 tran-

162 1357 341 1431 quilla
372 1359 559 1413 maria
576 1363 634 1414 et
662 1358 1112 1431 aaquora,campi
1128 1357 1366 1414 similia.
1400 1360 1442 1413 E
1460 1358 1693 1429 regione
1708 1355 1812 1411 mi-

160 1448 242 1503 les
271 1446 560 1518 quidquid
590 1447 819 1517 dixerit,
855 1452 1114 1514 scutum,
1138 1445 1812 1518 gladium,loricam,ga—

160 1536 330 1602 leam,
359 1535 644 1605 lanceam,
678 1551 901 1603 arcum,
935 1535 1230 1607 sagittam,
1268 1539 1514 1590 mortem
1572 1532 1809 1598 vulnus,

160 1632 213 1680 et
240 1624 545 1679 victoriam
577 1628 763 1679 sonat.
799 1623 861 1678 In
917 1640 1015 1679 ore
1061 1622 1544 1695 philosophorum
1578 1637 1811 1693 semper

161 1712 428 1809 Socrates
458 1715 516 1809 et
546 1711 741 1809 Plato,
767 1711 1086 1783 Xenophon
1119 1716 1177 1767 et
1195 1710 1807 1809 Theophrastuszneno
1844 1745 1889 1809 Β

161 1806 215 1857 et
235 1800 596 1869 Aristoteles,
628 1800 798 1855 Stoici
830 1804 1137 1856 versantur
1164 1804 1223 1855 et
1252 1798 1636 1870 Peripatetici.
1672 1798 1810 1853 Ora-

158 1894 311 1946 tores
344 1889 573 1962 Lysiam
606 1895 664 1945 et
693 1888 1348 1963 Hyperidem,Periclem
1381 1894 1438 1943 et
1468 1887 1814 1943 Demosthe-

163 1995 318 2044 nem,
344 1978 656 2049 Gracchos,
689 1977 956 2045 Catones,
986 1976 1227 2044 Tullios,
1275 1981 1332 2032 et
1382 1977 1724 2032 Hortensios
1754 1976 1811 2029 in

163 2065 372 2123 omlum
403 2066 679 2122 laudibus
710 2067 921 2123 ferunt.
957 2070 1160 2136 Poetae,
1194 2065 1244 2120 si
1267 2065 1413 2137 epici
1447 2066 1817 2132 sunt,llome-

165 2173 295 2212 rum
326 2160 504 2227 atque
526 2154 837 2228 Virgilium
864 2172 877 2224 ;
911 2156 959 2210 si
990 2154 1175 2226 lyrici,
1199 2154 1509 2210 Pindarum
1564 2158 1620 2208 et
1660 2152 1811 2209 225

165 2243 435 2299 Flaccum
463 2243 664 2323 crebro
716 2258 986 2299 sermone
1040 2242 1468 2299 concelebrant.
1528 2241 1644 2297 Cur
1696 2241 1817 2296 haec

165 2332 325 2388 dicta
353 2330 537 2387 sunt?
565 2336 632 2388 ut
686 2331 909 2388 scilicet
963 2332 1345 2387 ostendamus
1400 2331 1575 2386 etiam
1635 2334 1817 2385 Amos

161 2419 640 2493 prophetam,qui
673 2425 875 2493 pastor
902 2421 973 2477 de
1005 2419 1339 2493 pastoribus
1370 2419 1500 2484 fuit,
1533 2424 1589 2474 et
1620 2422 1819 2490 pastor

168 2526 284 2565 non
319 2508 380 2564 in
414 2509 557 2565 locis
595 2508 769 2564 cultis
800 2514 857 2564 et
888 2508 1194 2564 arboribus
1226 2525 1291 2563 ac
1319 2507 1505 2563 vineis
1550 2507 1816 2573 concitis,

164 2603 265 2654 aut
293 2600 451 2653 certe
480 2597 631 2654 inter
660 2596 837 2653 silvas
867 2601 924 2653 et
950 2601 1119 2669 prata
1147 2596 1414 2667 virentia,
1448 2597 1549 2652 sed
1599 2596 1657 2650 in
1700 2595 1819 2651 lata

160 2686 342 2743 eremi
373 2686 665 2754 vastitate,
702 2687 757 2741 in
790 2703 905 2758 qua
961 2691 1228 2743 versatur
1266 2686 1502 2743 leonum
1533 2686 1733 2741 feritas
1762 2689 1820 2740 et

160 2775 493 2832 interfectio
525 2775 971 2847 pecorum,artis
1003 2791 1120 2831 suae
1152 2792 1328 2831 usum
1359 2792 1487 2831 esse
1533 2774 1817 2830 sermoni-

162 2864 376 2930 bus,ut
393 2880 591 2919 vocem
623 2863 857 2919 Domini
884 2863 1203 2919 terribilem
1228 2868 1402 2936 atque
1421 2863 1816 2930 metuendam,

156 2951 424 3024 rugitum
443 2950 676 3008 leonum
700 2958 755 3008 et
777 2953 1073 3008 fremitum
1098 2950 1818 3007 nominaret.Eversionem

162 3041 623 3097 Israeliticarum
648 3040 905 3112 urbium,
923 3046 1223 3113 pastorum
1246 3040 1545 3096 solitudini
1571 3040 1676 3112 [AL
1700 3038 1815 3095 sol-

1913 467 2199 522 rumdicit
2230 484 2357 524 esse
2380 469 2711 525 vastandos.
2745 468 2961 525 Aliter:
2995 470 3139 526 Cum
3170 472 3454 531 Dominus
3483 477 3557 534 de

1915 556 2053 612 Sion
2072 562 2127 611 et
2144 557 2491 620 Jerusalem,
2524 558 2596 613 de
2625 558 2864 629 specula
2895 559 3182 635 Ecclesiae,
3217 579 3343 634 quas
3380 582 3559 637 super

1916 650 2170 700 montem
2206 644 2318 700 sita
2347 645 2525 701 latere
2557 664 2670 701 non
2693 652 2904 719 potest,
2934 650 3066 703 etin
3088 666 3203 721 qua
3225 651 3370 708 visio
3397 653 3557 725 pacis

1915 739 2021 801 est,
2058 734 2279 789 dederit
2310 751 2412 806 per
2438 740 2602 790 vetus
2633 740 2690 789 et
2737 752 2946 791 novum
2984 741 3469 813 Instrumentum,
3502 747 3561 799 et

1917 839 2018 894 per
2046 822 2312 876 doctores
2344 822 2777 879 Ecclesiasticos
2808 840 3006 879 vocem
3039 843 3233 895 suam,
3291 832 3348 883 et
3389 830 3560 902 quasi

1918 909 2075 965 clara
2104 910 2351 965 buccina
2381 910 2880 972 insonuerit,tunc
2903 914 3056 970 226
3078 915 3277 972 omnia
3296 919 3560 989 speciosa

1919 998 2304 1071 pastorum,id
2338 998 2716 1063 est,doctrina
2739 1000 3298 1076 haereticorum,quae
3320 1005 3560 1077 pulchro

1919 1087 2223 1142 videbatur
2246 1103 2515 1142 sermone
2538 1089 2942 1160 composita,et
2972 1091 3223 1163 cognitio
3256 1093 3562 1151 circumci-

1919 1172 2101 1228 sionis
2131 1172 2263 1245 (hoc
2289 1173 2445 1228 enim
2479 1174 2894 1246 interpretatur
2922 1194 3191 1234 CHERMEL
3220 1165 3419 1254 [hmo]
3460 1200 3565 1255 per

1919 1278 2095 1331 quam
2128 1262 2238 1316 sibi
2271 1278 2414 1317 verae
2444 1263 2910 1321 circumcisionis
2943 1267 3248 1324 scientiam
3282 1270 3564 1342 pollicen-

1920 1355 2034 1418 tur,
2066 1350 2289 1423 lugebit
2318 1356 2494 1423 atque
2525 1352 2860 1423 siccabitur,
2897 1359 2952 1410 et
2976 1356 3323 1428 populorum
3357 1359 3563 1432 millia,

1919 1455 2046 1510 quae
2088 1447 2322 1511 propter
2351 1439 2787 1512 simplicitatem
2817 1448 3099 1499 vocantur
3126 1448 3567 1519 greges,subita

1921 1528 2190 1583 ariditate
2223 1534 2602 1584 marcescant.

1991 1617 2177 1689 (Vers.
2210 1618 2288 1684 3.)
2322 1622 2456 1674 limo
2483 1620 2619 1673 dicit
2659 1620 2946 1676 Dominus.-
2985 1621 3164 1694 Super
3194 1625 3367 1681 tribus
3395 1626 3563 1683 scele-

1922 1705 2071 1760 ribus
2100 1708 2379 1773 Damasci,
2413 1715 2462 1761 et
2490 1723 2652 1778 super
2678 1718 2913 1778 quatuor
2941 1727 3048 1766 non
3080 1724 3389 1770 convertam
3416 1732 3562 1785 eum,

1922 1809 1982 1849 eo
1995 1793 2132 1863 quod
2149 1795 2533 1849 trituraverint
2555 1797 2611 1849 in
2635 1796 2897 1865 plaustris
2915 1798 3112 1868 ferreis
3131 1800 3353 1856 Galaad.
3388 1802 3527 1858 LXX
3545 1820 3565 1859 :

1923 1883 1985 1937 Et
2014 1882 2159 1937 dixit
2186 1883 2476 1939 Dominus:
2502 1883 2674 1955 Super
2703 1887 2882 1939 tribus
2911 1887 3282 1957 impietatibus
3316 1892 3569 1947 Damasci

1922 1975 1970 2025 et
1991 1987 2152 2042 super
2171 1980 2404 2043 quatuor
2429 1988 2539 2026 non
2569 1973 2862 2029 aversabor
2890 1990 2979 2029 eos
3004 1976 3115 2047 [ΑΙ.
3148 1983 3311 2046 eum],
3376 1995 3477 2050 pro
3506 1994 3565 2036 eo

1924 2059 2063 2131 quod
2092 2062 2380 2114 secuerunt
2408 2062 2574 2115 serris
2602 2060 2803 2134 ferreis
2826 2068 3184 2135 praegnantes
3235 2068 3293 2120 in
3335 2066 3567 2123 Galaad.

1926 2152 2036 2202 Pro
2102 2149 2349 2213 tribulis,
2417 2165 2543 2220 quae
2609 2149 2885 2206 Heliraiee
2950 2153 3323 2225 appellantur
3349 2172 3570 2212 anso'rn

1893 2237 1904 2246 ’
1927 2237 2287 2308 (11131.1),eta
2308 2236 2703 2294 Theodotione
2725 2240 3020 2296 translate
3044 2247 3182 2298 sunt
3200 2253 3330 2299 rotm
3349 2247 3568 2315 ferrem,

1927 2341 2053 2398 qum
2085 2343 2193 2381 nos
2223 2325 2471 2397 plaustra
2498 2329 2678 2397 ferrea
2708 2328 3070 2401 interpretati
3094 2333 3575 2405 sumus,Septua-

1925 2413 2090 2486 ginta
2123 2413 2573 2485 transtulerunt,
2605 2418 2775 2471 serris
2793 2419 3011 2489 ferreis.
3036 2419 3140 2475 Est
3165 2425 3357 2476 autem
3384 2438 3572 2494 genus

1928 2501 2197 2573 plaustri,
2229 2503 2382 2574 quod
2418 2504 2556 2560 rotis
2588 2505 2786 2561 subter
2842 2506 3043 2562 ferreis
3100 2512 3274 2579 atque
3314 2509 3567 2567 dentatis

1926 2589 2195 2657 volvitur,
2229 2597 2312 2661 ut,
2345 2592 2604 2648 excussis
2638 2593 2968 2662 frumentis,
2998 2596 3271 2667 stipulam
3327 2597 3387 2653 in
3419 2598 3568 2655 areis

1925 2684 2207 2750 conterat,
2239 2685 2296 2735 et
2324 2680 2383 2734 in
2407 2680 2567 2736 cibos
2575 2682 2982 2752 jumentorum
3006 2690 3241 2756 propter
3256 2686 3374 2741 feni
3400 2674 3568 2742 sterila

1927 2768 2147 2825 litatem
2172 2768 2369 2841 paleas
2400 2771 2780 2827 comminuat.
2811 2772 3065 2828 Rursum
3089 2773 3186 2828 ubi
3211 2775 3268 2828 in
3289 2774 3569 2832 Hebraico

1927 2858 2177 2914 habetur
2205 2864 2591 2927 samoaomv
2631 2860 2740 2948 τι),
2805 2865 2861 2916 et
2926 2878 3109 2916 unum
3179 2879 3391 2919 nomen
3458 2868 3570 2937 est,

1928 2947 2311 3019 Septuaginta
2344 2947 2703 3019 interpretati
2771 2954 2929 3021 sunt,
2997 2952 3105 3021 ﬁlii
3163 2950 3322 3017 Ader,
3354 2969 3483 3008 nas-
3517 2957 3574 3009 et

1930 3053 2141 3092 DALETH
2157 3036 2579 3092 elementorum
2596 3036 2725 3092 falsi
2749 3037 3156 3095 similitudine.
3175 3040 3235 3094 In
3257 3056 3323 3096 eo
3338 3057 3573 3113 quoque

158 3129 483 3202 licitudini]
513 3134 570 3185 et
597 3130 854 3186 ariditati
890 3103 1176 3185 montium
1209 3103 1591 3201 comparansi
1629 3130 1811 3183 Domi-
1846 3103 1888 3168 C
1924 3124 2048 3181 loco
2090 3125 2188 3181 ubi
2230 3144 2337 3181 nos
2376 3126 2654 3191 diximus,
2694 3124 2759 3181 de
2811 3126 2966 3184 domo
3031 3103 3373 3200 voluptatis;
3408 3103 3565 3202 quod

155 3236 289 3285 nus,
324 3219 538 3291 inquit,
571 3219 635 3274 de
665 3218 797 3274 Sion
825 3220 1023 3290 rugiet,
1050 3223 1103 3274 et
1129 3219 1197 3275 de
1224 3220 1524 3274 Jerusalem
1546 3219 1701 3274 dabit
1730 3234 1814 3274 vo-

154 3325 276 3365 cem
303 3324 487 3364 suam.
520 3308 598 3381 (a)
631 3309 824 3377 Rugiet
853 3308 1126 3364 llebraice
1153 3306 1368 3362 dicitur
1394 3323 1565 3363 ,τεεΑο
1592 3311 1810 3376 (navit):

155 3397 537 3468 Pulchreque
566 3398 638 3452 de
666 3396 801 3451 Sion
834 3397 1041 3469 rugiet,
1074 3400 1131 3452 et
1178 3396 1250 3452 de
1295 3395 1621 3452 Jerusalem
1653 3396 1815 3451 dabit

154 3503 365 3543 vocem
399 3502 590 3551 suam,
624 3484 722 3540 ubi
756 3489 879 3541 erat
935 3483 1219 3557 templum
1277 3487 1334 3540 et
1373 3483 1473 3540 Dei
1498 3484 1719 3557 religio,
1752 3489 1817 3539 ut

153 3575 408 3642 diceret,
444 3579 625 3630 Deum
655 3590 769 3629 non
800 3573 860 3629 in
893 3573 1070 3630 Israel
1095 3574 1361 3639 urbibus,
1388 3574 1444 3627 id
1479 3578 1587 3639 est,
1620 3573 1678 3628 in
1710 3577 1814 3629 Be-

153 3662 289 3720 thel
322 3666 384 3719 et
413 3663 558 3728 Dan,
593 3662 692 3718 ubi
721 3666 886 3718 erant
931 3662 1089 3717 aurei
1148 3660 1337 3726 vituli,
1372 3678 1477 3717 nec
1513 3661 1568 3715 in
1605 3665 1816 3717 metro-

152 3751 290 3827 poli
319 3752 588 3808 Samaria
616 3756 674 3807 et
701 3750 941 3819 Jezrael,
975 3751 1075 3807 sed
1106 3750 1165 3805 in
1218 3767 1353 3806 vera
1390 3749 1667 3823 religione
1691 3766 1817 3806 ver-

149 3841 312 3908 sari,
344 3856 473 3913 quae
502 3838 600 3896 illo
629 3846 890 3913 tempore
919 3837 1216 3895 colebatur
1237 3839 1295 3893 in
1327 3839 1464 3894 Sion
1494 3844 1552 3894 et
1583 3839 1818 3894 Jerusa-

148 3929 307 3985 lem.
340 3928 466 3993 Quo
487 3928 751 4001 rugiente
783 3929 854 3983 de
885 3928 1046 3997 Sion,
1096 3933 1151 3983 et
1207 3929 1381 3983 dante
1419 3944 1616 3983 vocem
1650 3944 1818 3983 suam

148 4018 233 4073 de
267 4015 588 4072 Jerusalem
623 4017 715 4088 (de
745 4016 885 4072 Sion
940 4017 1097 4072 enim
1155 4016 1481 4088 egredietur
1538 4014 1629 4071 lex
1664 4016 1816 4088 (Isai.

151 4107 255 4178 ιι),
296 4109 354 4161 et
382 4106 624 4160 verbum
659 4105 887 4159 Domini
918 4105 988 4160 de
1011 4104 1382 4177 Jerusalem),
1406 4121 1605 4160 omnia
1634 4110 1824 4177 pasto-

148 4210 302 4250 rum
334 4198 395 4249 et
423 4209 623 4266 regum
657 4193 830 4250 Israel
864 4192 1131 4265 speciosa
1171 4194 1461 4265 luxerunt,
1486 4197 1544 4249 et
1571 4194 1823 4249 exsicca-

147 4287 266 4339 tus
298 4286 393 4337 est
420 4286 615 4337 vertex
645 4281 910 4345 Carmeli,
944 4282 1041 4354 qui
1076 4282 1372 4354 quondam
1418 4281 1563 4337 laetis
1591 4282 1824 4353 pascuis

146 4370 533 4428 abundabat.
565 4369 868 4426 Carmelus
900 4370 1092 4425 Graece
1123 4370 1339 4425 dicitur
1366 4374 1423 4425 et
1461 4370 1684 4439 Latine,
1716 4369 1824 4427 He-

1925 3216 2197 3273 Hebraice
2222 3216 2434 3271 dicitur
2455 3232 2717 3270 messem
2738 3232 2880 3270 ausu
2903 3218 3028 3305 (rw
3064 3221 3269 3286 rum),
3292 3222 3350 3274 et
3369 3235 3571 3275 omnes
3642 3238 3647 3241 '

1923 3306 2195 3362 similiter
2269 3302 2699 3359 transtulerunt
2763 3302 3146 3376 Septuaginta
3201 3305 3570 3379 interpretati

1924 3404 2176 3459 sunl,e.c
2204 3394 2337 3448 viris
2405 3393 2672 3463 Cliarran,
2734 3408 2949 3446 DALETH
3010 3393 3265 3448 mediam
3308 3394 3566 3452 nominis

1924 3485 2153 3539 literam
2184 3498 2290 3537 ass
2320 3481 2692 3551 arbitrantes,
2724 3485 2783 3535 et
2839 3481 3006 3550 juxta
3054 3483 3566 3552 censuetudinem,

1925 3589 2094 3629 suam
2123 3589 2220 3626 AIN
2253 3570 2452 3643 prima:
2474 3566 2763 3624 Hebraicm
2795 3566 2997 3622 littera:
3020 3566 3122 3624 Chi
3159 3569 3242 3641 (χ)
3300 3568 3564 3626 Graecum

1926 3664 2345 3735 praeponentes.
2378 3660 2653 3730 Cyrenem
2688 3655 2861 3710 etiam
2890 3672 3016 3727 quae
3048 3656 3327 3713 Hebraice
3354 3656 3570 3713 dicitur

1926 3768 2059 3807 CIRA
2090 3748 2296 3836 (map),
2322 3742 2656 3815 ἐπήκλητον,
2680 3745 2737 3799 id
2770 3748 2879 3809 est,
2911 3745 3281 3813 vocatum,vel
3312 3748 3572 3802 nomina-

1927 3848 2043 3895 tum
2097 3830 2547 3900 transtulerunt,
2606 3836 2840 3904 propter
2886 3830 3043 3887 verbi
3092 3832 3567 3904 similitudinem,

1928 3927 2065 4000 quia
2084 3926 2157 3997 (b)
2189 3941 2369 3980 causa
2400 3922 2648 4011 (nmvp),
2683 3923 2896 3976 vocatio
2925 3920 3039 3976 dici
3063 3927 3335 4002 potest,et
3356 3940 3568 3981 nomen

1928 4016 2252 4090 proprium,
2285 4009 2697 4085 appellativum
2755 4009 3182 4066 intellexerunt.
3247 4017 3324 4068 De
3376 4013 3573 4069 causis

1930 4107 2167 4163 diversa
2197 4100 2595 4158 translationis
2631 4100 2877 4156 breviter
2933 4100 3227 4156 diximus:
3289 4118 3445 4158 nunc
3502 4102 3576 4159 ad

1930 4210 2168 4252 sensum
2201 4208 2401 4248 eorum
2420 4207 2545 4262 quin
2569 4189 2725 4244 dicta
2748 4195 2885 4244 sunt
2905 4190 3571 4248 transeamus.Primum

1931 4286 2239 4341 adversum
2272 4277 2707 4345 Damascum,in
2737 4280 3147 4351 quaregnabat
3172 4279 3574 4348 Azael,sermo

1934 4373 2033 4429 Dei
2066 4371 2360 4442 dirigitur,
2393 4367 2491 4440 qui
2524 4383 2591 4422 eo
2621 4372 2883 4438 tempore
2922 4383 3036 4438 quo
3067 4370 3244 4422 Amos
3266 4368 3581 4439 propheta-

146 4458 369 4516 braice
401 4462 595 4515 autem
614 4458 944 4531 appellatur
961 4475 1262 4515 CBERMEL:
1287 4462 1345 4513 et
1364 4458 1636 4514 suntduo
1659 4475 1826 4514 mon-
1860 4470 1902 4532 D
1934 4462 2054 4532 bat,
2086 4459 2339 4532 graviter
2370 4456 2612 4529 urgebat
2652 4454 2850 4522 Israél,
2882 4454 2938 4508 id
2969 4463 3074 4521 est,
3109 4456 3308 4510 decem
3356 4455 3577 4510 tribus:

145 4553 283 4614 tes,
315 4546 417 4619 qui
447 4552 728 4603 vocantur
748 4546 858 4603 hoc
911 4547 1165 4603 nomine.
1228 4546 1387 4601 Alter
1438 4546 1496 4601 in
1555 4563 1670 4618 quo
1719 4546 1831 4603 fuit

144 4635 358 4694 Nabal
389 4636 710 4704 Carmelus,
736 4637 985 4692 maritus
1003 4635 1231 4709 Abigail
1251 4636 1324 4691 ad
1357 4635 1689 4691 Australem
1712 4634 1832 4708 pla-

146 4724 497 4801 gam.Alter
508 4726 677 4797 juxta
708 4724 1141 4791 Ptolemaidem,
1176 4742 1302 4797 quae
1326 4724 1488 4797 prius
1516 4724 1831 4781 vocabatur

146 4814 517 4879 Acho,mari
549 4813 886 4884 imminens,
921 4814 978 4868 in
1005 4830 1121 4885 quo
1151 4813 1307 4869 Elias
1354 4813 1637 4886 propheta
1666 4812 1828 4869 ﬂexis

145 4903 433 4978 genibus
449 4901 675 4974 pluvias
696 4903 1028 4975 impetravit
1083 4902 1126 4974 (Ι
1163 4903 1289 4972 Reg.
1321 4906 1438 4970 xv).
1495 4902 1553 4957 Si
1591 4919 1726 4975 ergo
1757 4904 1829 4959 de

146 4990 448 5048 Chermel
479 4990 704 5053 dicit,in
736 5008 850 5063 quo
881 4990 1161 5046 habitavit
1182 4989 1386 5058 Nabal,
1418 4990 1605 5059 magis
1635 4996 1830 5062 pasto-

142 5096 313 5138 rum
346 5080 623 5152 gregibus
654 5078 940 5150 convenit,
972 5080 1112 5151 quia
1139 5084 1228 5135 est
1245 5080 1417 5149 juxta
1455 5077 1829 5136 solitudinem

138 5168 279 5244 (III
306 5169 438 5239 Reg.
474 5170 581 5237 18).
614 5168 715 5225 Sin
748 5170 943 5224 autem
975 5168 1045 5224 de
1074 5167 1197 5233 illo,
1231 5167 1332 5239 qui
1362 5166 1587 5223 vicinus
1618 5173 1707 5223 est
1734 5168 1829 5225 lit-

136 5258 314 5329 tori,
347 5257 420 5314 ad
449 5273 614 5332 reges
646 5260 703 5313 et
730 5257 1068 5331 superbiam
1095 5255 1349 5330 pertinet
1396 5272 1599 5329 regum
1631 5256 1829 5325 Israel,

265 5492 332 5560 a)
367 5488 428 5546 In
462 5488 697 5548 Cisterc.
732 5508 867 5561 ms.,
901 5491 1099 5565 Rugitu
1134 5532 1148 5547 .

230 5492 328 5646 Eb)
362 5560 525 5622 Idem
557 5580 693 5636 ms.,
720 5580 867 5641 care,
895 5569 949 5625 et
975 5567 1101 5624 ciru
1130 5581 1148 5622 ε

1936 4550 2230 4607 intantum
2262 4549 2626 4617 ut,superato
2656 4542 2850 4598 Achab
2883 4558 3017 4615 rege
3046 4541 3219 4598 lsraél
3239 4543 3296 4597 in
3329 4542 3581 4600 Ramoth

1938 4638 2175 4703 Galaad,
2207 4650 2435 4691 omnem
2472 4633 2764 4704 regionem
2800 4648 2925 4703 qua:
2982 4628 3388 4703 appellabatur
3427 4632 3578 4688 227

1938 4727 2176 4793 Galaad,
2207 4730 2264 4780 et
2293 4724 2352 4778 in
2383 4721 2779 4777 haereditatem
2832 4725 3088 4775 cesserat
3117 4719 3375 4776 dimidia:
3406 4718 3584 4776 tribui

1937 4812 2418 4880 Manasse,instar
2447 4808 2796 4865 tribularum
2830 4808 3188 4863 frumentum
3221 4806 3282 4864 in
3314 4807 3465 4864 areis
3486 4808 3586 4863 tri-

1937 4902 2264 4961 turantium
2290 4898 2772 4971 jugularetatque
2786 4901 3124 4951 contereret.
3159 4896 3321 4960 Quod
3351 4896 3583 4969 plenius

1938 4992 2179 5049 Elisaeus
2202 4988 2484 5061 prepheta
2524 4986 2583 5040 in
2617 4986 2841 5057 Regum
2856 4983 3151 5040 volumine
3179 4984 3463 5056 loquitur,
3483 4983 3582 5040 ubi

1939 5084 2201 5153 scrptum
2236 5076 2527 5148 legimus:
2587 5073 2829 5145 Stetique
2859 5089 2983 5127 cum
3012 5089 3092 5139 eo,
3150 5082 3202 5129 et
3229 5072 3584 5129 conturtatus

1938 5173 2013 5226 est
2042 5184 2214 5240 usque
2243 5164 2311 5221 ad
2339 5161 2702 5237 suffusionem
2723 5162 2903 5217 vultus
2929 5178 2942 5216 :
2956 5163 3211 5233 ﬂevitque
3228 5163 3315 5217 vir
3340 5163 3456 5218 Dei.
3482 5159 3586 5218 Cui

1937 5258 2101 5314 Amet
2132 5258 2247 5312 ait:
2288 5254 2464 5322 Quare
2492 5252 2747 5307 dominus
2777 5266 2926 5305 meus
2982 5250 3077 5321 ﬂet
3123 5251 3189 5305 Et
3219 5249 3328 5319 [AL
3371 5249 3457 5322 at]
3486 5248 3585 5306 ille

1942 5489 2185 5548 lectione
2216 5484 2352 5560 bo_ni_
2411 5482 2713 5560 quidpiam
2770 5483 2974 5540 excudi
3034 5499 3205 5560 posse
3249 5478 3586 5555 videoLXX

266 5555 328 5637 ὁ)
362 5560 525 5622 Idem
557 5580 693 5636 ms.,
720 5555 867 5641 care,
895 5569 949 5625 et
975 5555 1101 5624 ἄνα
1130 5564 1303 5622 etiam
1330 5559 1577 5621 vocalia:
1619 5577 1688 5619 ex
1718 5578 1835 5639 qua
1940 5563 2134 5639 legere
2162 5560 2223 5619 in
2256 5555 2536 5617 Hebraico
2557 5563 2679 5652 11p.
