3964 6184
453 320 572 385 995

1705 323 1769 382 s.
1819 320 2127 383 unseen
2175 319 2617 384 HIERONYMI
3457 293 3461 298 ’
3660 329 3744 392 996

448 452 764 526 respondit:
803 452 943 520 Quia
971 450 1082 506 scio
1134 463 1260 522 quae
1314 450 1566 525 facturus
1622 454 1701 508 sis
1750 452 1891 524 ﬁliis
1926 453 2102 510 Israel
2131 457 2186 521 Α
2215 454 2306 508 tiae
2329 470 2470 509 mea;
2492 452 2718 508 vultum
2741 468 3006 508 aversare
3035 453 3106 508 ab
3128 467 3194 507 eo
3213 451 3422 509 ‘lJuxta
3449 456 3745 530 tropologiam

450 543 881 597 mala.Civitates
900 555 1089 594 eorum
1116 541 1360 594 munitas
1383 543 1507 612 igne
1539 542 1842 608 succendes,
1868 547 1918 597 et
1939 545 2098 614 juve-

2210 559 2341 597 vero
2375 542 2481 596 hoc
2516 558 2828 614 possumus
2858 541 3084 596 dicere:
3120 541 3376 596 Primum
3406 549 3656 614 peccatum
3673 556 3746 616 est,

449 647 546 685 nes
575 645 760 685 eorum
792 628 1092 698 interﬁcies
1147 629 1352 699 gladio,
1411 637 1463 686 et
1516 633 1774 702 parvulos
1832 632 2018 695 elides,
2053 640 2102 692 et
2208 631 2495 702 cogitasse
2526 647 2652 702 qua
2678 629 2828 686 mala
2846 635 3000 685 sunt.
3025 631 3371 701 Secundum,
3394 631 3748 702 cogitationibus

445 726 800 788 prazgnantes
829 717 1063 772 divides.
1100 719 1356 790 Dixitque
1384 721 1549 775 Amet
1573 737 1586 774 :
1620 720 1758 788 Quid
1803 736 1924 774 sum
1953 722 2097 775 enim

445 822 632 862 servus
657 811 783 862 tuus
816 809 988 874 canis,
1025 813 1080 861 ut
1109 808 1313 876 faciam
1343 825 1460 862 rem
1506 811 1668 864 istam
1697 825 1954 876 magnam
1977 809 2003 863 ?
2033 811 2099 863 Et

443 896 525 949 ait
556 897 792 951 Etisaeus
818 913 830 950 :
868 896 1109 951 Ostendit
1139 898 1280 950 mihi
1334 897 1597 952 Dominus
1628 901 1679 951 te
1707 913 1882 968 regem
1915 898 2099 968 Syria:

439 983 564 1054 fore
588 984 686 1055 (IV
717 987 841 1056 Reg.
878 1003 999 1051 VIII,
1042 986 1099 1038 11
1133 989 1336 1058 seqq.)
1373 985 1533 1049 Quod
1595 991 1788 1042 autem
1830 987 2098 1056 sequitur

441 1071 504 1127 in
544 1074 847 1144 propheta.

515 1161 696 1231 (Vers.
745 1162 824 1230 4.)
856 1163 920 1216 Et
950 1164 1166 1217 mittam
1198 1165 1388 1235 ignem
1442 1165 1499 1217 in
1552 1161 1771 1218 domum
1833 1163 2017 1229 Azael,
2043 1167 2096 1218 et

439 1249 720 1305 devorabit
741 1250 921 1304 domos
947 1251 1227 1306 Benadad.
1263 1254 1325 1306 Et
1353 1260 1626 1308 conteram
1660 1263 1860 1307 vectem
1890 1253 2092 1308 Dama-

439 1340 540 1408 sci,
567 1343 620 1394 et
650 1339 963 1410 disperdam
993 1340 1328 1396 habitatores
1358 1340 1421 1395 de
1445 1356 1632 1412 campo
1688 1341 1848 1406 idoli,
1909 1341 2049 1395 LXX
2077 1357 2088 1396 :

438 1428 504 1481 Et
534 1429 781 1482 emittam
811 1431 994 1499 ignem
1025 1430 1083 1484 in
1114 1429 1337 1484 domum
1366 1429 1550 1499 Azael,
1580 1433 1631 1484 et
1659 1429 1936 1485 devorabit
1960 1432 2091 1500 fun-

439 1515 698 1570 damento
727 1517 836 1586 ﬁlii
866 1516 1025 1587 Ader,
1058 1521 1107 1572 et
1157 1527 1439 1573 conteram
1495 1527 1666 1574 vectes
1721 1519 1996 1589 Damasci,
2042 1522 2093 1573 et

437 1603 753 1675 disperdam
775 1604 1110 1661 habitatores
1139 1607 1206 1662 de
1235 1623 1427 1678 campo
1457 1602 1529 1658 ὢν
1556 1623 1570 1662 :
1609 1611 1712 1661 Dat
1756 1606 2090 1678 intelligen-

437 1692 601 1763 tiam,
636 1695 790 1765 quod
823 1693 1018 1760 Azael,
1051 1696 1430 1766 regnantibus
1487 1694 1622 1750 Ozia
1674 1701 1730 1749 et
1757 1695 2088 1761 Jerohoam,

429 1782 556 1852 jam
588 1781 648 1836 in
682 1783 846 1854 Syria
879 1787 1147 1838 mortuus
1170 1788 1376 1852 erat,et
1404 1784 1454 1839 ei
1490 1783 1546 1838 in
1580 1799 1824 1854 regnum
1858 1800 2086 1839 succes-

437 1875 594 1925 serat
625 1869 782 1924 l‘ilius
812 1887 956 1924 suus
991 1870 1282 1935 Benadad,
1353 1888 1386 1925 a
1450 1888 1565 1942 quo
1635 1887 1838 1926 omnes
1886 1877 2086 1942 postea

436 1975 598 2027 reges
630 1965 824 2028 Aram,
861 1959 916 2012 id
980 1964 1090 2023 est,
1149 1959 1324 2030 Syriae
1384 1965 1441 2014 et
1489 1958 1778 2023 Damasci,
1813 1959 2081 2014 Benadad

437 2047 785 2101 vocabulum
822 2047 1225 2117 possederunt.
1262 2048 1424 2102 Unde
1473 2046 1713 2119 pulchre
1771 2064 1885 2101 non
1917 2047 2079 2115 dixit,

436 2133 668 2188 mittam
702 2133 895 2206 ignem
931 2133 987 2188 in
1021 2134 1212 2201 Azael,
1247 2135 1346 2188 sed
1389 2134 1446 2188 in
1505 2136 1744 2188 domum
1805 2135 1989 2200 Azael,
2023 2135 2079 2189 id

436 2226 544 2288 est,
579 2222 638 2276 in
672 2223 912 2276 domum
944 2223 1070 2292 ejus
1092 2222 1333 2293 regiam,
1373 2222 1465 2277 cui
1526 2222 1795 2276 Benadad
1828 2221 1985 2278 ﬁlius
2015 2239 2080 2279 eo

432 2314 694 2382 tempore
714 2313 975 2381 praeerat.
995 2311 1058 2364 Et
1069 2319 1364 2380 conteram,
1391 2310 1604 2382 inquit,
1626 2316 1796 2365 vectes
1807 2312 2078 2381 Damasci,

431 2403 482 2454 et
511 2399 823 2470 disperdam
879 2399 1209 2454 habitatores
1232 2399 1298 2454 de
1326 2415 1513 2470 campo
1534 2399 1686 2454 idoli.
1721 2399 1964 2454 Omnem
1995 2399 2081 2454 vi-

432 2487 642 2542 delicet
675 2487 952 2559 Syrorum
986 2487 1382 2542 fortitudinem
1417 2486 1529 2559 (Αι.
1595 2487 2078 2558 multitudinem),

433 2591 560 2646 qua
574 2574 748 2629 veluti
775 2575 1067 2646 quondam
1097 2574 1360 2646 plaustro
1383 2580 1438 2630 et
1451 2575 1712 2630 vectibus
1725 2576 2075 2630 adversario-

433 2679 562 2717 rum
580 2662 834 2734 impetus
849 2663 1540 2734 submovebat.Campum
1558 2669 1751 2718 autem
1768 2663 1905 2718 idoli
1920 2665 2073 2734 quod

433 2751 709 2806 Hebraice
740 2750 954 2806 dicitur
982 2769 1121 2806 AVEN
1140 2752 1302 2838 (Tia),
1335 2756 1391 2806 et
1419 2752 1796 2823 Septuaginta
1813 2757 1869 2806 et
1889 2751 2074 2808 Theo-

432 2840 588 2894 dotio
619 2839 979 2910 interpretati
1015 2846 1152 2894 sunt
1175 2837 1254 2891 ὢν
1286 2858 1298 2895 :
1327 2840 1708 2912 Symmachus
1767 2845 1824 2895 et
1869 2841 2076 2912 quinta

431 2927 606 2982 editio
627 2927 1427 3000 transtulerunt,iniquitatem
1448 2930 1620 3000 :Aqui
1635 2930 1704 2998 la,
1739 2925 2071 3005 ἀνωφελοῦς,

432 3014 488 3068 id
520 3020 626 3086 est,
658 3016 932 3081 inutilem,
968 3021 1028 3071 ut
1057 3018 1388 3072 ostenderet
1415 3033 1560 3071 vana
1583 3017 1870 3072 idolorum
1910 3018 2072 3072 auxi-

431 3102 664 3168 lia,cum
691 3103 941 3175 populus
964 3105 1254 3169 Damasci,
1287 3105 1520 3176 Assyrio
1566 3106 1846 3172 veniente,
1882 3107 2069 3178 capie-

2207 719 2567 790 acquicvisse
2596 719 2905 790 perversis.
2938 719 3216 781 Tertium,
3243 719 3390 790 quod
3413 726 3579 774 mente
3604 722 3746 778 decre-

2207 808 2357 862 veris
2389 825 2558 878 opere
2617 807 2961 878 complesse.
3023 809 3322 874 Quartum,
3380 812 3499 878 post
3527 818 3750 879 peccatum

2207 913 2321 951 non
2354 911 2521 968 agere
2555 897 2976 968 paenitentiam,
3010 901 3069 951 et
3097 895 3155 950 in
3187 911 3288 951 suo
3345 895 3450 950 sibi
3479 897 3750 968 complacare

2203 985 2430 1040 delicto.
2467 985 2583 1040 Hoc
2614 1001 2816 1039 omnes
2842 985 3061 1039 faciunt
3092 983 3364 1049 haeretici,
3387 985 3596 1055 quinon
3615 985 3747 1041 solum

2203 1073 2480 1144 cogitant,
2507 1078 2559 1128 et
2583 1074 2805 1128 faciunt
2828 1073 2999 1138 mala,
3027 1074 3125 1127 sed
3159 1073 3414 1128 doctrina
3445 1089 3540 1127 sua
3559 1091 3752 1144 quosque

2203 1161 2497 1234 simplices
2527 1161 2846 1234 decipiunt,
2878 1162 3016 1217 etin
3080 1177 3300 1216 morem
3357 1162 3752 1227 Damascenorum,

2201 1251 2301 1324 qui
2333 1253 2807 1324 interpretantur,
2838 1253 3162 1320 sanguinem
3193 1250 3442 1318 bibentes,
3460 1266 3632 1306 eorum
3653 1266 3755 1320 quos

2200 1340 2552 1413 deceperint,
2585 1341 2930 1412 sanguinem
2957 1339 3182 1394 bibunt.
3205 1344 3388 1410 Super
3406 1338 3756 1409 hujuscemodi,

2199 1430 2411 1500 inquit,
2446 1430 2699 1500 peccatis
2734 1429 3049 1484 Dominus:
3086 1444 3277 1482 nonne
3331 1428 3556 1499 dignum
3607 1431 3691 1491 est,
3715 1432 3756 1481 ut

2201 1534 2297 1573 eos
2324 1517 2508 1589 plagis
2557 1516 2888 1588 corripiam,
2948 1521 3006 1571 et
3052 1520 3307 1570 avertam
3370 1517 3440 1570 ab
3485 1515 3560 1570 eis
3605 1515 3756 1572 faciem

2199 1606 2432 1662 meam?
2454 1610 2517 1661 ut
2550 1607 2649 1676 qui
2681 1606 2982 1660 veritatem
3013 1605 3355 1677 dogmatum
3417 1620 3646 1658 meorum
3681 1619 3760 1658 non

2195 1695 2413 1760 vident,
2443 1695 2741 1749 aversione
2771 1693 2966 1748 vultus
3023 1693 3136 1748 mei
3196 1692 3447 1748 tenebris
3487 1693 3758 1746 obruantur.

2198 1782 2602 1838 Contriverunt
2632 1783 2810 1850 enim,
2843 1782 2963 1837 sive
2993 1782 3402 1837 dissecuerunt
3456 1781 3511 1835 in
3552 1780 3763 1852 plaustris

2193 1871 2395 1928 ferreis
2428 1876 2788 1944 praegnantes
2819 1870 3058 1926 Galaad.
3093 1870 3220 1925 Ista:
3253 1877 3394 1925 sunt
3447 1873 3759 1940 praegnantes,

2192 1959 2262 2014 de
2293 1959 2508 2030 quibus
2540 1959 2824 2014 Dominus
2854 1959 2911 2012 in
2935 1957 3240 2029 Evangelio
3265 1957 3551 2030 loquitur:
3577 1958 3645 2012 Vae
3663 1973 3764 2027 prs-

2190 2049 2504 2116 gnantibus,
2536 2053 2586 2102 et
2615 2047 2993 2102 nutrientibus
3025 2049 3081 2101 in
3113 2048 3230 2102 illis
3277 2047 3465 2101 diebus
3521 2047 3650 2115 (Luc.
3677 2061 3758 2112 xxx,

2188 2138 2301 2205 23).
2335 2137 2705 2208 Prmgnantes
2764 2141 2904 2192 sunt
2949 2136 3157 2191 anima
3197 2135 3570 2200 credentium,
3600 2151 3698 2205 qua
3721 2132 3760 2186 in

2192 2225 2477 2296 principio
2503 2226 2632 2280 ﬁdei
2655 2229 2901 2296 possunt
2932 2225 3148 2278 dicere:
3181 2225 3218 2278 A
3245 2224 3444 2279 timore
3465 2226 3758 2290 tuo,Domint,

2189 2315 2532 2384 concepimus
2560 2317 2611 2368 et
2638 2315 3039 2384 parturivimus
3071 2313 3163 2383 (Is.
3199 2330 3351 2380 xxvx,
3387 2313 3472 2381 17,
3504 2314 3616 2382 18);
3664 2315 3707 2366 et
3727 2309 3760 2365 si

2189 2416 2302 2455 non
2328 2401 2539 2456 fuerint
2565 2400 2841 2472 plaustris
2862 2417 2928 2455 ac
2947 2400 3086 2455 rotis
3114 2401 3317 2456 ferreis
3340 2418 3406 2456 ac
3455 2399 3673 2455 dentatis
3699 2398 3760 2469 (de

2190 2489 2405 2561 quibus
2428 2489 2735 2544 Psalmista
2755 2488 2897 2544 dicit
2920 2507 2932 2544 :
2966 2491 3099 2543 Filii
3119 2491 3410 2544 hominum
3437 2490 3611 2544 dentes
3627 2503 3762 2542 eorum

2186 2593 2344 2631 arma
2365 2581 2415 2631 et
2435 2577 2655 2646 sagitta
2676 2577 2787 2647 (Ps.
2806 2577 3246 2646 Lv1,5),concisa2
3261 2581 3444 2648 atque
3458 2579 3765 2645 ἴθι-Γεωμε-

2186 2669 2324 2720 sunt
2351 2667 2525 2720 etiam
2555 2682 2623 2721 ea
2651 2665 2841 2720 dicere
2866 2681 2993 2737 quas
3012 2670 3383 2736 sequuntur:
3419 2670 3481 2721 Et
3495 2666 3764 2736 peperimus,

2185 2755 2444 2825 spiritum
2471 2755 2666 2809 salutis
2692 2758 2808 2811 tuae
2831 2755 2906 2825 (b)
2935 2756 3200 2826 faciemus
3255 2771 3430 2825 super
3479 2759 3675 2808 terram.
3701 2751 3763 2806 Si-

2185 2843 2422 2914 mulque
2453 2843 2604 2899 2‘29
2631 2843 2935 2898 considera
2967 2843 3120 2914 quod
3147 2843 3414 2915 perfectas
3462 2841 3629 2896 aetatis
3654 2839 3763 2892 viros

2184 2947 2378 2986 secare
2398 2949 2508 2987 non
2539 2933 2764 3003 possint
2789 2950 2800 2997 ;
2829 2932 2928 2987 sed
2953 2948 3052 2987 eos
3075 2933 3174 3004 qui
3199 2932 3397 2986 adhuc
3414 2931 3470 2985 in
3491 2935 3633 2985 utero
3651 2931 3765 2995 sunt,

2183 3019 2268 3075 vel
2303 3020 2403 3091 qui
2437 3020 2687 3076 solidum
2721 3021 2912 3075 cibum
2938 3037 3142 3092 capere
3174 3027 3497 3092 nequeunt,
3551 3025 3600 3073 et
3625 3016 3765 3071 adhuc

2186 3109 2333 3162 lacte
2357 3108 2984 3162 nutriunturinfantiaz.
3013 3109 3141 3162 Istae
3162 3111 3367 3162 autem
3385 3101 3768 3178 praegnantesde

429 3197 526 3247 tur
554 3173 972 3264 (ALcapiatur).
1010 3192 1282 3264 Legimus
1307 3173 1462 3248 enim
1489 3195 1642 3264 quod
1678 3173 2068 3266 Theglatpha-
2102 3173 2144 3238 C
2185 3196 2397 3252 Galaad
2419 3197 2739 3266 sunt,quod
2760 3173 3764 3266 interpretaturtransldtio,sivetrans-

429 3281 584 3336 lasar
602 3297 698 3336 rex
720 3281 1014 3350 Assyrius,
1047 3281 1351 3336 interfecto
1386 3282 1561 3336 Rasin
1620 3299 1750 3352 rege
1785 3285 2069 3352 Damasci,

429 3369 501 3424 de
536 3385 650 3440 quo
681 3375 738 3424 et
770 3369 950 3424 Isaias
982 3368 1261 3440 loquitur,
1297 3386 1525 3423 omnem
1561 3371 1738 3442 Syria:
1763 3371 2068 3442 populum,

429 3458 528 3531 qui
564 3457 972 3530 appellabatur
1003 3464 1198 3527 Aram,
1231 3457 1290 3512 in
1322 3458 1598 3530 Cyrenen]
1626 3459 2073 3528 transtulerit,et

427 3549 500 3604 ob
517 3548 669 3602 hanc
691 3563 928 3602 causam
953 3563 1080 3604 esse
1105 3563 1258 3601 nunc
1281 3547 1502 3602 dictum
1535 3548 1626 3618 (IV
1657 3550 1780 3619 Reg.
1820 3549 1926 3616 l6).

499 3636 682 3709 (Vers.
714 3636 793 3703 5.)
821 3636 974 3691 228
1033 3636 1313 3691 Tenentem
1370 3639 1639 3706 sceptrum
1695 3637 1758 3692 de
1795 3639 1949 3692 domo
1978 3654 2068 3693 vo-

427 3726 649 3797 luptatis
671 3725 767 3795 (a),
799 3728 853 3778 et
885 3727 1250 3795 transferetur
1310 3727 1545 3797 populus
1586 3725 1764 3796 Syriae
1797 3727 2066 3797 Cyrenen,

426 3815 557 3870 dicit
587 3815 872 3869 Dominus.
911 3813 1087 3868 LXX:
1117 3815 1181 3869 Et
1243 3815 1524 3870 concidam
1581 3815 1786 3870 tribum
1807 3832 1876 3871 ex
1934 3819 2069 3872 viris

427 3901 757 3968 Charran,et
784 3905 1032 3973 captivus
1060 3903 1294 3957 ducetur
1316 3904 1552 3975 populus
1608 3905 1789 3973 Syrim
1817 3906 2070 3961 nomina-

424 3999 530 4061 tus,
562 3991 696 4046 dicit
728 3993 1008 4046 Dominus.
1049 3990 1117 4044 Ut
1147 3992 1556 4057 subaudiatur,
1588 3997 1865 4048 conteram
1886 4000 1937 4050 et
1961 3996 2070 4050 dis-

417 4079 664 4150 perdam,
697 4084 754 4132 et
785 4078 1035 4150 pepulus
1065 4079 1244 4149 Syriae
1276 4080 1332 4134 in
1367 4081 1510 4134 fines
1553 4081 1778 4153 Egypti
1827 4083 2069 4140 ultimos

427 4167 830 4221 transferetur.
864 4167 1144 4236 Quodque
1175 4167 1233 4222 in
1267 4169 1552 4241 principio
1603 4170 1849 4226 dicitur:
1897 4172 2070 4244 Super

426 4253 600 4308 tribus
627 4253 921 4308 sceleribus
948 4255 1219 4320 Damasci,
1253 4259 1304 4310 et
1331 4271 1498 4327 super
1527 4261 1777 4328 quatuor,
1813 4277 1925 4315 non
1956 4261 2065 4331 (Al.

422 4343 626 4415 nonne)
655 4351 963 4398 convertam
991 4358 1135 4408 eum,
1176 4348 1232 4398 et
1289 4346 1613 4401 secundum
1670 4348 2066 4421 Septuaginta,

421 4448 530 4488 non
564 4431 673 4504 (Al.
707 4432 909 4500 nonne)
937 4433 1226 4487 aversabor
1254 4449 1400 4500 eum,
1429 4433 1483 4488 id
1517 4439 1625 4501 est,
1671 4437 1930 4491 Damasci
1964 4455 2066 4508 po-

2182 3288 2438 3355 migratio
2467 3286 2790 3340 testimonii.
2824 3285 3215 3356 Migraverunt
3247 3284 3409 3339 enim
3465 3285 3532 3339 de
3566 3276 3767 3337 Ecclesia

2183 3373 2240 3427 in
2267 3373 2618 3437 hieresim,et
2647 3373 2982 3428 testimonia
3007 3373 3098 3426 Dei
3124 3389 3252 3444 quae
3272 3374 3440 3445 prius
3466 3371 3761 3441 acceperant,

2182 3463 2252 3516 ad
2285 3461 2505 3516 alienos
2535 3461 2816 3516 terminos
2845 3461 3296 3516 transtulerunt.
3331 3462 3445 3517 Sed
3497 3461 3655 3515 mittet
3680 3456 3758 3511 Do-

2182 3550 2378 3604 minus
2408 3550 2598 3621 ignem
2631 3550 2690 3603 in
2724 3551 2962 3605 domum
2997 3549 3187 3618 Azael,
3241 3567 3426 3621 quam
3482 3549 3582 3621 ipsi
3608 3545 3762 3599 vocant

2178 3656 2352 3694 AZAEL
2372 3623 2649 3710 (5am),id
2673 3643 2781 3702 est,
2813 3641 3078 3694 visionem
3108 3640 3246 3694 Dei:
3273 3640 3477 3711 ignem
3530 3635 3608 3708 qui
3637 3632 3756 3702 ligna

2181 3726 2238 3780 in
2263 3727 2345 3781 eis
2367 3726 2763 3797 stipulamque
2785 3731 3173 3794 consumat,et
3194 3727 3438 3782 devoret
3459 3721 3762 3780 fundamenta

2181 3815 2281 3869 ﬁlii
2304 3815 2775 3870 Ader.l)ebemus
2795 3815 2950 3870 enim
2970 3816 3203 3886 etjuxta
3215 3814 3591 3886 Septuaginta
3604 3809 3764 3866 dicere.

2180 3919 2250 3959 ne
2272 3920 2370 3959 eos
2397 3905 2613 3958 frustra
2638 3905 3012 3976 proposuisse
3028 3904 3365 3959 videamur:
3387 3904 3531 3959 Ader
3552 3903 3774 3968 interpre-

2178 3997 2340 4048 tatur
2359 3990 2848 4066 εὐπρεπεία,ρυθω
2875 4009 2980 4048 nos
3003 3993 3248 4048 decorem
3273 4007 3586 4064 possumus
3608 3987 3767 4042 dicere:

2178 4097 2244 4136 eo
2271 4082 2422 4152 quod
2443 4081 2635 4136 omnis
2657 4097 2847 4136 sermo
2870 4081 3275 4136 haereticorum
3301 4082 3617 4137 concinnus
3643 4079 3771 4144 atque

2178 4170 2563 4240 compositus,
2598 4175 2653 4224 et
2683 4170 2904 4225 habens
2939 4169 3446 4242 pulchritudinem
3489 4160 3769 4237 eloquentis

2179 4258 2496 4324 szecularis,
2522 4258 2750 4314 facilius
2773 4259 3026 4330 decipiat
3047 4259 3383 4314 audientes.
3407 4258 3604 4314 Vectes
3626 4255 3771 4309 autem

2179 4347 2640 4417 Damasci,quasi
2666 4364 2804 4402 sera:
2830 4347 3253 4403 robustissimae
3278 4355 3459 4418 atque
3483 4339 3770 4400 firmissime

2178 4436 2285 4507 (Al.
2311 4436 2689 4507 fortissimae),
2720 4435 2778 4490 hi
2811 4435 3234 4508 intelligantur,
3259 4435 3364 4506 qui
3400 4429 3655 4490 instructi
3674 4427 3774 4482 sunt

422 4521 650 4594 pulum,
685 4521 802 4577 sive
831 4523 1028 4583 Aram,
1089 4520 1145 4575 id
1182 4527 1288 4577 est.
1349 4528 1578 4594 Syrum,
1634 4523 1786 4579 hunc
1827 4541 2066 4582 sensum
2098 4537 2144 4599 Β
2177 4531 2297 4580 arte
2319 4524 2700 4593 dialectica,et
2726 4525 3089 4596 argumentis
3111 4523 3618 4595 philosophorum.
3647 4510 3772 4570 Verbi

413 4612 583 4683 juxta
606 4610 909 4667 historiam
935 4608 1147 4664 habere
1171 4615 1360 4681 potest
1383 4628 1395 4665 :
1418 4611 1476 4666 Si
1500 4610 1678 4667 semel
1703 4629 1896 4668 meum
1917 4619 2070 4670 esset

420 4699 704 4772 populum
737 4704 1096 4770 persecutus,
1131 4704 1234 4754 aut
1267 4700 1546 4766 secundo,
1571 4701 1770 4756 darem
1803 4703 2064 4758 veniam:

419 4805 574 4844 nunc
602 4805 737 4844 vero
767 4804 902 4843 cum
933 4787 1102 4842 tertio
1147 4794 1203 4842 et
1255 4794 1460 4859 quarto
1515 4789 1770 4845 crudelis
1792 4792 2066 4856 extiterit,

423 4883 487 4932 ut
517 4879 804 4950 captivam
829 4875 1265 4932 multitudinem
1292 4877 1573 4949 plaustris
1597 4878 1794 4934 ferreis
1819 4883 2062 4936 tereret:

422 4983 616 5022 nonne
639 4967 820 5023 debeo
843 4984 975 5024 eum
1003 4967 1190 5041 plagis
1224 4967 1512 5037 corripere
1532 4967 1559 5019 ?
1591 4984 1782 5022 nonne
1813 4968 2066 5024 clemen-

493 5129 570 5202 (α)
585 5127 711 5202 Pari
734 5144 1019 5184 consensu
1040 5133 1158 5184 tres
1186 5145 1328 5182 mss.
1357 5125 1602 5202 addunt,
1629 5128 2066 5202 atqueluxuriae.

423 5198 582 5272 Infra
608 5200 851 5272 ultimos,
886 5218 988 5272 pro
1020 5202 1266 5272 ultimus,
1313 5198 1706 5268 restituimus,
1739 5199 2066 5271 levioraque

422 5271 537 5326 alia
565 5270 1054 5342 exriiisdem'mss.
1088 5271 1470 5342 castigamus.

499 5342 570 5414 ib)
594 5341 1078 5414 Yictorius,quem
1105 5341 1342 5414 fecimus
1373 5356 1537 5412 super
1565 5348 1790 5396 terram.

521 5359 570 5413 ο)
610 5359 912 5412 Victorius,
961 5360 1078 5398 uem
1105 5359 1342 5414 fecimus
1373 5359 1537 5412 super
1565 5359 1790 5396 terram.

491 5359 562 5483 lc)
593 5411 900 5485 Vulgatarn
920 5361 1241 5469 (lectionem
1275 5413 1729 5485 Euticius,quam
1756 5411 1914 5467 nullo
1937 5413 2060 5467 suf-

427 5482 689 5554 fragante
714 5482 832 5540 ins.
869 5486 1238 5541 Martianaaus
1270 5484 1326 5538 in
1363 5484 1544 5538 Aetius
1585 5487 1927 5551 mutaverat,
1961 5501 2068 5539 nos

424 5554 811 5631 restituimus.
849 5556 1046 5631 Neque
1075 5574 1206 5631 vero
1235 5555 1380 5611 illud
1407 5560 1503 5631 est
1532 5554 1806 5631 hominis
1831 5555 2065 5631 eruditi,

429 5624 585 5703 quod
613 5624 908 5701 opinatur,
942 5624 993 5686 si
1023 5629 1305 5690 Euticium
1334 5626 1608 5704 retineas,
1642 5643 1745 5704 pro
1765 5626 1934 5703 Zetio,
1967 5624 2066 5691 ne;

2177 4612 2400 4685 gratia:
2435 4612 2659 4667 Ostium
2691 4612 3051 4684 vocatur,qui
3087 4611 3298 4667 falsum
3325 4612 3543 4684 dogma
3568 4600 3774 4674 concepit

2177 4706 2234 4757 et
2263 4701 2504 4774 peperit,
2539 4706 2602 4756 ut
2626 4701 2800 4755 Arius
2829 4701 2886 4755 in
2919 4700 3302 4756 Alexandria:
3366 4705 3562 4755 vectes
3614 4696 3718 4765 ejus
3739 4691 3776 4742 et

2177 4773 2532 4845 ﬁrmissimis
2565 4806 2704 4844 sera:
2723 4791 2873 4859 ejus,
2899 4790 2965 4861 (c)
2998 4789 3259 4844 Euticius
3289 4793 3352 4843 et
3372 4773 3775 4848 Eunomius,qt1i

2177 4877 2533 4950 syllogismis
2546 4878 3352 4950 etenthymematihus,immo
3369 4870 3774 4949 sophismatibus

2176 4971 2232 5020 et
2261 4965 2674 5038 pseudomenis
2705 4971 2881 5038 atque
2911 4967 3264 5038 soritis,quae
3285 4967 3365 5021 ab
3398 4965 3532 5021 aliis
3563 4960 3692 5017 male
3712 4957 3773 5010 in-

2177 5141 2470 5198 quaquam
2499 5123 2559 5198 id
2592 5124 2830 5195 reperiri
2890 5131 3348 5198 consentaneum
3411 5121 3768 5198 Ecclesiasti‘tsi3

2177 5185 2464 5251 Historias.
2498 5185 2711 5250 Notum
2744 5198 3089 5262 econtrario,
3126 5196 3357 5252 Aetium
3384 5196 3459 5251 ab
3480 5185 3770 5262 Arianisdis-

2177 5267 2632 5339 cessisse,gquod
2664 5266 2754 5339 illi,
2785 5267 2998 5322 Filium
3034 5259 3184 5322 Patri
3221 5267 3556 5339 peremnia
3575 5259 3769 5339 similent

2179 5344 2388 5415 natura
2409 5337 2671 5415 dicerent
2697 5355 2708 5392 :
2746 5337 3002 5415 hiccum
3036 5337 3348 5415 ipsam'Dei
3376 5343 3662 5415 naturain,
3687 5338 3766 5415 sive

2178 5410 2491 5484 essentiam
2511 5409 2659 5484 ineo
2683 5408 3080 5484 constitueret,
3113 5410 3264 5484 quod
3291 5408 3765 5484 ἀγὲνηῖρςηείῖεως

2177 5482 2390 5551 genitus
2412 5480 2509 5543 sit,
2549 5480 2782 5553 Filium,
2815 5482 2954 5553 quia
2986 5473 3077 5536 sit,
3127 5473 3386 5553 genitus,
3455 5473 3763 5553 dissimilis}

2178 5549 2344 5610 Patre
2370 5556 2590 5608 natura:
2612 5567 2740 5608 esse
2762 5549 2980 5609 intulit.
3006 5549 3222 5610 Exinde
3242 5549 3644 5608 Anomaeorurn
3664 5549 3764 5617 nm

2177 5623 2414 5686 heresis
2443 5626 2662 5694 exorta,
2695 5624 2863 5703 cujus
2886 5625 3012 5685 dum
3037 5624 3205 5703 quasi
3230 5627 3431 5697 secta,
3487 5633 3666 5683 eorum
3691 5623 3764 5690 qui
