3964 6184
186 266 321 329 1001

983 264 1729 331 COMMENTARIOBUM
1772 266 1853 329 IN
1898 265 2114 330 AMOS
2156 266 2304 329 LIB.
2349 267 2400 329 Ι.
2444 268 2619 330 CAP.
2666 269 2748 331 Il.

3420 262 3577 329 1002

178 401 452 457 monstrat
468 398 800 472 antiquum,
822 400 978 472 quod
1010 416 1338 470 numquam
1363 400 1473 456 sibi
1498 416 1637 472 pace
1660 401 1811 457 235
1847 401 1903 467 Α
1931 415 2110 455 muros
2137 400 2334 466 Rabba,
2358 409 2409 457 et
2425 401 2704 457 devorabit
2724 402 3089 472 fundamenta
3110 414 3237 455 cum
3254 399 3493 456 clamore
3516 402 3577 456 in

166 488 346 560 juncti
376 490 516 543 sunt
562 488 685 559 [ΑΙ.
718 488 1015 560 conjuncti
1048 486 1208 560 sint].
1244 485 1407 543 Unde
1438 505 1668 560 poenam
1713 505 1816 560 pro

174 576 476 633 sceleribus
521 576 937 644 comminatur,
969 582 1026 633 et
1054 576 1205 632 dixit
1238 594 1251 631 :
1286 576 1496 631 Mittam
1547 578 1731 646 ignem
1759 577 1817 631 in

176 666 416 730 Theman,
449 682 576 737 quae
626 666 1016 722 ldumasorum
1067 664 1226 737 regio
1276 668 1384 730 est,
1417 668 1475 719 et
1519 664 1707 737 vergit
1747 665 1819 719 ad

166 753 483 810 Australem
509 758 755 823 partem,
775 754 928 825 quod
953 754 1370 824 interpretatur
1395 754 1627 808 Theman
1650 770 1668 807 :
1691 770 1818 825 quae

168 841 450 914 provincia
471 858 586 897 non
612 841 805 897 solum
828 841 1116 906 Theman,
1137 842 1236 897 sed
1258 848 1316 896 et
1333 841 1522 896 Daron
1550 846 1605 896 et
1623 840 1816 913 Nageb

166 930 465 999 dicitur,eo
496 931 653 1002 quod
683 930 905 985 Eurum
936 933 993 984 et
1015 931 1286 984 Austrum
1312 929 1695 1001 Africumque
1727 945 1816 984 re-

162 1018 380 1092 spiciat.
401 1019 687 1091 Quodque
707 1018 844 1073 dicit
875 1035 888 1073 :
927 1019 1215 1073 Devorabit
1231 1017 1369 1072 aedes
1390 1019 1599 1085 Bosraz,
1618 1033 1732 1072 non
1752 1021 1820 1073 ut

161 1107 392 1180 quidam
426 1111 656 1179 putant,
688 1106 934 1162 alteram
986 1106 1302 1175 civitatem,
1338 1106 1437 1161 sed
1478 1107 1813 1176 Idumieam,

170 1192 523 1269 ὀχυρωμὲνην
549 1198 605 1248 et
635 1194 798 1265 [forte
823 1194 881 1248 id
901 1193 1009 1264 est]
1028 1195 1300 1248 munitam
1322 1192 1637 1266 signiﬁcat,
1647 1194 1817 1264 juxta

157 1282 297 1339 illud
330 1283 485 1354 quod
517 1282 576 1336 in
608 1282 761 1338 Isaia
792 1281 1047 1355 legimus
1082 1298 1095 1336 :
1132 1282 1261 1350 Quis
1289 1283 1524 1351 est,iste,
1557 1283 1655 1353 qui
1670 1286 1818 1338 venit

154 1371 222 1428 de
242 1372 422 1443 Edam,
455 1372 648 1427 tinctis
677 1371 916 1427 vestibus
945 1370 1011 1426 de
1040 1372 1211 1427 Bosra
1239 1389 1257 1425 :
1289 1370 1391 1425 iste
1420 1370 1531 1441 [ΑΙ.
1563 1370 1665 1442 sic]
1695 1373 1813 1442 for—

155 1476 331 1517 mosus
358 1462 420 1515 in
439 1460 581 1516 stola
607 1476 730 1531 sua,
745 1458 999 1531 gradiens
1016 1461 1076 1514 in
1091 1458 1451 1514 multitudine
1473 1458 1816 1530 fortitudinis

155 1564 270 1607 suae
321 1549 476 1621 (1εαὶ.
510 1563 667 1617 LXIII,
717 1548 826 1619 2)?
871 1547 1164 1619 Quidquid
1216 1548 1286 1602 de
1319 1547 1468 1602 Esau
1523 1551 1581 1603 et
1627 1547 1810 1603 Jacob

150 1636 764 1705 diximus,referamus
787 1637 856 1692 ad
876 1636 1112 1692 Judaeos
1142 1640 1199 1690 et
1219 1635 1813 1707 populumTChristia-

151 1725 419 1783 num.Illi
452 1726 609 1781 enim
640 1723 857 1781 terreni
886 1729 944 1780 et
969 1724 1332 1797 sanguinarii
1367 1725 1654 1796 persecuti
1670 1729 1811 1780 sunt

152 1812 395 1870 fratrem’
416 1812 492 1886 (a)
523 1813 724 1880 Jacob,
761 1812 861 1884 qui
892 1829 991 1869 eos
1022 1811 1444 1884 supplantavit,
1477 1817 1535 1867 et
1566 1811 1809 1867 abstulit

150 1902 535 1976 primogenita
565 1918 789 1965 eorum,
824 1906 881 1957 et
910 1899 1197 1974 persecuti
1230 1905 1369 1955 sunt
1398 1900 1458 1955 in
1490 1900 1809 1974 gladio,ita

150 1995 214 2047 ut
241 1990 602 2047 substantias
624 1989 1144 2061 possessionesque
1163 1988 1525 2044 credentium
1547 1988 1807 2061 publica-

148 2079 456 2151 rent,quod
471 2078 531 2134 in
546 2078 786 2134 Actibus
803 2076 1200 2149 apostolorum
1214 2076 1605 2149 legimus(Act.
1628 2094 1693 2145 ιι,
1712 2077 1763 2149 4)
1789 2095 1802 2134 :

151 2173 209 2225 et
233 2168 596 2223 violaverunt
622 2166 1086 2223 misericordiam
1112 2167 1329 2238 acjura
1351 2165 1805 2232 naturai,obliti-

156 2274 269 2330 que
298 2263 437 2311 sunt
477 2255 685 2311 matris
736 2271 854 2310 suae
889 2255 1180 2319 Rebecca,
1216 2271 1342 2326 quae
1394 2255 1809 2325 interpretatur

151 2345 449 2418 patientia,
477 2349 535 2401 et
578 2343 755 2400 simul
786 2359 885 2400 eos
914 2343 1208 2417 generavit
1255 2343 1315 2397 in
1346 2341 1574 2398 Christo
1608 2360 1621 2398 :
1657 2343 1807 2397 anti-

157 2449 461 2506 quumque
509 2433 764 2488 furorem
796 2438 854 2487 et
904 2431 1270 2486 iracundiam
1304 2434 1587 2501 tenentes,
1622 2446 1810 2501 usque

155 2522 329 2579 hodie
357 2520 418 2576 in
451 2521 764 2593 synagogis
794 2520 919 2576 suis
968 2520 1078 2575 sub
1110 2518 1345 2574 nomine
1375 2518 1807 2574 Nazarenorum

154 2609 570 2682 blasphemant
582 2608 869 2681 populum
884 2606 1357 2663 christianumzet
1371 2606 1690 2661 dummodo
1703 2621 1809 2660 nos

154 2697 529 2765 interﬁciant,
544 2696 751 2753 volunt
770 2697 904 2768 igne
934 2694 1221 2752 comburi.
1242 2694 1353 2750 Sed
1383 2694 1663 2750 Dominus
1676 2693 1809 2749 mit—

156 2792 236 2843 tet
261 2786 463 2860 ignem
493 2785 553 2840 in
602 2784 885 2850 Theman,
916 2783 975 2840 in
1009 2784 1243 2839 deserta
1291 2783 1566 2853 siccaque
1596 2782 1809 2837 Judaeae

154 2876 303 2947 (quis
315 2889 694 2945 nequaquam
710 2871 1333 2945 irriganturimbribus
1348 2869 1808 2943 prophetarum),

154 2960 521 3019 etdevorabit
533 2976 737 3016 omnes
751 2959 1109 3015 munitiones
1122 2958 1470 3028 eorum,sive
1488 2957 1805 3013 fundamen

156 3057 218 3107 ta
237 3065 548 3106 murorum
575 3050 724 3120 ejus,
748 3056 808 3103 ut
829 3048 989 3104 omni
1020 3063 1197 3102 sensu
1217 3046 1423 3102 litterae
1447 3046 1809 3113 concidente,

1928 487 2018 543 die
2048 489 2197 557 belli,
2213 492 2265 544 et
2283 491 2709 546 commovebitur
2730 492 2790 545 in
2814 490 2906 545 die
2923 489 3406 545 consummationis
3424 504 3573 547 suae:

1927 581 1979 631 et
2008 578 2165 631 ibunt
2198 594 2349 646 reges
2380 580 2442 632 in
2486 579 2876 649 captivitatem,
2924 583 2979 642 —j-
3005 579 3307 633 sacerdotes
3335 592 3527 633 eorum
3557 595 3571 633 :

1927 673 1978 720 et
2006 667 2281 736 principes
2309 682 2496 722 eorum
2522 668 2709 733 simul,
2741 668 2882 722 dicit
2918 668 3196 722 Dominus.
3232 664 3403 721 Filios
3430 667 3576 721 Am-
3674 702 3679 706 -

1929 769 2065 808 mon
2100 753 2201 825 qui
2230 754 2300 809 de
2337 759 2433 810 Lot
2463 754 2643 826 stirpe
2665 754 2921 825 generati
2946 760 3105 821 sunt,
3138 759 3195 809 et
3225 753 3492 809 habitant
3511 754 3571 810 in

1929 842 2158 906 Arabia,
2179 842 2276 897 ubi
2300 859 2453 898 nunc
2471 847 2558 898 est
2579 841 3246 914 Philadelphia,corripit
3266 858 3458 898 sermo
3480 843 3575 897 di-

1925 930 2097 986 vinus
2114 948 2127 986 :
2144 948 2322 1000 quare
2335 932 2442 987 sub
2461 931 2632 987 Saulo
2654 948 2787 1005 rege
2797 932 2829 986 J
2835 932 3012 988 udaaae
3022 931 3175 987 Naas
3186 929 3452 986 Ammoni
3462 935 3571 1002 tes,

1926 1018 2198 1091 princeps
2238 1036 2463 1086 eorum,
2495 1020 2805 1076 vastaverit
2832 1021 2862 1076 J
2872 1021 3008 1076 abes
3056 1019 3296 1087 Galaad,
3329 1024 3384 1074 et
3408 1019 3573 1077 dese-

1926 1107 2111 1162 cuerit
2141 1114 2504 1180 praegnantes
2531 1110 2679 1178 ejus,
2713 1113 2778 1163 ut
2807 1108 3078 1164 dilataret
3105 1107 3388 1163 terminos
3410 1123 3571 1175 suos,

1925 1199 1983 1250 et
2012 1211 2245 1251 omnem
2270 1196 2598 1252 Galaaditin
2621 1214 2725 1271 suo
2745 1198 2989 1269 imperio
3007 1197 3353 1269 subjugaret
3383 1195 3571 1267 (lReg.

1922 1284 2023 1355 x1).
2039 1283 2207 1340 Unde
2223 1285 2615 1341 comminatur
2640 1302 3060 1342 succensurum
3076 1285 3344 1357 seignem
3363 1284 3421 1339 in
3446 1300 3575 1340 mu-

1924 1388 2019 1427 ros
2051 1372 2270 1441 Rahba,
2312 1390 2438 1446 quas
2474 1374 2582 1430 fuit
2613 1374 2950 1446 metropolis
2981 1373 3478 1443 Ammonitarum,
3512 1374 3577 1427 ut

1923 1460 2275 1517 devorentur
2303 1463 2453 1518 aedes
2481 1462 2641 1518 illius
2671 1465 2731 1518 in
2762 1463 3014 1519 clamore
3035 1462 3171 1519 etin
3200 1459 3429 1517 ululatu
3450 1460 3576 1516 vin-

1922 1548 2105 1604 centis
2154 1551 2478 1606 exercitus:
2510 1551 2569 1605 in
2604 1552 2697 1606 die
2728 1550 3139 1607 commotionis
3186 1553 3244 1606 et
3290 1548 3571 1618 turbinis,

1922 1639 2156 1708 quando
2186 1639 2394 1710 captivi
2426 1641 2572 1711 ejus,
2606 1639 3143 1695 Nabuchodonosor
3162 1639 3446 1704 vincente,
3471 1638 3575 1693 du—

1917 1731 2122 1781 centur
2146 1744 2158 1782 :
2182 1732 2239 1782 et
2256 1726 2479 1782 idolum
2497 1728 2988 1794 Ammonitarum,
3003 1728 3160 1799 quod
3181 1731 3421 1783 vocatur
3438 1726 3572 1782 Mel-

1916 1812 2110 1881 chom,
2162 1814 2220 1869 id
2271 1820 2379 1886 est,
2424 1831 2525 1870 rex
2571 1832 2783 1883 eorum,
2831 1815 3051 1871 feretur
3079 1816 3140 1870 in
3169 1815 3481 1886 Assyrios:
3517 1818 3576 1871 et

1915 1901 2208 1974 principes
2238 1904 2385 1974 ejus,
2420 1904 2474 1958 id
2509 1908 2618 1973 est,
2647 1904 2974 1960 sacerdotes
2994 1904 3122 1975 ejus
3144 1902 3363 1976 pariter
3384 1903 3570 1958 abdu-

1915 1994 2138 2045 centur.
2161 1990 2475 2046 Sacerdotes
2496 1992 2557 2046 in
2578 1991 2817 2048 Hebraeo
2844 2007 2962 2047 non
2984 1990 3255 2056 habetur,
3280 1991 3380 2046 sed
3406 1991 3568 2063 priu-

1915 2076 2093 2149 cipes.
2123 2079 2485 2135 Addiderunt
2516 2080 2714 2152 itaque
2744 2080 3130 2153 Septuaginta
3156 2078 3482 2147 sacerdotes,
3510 2083 3576 2135 ut

1917 2165 1965 2221 si
1985 2166 2128 2222 velis
2153 2167 2300 2222 seire
2322 2168 2424 2239 qui
2448 2168 2600 2223 scint
2621 2168 2706 2223 illi
2729 2168 3043 2240 principes,
3066 2168 3274 2223 audias
3297 2168 3573 2225 sacerdo-

1915 2256 2022 2310 tes.
2059 2254 2214 2310 Inter
2245 2254 2649 2310 crudelitatem
2696 2259 2894 2311 autem
2924 2256 3198 2312 Damasci
3228 2259 3286 2311 et
3314 2255 3572 2311 ﬁliorum

1915 2344 2165 2398 Ammon
2220 2342 2329 2399 hoc
2382 2344 2645 2414 interest,
2696 2345 2855 2416 quod
2888 2343 2973 2398 illi
3029 2360 3141 2399 con
3165 2344 3459 2399 triverunt
3514 2344 3573 2400 in

1918 2428 2198 2499 plaustris
2229 2431 2431 2487 ferreis
2462 2431 2703 2498 Galaad,
2742 2432 2860 2488 sive
2890 2432 2951 2486 in
2984 2430 3166 2487 serris
3199 2431 3403 2487 ferreis
3435 2447 3576 2502 prm-

1918 2523 2165 2589 gnantes
2177 2518 2394 2575 Galaad
2409 2523 2501 2588 (c):
2520 2520 2616 2576 isti
2637 2524 2831 2576 autem
2848 2520 3259 2576 disseeuerunt
3275 2535 3577 2592 praegnan.

1918 2610 2003 2674 tes
2032 2606 2271 2679 Galaad,
2300 2608 2370 2662 ad
2404 2607 2771 2664 dilatandum
2798 2608 3116 2663 terminum
3147 2624 3345 2663 suum.
3364 2607 3427 2662 In
3459 2607 3576 2663 Das

1920 2695 2231 2763 mascenis,
2256 2695 2355 2768 qui
2372 2695 2583 2752 bibunt
2607 2696 2975 2769 sanguinem,
2996 2695 3369 2767 accipiuntur
3388 2695 3576 2752 haere-

1876 2810 1877 2813 η
1916 2783 2039 2854 tici,
2058 2783 2158 2854 qui
2184 2800 2296 2839 non
2321 2783 2510 2839 solum
2536 2785 2816 2857 p0pulum
2846 2784 2940 2840 Dei
2967 2785 3039 2839 ab
3063 2783 3575 2853 Ec‘clesia(d)deri-

1920 2876 2193 2943 puerunt,
2226 2873 2328 2927 sed
2351 2876 2408 2928 et
2437 2873 2833 2929 contriverunt
2861 2889 3017 2940 eum,
3035 2877 3094 2928 et
3123 2871 3577 2928 eommolierunt

1920 2959 2123 3015 ferreis
2149 2959 2445 3031 dentibus,
2472 2961 2544 3016 de
2565 2960 2780 3032 quibus
2802 2961 3086 3032 scriptum
3110 2964 3229 3015 est:
3256 2960 3396 3029 Quid
3416 2959 3573 3016 devo-

1919 3052 2048 3103 rant
2058 3049 2274 3118 plebem
2284 3051 2629 3116 meam,sieut
2642 3066 2819 3105 escam
2830 3050 2994 3121 panis
3005 3049 3117 3121 (Ps.
3127 3065 3221 3120 ιιι,
3235 3049 3288 3120 5)
3300 3047 3329 3104 ?
3340 3049 3440 3105 23
3450 3050 3488 3103 7
3509 3049 3573 3104 In

157 3134 1370 3212 superandiﬁceturEcclesiaChristiDomini
1390 3133 1808 3190 fundamentis.
1842 3124 1885 3191 C
1922 3133 2060 3190 ﬁliis
2089 3138 2352 3203 Ammon,
2377 3137 2475 3208 qui
2500 3137 2917 3208 interpretatur
2934 3136 3171 3209 papulas
3188 3138 3459 3201 mroris,
3479 3133 3572 3191 vel

159 3231 268 3283 Pro
287 3224 1105 3296 misericordia,Septuaginta
1124 3224 1344 3278 vulvam
1365 3221 1811 3279 transtulerunt.

160 3315 225 3371 Et
252 3331 359 3387 pro
390 3314 609 3381 furore,
636 3314 916 3368 horrorem
943 3329 960 3365 :
992 3316 1049 3367 et
1078 3327 1181 3383 pro
1200 3311 1621 3383 indignatione,
1640 3312 1817 3382 impe-

159 3401 472 3470 tum,ducti
496 3400 879 3473 ambiguitate
894 3398 1224 3455 verborum:
1247 3399 1385 3471 quia
1404 3416 1598 3454 nsum
1622 3399 1814 3469 (om),

158 3495 222 3547 et
250 3491 469 3547 vulvam
497 3493 557 3544 et
576 3488 1016 3544 misericordiam
1037 3506 1055 3542 :
1070 3503 1293 3542 APHPHO
1313 3486 1552 3558 (15R),et
1571 3490 1819 3557 furorem

158 3582 364 3651 ejus,et
375 3578 661 3634 horrorem
688 3593 851 3632 suum
880 3575 1200 3648 signiﬁcat:
1228 3590 1445 3630 sanun
1466 3574 1667 3645 (may)
1688 3589 1821 3629 vero

158 3672 218 3724 et
261 3667 586 3737 indignatio
635 3670 693 3721 et
734 3667 968 3736 impetus
1017 3665 1245 3719 dicitur.
1281 3663 1456 3718 Porro
1505 3679 1823 3717 anmauoru

160 3756 471 3830 (mm-iu),
504 3771 653 3827 quas
685 3770 791 3809 nos
812 3753 955 3811 sedes
984 3752 1349 3825 interpretati
1382 3749 1828 3823 sumus,Aquila

158 3850 221 3902 et
252 3843 650 3918 Symmachus
684 3841 867 3917 βάρεις
899 3840 1070 3911 (b),id
1101 3845 1208 3907 est,
1229 3840 1457 3903 domos;
1485 3839 1826 3904 Theodotio,

159 3935 508 3989 habitatores
538 3929 871 3986 transtulit:
896 3928 1005 3985 soli
1037 3928 1422 4001 Septuaginta
1449 3931 1507 3983 et
1534 3926 1630 3982 hic
1659 3931 1716 3982 et
1737 3943 1831 3983 su-

157 4039 297 4095 pra,
332 4020 701 4092 fundamenta
732 4018 1024 4074 dixerunt.
1063 4075 1065 4079 ,

236 4109 438 4179 (Vers.
473 4109 561 4177 14,
593 4109 707 4179 15.)
738 4108 858 4163 Hae
907 4105 1040 4161 dicit
1086 4106 1352 4160 Dominus
1381 4122 1400 4159 :
1431 4105 1609 4176 Super
1660 4102 1834 4159 tribus

156 4198 476 4256 sceleribus
503 4196 657 4253 286
679 4195 924 4265 ﬁliorum
953 4194 1182 4249 Ammon
1205 4197 1259 4247 et
1280 4209 1443 4264 super
1470 4194 1708 4264 quatuor
1725 4207 1836 4247 non

157 4290 492 4346 convertam
511 4301 636 4341 eum
651 4301 669 4339 :
683 4288 747 4341 eo
767 4282 906 4356 quod
920 4283 1223 4338 desecuerit
1239 4284 1588 4352 prxgnantes
1606 4280 1835 4343 Galaad,

1918 3223 2156 3295 populus
2176 3241 2350 3291 meus,
2376 3224 2784 3280 schismaticos
2809 3224 3152 3297 accipimus,
3175 3225 3277 3296 qui
3299 3225 3575 3296 separant

1926 3311 2165 3383 quidem
2196 3314 2498 3384 deceptam
2530 3313 2969 3368 multitudinem
3000 3314 3071 3368 ab
3102 3312 3358 3368 Ecclesia
3379 3311 3496 3379 Dei,
3519 3316 3577 3367 et

1928 3401 2103 3455 rudes
2134 3399 2381 3466 animas,
2414 3417 2540 3473 quae
2571 3417 2759 3469 nuper
2787 3400 2997 3456 Christi
3020 3416 3334 3471 concepere
3355 3414 3574 3455 sermo-

1929 3503 2086 3558 nem,
2102 3488 2462 3559 abrumpunt
2481 3494 2538 3544 et
2550 3488 2815 3544 dividunt
2833 3504 2847 3543 :
2872 3492 3067 3543 tamen
3088 3487 3197 3542 hoc
3220 3503 3335 3542 non
3358 3486 3581 3542 faciunt

1931 3574 2415 3646 erudelitate,qua
2432 3575 2681 3630 haeretici
2702 3577 2969 3645 deceptos
2982 3590 3248 3646 quosque
3263 3573 3578 3642 trucidant,

1933 3663 2034 3717 sed
2067 3661 2126 3716 in
2156 3663 2359 3717 eadem
2392 3661 2593 3735 regula
2614 3662 2747 3717 ﬁdei
2770 3666 3200 3732 permanentes,
3223 3661 3467 3717 dilatare
3486 3676 3585 3716 cu-

1936 3751 2104 3821 piunt
2132 3751 2414 3805 terminos
2445 3766 2603 3817 suos,
2654 3754 2711 3805 et
2761 3765 2974 3805 nomen
3005 3749 3201 3822 glorise
3232 3750 3291 3805 in
3322 3753 3584 3821 posteros

1938 3839 2189 3894 mittere.
2209 3840 2407 3911 itaque
2424 3837 2709 3893 Dominus
2726 3838 3120 3894 comminatur
3135 3855 3198 3894 se
3219 3854 3420 3893 muros
3433 3837 3586 3893 Rab-

1940 3927 2046 3992 bie,
2094 3926 2151 3981 id
2201 3931 2310 3996 est,
2361 3925 2778 3994 multitudinis,
2821 3925 2883 3981 in
2924 3927 3017 3982 die
3046 3925 3309 3982 ululatus
3337 3931 3397 3982 et
3424 3923 3585 3992 belli,

1940 4014 2350 4070 commotionis
2405 4020 2463 4070 et
2516 4014 2773 4070 turbinis
2828 4015 3232 4087 incensurum,
3294 4020 3351 4072 et
3394 4018 3589 4088 regem

1943 4119 2168 4170 eorum,
2189 4109 2487 4159 auctorem
2511 4103 2846 4160 schismatis
2867 4105 2950 4160 ire
2974 4105 3362 4177 captivum,et
3384 4102 3596 4177 princi-

1946 4206 2049 4264 pes
2078 4191 2347 4248 Ecclesiae
2377 4193 2522 4264 jugo
2553 4192 2702 4247 colla
2730 4193 3095 4256 submittere,

2016 4280 2175 4352 (Cap.
2227 4281 2297 4336 ΙΙ.
2330 4311 2400 4321 ——
2428 4280 2591 4336 Vers.
2649 4282 2673 4336 1
2710 4281 2902 4353 seqq.)
2951 4282 3070 4336 Haec
3113 4281 3249 4336 dicit
3294 4281 3595 4335 Dominus:

155 4377 237 4434 ad
257 4375 621 4432 dilatandum
638 4374 943 4429 terminum
962 4388 1122 4426 suum
1138 4388 1160 4432 ,·
1177 4378 1229 4426 et
1245 4369 1566 4426 succendam
1581 4371 1765 4441 ignem
1779 4370 1840 4423 in
1948 4370 2120 4441 Super
2165 4372 2339 4425 tribus
2383 4370 2676 4426 sceleribus
2724 4369 2875 4424 Moab
2897 4387 2915 4423 :
2957 4374 3008 4425 et
3034 4384 3200 4440 super
3229 4375 3462 4440 quatuor
3487 4380 3600 4421 non

154 4480 336 4522 muro
370 4462 599 4533 Rabbas,
629 4470 682 4517 et
703 4460 985 4517 devorabit
1013 4459 1153 4515 (edes
1181 4459 1297 4530 ejus
1326 4458 1386 4512 in
1410 4458 1633 4512 ululatu
1663 4459 1723 4511 in
1753 4456 1849 4525 die
1876 4479 1919 4543 Β
1948 4466 2259 4513 convertam
2302 4473 2427 4512 eum
2456 4475 2474 4511 :
2521 4473 2580 4513 eo
2631 4457 2769 4528 quod
2819 4456 3121 4513 incenderit
3150 4472 3268 4513 ossa
3296 4456 3444 4524 regis
3473 4453 3599 4509 Idu-

159 4555 334 4621 belli,
350 4556 408 4609 et
437 4553 497 4607 in
526 4551 749 4606 turbine
769 4551 831 4605 in
848 4550 946 4605 die
969 4548 1437 4604 commotionis:et
1464 4546 1570 4601 ibit
1590 4544 1845 4600 Melchom
1953 4562 2104 4601 musae
2133 4561 2302 4618 usque
2329 4546 2400 4601 ad
2432 4544 2539 4617 [ΑΙ.
2574 4546 2655 4616 in]
2701 4547 2960 4601 cinerem.
2995 4548 3059 4600 Et
3087 4546 3301 4600 mittam
3329 4545 3513 4614 ignem
3538 4543 3602 4597 in

158 4646 233 4698 in
263 4642 672 4714 captivitatem,
704 4639 820 4711 ipse
846 4640 898 4694 et
919 4638 1201 4709 principes
1229 4636 1346 4707 ejus
1376 4635 1565 4701 simul,
1588 4633 1723 4689 dicit
1740 4633 1843 4689 Do-
1954 4634 2126 4701 Moab,
2173 4638 2226 4690 et
2269 4634 2543 4690 devorabit
2585 4634 2729 4690 mdes
2767 4632 2988 4689 Carioth
3015 4650 3028 4689 :
3061 4637 3114 4689 et
3141 4632 3408 4688 morietur
3434 4632 3495 4685 in
3521 4644 3604 4686 so-

154 4733 397 4788 minus.
432 4728 575 4785 LXX
606 4746 620 4783 :
652 4728 776 4784 Haec
802 4726 936 4782 dicit
985 4726 1245 4782 Dominus
1276 4740 1289 4778 :
1326 4723 1501 4795 Super
1545 4724 1718 4779 tribus
1747 4723 1850 4778 im-
1956 4724 2083 4779 nitu
2129 4722 2279 4777 Moab
2326 4724 2384 4776 in
2429 4722 2684 4790 clangore
2714 4723 2865 4778 tubae
2893 4738 2906 4777 :
2954 4723 3005 4777 et
3033 4719 3345 4791 disperdam
3371 4718 3608 4789 iudicem

156 4820 491 4893 pietatibus
518 4817 763 4888 filiorum
787 4817 1014 4871 Ammon
1042 4818 1095 4870 et
1119 4829 1287 4885 super
1307 4816 1545 4886 quatuor
1564 4828 1675 4868 non
1694 4826 1849 4867 aver-
1960 4810 2067 4882 [ΑΙ.
2101 4810 2186 4880 de]
2212 4812 2271 4865 in
2302 4809 2481 4865 medio
2511 4811 2648 4875 eius,
2680 4818 2731 4864 et
2759 4825 2943 4866 omnes
2961 4811 3239 4882 principes
3263 4809 3381 4880 ejus
3401 4806 3611 4876 interﬁ-

162 4908 354 4965 sabor
375 4906 715 4978 eos,eoquod
732 4905 1039 4961 desecuerit
1053 4910 1407 4975 prwgnantes
1420 4898 1850 4980 Galaaditarum,
1959 4902 2100 4955 ciam
2133 4915 2257 4954 cum
2284 4914 2365 4965 eo,
2415 4898 2549 4953 dicit
2577 4899 2860 4953 Dominus.
2896 4897 3035 4981 LXX
3061 4913 3075 4952 :
3111 4900 3230 4953 Hac
3256 4896 3393 4952 dicit
3420 4895 3612 4951 Domi-

164 5002 243 5052 ut
276 4996 552 5052 dilataret
582 4996 842 5051 terminos
862 5009 992 5049 suos
1018 5010 1031 5047 :
1059 4994 1110 5047 et
1138 4991 1465 5047 succendam
1493 4991 1672 5058 ignem
1692 5002 1857 5058 super
1961 5004 2065 5044 nus
2090 5004 2104 5043 ε
2135 4987 2309 5058 Super
2338 4987 2516 5042 tribus
2548 4988 2918 5059 impietatibus
2946 4985 3095 5041 Moab
3118 4994 3169 5041 et
3196 5000 3359 5057 super
3378 4986 3615 5055 quatuor

1966 5129 2218 5186 maxime
2247 5127 2573 5183 necessaria
2607 5128 2677 5183 ad
2712 5126 3175 5183 Ammonitarum
3221 5124 3614 5180 differentiam

1968 5201 2285 5271 notandam
2306 5200 2571 5271 peric0pe
2589 5217 2601 5255 :
2622 5200 2718 5254 isti
2733 5203 2913 5255 autem
2930 5198 3304 5253 dissecuerunt
3318 5210 3615 5268 praegnan-

1969 5270 2474 5423 tesogalfggbdum
2502 5345 2608 5408 est,
2629 5340 2708 5396 ait
2727 5339 3039 5406 Victorius,
3058 5341 3413 5419 diruperun_t,
3435 5342 3502 5392 ut
3518 5335 3621 5418 ali-

1972 5421 2114 5467 ouot
2162 5416 2363 5467 Brumae
2408 5413 2576 5467 codd.
2626 5411 2829 5467 legunt
2854 5430 2872 5465 :
2922 5428 3039 5467 uua
3084 5428 3191 5467 vox
3221 5425 3410 5467 magis
3440 5411 3621 5467 uerti-

259 5413 568 5622 idem?
594 5507 787 5547 errore
815 5492 888 5547 ob
920 5490 1182 5572 ejusdem
1215 5486 1372 5544 vocis
1407 5482 1635 5568 Galaad
1654 5500 1831 5544 occur

259 5580 340 5622 an
395 5562 459 5622 in
570 5563 781 5621 artian.
830 5562 1106 5622 editione.
1154 5555 1549 5622 uretermissa
1596 5558 1687 5617 est
1734 5557 1821 5621 has

1972 5413 2114 5487 quot
2162 5413 2363 5469 Brixiae
2408 5413 2576 5468 codd.
2626 5413 2872 5483 legunt:
2922 5428 3039 5483 qua
3084 5428 3191 5467 vox
3221 5413 3410 5491 magis
3440 5413 3622 5481 perti-

1973 5484 2525 5619 pgltigﬁuspissuram
2557 5487 2615 5540 et
2645 5482 2988 5558 sectionem,
3018 5482 3089 5540 de
3115 5498 3313 5556 quam
3339 5478 3626 5556 propheta

179 5555 340 5631 mhi
395 5562 459 5628 in
507 5555 781 5622 ilartian.
830 5555 1106 5634 editione,
1154 5555 1549 5635 pretermissa
1596 5558 1687 5617 est
1734 5557 1865 5621 hac
1975 5556 2270 5619 scribitur.

538 5689 809 5775 Parion.
851 5686 1035 5756 XXV.

261 5138 347 5210 (a)
383 5142 496 5195 Pro
524 5138 720 5205 Iacob,
753 5136 1007 5210 Palatini
1035 5149 1374 5210 m_ss._suum
1411 5132 1635 5210 legunt,
1670 5127 1855 5210 Victo-

173 5200 678 5295 rius'utrumque
700 5200 959 5265 retinuit.
984 5206 1153 5264 Levia
1182 5204 1239 5259 id
1272 5218 1456 5277 genus
1474 5200 1594 5256 alia
1624 5202 1858 5271 praeter-

176 5297 594 5477 ωἷέξιὶθοοιθ
642 5366 771 5422 qua;
797 5367 976 5423 supra
1024 5350 1405 5407 observamus
1454 5342 1516 5398 in
1564 5341 1708 5397 Osee
1734 5354 1858 5409 vm,

3234 5679 3317 5753 εἰ
