3986 6190
520 338 674 401 1003

1761 352 1826 412 S.
1873 346 2185 413 EUSEBII
2226 346 2671 412 HlERONYMI

3667 361 3772 429 um

508 490 618 529 non
648 476 939 531 aversabor
977 491 1064 532 eos
1100 476 1208 550 [AL
1241 479 1425 550 eum]:
1453 497 1559 553 pro
1587 498 1650 537 eo
1678 484 1820 554 quod
1848 483 2150 539 incenderit
2178 485 2233 550 Α
2262 481 2431 537 buret
2479 481 2633 555 regis
2683 482 2968 539 ldumaa.
3019 483 3091 540 Et
3133 484 3339 544 idcirco
3383 489 3547 546 mittet
3569 487 3770 554 Dominus

505 578 626 617 ossa
655 566 799 636 regis
826 564 1088 623 Idumam
1117 570 1173 623 in
1202 572 1442 625 cinerem
1471 589 1483 627 :
1517 579 1568 627 et
1596 574 1847 628 emittam
1874 575 2059 642 ignem
2087 574 2149 627 in
2255 569 2451 641 ignem
2482 570 2541 624 in
2572 571 2757 637 Moab,
2791 572 2892 642 qui
2922 571 3329 645 interpretatur
3346 593 3409 632 ex
3427 582 3577 650 patre,
3604 597 3654 637 eo
3671 585 3773 654 quod

504 653 682 719 Moab,
706 658 755 709 et
781 655 1067 711 devorabit
1093 659 1457 729 fundamenta
1484 662 1770 716 civitatum
1802 663 1935 733 ejus,
1959 671 2010 718 et
2030 679 2144 718 mo-

502 743 678 797 rietur
706 745 763 797 in
797 745 1122 816 inﬁrmitate
1145 747 1296 802 Moab
1325 766 1448 803 cum
1475 751 1735 816 clamore,
1787 760 1838 805 et
1869 768 1993 805 cum
2018 767 2146 807 voce

500 831 647 888 tubae
671 849 690 886 :
720 840 771 887 et
799 832 1108 905 disperdam
1121 837 1378 906 judicem
1400 855 1468 893 ex
1486 855 1571 907 ea,
1601 843 1651 893 et
1670 856 1852 895 omnes
1871 842 2145 911 principes

497 921 615 991 ejus
648 920 981 992 inter/icium
1013 924 1107 993 (α),
1138 924 1271 981 dicit
1299 928 1577 982 Dominus.
1628 928 1753 983 Non
1800 927 1993 983 solum
2041 928 2144 983 ﬁlii

498 1012 772 1076 Ammon,
807 1011 907 1066 sed
938 1016 994 1066 et
1014 1013 1180 1068 Moab
1202 1014 1273 1068 de
1304 1015 1410 1069 Lot
1431 1015 1652 1070 semine
1674 1020 2011 1087 procreatus
2031 1021 2140 1086 est,

498 1094 599 1167 qui
629 1096 827 1153 fratris
870 1099 1163 1156 Abraham
1210 1100 1363 1157 filius
1395 1103 1523 1159 fuit.
1575 1105 1643 1159 Et
1673 1108 1739 1159 ut
1783 1105 2051 1160 ostendat
2079 1120 2140 1161 se

501 1186 653 1240 Deus
700 1186 966 1242 omnium
1020 1189 1349 1261 Dominum,
1404 1199 1460 1247 et
1505 1196 1742 1248 cunctas
1791 1193 2017 1248 animas
2065 1194 2138 1249 ad

496 1290 694 1346 suum,
725 1276 825 1348 qui
856 1293 1057 1333 earum
1083 1280 1347 1335 conditor
1366 1285 1473 1346 est,
1496 1280 1805 1352 imperium
1828 1281 2135 1353 pertinere,

495 1363 648 1436 regis
678 1381 911 1437 quoque
941 1367 1327 1423 Idumaorum
1351 1369 1626 1440 injuriam
1659 1369 1931 1436 vindicat,
1955 1371 2138 1426 immo

492 1452 687 1509 scelus
716 1455 870 1526 quod
902 1455 963 1511 in
994 1474 1128 1511 eum
1161 1475 1194 1511 a
1224 1457 1490 1513 Moabitis
1524 1463 1919 1530 perpetratum
1941 1463 2049 1529 est,
2074 1463 2140 1516 ut

492 1557 627 1597 ossa
655 1543 784 1614 ejus
812 1560 1000 1615 usque
1030 1547 1102 1600 ad
1133 1546 1384 1601 cinerem
1417 1552 1873 1615 concremarent,
1903 1552 1957 1602 et
1978 1548 2136 1602 savi-

488 1629 631 1686 tiam
662 1649 833 1689 suam
852 1639 910 1689 et
930 1634 1152 1689 rabiem
1177 1650 1281 1689 nec
1305 1634 1362 1688 in
1393 1640 1576 1689 morte
1604 1634 1856 1690 ﬁnirent.
1875 1635 2136 1691 Tradunt

485 1721 732 1790 Hebrai,
766 1739 921 1793 ossa,
956 1723 1109 1795 regis
1140 1724 1403 1778 Idumaa
1427 1724 1553 1794 jam
1587 1723 1820 1795 sepulti,
1868 1724 1964 1795 qui
1997 1741 2133 1778 cum

479 1810 679 1865 Joram
709 1827 842 1883 rege
874 1811 1051 1866 Israel
1079 1815 1136 1866 et
1162 1811 1445 1882 Josaphat
1465 1828 1596 1883 rege
1618 1811 1648 1866 J
1656 1812 1770 1866 uda
1792 1812 2131 1868 ascenderat

482 1901 790 1956 adversum
843 1899 1033 1970 Moab,
1084 1900 1142 1954 in
1193 1900 1474 1955 ultionem
1524 1899 1740 1955 doloris
1788 1917 1822 1954 a
1861 1900 2130 1956 Moabitis

479 1994 684 2060 postea
706 1988 985 2045 convulsa
999 1994 1167 2058 atque
1190 2005 1472 2044 succensa
1488 1988 1582 2060 (IV
1602 1990 1726 2059 Reg.
1753 1993 1857 2056 In).
1874 1988 1959 2043 Ob
1977 1990 2129 2045 hanc

479 2095 639 2151 ergo,
661 2079 955 2152 inquiunt,
978 2093 1215 2134 causam
1239 2077 1390 2133 Deus
1412 2079 1735 2133 missurum
1756 2094 1886 2134 esse
1906 2095 1968 2133 se
1988 2077 2130 2133 dicit

479 2169 675 2240 ignem
706 2168 766 2222 in
800 2168 986 2229 Moab,
1024 2167 1111 2222 vel
1139 2167 1505 2238 metropolim
1525 2168 1931 2236 Moabitarum,
1957 2185 1991 2223 a
2011 2184 2129 2238 qua

477 2260 601 2313 tota
647 2261 736 2312 est
786 2255 1077 2329 appellata
1129 2257 1281 2312 238
1332 2256 1645 2328 provincia,
1675 2255 1762 2312 vel
1794 2256 2125 2312 universam

475 2345 857 2417 provinciam,
909 2351 975 2400 ut
1019 2346 1253 2400 devoret
1298 2345 1402 2416 [ΑΙ.
1455 2345 1777 2416 devoraret]
1822 2345 1974 2400 ades
2019 2345 2123 2400 Ca-

477 2432 654 2501 rioth,
685 2434 841 2504 quod
875 2449 1089 2489 nomen
1120 2437 1211 2489 est
1241 2433 1489 2488 civitatis
1519 2451 1531 2489 :
1580 2434 1717 2489 licet
1746 2434 2126 2505 Septuaginta

473 2523 699 2579 urbium
727 2526 850 2594 eius
878 2522 1240 2594 interpretati
1274 2522 1410 2589 sint,
1443 2521 1501 2576 id
1534 2527 1622 2577 est
1652 2523 1820 2577 Moab
1848 2540 1860 2576 :
1898 2522 2120 2594 peritu-

472 2627 723 2684 rumque
752 2611 814 2666 in
842 2612 1037 2667 sonitu
1067 2616 1125 2666 et
1154 2611 1213 2665 in
1238 2609 1463 2667 ululatu
1483 2610 1771 2667 vincentis
1794 2611 2080 2667 exercitus
2105 2629 2118 2666 :

472 2717 721 2772 quorum
746 2700 1024 2756 Hebraice
1054 2700 1301 2755 alterum
1324 2699 1539 2756 dicitur
1564 2715 1703 2755 saoa
1722 2701 1951 2788 (11am),
1979 2699 2119 2755 alte-

471 2805 603 2845 rum
635 2789 711 2860 (b)
741 2806 965 2845 rasam
997 2788 1229 2859 (mmn)
1264 2805 1276 2842 :
1328 2792 1385 2843 et
1423 2788 1483 2844 in
1514 2788 1784 2860 clangore
1814 2790 1968 2843 tuba
2000 2789 2119 2844 sive

470 2877 754 2943 buccina,
806 2877 914 2932 hoc
946 2876 1358 2946 enim;somian
1387 2877 1584 2948 (151W)
1616 2877 1933 2949 significat.
1974 2880 2117 2933 Cum

470 2982 584 3037 que
604 2965 842 3037 perierit
863 2966 1030 3021 Moab
1053 2983 1066 3033 ;
1098 2982 1315 3020 vanum
1338 2965 1449 3020 erit
1469 2965 1797 3036 principum
1817 2965 2116 3036 judicum-

469 3070 583 3126 que
611 3054 944 3125 consilium,
966 3055 1211 3109 urbibus
1243 3053 1457 3126 pariter
1485 3054 1853 3126 ducibusque
1874 3054 2116 3110 subver-

470 3143 571 3199 sis.
620 3143 1160 3212 Quomodo§autem
1192 3158 1306 3197 non
1337 3145 1559 3212 oportet
1587 3142 1902 3198 transferre
1933 3143 2114 3215 capti-

2256 662 2430 713 natus
2465 659 2702 730 quidem
2725 659 2800 715 sit
2824 677 2892 715 ex
2917 662 3048 730 Deo,
3084 663 3185 718 sed
3216 681 3341 720 eum
3370 666 3637 739 reliquerit.
3655 671 3775 727 Etde-

2252 747 2479 801 vorabit
2508 746 2796 815 civitates,
2827 749 2949 805 sive
2980 751 3195 823 oppida
3215 752 3354 824 ejus,
3384 756 3522 827 quod
3540 756 3779 829 interpreta-

2252 838 2350 889 tur
2398 834 2638 891 Carioth.
2696 835 2859 891 Unde
2900 843 2955 892 et
2986 839 3376 897 Cariatbiarim
3404 842 3459 898 in
3485 842 3694 916 linguam
3714 862 3777 901 no-

2252 927 2434 1007 stram
2457 924 2722 990 vertitur,
2747 926 2881 980 villa
2901 927 3190 983 silvarum.
3214 929 3276 984 Et
3298 947 3405 986 non
3425 929 3571 987 aliter
3585 933 3781 989 morietur

2251 1009 2442 1077 Moab,
2476 1011 2589 1066 nisi
2613 1012 2671 1066 in
2700 1012 2973 1082 clamore,
3000 1020 3057 1069 et
3076 1016 3289 1087 sonitu,
3311 1023 3363 1074 et
3391 1018 3607 1085 ululatu,
3627 1027 3670 1077 et
3682 1021 3780 1077 clan-

2252 1113 2388 1169 gore
2416 1098 2699 1166 buccinae,
2733 1102 2884 1157 289
2920 1108 2983 1157 ut
3003 1104 3246 1160 excelsis
3274 1106 3522 1163 sensibus
3538 1108 3781 1180 oppriman-

2250 1189 2365 1252 tur,
2387 1202 2515 1257 qua
2539 1187 2599 1241 in
2624 1186 2843 1244 sanctis
2867 1189 3041 1247 libris,
3069 1191 3426 1266 clangoribus
3452 1195 3668 1251 buccina
3684 1213 3785 1252 com-

2249 1280 2551 1344 parantur.
2577 1276 2742 1331 Tunc
2763 1281 2819 1332 et
2834 1278 3068 1348 judices
3087 1285 3145 1336 et
3164 1282 3463 1354 principes,
3481 1289 3533 1339 et
3548 1300 3708 1340 omnes
3722 1283 3787 1356 qui

2247 1369 2508 1434 prasunt
2538 1363 2785 1420 terrenis
2816 1366 3111 1438 operibus,
3145 1370 3388 1426 destruit
3415 1387 3583 1428 sermo
3605 1372 3787 1440 divinus,

2247 1453 2300 1504 et
2333 1451 2595 1523 praecipit
2624 1451 2891 1508 Ecclesia
2922 1455 3257 1513 doctoribus
3284 1474 3296 1512 :
3331 1460 3389 1513 In
3413 1464 3623 1516 montem
3659 1460 3787 1515 euel-

2243 1554 2367 1592 sum
2396 1540 2622 1595 ascende
2650 1542 2748 1613 qui
2772 1544 3119 1613 euangelizas
3146 1546 3302 1615 Sion,
3322 1548 3497 1604 exaltu
3521 1554 3787 1605 voceth

2244 1628 2343 1696 qui
2367 1627 2643 1697 praedicas
2670 1630 2971 1686 Ierusalem
3000 1633 3152 1703 (Isai.
3184 1651 3277 1706 XL,
3303 1636 3378 1707 9).

2316 1716 2502 1785 (Vers.
2535 1717 2588 1787 4,
2619 1716 2698 1789 5.)
2737 1718 2859 1773 Hac
2886 1719 3021 1776 dicit
3048 1721 3349 1779 Dominus:
3382 1723 3538 1796 Super
3561 1723 3700 1780 tribus
3716 1738 3790 1779 sce-

2242 1803 2450 1872 leribus
2478 1805 2640 1872 Iuda,
2670 1809 2720 1860 et
2738 1822 2903 1877 super
2920 1816 3154 1879 quatuor
3172 1827 3284 1866 non
3304 1822 3587 1868 convertam
3609 1825 3732 1866 eum:
3752 1825 3791 1865 eo

2238 1890 2376 1960 quod
2405 1891 2670 1963 abjecerit
2702 1894 2874 1965 legem
2895 1896 3129 1969 Domini,
3152 1904 3205 1953 et
3223 1899 3472 1956 mandata
3491 1902 3593 1972 ejus
3607 1914 3697 1955 non
3710 1913 3791 1952 cuu-

2239 1980 2463 2035 todierit
2482 1996 2501 2035 .·
2530 1981 2853 2053 deceperunt
2881 1987 3033 2040 enim
3060 2003 3151 2042 eos
3179 1988 3325 2043 idola
3350 2005 3442 2044 sua
3458 1996 3563 2060 post
3579 2001 3680 2059 quae
3694 1985 3791 2040 abie-

2238 2073 2371 2123 rant
2402 2077 2583 2139 patres
2611 2085 2820 2138 eorum,
2853 2081 2904 2128 et
2928 2078 3147 2129 mittam
3179 2079 3360 2145 ignem
3386 2079 3443 2132 in
3465 2076 3608 2145 Iuda,
3631 2076 3791 2131 etdem

2237 2157 2381 2211 rabit
2428 2158 2570 2214 aedes
2615 2161 2951 2216 Jerusalem.
3000 2162 3137 2218 LXX
3173 2181 3187 2219 :
3238 2169 3373 2223 [Iac
3407 2166 3528 2220 dicit
3554 2164 3790 2224 Dominus;

2236 2249 2416 2316 Super
2443 2247 2618 2302 tribus
2650 2250 3029 2320 impietatibus
3056 2252 3306 2322 ﬁliorum
3332 2254 3791 2325 Juda,etsuperqua-

2235 2337 2361 2389 tuor
2379 2351 2490 2390 non
2512 2338 2806 2393 aversabor
2826 2354 2913 2393 eos
2924 2356 2943 2393 :
2964 2342 3102 2411 quia
3117 2343 3429 2412 repulerunt
3447 2343 3600 2412 legem
3617 2338 3787 2401 Domini,

2234 2430 2287 2477 et
2309 2432 2588 2495 praecepta
2618 2426 2774 2480 illius
2802 2443 2913 2483 non
2942 2428 3333 2499 custodierunt,
3363 2440 3412 2487 et
3441 2430 3620 2501 decepti
3642 2426 3793 2483 suntin

2231 2512 2573 2567 vanitatibus
2604 2516 2742 2582 suis,
2773 2514 2842 2586 (ε)
2873 2531 3008 2587 quas
3034 2521 3208 2574 secuti
3233 2528 3358 2575 sunt
3373 2522 3541 2591 patres
3556 2532 3709 2574 eorum
3725 2531 3741 2568 :
3759 2516 3793 2566 et

2231 2599 2486 2655 emittam
2508 2602 2690 2672 ignem
2711 2604 2769 2657 in
2789 2605 2961 2676 Iuda,
2985 2614 3037 2661 et
3052 2606 3335 2664 devorabit
3349 2607 3667 2679 fundamenta
3680 2605 3793 2661 leru-

2228 2688 2417 2743 salem.
2440 2688 2674 2746 Cateris
2696 2693 3058 2763 supradictis
3080 2696 3351 2767 urbibus,
3368 2697 3705 2769 gentibusque
3718 2690 3793 2746 Da-

2231 2791 2427 2833 masco
2458 2783 2515 2832 et
2541 2784 2746 2849 Azoto,
2781 2780 3073 2850 Ascaloni,
3122 2784 3312 2856 Gaza,
3352 2789 3606 2851 Ascaron,
3632 2786 3678 2838 et
3699 2777 3791 2835 reli-

2229 2864 2363 2935 quis
2381 2866 2611 2937 oppidis
2629 2868 3258 2946 Palastinorum,Tyro
3275 2890 3497 2946 quoque
3515 2872 3789 2933 etldumee,

2226 2958 2283 3006 et
2317 2952 2454 3009 ﬁliis
2482 2957 2732 3012 Ammon
2766 2965 2823 3013 et
2850 2959 3016 3015 Moab
3048 2977 3166 3016 non
3199 2963 3470 3035 exprobat
3497 2959 3633 3033 quod
3656 2958 3790 3029 legem

2226 3039 2324 3097 Dei
2370 3043 2707 3113 abjecerint,
2757 3052 2815 3102 et
2863 3046 3022 3104 illius
3077 3052 3360 3108 mandata
3387 3046 3788 3121 contempserint;

2227 3146 2340 3185 non
2360 3132 2518 3187 enim
2536 3133 2868 3190 habuerunt
2883 3137 3165 3209 scriptam
3182 3139 3391 3213 legem,
3406 3140 3499 3197 sed
3519 3134 3789 3194 naturalem.

472 3231 710 3288 vitatem
742 3230 1079 3303 perfectam,
1123 3230 1239 3285 sive
1267 3229 1616 3292 Salomonis,
1668 3234 1725 3285 et
1769 3231 2113 3288 concludere
2144 3217 2187 3284 C
2225 3216 2388 3275 Unde
2435 3221 2578 3277 dicit
2620 3238 2719 3278 903
2763 3224 3012 3282 νίοῙθοεεθ
3051 3227 3282 3286 Viscera
3311 3228 3532 3302 Propria
3557 3225 3791 3283 θίνίθθθη

472 3335 602 3375 eam
624 3318 684 3373 in
708 3319 979 3387 Idumaa,
1011 3322 1078 3373 ut
1097 3318 1168 3373 de
1189 3316 1431 3373 excelsis
1454 3318 1627 3390 atque
1649 3317 1980 3374 coelestibus
2006 3320 2114 3375 hu-

471 3409 641 3465 miles
670 3408 846 3465 taciat
872 3413 1048 3480 atque
1077 3412 1357 3475 terrenos,
1390 3408 1543 3477 quod
1576 3407 1728 3462 Gaza
1746 3412 1801 3462 et
1825 3411 2008 3480 Tyrus
2036 3409 2116 3465 fe«

468 3499 619 3556 cisse
670 3501 1118 3554 memorantur:
1174 3495 1255 3552 sic
1301 3512 1435 3552 ossa
1478 3495 1631 3567 regis
1663 3497 1926 3552 Idumaa
1957 3514 2112 3553 com-

467 3587 677 3644 burere
708 3603 823 3643 non
850 3586 1151 3653 debemus,
1171 3589 1228 3641 et
1253 3585 1312 3640 in
1335 3584 1588 3640 cinerem
1609 3583 1982 3657 favillamque
2002 3586 2116 3642 dis-

466 3675 708 3732 solvere.
726 3673 913 3730 Judai
932 3674 1294 3731 transferunt
1313 3672 1759 3745 intelligentiam
1790 3673 2112 3746 spiritalem

463 3763 752 3822 incarnes
782 3764 1072 3820 Idumaas
1099 3780 1111 3819 :
1147 3779 1506 3835 sensumque
1527 3762 1771 3835 regium,
1800 3763 1899 3834 qui
1924 3780 2112 3820 versa-

464 3859 563 3911 tur
579 3855 639 3913 in
662 3854 876 3921 littera,
908 3856 965 3908 et
993 3857 1078 3908 est
1100 3850 1495 3908 solidissimus
1515 3854 1689 3923 atque
1711 3852 2108 3925 firmissimus,

463 3941 819 4016 genealogiis
864 3940 1221 4012 quibusdam
1251 3944 1309 3994 et
1338 3938 1751 3996 traditionibus
1795 3942 2110 4013 superﬂuis

465 4034 744 4086 enervant
772 4033 948 4100 atque
979 4028 1408 4099 comminuunt,
1436 4032 1494 4084 et
1540 4028 1598 4083 in
1631 4028 1927 4101 pulverem
1957 4034 2108 4088 redi-

462 4122 647 4190 gunt;
684 4122 741 4173 et
768 4133 883 4172 non
916 4116 1106 4172 solum
1137 4114 1221 4169 illi
1246 4115 1354 4171 hoc
1377 4116 1616 4187 faciunt,
1648 4119 1746 4174 sed
1773 4135 1976 4176 omnes
1997 4121 2109 4177 ha-

461 4205 648 4273 retici,
680 4206 782 4278 qui
811 4204 1013 4261 volunt
1042 4204 1100 4258 in
1134 4205 1375 4259 modum
1407 4205 1675 4261 humana
1697 4207 2106 4267 similitudinis

459 4295 662 4353 sedere
712 4299 895 4349 Deum
945 4293 1006 4348 in
1050 4291 1194 4348 solio
1231 4291 1453 4349 excelso
1484 4298 1542 4349 et
1571 4294 1811 4364 elevato,
1842 4301 1899 4353 et
1927 4300 2105 4371 pedes

456 4400 673 4457 ponere
701 4399 878 4456 super
908 4387 1143 4449 terram,
1177 4398 1250 4437 ne
1279 4380 1499 4437 scilicet
1528 4384 1820 4455 pendeant
1845 4403 1857 4441 :
1891 4386 2103 4444 habere

456 4490 690 4543 nasum,
742 4488 857 4545 quo
906 4472 1181 4527 odoretur
1228 4471 1464 4526 odorem
1515 4473 1675 4527 bona
1725 4475 2097 4546 fragrantia:

2228 3307 2660 3381 misericordia,
2688 3316 2745 3368 et
2765 3315 3107 3372 contrivisse
3130 3317 3192 3372 in
3216 3316 3487 3391 plaustris
3506 3314 3676 3372 ferreis
3692 3323 3794 3383 pre-

2224 3401 2472 3469 gnantes
2505 3398 2740 3470 Galaad,
2792 3407 2850 3458 et
2879 3404 3263 3463 transtulisse
3292 3407 3649 3479 captivitatem
3673 3398 3793 3456 Salo-

2226 3486 2440 3555 monis,
2490 3489 2609 3545 sive
2658 3492 2997 3564 perfectam,
3029 3501 3086 3550 et
3115 3498 3476 3554 conclusisse
3502 3495 3555 3550 in
3581 3492 3790 3550 Idumaeos

2224 3592 2329 3631 nec
2358 3594 2487 3633 esse
2515 3581 2850 3636 recordatos
2872 3582 3107 3638 foederis
3128 3592 3369 3656 patrum
3393 3599 3625 3648 suorum.
3641 3582 3796 3648 cipe"

2225 3671 2456 3722 secutos
2485 3682 2613 3723 esse
2647 3668 2703 3722 in
2733 3668 2927 3741 gladio
2959 3672 3201 3730 fratrem
3233 3690 3445 3730 suum:
3476 3676 3526 3729 et
3547 3671 3593 3725 in
3616 3666 3791 3721 tantum

2222 3769 2339 3808 non
2361 3755 2490 3811 dico
2509 3756 2934 3827 crudelitatem,
2953 3761 3055 3816 sed
3080 3762 3309 3820 rabiem
3332 3750 3792 3836 prorupisse,utin-

2219 3843 2533 3901 canderent
2579 3862 2714 3901 ossa
2760 3847 2915 3920 regis
2963 3850 3257 3920 Idumaa,
3303 3856 3361 3908 et
3393 3868 3501 3907 non
3526 3843 3792 3921 paterentur

2218 3935 2466 3988 mortem
2496 3949 2625 3989 esse
2654 3935 2920 3992 omnium
2965 3941 3296 3996 extremum
3328 3940 3615 3996 malorum.
3655 3928 3792 3988 ludas

2218 4025 2437 4090 autem,
2455 4021 2514 4076 in
2537 4038 2653 4093 quo
2669 4023 2768 4079 illo
2789 4028 2903 4080 tem
2912 4042 3072 4098 pore,
3092 4044 3212 4099 quo
3229 4029 3352 4085 hac
3373 4016 3792 4084 dicebantur,erst

2216 4107 2316 4163 Dei
2347 4108 2546 4181 religio
2567 4115 2623 4166 et
2644 4111 2931 4185 templum
2959 4120 3017 4170 et
3036 4117 3420 4185 caremonia,
3450 4115 3545 4188 qui
3563 4105 3793 4181 semper“

2212 4195 2424 4269 legem,
2457 4203 2514 4254 et
2540 4207 2845 4274 pracepta,
2871 4207 2928 4258 et
2946 4205 3196 4276 judicia,
3230 4211 3289 4262 et
3309 4202 3639 4271 testimonia,
3663 4200 3791 4264 ιιςυο

2214 4287 2492 4344 mandata
2522 4288 2720 4363 (super
2765 4308 3017 4364 quorum
3065 4294 3399 4352 differentia
3427 4296 3486 4351 in
3513 4290 3705 4349 decimo
3727 4295 3788 4339 oc-

2212 4381 2340 4431 tavo
2365 4377 2612 4449 psalmo,
2645 4384 2703 4435 et
2731 4381 2790 4435 in
2812 4382 3131 4440 centesimo
3152 4385 3386 4441 decimo
3411 4387 3598 4440 octavo
3618 4371 3791 4450 pleni!!!

2212 4464 2586 4539 disputatur),
2607 4469 2940 4542 increpatur
2959 4488 2993 4528 a
3012 4472 3263 4529 Domino
3282 4478 3457 4546 atque
3476 4462 3791 4528 convincitur,

455 4563 676 4631 oculos,
709 4562 925 4635 quibus
956 4561 1183 4617 videat:
1217 4576 1444 4628 manus,
1478 4576 1580 4633 per
1609 4577 1755 4632 quas
1786 4568 2094 4633 operetur:
2131 4581 2177 4644 ι)
2210 4559 2266 4644 ἐι
2294 4555 2474 4627 digna
2503 4558 2793 4629 supplicia
2820 4566 3159 4633 recepturus
3206 4567 3318 4630 est,
3378 4577 3553 4634 quare
3578 4546 3793 4644 θδὶῗοθῖξί

451 4654 647 4727 pedes,
680 4668 782 4725 per
801 4667 947 4723 quos
975 4649 1236 4707 ambulet
1260 4666 1272 4704 :
1306 4665 1476 4706 aures
1499 4649 1713 4721 quibus
1735 4651 1936 4706 audiat
1962 4668 1976 4708 :
2008 4670 2093 4723 os,

452 4758 569 4816 quo
596 4741 911 4813 loquatur:
963 4740 1187 4807 dentes,
1221 4738 1436 4810 quibus
1468 4738 1630 4794 cibos
1659 4742 1934 4796 conterat.
1987 4742 2094 4806 Qui

447 4830 588 4904 legit
615 4829 916 4886 introiisse
942 4828 1156 4885 Judam
1178 4827 1251 4881 ad
1277 4826 1537 4883 Thamar
1565 4827 1927 4883 meretricem
1950 4833 2006 4885 et
2027 4845 2096 4886 ex

447 4936 516 4977 ea
540 4920 689 4977 duos
708 4918 859 4975 ﬁlios
886 4931 1220 4991 procreasse
1241 4916 1450 4989 (Cenes.
1477 4919 1751 4985 xxxvm):
1781 4917 1830 4973 si
1848 4916 2096 4990 turpitu-

445 5008 643 5066 dinem
666 5012 947 5081 sequatur
963 5006 1190 5075 litterae,
1221 5009 1278 5061 et
1297 5022 1412 5061 non
1435 5005 1711 5061 ascendat
1731 5005 1801 5060 ad
1824 5006 2091 5063 decorem

442 5096 839 5171 intelligentia
886 5095 1189 5167 spiritalis,
1250 5094 1554 5149 comburet
1610 5095 1714 5165 [Αι.
1776 5095 2088 5167 comburit]

442 5202 579 5242 ossa
608 5186 762 5259 regis
794 5186 1077 5241 Idumaa.
1110 5183 1216 5248 Qui
1249 5187 1415 5255 putat
1443 5187 1587 5238 Osee
1616 5184 1907 5255 accepisse
1948 5202 2089 5242 uxo-

440 5291 564 5332 rem
615 5273 989 5332 fornicariam
1046 5273 1199 5345 (Osee
1257 5275 1317 5344 ι),
1370 5276 1427 5327 et
1476 5271 1625 5327 nihil
1656 5271 1788 5344 plus
1819 5274 1997 5329 sentit
2027 5274 2085 5331 in

437 5364 797 5437 dicto,quam
819 5362 1010 5420 verbis
1032 5361 1399 5433 simplicibus
1418 5361 1908 5433 continetur,ossa
1926 5379 2083 5420 com-

508 5526 584 5596 (a)
603 5522 1152 5596 AdditCistersiens.
1179 5539 1289 5596 ms.
1309 5538 1432 5577 cum
1450 5537 1531 5596 eo,
1547 5538 1673 5593 qua
1692 5524 1868 5579 verba
1887 5523 1942 5579 in
1969 5523 2083 5596 ple-

435 5593 637 5665 risque
667 5595 843 5649 etiam
872 5594 1082 5665 Gracia
1114 5593 1281 5665 codd.
1310 5594 1706 5665 reperiuntur.

506 5612 520 5650 Ι
565 5612 637 5650 υϐ
667 5611 843 5649 etiam
872 5611 1082 5649 υτωοιε
1114 5611 1281 5647 0000.
1317 5611 1531 5665 reperlt

506 5611 582 5749 (ἓ)
610 5664 735 5723 Duo
765 5679 934 5734 mea,
967 5663 1183 5721 Thruah
1212 5668 1268 5720 et
1295 5662 1531 5739 Suphar.

2207 4642 2395 4716 legem
2425 4646 2575 4717 ejus,
2608 4652 2666 4704 et
2697 4650 2974 4706 mandata
2998 4650 3156 4707 illius
3183 4653 3342 4709 240
3365 4668 3479 4708 non
3499 4637 3789 4706 custodierit.

2206 4735 2339 4799 Qua!
2371 4736 2508 4806 quia
2536 4737 2748 4809 abjecit
2792 4744 2970 4811 atque
3018 4742 3397 4813 contempsit,
3447 4738 3635 4795 ordine
3659 4726 3790 4787 etvil

2204 4822 2558 4894 deceperunt
2586 4842 2722 4882 eum
2755 4827 2911 4884 idola
2940 4845 3068 4885 sua.
3120 4834 3250 4885 Non
3282 4831 3441 4887 enim
3468 4825 3673 4902 poterat
3693 4818 3788 4876 anu

2203 4911 2276 4966 ab
2306 4913 2478 4969 idolis
2525 4916 2734 4987 decipi,
2788 4918 2899 4974 nisi
2930 4917 3118 4992 legem
3151 4920 3390 4976 Domini
3421 4915 3711 4990 repulisset,
3746 4905 3785 4960 ο⁸

2203 5003 2480 5058 mandata
2522 5004 2683 5061 illius
2725 5022 2841 5062 non
2894 5008 3144 5065 iecisset.
3197 5009 3333 5065 Hac
3372 5012 3508 5066 sunt
3533 4994 3783 5071 idolapttltt

2200 5106 2325 5161 qua
2356 5092 2625 5148 abierunt
2656 5098 2850 5166 patres
2879 5112 3081 5152 eorum
3105 5097 3161 5151 in
3192 5090 3685 5171 EgyptoJEgyptii
3706 5086 3782 5141 bo-

2196 5178 2282 5235 vis
2314 5180 2630 5238 simulacra
2658 5184 2965 5256 ﬁngentes,
2985 5193 3043 5242 et
3061 5187 3377 5243 adorantes
3396 5184 3727 5258 Beelpbegor,
3742 5172 3782 5226 οἵ

2196 5272 2448 5325 colentes
2477 5272 2747 5328 Astaroth
2790 5278 2849 5329 et
2877 5275 3118 5331 Baalim.
3174 5276 3340 5333 Unde
3371 5274 3637 5334 Dominus
3661 5277 3784 5323 com‘

2195 5359 2457 5415 minatur
2483 5360 2658 5416 etiam
2684 5360 2743 5416 in
2766 5362 2796 5418 J
2806 5364 2982 5419 udam
3015 5382 3077 5421 se
3106 5366 3306 5438 ignem
3337 5380 3464 5423 esse
3492 5363 3778 5420 missurum.

2260 5521 2329 5593 (c)
2360 5521 2512 5577 Itum
2544 5521 2779 5577 Cisterc.
2810 5540 2938 5597 _ms.
2989 5523 3084 5597 hic
3114 5523 3371 5596 supplet,
3412 5539 3543 5597 quas
3567 5510 3778 5597 Ῑεσενανξξι

2189 5581 2703 5669 θέ,ἶ1άαδνθὲϐι,ρυδε
2722 5594 2960 5669 quidem
2983 5603 3039 5651 et
3058 5596 3116 5651 in
3138 5581 3644 5669 Gracis'plerisqne
3662 5581 3780 5669 ρρᾴι

2188 5657 2356 5723 citius
2375 5657 2559 5723 verba
2569 5657 2727 5739 sunt,
2737 5657 2784 5722 ’ά
2808 5663 3065 5741 ἐποίησαν
3088 5684 3102 5729 :
3129 5665 3350 5727 desunt
3370 5657 3500 5739 vero
3517 5657 3778 5725 inAldino-
