3986 6190
272 370 434 436 1005

1088 375 1840 443 COMMENTARIORUM
1884 380 1962 440 IN
2010 380 2226 443 AMOS
2270 382 2421 443 LIB.
2469 383 2518 443 Ι.
2565 381 2735 443 CAP.
2781 382 2857 443 ῙΙ.

3516 380 3674 442 1006

273 506 379 577 qui
408 506 645 563 devoret
673 508 845 580 mdes,
877 514 934 565 et
962 510 1345 567 fundamenta
1398 513 1724 569 Jerusalem
1751 530 1764 568 :
1807 530 1921 570 non
1956 512 2003 579 Α
2039 512 2212 577 sima,
2245 513 2661 585 calciamentis,
2694 514 2910 586 quibus
2942 510 3239 585 pulverem
3272 510 3496 566 calcant
3526 513 3583 568 et
3605 512 3674 566 ti-

272 593 436 652 illius
465 595 526 650 in
551 613 667 668 qua
697 598 857 669 pacis
880 598 1561 668 visiocommoratur,sed
1578 618 1777 657 earum
1798 618 1924 672 quae

272 683 389 738 sub
418 684 657 740 nomine
673 686 994 743 Jerusalem
1015 688 1073 742 in
1106 689 1356 745 diversis
1387 689 1633 746 urbibus
1656 707 1922 746 surrexe-

268 771 730 845 runt.Quidquid
763 775 834 829 de
862 776 1015 831 Juda
1046 776 1322 848 diximus,
1357 779 1605 832 refertur
1625 779 1696 833 ad
1728 778 1922 834 Eccle-

264 858 444 929 siam,
478 859 538 915 in
562 877 680 932 qua
707 866 797 917 est
825 879 958 917 vera
990 864 1299 934 confessio,
1328 870 1384 920 et
1421 883 1533 937 pax
1579 866 1832 932 Domini,
1864 871 1923 921 et

265 944 416 1002 visio
444 949 729 1008 veritatis.
762 950 827 1006 Et
858 950 986 1007 ideo
1011 952 1114 1020 [AL
1150 952 1208 1007 in
1241 952 1329 1025 eo]
1362 953 1645 1023 arguitur,
1662 955 1817 1026 quod
1839 954 1920 1010 le-

264 1050 403 1107 gem
426 1036 525 1091 Dei
559 1040 994 1111 contempserit,
1018 1046 1077 1095 et
1106 1041 1235 1111 ejus
1266 1042 1543 1097 mandata
1572 1058 1689 1096 non
1723 1042 1923 1098 fecerit

264 1128 326 1178 et
353 1126 765 1198 unusquisque
821 1128 1073 1183 adorans
1123 1129 1261 1184 vitia
1308 1146 1415 1185 sua
1460 1133 1634 1201 atque
1662 1136 1917 1202 peccata,

262 1211 454 1267 Deum
474 1214 710 1285 cceperit
731 1214 946 1271 habere
967 1233 1000 1271 a
1024 1233 1139 1288 quo
1164 1218 1354 1273 victus
1376 1223 1485 1284 est,
1505 1218 1733 1275 dicente
1754 1216 1919 1275 Petro'

261 1300 531 1372 apostolo
555 1318 570 1356 :
602 1304 640 1358 Α
664 1319 773 1374 qua
792 1305 941 1359 enim
970 1307 1093 1377 quis
1119 1315 1432 1377 superatur,
1464 1306 1629 1379 hujus
1656 1312 1707 1363 et
1732 1324 1922 1364 servus

262 1397 351 1443 est
381 1390 452 1460 (Il
484 1391 637 1445 Petr.
668 1391 847 1463 11,19).
872 1394 1092 1448 Avarus
1118 1394 1609 1467 aurum,gulosus
1636 1401 1919 1467 ventrem,

258 1476 623 1533 libidinosus
653 1494 861 1550 penem
893 1485 947 1533 et
977 1480 1335 1553 Beelphegor
1361 1481 1499 1537 colit
1523 1499 1535 1537 :
1555 1482 1772 1539 lasciva
1790 1500 1918 1540 mu-

254 1563 391 1631 lier,
425 1581 551 1637 quae
581 1582 717 1622 cum
748 1567 826 1622 sit
882 1568 942 1621 in
1001 1568 1227 1624 deliciis
1282 1569 1502 1637 vivens,
1537 1576 1769 1626 mortua
1808 1576 1917 1642 est,

253 1652 466 1708 adorat
492 1654 755 1710 venerias
813 1654 1162 1727 voluptates.
1217 1657 1380 1713 Unde
1411 1658 1601 1714 mittet
1622 1659 1918 1717 Dominus

254 1740 461 1812 ignem
492 1741 552 1797 in
578 1742 753 1813 Juda,
789 1748 846 1798 et
873 1744 1175 1800 devorabit
1203 1746 1354 1802 aedes
1387 1746 1756 1818 pessimas,et
1784 1749 1916 1803 fun-

253 1829 540 1885 damenta
566 1829 795 1900 vitiosa,
829 1848 956 1903 quae
1011 1832 1340 1889 Jerusalem
1368 1833 1613 1907 gloriam
1649 1836 1916 1908 perdide-

254 1922 403 1974 runt
429 1936 442 1986 ;
474 1918 772 1991 simulque
798 1920 1083 1976 discimus
1114 1921 1445 1978 Creatorem
1477 1924 1765 1996 omnium,
1798 1941 1914 1981 non

252 2006 454 2062 solum
483 2007 649 2063 Judai
681 2013 740 2064 et
770 2008 1081 2075 Israel,sed
1099 2011 1507 2067 universarum
1524 2013 1789 2084 gentium
1811 2013 1915 2069 ha-

254 2095 401 2150 bere
434 2112 655 2163 curam,
685 2100 743 2152 et
764 2097 935 2166 juxta
973 2098 1338 2169 Apostolum,
1372 2116 1471 2155 eos
1502 2101 1600 2173 qui
1632 2101 1759 2157 sine
1791 2101 1916 2174 lege

262 2189 674 2256 peccaverunt,
707 2186 894 2256 perire
925 2186 1052 2241 sine
1081 2185 1229 2259 lege,
1261 2192 1319 2244 et
1372 2190 1473 2260 qui
1514 2189 1573 2244 in
1604 2188 1729 2262 lege
1759 2206 1917 2246 com-
1954 2234 1957 2237 λ

250 2271 474 2329 misere
502 2271 736 2339 delicta,
769 2274 894 2345 lege
934 2274 1166 2329 Domini
1191 2276 1449 2346 judicari
1481 2278 1656 2345 (Rom.
1694 2281 1778 2346 ιι).

346 2360 525 2432 (Vere.
548 2362 584 2415 6
613 2378 777 2433 seqq.
783 2363 934 2430 )Haec
946 2362 1081 2418 dicit
1098 2364 1362 2420 Dominus
1383 2382 1396 2420 :
1421 2364 1593 2436 Super
1613 2367 1792 2422 tribus
1807 2383 1917 2423 sce-

251 2449 466 2504 leribus
482 2450 728 2515 Israel,et
746 2467 913 2522 super
931 2460 1171 2522 quatuor
1191 2469 1304 2509 non
1317 2459 1629 2509 convertam
1639 2471 1763 2510 eum
1779 2474 1798 2511 :
1813 2472 1916 2527 pro

253 2552 321 2591 eo
339 2536 483 2607 quod
506 2537 810 2593 vendiderit
832 2548 1056 2609 argento
1078 2540 1275 2612 [Vulg.
1302 2557 1408 2612 pro
1430 2543 1675 2613 argento]
1697 2545 1915 2614 justum

253 2632 315 2679 et
338 2640 637 2695 pauperem
647 2642 750 2697 pro
769 2628 1268 2699 calciamentis,qui
1286 2638 1568 2685 conterunt
1598 2648 1763 2702 super
1790 2634 1916 2702 pul-

253 2727 442 2768 verem
459 2717 626 2770 terrse
638 2716 820 2785 capita
833 2731 1141 2787 pauperum
1153 2725 1206 2772 et
1218 2719 1365 2772 viam
1379 2718 1535 2773 humi
1539 2720 1582 2773 li
1584 2720 1920 2790 um(a)decli-

252 2804 479 2867 nant,et
504 2802 654 2872 ﬁlius
677 2810 728 2857 et
742 2807 902 2874 pater
924 2803 1044 2873 ejus
1068 2805 1404 2860 introierunt
1425 2805 1617 2879 (Vulg.
1636 2809 1916 2879 abierunt)

254 2889 331 2944 ad
358 2890 621 2961 puellam,
654 2896 716 2946 ut
738 2892 1057 2963 polluerent
1107 2909 1307 2949 nomen
1349 2903 1599 2950 sanctum
1634 2912 1834 2965 meum,
1867 2903 1918 2953 et

255 2993 428 3049 super
461 2982 792 3035 vestimentis
814 2983 1117 3051 pigneratis
1146 2982 1441 3038 accubuere
1458 2985 1624 3055 juxta
1644 3001 1803 3041 omne
1829 2987 1916 3041 al-

257 3073 401 3137 tare,
429 3072 485 3122 et
511 3069 703 3122 vinum
756 3068 1138 3124 damnatorem
1196 3070 1451 3126 bibebant
1505 3074 1567 3126 in
1621 3073 1781 3129 domo
1822 3076 1919 3131 Dei

258 3156 376 3210 sui.
411 3155 585 3211 LXX:
616 3158 737 3212 Haec
763 3156 896 3212 dicit
927 3158 1219 3213 Dominus:
1252 3159 1427 3231 Super
1449 3163 1626 3216 tribus
1654 3164 1915 3235 impieta-

1945 1877 1993 1942 B

2035 604 2540 673 mum,pretiosam
2574 602 2832 658 animam
2856 601 3112 657 hominis
3131 600 3675 669 vendiderunt.lsti,

2026 690 2199 759 juxta
2223 691 2967 763 Septuaginta,percutiunt
2996 690 3055 744 in
3086 688 3275 761 capite
3315 703 3630 761 pauperem
3657 704 3672 743 :

2034 781 2360 833 secundum
2389 779 2760 843 Hebraicum,
2792 781 3101 835 conterunt
3157 793 3334 849 super
3378 775 3677 848 pulverem

2032 869 2197 921 terra
2229 869 2420 939 capita
2450 884 2796 939 pauperum,
2819 872 2876 923 et
2904 867 2965 921 in
2997 869 3221 921 tantam
3241 865 3543 921 elevantur
3572 881 3672 920 su-

2028 954 2313 1024 perbiam,
2347 961 2411 1010 ut
2446 955 2636 1010 nolint
2664 971 2797 1010 cum
2853 953 3193 1009 hominibus
3240 953 3564 1008 ambulare.
3608 953 3676 1008 Et

2031 1057 2103 1096 ne
2137 1059 2379 1113 parvum
2413 1043 2703 1098 videretur
2734 1042 2841 1097 hoc
2872 1041 3118 1107 facinus,
3144 1039 3300 1095 ﬁlius
3329 1045 3385 1095 et
3413 1045 3575 1111 pater
3602 1039 3672 1095 ad

2029 1146 2206 1185 unam
2238 1130 2489 1202 ingressi
2520 1135 2658 1186 sunt
2688 1128 2963 1202 puellam,
2997 1134 3064 1184 ut
3093 1145 3303 1183 nomen
3344 1127 3445 1183 Dei
3504 1144 3672 1183 sanc-

2026 1222 2153 1273 tum
2216 1219 2515 1274 violarent.
2577 1218 2868 1290 Quidquid
2899 1232 3036 1289 ergo
3066 1217 3132 1271 lit
3171 1215 3437 1288 turpiter,
3471 1216 3543 1271 ad
3576 1215 3673 1271 Dei

2028 1307 2281 1362 refertur
2301 1306 2581 1378 injuriam
2610 1307 2710 1379 qui
2743 1306 2920 1361 dicit:
2955 1310 3064 1361 Per
3119 1320 3209 1359 vos
3264 1320 3463 1359 nomen
3491 1319 3675 1360 meum

2029 1393 2439 1465 blasphematur
2468 1398 2528 1449 in
2544 1396 2801 1467 gentibus
2829 1395 2905 1462 (ΙΙ
2925 1400 3044 1450 Pet.
3077 1410 3139 1463 Il,
3172 1392 3383 1462 2).Hoc
3413 1396 3503 1447 est
3517 1391 3673 1463 quod

2027 1486 2084 1538 et
2111 1483 2422 1554 Apostolus
2453 1483 2654 1538 scribit
2685 1483 2755 1538 ad
2787 1481 3116 1538 Corinthios
3142 1498 3154 1536 :
3190 1481 3422 1537 Omnino
3452 1479 3678 1535 auditur

2027 1572 2089 1625 in
2117 1572 2268 1626 vobis
2292 1574 2608 1642 fornicatio,
2642 1575 2697 1627 et
2724 1572 2853 1626 talis
2874 1571 3190 1642 fornicatio,
3222 1569 3402 1642 qualis
3457 1584 3556 1623 nec
3583 1569 3677 1623 in-

2029 1666 2111 1715 ter
2136 1664 2319 1731 gentes
2348 1661 2587 1731 quidem,
2622 1662 2702 1715 ita
2729 1664 2791 1714 ut
2835 1676 3065 1715 uxorem
3116 1660 3297 1729 patris
3332 1658 3535 1713 habeat
3560 1657 3675 1713 ali-

2025 1750 2164 1818 quis.
2197 1750 2262 1804 Et
2289 1765 2380 1804 vos
2409 1750 2594 1819 inﬂati
2620 1749 2769 1817 estis,
2793 1751 2845 1802 et
2872 1764 2983 1803 non
3005 1748 3186 1819 potius
3216 1748 3456 1812 luxistis,
3486 1750 3550 1800 ut
3580 1745 3680 1801 tol-

2026 1834 2240 1891 leretur
2265 1836 2331 1891 de
2354 1837 2542 1892 medio
2572 1840 2813 1891 vestrum
2842 1837 2938 1906 qui
2967 1834 3065 1890 hoc
3093 1851 3225 1906 opus
3254 1835 3385 1905 fecit
3412 1834 3483 1905 (ll
3510 1836 3678 1891 Cor.v

2028 1925 2080 1994 1,
2106 1926 2183 1995 2).
2212 1925 2422 1980 Crebro
2449 1923 2658 1994 evenit,
2717 1927 2780 1978 ut
2836 1927 2999 1993 pater
3048 1921 3152 1976 ﬁlii
3186 1921 3278 1977 sui
3306 1938 3567 1988 uxorem,
3601 1921 3675 1993 (ο)

2026 2029 2191 2068 socer
2219 2012 2440 2085 polluat
2470 2027 2708 2080 nurum,
2742 2011 2896 2082 quod
2927 2011 2987 2065 in
3019 2011 3165 2082 Lege
3193 2014 3512 2081 utrumque
3542 2026 3676 2081 pro-

2026 2100 2297 2156 hibetur:
2360 2101 2771 2172 lurpitudinem
2822 2102 3000 2171 patris
3038 2101 3123 2155 tui
3150 2114 3264 2154 non
3292 2097 3588 2167 revelabis,
3619 2102 3675 2153 et

2025 2191 2432 2262 turpitudinem
2455 2207 2636 2245 nurus
2663 2194 2776 2246 tua?
2793 2205 2903 2244 non
2934 2188 3300 2258 discooperies
3320 2187 3491 2257 (Levit
3511 2201 3671 2249 xvm,

2023 2279 2101 2351 7).
2136 2280 2320 2334 Habet
2347 2279 2546 2350 itaque
2575 2283 2633 2333 et
2660 2277 2855 2332 littera
2913 2275 3227 2331 utilitatem
3275 2274 3594 2330 maximam
3625 2273 3674 2330 si

2026 2374 2306 2424 servetur.
2340 2368 2405 2421 Et
2433 2367 2572 2439 quia
2593 2382 2766 2422 omne
2792 2365 3105 2437 ﬂagitium,
3141 2364 3191 2419 si
3220 2363 3540 2419 terminum
3571 2379 3675 2434 pu-

2027 2457 2185 2510 doris
2212 2456 2541 2525 excesserit,
2575 2455 2823 2509 crimina
2847 2457 3024 2524 auget
3049 2451 3418 2522 criminibus,
3442 2456 3499 2505 et
3526 2466 3676 2506 sem-

2025 2560 2128 2616 per
2157 2546 2228 2599 ad
2260 2544 2546 2599 deteriora
2577 2542 2856 2614 procedit,
2889 2543 3063 2597 etiam
3097 2556 3273 2611 super
3310 2538 3673 2594 vestimentis

2026 2632 2346 2705 pigneratis
2371 2633 2456 2704 [Al
2467 2674 2476 2684 .
2504 2628 2924 2703 oppigneratis]
2949 2630 3102 2685 242
3126 2628 3449 2683 accubuere
3473 2628 3672 2682 decem

2024 2722 2215 2776 tribus
2237 2721 2408 2791 juxta
2436 2737 2607 2776 omne
2637 2719 2841 2785 altare,
2883 2717 3040 2789 quod
3093 2717 3173 2771 ita
3217 2716 3674 2787 interpretantur

2025 2810 2285 2865 Hebraei:
2320 2810 2507 2881 Super
2561 2807 2926 2863 vestimentis
2982 2822 3205 2871 eorum,
3268 2805 3371 2874 qui
3413 2804 3485 2859 ad
3515 2802 3673 2859 idola

2025 2898 2108 2953 ire
2141 2897 2435 2965 nolebant,
2469 2902 2526 2952 et
2580 2913 2707 2968 quae
2763 2896 2817 2950 vi
2876 2898 3241 2949 extorserant
3276 2892 3581 2964 epulantes
3610 2891 3669 2946 in

2024 2985 2220 3053 idolio,
2252 2986 2596 3041 accubabat.
2657 2984 2989 3039 Secundum
3051 2979 3433 3053 Septuaginta
3470 2983 3668 3035 autem

2022 3079 2221 3131 tantus
2252 3080 2375 3131 erat
2403 3077 2772 3144 contemptus
2792 3072 2849 3127 in
2878 3072 3084 3141 Deum,
3108 3074 3173 3125 ut
3190 3068 3537 3125 vestimenta
3559 3085 3669 3125 sua

2023 3164 2082 3218 in
2115 3162 2329 3235 quibus
2384 3161 2705 3228 dormiunt,
2762 3161 2849 3215 vel
2902 3161 2961 3215 in
3017 3160 3236 3231 quibus
3282 3157 3663 3226 fornicantur,

260 3244 411 3299 tibus
440 3246 642 3314 Israel,
673 3249 725 3301 et
752 3261 917 3316 super
944 3250 1183 3318 quatuor
1209 3263 1319 3303 non
1348 3250 1643 3306 avcrsabor
1660 3267 1748 3307 eos
1794 3253 1904 3323 (Al.
1937 3238 1979 3304 C
2011 3253 2183 3323 juxta
2211 3251 2392 3307 altare
2424 3251 2662 3316 funibus
2691 3250 3084 3315 extenderent,
3115 3252 3171 3304 et
3206 3248 3462 3303 facerent
3490 3264 3664 3320 παρα-

259 3333 414 3404 eum)
430 3342 453 3388 .‘
474 3349 576 3404 pro
603 3350 664 3389 eo
680 3335 829 3405 quod
855 3334 1161 3390 vendiderit
1179 3340 1404 3404 argento
1426 3347 1662 3409 justum,
1694 3348 1747 3396 et
1770 3358 1914 3413 pau-

258 3438 456 3493 perem
472 3431 695 3492 propter
722 3423 1098 3487 calciamenta,
1131 3440 1248 3495 qua
1278 3426 1488 3482 calcant
1532 3430 1699 3500 super
1732 3431 1915 3501 pulve-

261 3525 386 3566 rem
415 3510 563 3566 241
600 3515 767 3568 terrae
783 3532 802 3566 :
825 3513 968 3582 et(b)
982 3529 1162 3583 pugno
1192 3515 1563 3585 percutiebant
1584 3520 1765 3587 capita
1776 3536 1917 3590 pau-

258 3615 482 3671 perum,
504 3606 556 3654 et
579 3601 728 3655 viam
755 3600 1051 3655 humilium
1079 3601 1448 3668 declinabant,
1482 3610 1537 3658 et
1566 3604 1716 3674 ﬁlius
1745 3615 1795 3661 et
1822 3624 1919 3678 pa-

263 3694 353 3743 ter
378 3688 493 3759 ejus
521 3688 972 3756 ingrediebantur
992 3689 1063 3744 ad
1090 3692 1335 3745 eamdem
1370 3693 1633 3763 puellam,
1653 3702 1713 3749 ut
1741 3704 1921 3751 conta-

261 3776 554 3830 minarent
574 3792 773 3832 nomen
802 3778 904 3833 Dei
928 3779 1054 3833 sui:
1085 3782 1138 3833 et
1164 3780 1483 3835 vestimenta
1501 3797 1604 3835 sua
1632 3782 1923 3853 alligantes

266 3864 521 3934 funibus,
554 3865 834 3934 faciebant
888 3865 1214 3921 umbracula
1235 3867 1403 3937 juxta
1430 3869 1627 3937 altare,
1649 3878 1704 3925 et
1730 3872 1923 3926 vinum

268 3950 340 4006 de
366 3952 658 4007 calumniis
683 3952 936 4008 bibebant
963 3955 1022 4007 in
1052 3954 1207 4009 domo
1235 3955 1334 4010 Dei
1360 3958 1468 4011 sui.
1504 3957 1719 4014 Idcirco
1760 3959 1925 4030 ponit

268 4038 665 4095 novissimum
698 4040 898 4104 Israel,
928 4041 984 4097 id
1018 4047 1126 4109 est,
1161 4043 1357 4099 decem
1400 4044 1606 4116 tribus,
1641 4049 1920 4118 quoniam

268 4145 454 4202 prope
482 4131 681 4185 omnia
713 4146 841 4202 qua
873 4133 1299 4202 sequuntur,ad
1324 4133 1515 4204 ipsum
1550 4136 1767 4207 scripta
1787 4154 1925 4208 pra-

270 4218 551 4288 diximus,
584 4222 650 4274 ut
678 4220 788 4274 sub
819 4236 935 4274 uno
966 4224 1124 4274 textu
1156 4236 1350 4275 sermo
1384 4223 1761 4294 propheticus
1790 4224 1923 4280 libri

269 4306 539 4362 ordinem
557 4307 1164 4364 contineret.Primum
1186 4325 1324 4380 ergo
1345 4326 1547 4366 eorum
1581 4313 1773 4369 scelus
1813 4319 1922 4380 est,

270 4393 398 4449 sive
426 4394 720 4466 impietas,
752 4395 811 4450 in
842 4396 1035 4451 tribus
1062 4396 1410 4452 criminibus
1440 4407 1803 4469 enumerata,
1834 4401 1922 4458 vel

270 4484 709 4554 quatuor,quod
726 4487 961 4556 propter
988 4485 1293 4555 pecuniam
1326 4485 1625 4543 hominem
1656 4491 1925 4546 vendide-

2020 3340 2353 3412 πετάσματα,
2372 3339 2430 3394 id
2462 3344 2551 3395 est
2578 3340 2995 3408 velamina,quo
3029 3336 3385 3392 fornicantes
3415 3335 3473 3391 in
3495 3336 3663 3391 Tem-

2023 3430 2117 3503 plo
2152 3429 2348 3484 nullus
2373 3430 2631 3499 aspicere
2660 3431 2894 3498 posset:
2957 3430 3015 3480 et
3052 3424 3316 3479 ebrietati
3346 3428 3405 3479 et
3432 3422 3666 3478 libidini

2025 3518 2342 3573 servientes
2372 3517 2547 3570 etiam
2580 3516 2774 3586 ipsum
2807 3514 3007 3567 vinum
3039 3512 3195 3582 quod
3236 3510 3516 3575 bibelant,
3550 3527 3667 3566 non

2027 3606 2098 3660 de
2129 3605 2361 3677 pr0prio
2393 3603 2607 3673 labore,
2643 3603 2745 3657 sed
2777 3599 3089 3656 calumniis
3120 3602 3417 3654 emerent:
3476 3604 3533 3653 et
3561 3598 3672 3654 hoc

2028 3694 2317 3748 faciebant
2350 3692 2408 3746 in
2444 3693 2576 3746 fano
2634 3690 2726 3745 dei
2781 3690 2893 3752 sui,
2928 3694 2992 3743 ut
3023 3704 3171 3758 quos
3198 3687 3481 3757 putabant
3509 3686 3671 3752 deos,

2028 3780 2390 3853 turpitudine
2419 3796 2486 3835 ac
2516 3777 2737 3849 stupris
2767 3776 3109 3849 polluerent.
3140 3780 3270 3829 Haec
3328 3774 3672 3846 loquuntur,

2030 3874 2087 3926 et
2115 3870 2200 3925 sic
2226 3870 2575 3924 edisserunt.
2630 3866 2727 3938 qui
2767 3864 3095 3936 simplicem
3136 3868 3464 3933 sequuntur
3492 3862 3675 3917 histo-

2031 3959 2200 4014 riam.
2235 3958 2349 4012 Nos
2380 3961 2599 4024 autem,
2635 3955 2734 4025 qui
2766 3954 2825 4008 in
2854 3958 2997 4008 Osee
3055 3951 3385 4017 docuimus,
3416 3951 3527 4006 sub
3571 3966 3677 4005 no-

2033 4047 2189 4103 mine
2222 4045 2472 4109 lsraelis,
2506 4049 2561 4099 et
2592 4043 2888 4106 Samariaa,
2920 4047 2977 4096 et
3007 4040 3300 4112 Ephraim,
3333 4044 3389 4095 et
3420 4038 3675 4094 ﬁliorum

2029 4135 2244 4205 Joseph
2277 4135 2370 4205 (de
2400 4150 2515 4204 qua
2543 4133 2699 4187 tribu
2734 4131 2844 4186 fuit
2901 4130 3232 4195 Jeroboam,
3267 4129 3367 4199 qui
3425 4144 3459 4183 a
3498 4142 3675 4199 regno

2032 4223 2210 4279 David
2244 4227 2300 4278 et
2325 4221 2673 4287 Jerusalem,
2707 4225 2764 4276 et
2785 4218 3001 4292 templo
3031 4219 3132 4274 Dei
3164 4216 3456 4291 populum
3478 4232 3677 4288 segre-

2033 4312 2188 4385 gavit
2218 4312 2314 4383 [ΙΙΙ
2358 4313 2482 4381 Reg.
2539 4310 2687 4381 xu]),
2746 4308 3047 4364 haereticos
3104 4306 3462 4379 signiﬁcari:
3499 4304 3678 4359 etiam

2035 4417 2191 4456 nunc
2222 4404 2354 4472 post
2379 4400 2595 4454 Judam
2629 4404 2686 4453 et
2714 4397 3060 4462 Jerusalem,
3094 4412 3222 4467 quae
3261 4394 3681 4465 interpretatur

2035 4486 2707 4559 Ecclesia,intelligamus
2727 4486 2797 4541 ad
2825 4485 3127 4540 haereticos
3156 4498 3483 4538 sermonem
3505 4479 3681 4551 dirigi

272 4569 412 4636 rint,
444 4573 503 4625 et
530 4570 828 4661 hominem
879 4573 1133 4642 justum,
1164 4574 1264 4644 qui
1324 4574 1379 4627 in
1415 4591 1480 4630 eo
1525 4576 1927 4634 admirabilior
1956 4598 2000 4661 ι)
2034 4577 2460 4651 propheticum,
2493 4575 2593 4647 qui
2623 4573 3093 4630 venduntvirum
3125 4575 3395 4626 sanctum
3418 4570 3679 4640 justum-

272 4664 386 4727 est,
417 4660 573 4731 quod
602 4676 707 4716 nec
736 4664 1077 4733 paupertate
1108 4666 1422 4733 superatus
1452 4667 1632 4731 est,ut
1656 4664 1924 4737 iniquum

276 4747 503 4821 aliquid
538 4749 786 4805 faceret:
822 4754 879 4804 et
907 4750 956 4805 si
988 4749 1226 4821 quidem
1258 4767 1572 4821 pauperem
1596 4752 1829 4822 justum
1854 4754 1932 4809 fa-

274 4836 391 4892 mis
421 4836 768 4894 necessitate
793 4836 1083 4909 compulsi
1114 4839 1298 4910 pretio
1327 4839 1744 4909 vendidissent,
1777 4846 1933 4899 esset

275 4924 480 4997 aliqua
508 4924 745 4981 sceleris
773 4927 1069 4983 excusatio
1094 4942 1106 4980 :
1142 4943 1299 4982 nunc
1329 4932 1523 4982 autem
1547 4946 1650 5000 pro
1680 4946 1739 4985 re
1769 4930 1928 4987 vilis-

351 5102 430 5172 (a)
461 5102 624 5167 Quod
653 5102 948 5160 Victor.ad
970 5103 1229 5176 Vulgata:
1253 5105 1555 5160 dumtaxat
1576 5107 1931 5178 exemplum,

279 5178 347 5229 ut
380 5174 892 5250 idernservaretur
945 5176 1572 5250 tempus,_grescrips_it,
1603 5178 1930 5250 declinant,

281 5262 388 5318 pro
418 5244 790 5326 declinabant,
854 5264 1009 5326 nunc
1058 5244 1126 5302 ex
1182 5244 1649 5326 Hieroxiyinianis
1698 5244 1934 5326 quoque

280 5332 432 5372 mss.
469 5318 831 5393 asserimus:
894 5319 986 5393 in__
1015 5334 1265 5393 quorum
1318 5334 1445 5393 _uno
1495 5318 1731 5393 Cisterc,
1761 5318 1934 5393 paulo

283 5334 432 5372 mss.
469 5334 831 5373 asserimus:
894 5335 951 5371 ιι]
1015 5334 1265 5443 quorum
1329 5334 1445 5372 uno
1495 5334 1729 5386 Uisterc,
1761 5334 1933 5393 paulo

283 5394 439 5462 post,
464 5388 752 5462 yiolarent,
786 5405 919 5443 cum
940 5388 1022 5462 Vu
1053 5393 1187 5461 gata
1218 5388 1433 5460 legitur
1463 5405 1565 5460 pro
1592 5391 1933 5462 polluerent.

355 5459 434 5530 (b)
464 5457 698 5525 Vocem,
728 5476 929 5533 pugno,
962 5457 1199 5533 Qisterc.
1233 5457 1346 5514 ms.
1396 5457 1509 5533 non
1543 5457 1843 5533 agnoscit;
1875 5466 1935 5520 in

284 5527 482 5660 (genio
512 5534 708 5655 tpmen
728 5527 830 5587 est
859 5527 1203 5600 ἐχονδύλιζον
1232 5549 1243 5586 :
1278 5532 1434 5603 quod
1465 5527 1796 5604 estfpugnis
1818 5527 1937 5592 ver-

320 5618 417 5659 era
456 5616 533 5657 an
565 5644 575 5656 .

320 5618 417 5659 era
424 5616 575 5657 οαηι.

357 5674 431 5755 (ε)
464 5671 852 5751 lnterserunt,
885 5674 1103 5751 quibus
1133 5672 1378 5753 utimur,
1410 5689 1579 5755 mss.,
1609 5675 1667 5739 id
1692 5685 1799 5752 est.
1828 5694 1944 5756 qua

2037 4682 2170 4739 que.
2205 4666 2305 4721 sed
2336 4680 2672 4737 pauperem,
2708 4679 2809 4734 pro
2835 4661 3100 4733 pecunia.
3122 4659 3225 4713 Vir
3245 4673 3465 4730 pauper
3489 4657 3685 4728 etjus-

2038 4753 2257 4821 tus,ille
2286 4758 2375 4808 est
2404 4750 2858 4820 ecclesiasticus,
2893 4748 2993 4821 qui
3026 4765 3143 4802 non
3173 4746 3353 4801 habet
3381 4745 3683 4801 scientiam

2038 4840 2598 4913 Scripturarum,sed
2627 4837 3001 4909 simplicitate
3030 4832 3502 4899 contentus,facit
3525 4848 3687 4888 man-

2040 4932 2199 4995 data,
2226 4947 2353 5001 qua;
2376 4929 2548 4999 jussa
2576 4931 2734 4994 sunt,
2765 4927 2835 4981 de
2866 4942 2977 4996 quo
3010 4923 3294 4996 scriptum
3319 4926 3442 4978 est:
3467 4924 3688 4993 Pauper

2086 5107 2282 5161 uidem
2314 5104 2559 5159 suffecta
2586 5102 2810 5169 vocula,
2843 5118 3052 5157 sensus
3084 5105 3403 5172 utcumque
3434 5101 3683 5172 constat.

2086 5124 2282 5161 umem
2314 5124 2559 5159 suuecca
2586 5124 2810 5169 vocum,
2843 5124 3052 5157 sensus
3084 5124 3403 5172 lucumque
3434 5124 3683 5155 cuusvut.

2040 5124 2254 5257 Verum
2290 5177 2444 5257 quod
2479 5175 2697 5257 subdit,
2732 5178 3047 5243 utrumque
3078 5173 3134 5255 in
3169 5173 3316 5257 Lege
3366 5169 3683 5257 prohiberi,

2045 5249 2164 5305 sive
2197 5253 2259 5303 ut
2289 5245 2495 5303 iisdem
2520 5251 2608 5300 est
2637 5262 2779 5300 mss.
2814 5261 3045 5316 quorum
3108 5246 3169 5298 in
3222 5245 3358 5316 Lege
3381 5246 3688 5316 _utrumque

2045 5320 2383 5393 prohibetur,
2417 5319 2589 5393 idque
2612 5312 2836 5393 reipsa'
2856 5317 3085 5393 praefert
3111 5312 3350 5393 laevitici
3381 5312 3561 5393 locus,
3586 5327 3688 5383 pro

2047 5385 2291 5447 diversis
2320 5385 2512 5460 accipi
2534 5385 2763 5454 debere,
2781 5385 3090 5460 manifesto
3111 5385 3311 5460 liquet,
3335 5388 3688 5460 cumtamen

2048 5462 2371 5519 econtrario
2404 5452 2496 5514 hic
2524 5474 2706 5513 unum
2751 5452 2942 5528 atque
2998 5456 3150 5511 idem
3172 5452 3279 5520 sit,
3314 5455 3361 5510 si
3394 5459 3557 5528 pater
3583 5452 3690 5507 filii

2050 5533 2513 5612 sui_uxorem,_et
2542 5546 2707 5612 socer
2738 5525 2961 5612 polluat
2997 5544 3254 5612 nurum.
3276 5525 3688 5612 ‘Qpamobrem

2049 5604 2215 5660 facile
2240 5603 2527 5659 assentiar
2554 5596 2807 5657 Victor-io
2863 5597 3194 5675 corrigenti,
3226 5601 3290 5659 ut
3335 5597 3483 5672 ﬁlius
3507 5596 3694 5675 patris

2047 5677 2139 5742 sui
2163 5691 2418 5751 uxorem.
2447 5688 2617 5753 socer,
2645 5678 2756 5739 etc.
