3988 6170
388 326 542 390 1007

1632 328 1702 391 S.
1745 324 2057 390 EUSEBII
2097 326 2544 392 HIERONYMI

3569 325 3693 392 lim

385 476 498 516 non
524 460 763 516 sustinet
803 461 1267 517 comminationen
1298 460 1483 532 (Prov.
1514 460 1798 531 xm,8).Et
1828 459 1897 514 ad
1925 462 2030 514 Ga-
2056 468 2113 534 Α
2142 463 2324 516 cetur.
2357 461 2473 516 Hoc
2513 459 2736 515 faciunt
2759 474 2963 515 omnes
2992 458 3245 516 haeretici
3291 459 3392 515 sub
3426 456 3694 516 Christiano

387 548 574 606 latas:
610 551 833 605 Tantum
860 558 921 605 ut
946 566 1254 622 pauperum
1309 564 1573 605 memores
1618 564 1850 604 essemus
1888 548 2028 619 (Gal.

391 655 455 706 ιι,
488 639 595 702 10).
629 638 759 694 Haec
790 656 993 695 omnes
1022 637 1280 695 haeretici
1312 654 1415 710 pro
1445 637 1664 692 divitiis
1702 637 1943 702 faciunt,
1974 641 2034 692 et

388 752 493 808 pro
525 735 968 806 calciamientis,
1001 737 1215 808 quibus
1247 735 1473 791 calcant
1502 734 1795 806 pulverem
1826 739 2028 789 terrae:

391 823 530 895 quia
559 824 720 880 enim
747 828 1142 897 nonspossunt
1171 824 1347 879 nudis
1378 824 1626 895 pedibus
1656 827 1811 877 stare
1858 839 2035 894 super

388 916 605 967 terram
636 919 898 968 sanctam
927 913 1007 982 (in
1038 929 1152 984 qua
1182 913 1343 968 stetit
1394 913 1639 984 Moyses,
1686 916 1743 966 et
1771 911 1943 966 Jesus
1970 910 2034 964 fi-

391 997 508 1056 lius
535 999 686 1056 Nave
712 1001 904 1071 (Exod.
936 1018 1001 1055 ιιι
1028 1026 1042 1067 ς
1070 1003 1178 1056 Jos.
1210 1001 1264 1071 ν)
1292 1017 1305 1057 :
1366 1000 1519 1055 unde
1571 998 1817 1071 apostoli
1859 998 2034 1054 nudis

391 1087 642 1160 pedibus
665 1089 952 1159 jubentur
981 1089 1246 1144 incedere
1277 1091 1430 1160 (Luc.
1460 1090 1540 1159 Χ),
1561 1103 1631 1143 ne
1660 1087 1800 1158 quid
1828 1085 2035 1142 mortis

389 1175 647 1233 habeant
674 1180 733 1231 et
772 1176 1034 1248 pellium,
1092 1194 1217 1248 qua
1278 1177 1609 1232 referuntur
1656 1176 1728 1230 ad
1786 1174 2033 1246 carnes),

392 1263 522 1320 ideo
554 1264 888 1336 percutiunt
915 1266 973 1319 in
1005 1266 1191 1336 capite
1221 1265 1608 1338 pauperes.Et
1636 1263 1902 1319 Salvator
1924 1262 2038 1318 dis-

394 1351 606 1424 cipulis
638 1353 927 1424 praecepit,
962 1353 1598 1425 ut;sit3forte,quoniam
1630 1352 1823 1408 adhuc
1851 1368 2038 1407 versa-

393 1440 607 1496 bantur
634 1440 694 1495 in
725 1444 896 1508 terra,
931 1440 1175 1496 mortale
1232 1441 1371 1512 quid
1429 1441 1489 1495 in
1528 1456 1728 1496 eorum
1761 1439 2036 1511 operibus

392 1528 756 1594 adhaesisset,
787 1533 1122 1585 excuterent
1151 1528 1448 1601 pulverem
1506 1529 1577 1585 de
1634 1528 1881 1600 pedibus
1912 1527 2037 1583 suis

391 1616 540 1687 (Mat.
570 1633 626 1687 x,
658 1617 932 1687 Marojv).
967 1618 1306 1673 Percutiunt
1335 1623 1530 1673 autem
1561 1616 1814 1672 haeretici
1844 1616 2038 1688 capita

391 1728 737 1785 pauperum,
770 1731 1130 1786 quamquam
1188 1715 1297 1770 hoc
1335 1716 1395 1770 in
1431 1714 1705 1770 [lebraico
1736 1715 1889 1770 243
1920 1729 2035 1768 non

2143 547 2377 603 nomine
2408 547 3149 618 fornicantes,eterroribus
3178 548 3297 604 suis
3324 552 3482 620 atque
3507 547 3695 603 menda-

2141 636 2247 691 ciis
2282 638 2437 693 244
2495 637 2874 692 obtendentes
2929 637 3262 692 testimonia
3312 635 3698 708 Scripturarum.

2142 734 2389 790 Unde'et
2416 734 2661 807 apostoli
2690 735 3052 790 vestimentis
3108 734 3231 790 suis
3286 737 3583 790 straverunt
3604 731 3701 803 pul-

2140 821 2265 878 lum
2298 824 2566 889 asinae,ut
2595 821 2833 878 mollius
2853 824 3080 879 sederet
3105 821 3709 892 Dominus(llat.xx1),et

2141 927 2210 967 ex
2240 911 2388 984 Lege
2418 928 2484 966 ac
2518 911 2816 982 Prophetis
2845 915 3091 967 stratam
3121 910 3363 967 calcaret
3387 910 3545 965 viam.
3570 909 3709 964 Econ-

2139 1000 2316 1055 trario
2347 999 2599 1055 haeretici
2621 1016 2735 1055 non
2767 1000 3152 1056 substernunt
3177 998 3427 1071 vestigiis
3454 996 3712 1055 Salvatoris

2141 1089 2484 1144 vestimenta
2512 1104 2621 1144 sua
2645 1105 2666 1151 ;
2697 1089 2798 1143 sed
2826 1087 3011 1161 ligant
3033 1105 3101 1144 ea
3120 1089 3287 1160 juxta
3314 1087 3501 1155 altare,
3529 1091 3581 1143 et
3602 1102 3712 1158 pra-

2140 1178 2391 1233 tendunt
2418 1177 2669 1247 peccatis
2699 1177 2845 1245 suis,
2877 1184 2942 1232 ut
2970 1178 3173 1233 bibant
3199 1177 3394 1232 vinum
3441 1176 3507 1232 de
3540 1174 3714 1232 calum-

2143 1266 2387 1332 nia,sive
2414 1267 2848 1335 damnatorum,
2881 1267 2985 1338 qui
3043 1283 3112 1321 ex
3139 1282 3207 1322 eo
3234 1265 3385 1338 quod
3412 1264 3605 1336 egressi
3628 1264 3718 1319 sint

2144 1357 2215 1412 de
2244 1354 2520 1423 Ecclesia,
2552 1355 2816 1410 damnati
2847 1359 3132 1411 sunt.Hoc
3157 1355 3357 1410 vinum
3382 1358 3469 1410 est
3491 1353 3719 1410 Sodomo-

2144 1460 2275 1499 rum
2305 1442 2519 1499 furoris
2550 1444 2872 1499 draconum
2903 1447 2961 1499 et
2988 1443 3285 1515 aspidum,
3310 1442 3455 1513 quod
3483 1442 3574 1513 qui
3595 1440 3718 1495 bibe-

2145 1531 2239 1597 rit,
2273 1532 2467 1588 sanari
2497 1549 2611 1587 non
2643 1532 3095 1603 poterit.Bibunt
3120 1536 3316 1587 autem
3342 1532 3532 1587 vinum
3555 1544 3653 1585 non
3674 1528 3721 1583 in

2146 1621 2318 1676 domo
2347 1620 2575 1691 Dei,ubi
2608 1619 2895 1692 templum
2951 1625 3043 1676 est
3094 1624 3151 1676 et
3195 1610 3543 1685 Jerusalem;
3572 1615 3723 1673 sedin

2144 1709 2318 1764 domo
2350 1709 2450 1763 Dei
2483 1707 2775 1780 sui,quem
2809 1708 2920 1764 sibi
2951 1707 3438 1763 artiﬁcisermone
3465 1706 3723 1761 ﬁnxerunt.

392 1799 607 1873 legitur
636 1803 742 1872 [Αἰ.
777 1802 1027 1874 legatur]
1055 1819 1067 1857 :
1093 1803 1194 1874 qui
1219 1804 1374 1859 viam
1416 1803 1730 1858 humilium
1776 1801 2037 1856 declina-
2067 1830 2113 1895 B
2215 1796 2401 1865 (Vers.
2435 1797 2470 1850 9
2498 1812 2656 1867 seqq.
2679 1798 2791 1868 Ego
2821 1800 3004 1895 autem
3027 1797 3397 1853 exlenninavi

390 1896 615 1945 verunt.
648 1891 756 1946 Via
785 1890 1100 1945 humilium
1130 1890 1232 1947 illa
1260 1897 1368 1959 est,
1405 1909 1532 1963 quae
1563 1892 1742 1946 dicit:
1773 1894 1882 1960 Ego
1911 1907 2036 1945 sum

388 1981 502 2046 via,
536 1981 650 2034 vita
679 1984 734 2034 et
762 1981 964 2034 veritas
995 1980 1173 2051 (Joan.
1205 1997 1323 2047 xw,
1377 1982 1454 2050 6),
1514 1997 1644 2051 quae
1691 1997 1798 2035 nos
1837 1995 2036 2051 provo-

392 2074 505 2138 cat,
538 2073 604 2123 ut
632 2067 1004 2123 ambulemus
1056 2085 1157 2139 per
1204 2085 1353 2135 eam,
1386 2073 1442 2123 et
1498 2068 1672 2123 dicit:
1740 2068 1920 2123 Venite
1966 2066 2036 2121 ad

391 2173 496 2224 me,
522 2173 732 2224 omnes,
761 2173 855 2228 qui
889 2156 1153 2212 laboratis
1183 2161 1235 2212 et
1289 2158 1503 2211 onerati
1551 2159 1698 2227 estis,
1730 2160 1781 2211 et
1818 2172 1921 2228 ego
1950 2171 2035 2211 re-

394 2244 583 2315 ﬁciam
604 2261 695 2301 vos
724 2245 1137 2316 (Matth.xx,28).
1159 2244 1374 2301 Omnes
1404 2250 1601 2302 autem
1629 2243 2032 2300 haereticorum

392 2334 686 2407 principes
717 2334 1117 2390 intumescunt
1142 2333 1436 2406 superbia,
1455 2334 1527 2389 de
1557 2334 1773 2404 quibus
1800 2338 1857 2387 et
1885 2335 2034 2404 Apo-

370 2423 580 2500 _stolus
601 2423 885 2494 lopuitur:
903 2424 975 2479 Ne
990 2424 1215 2492 inﬂatus
1235 2423 1443 2478 incidat
1462 2425 1523 2477 in
1529 2422 1807 2494 judicium
1829 2421 2036 2477 diaboli

393 2514 439 2585 (Ι
470 2513 604 2568 Tim.
637 2529 722 2584 ιιι,
755 2514 833 2584 6),
867 2512 1175 2582 quiﬁdicit:
1209 2514 1272 2567 In
1302 2513 1496 2567 coelum
1526 2514 1837 2577 ascendam,
1869 2526 2035 2581 super

391 2602 577 2658 sidera
604 2602 728 2657 caeli
755 2617 956 2672 ponam
974 2603 1178 2656 nidum
1195 2616 1378 2655 meum
1394 2618 1408 2669 ;
1426 2616 1516 2656 ero
1543 2601 1746 2655 similis
1767 2600 2038 2655 Altissimo

392 2692 544 2761 (lsai.
576 2692 713 2763 xw).
737 2690 901 2746 Unde
918 2697 972 2745 et
993 2690 1264 2758 superbis
1292 2689 1579 2746 haereticis
1601 2689 1754 2745 Deus
1778 2687 1997 2744 resistit
2021 2703 2034 2741 :

392 2779 723 2835 humilibus
744 2782 938 2834 autem
961 2778 1379 2834 Ecclesiasticis
1400 2778 1499 2833 dat
1514 2776 2038 2849 gratiam(Jacob.v)

395 2867 579 2924 Filius
600 2884 832 2939 quoque
855 2872 912 2923 et
930 2872 1090 2939 pater
1114 2866 1461 2922 introierunt
1490 2867 1559 2921 ad
1587 2881 1762 2920 unam
1784 2864 2039 2936 puellam

395 2961 463 3012 ut
492 2956 769 3012 violarent
798 2961 971 3027 atque
1001 2954 1329 3027 polluerent
1358 2972 1570 3010 nomen
1613 2958 1882 3010 sanctum
1913 2952 2036 3008 Dei.

395 3053 625 3110 Patrem
654 3058 918 3109 nostrum
949 3068 1078 3109 esse
1108 3051 1392 3124 pepulum
1422 3052 1939 3121 Judaeorum,szepe
1959 3048 2038 3106 le-

395 3142 614 3215 gimus,
647 3141 874 3197 dicente
904 3139 1121 3196 Paulo:
1182 3140 1313 3195 Nolo
1368 3142 1458 3194 vos
1503 3141 1775 3209 ignorare,
1808 3139 2032 3207 fratres,

387 3231 528 3303 quod
553 3234 739 3302 patres
766 3231 941 3285 nostri
968 3244 1150 3284 omnes
1177 3228 1276 3283 sub
1314 3228 1457 3283 nube
1485 3229 1726 3299 fuerunt,
1760 3231 1812 3281 et
1840 3241 2029 3282 omnes

383 3336 487 3392 per
510 3334 664 3375 mare
692 3319 1057 3388 transierunt,
1091 3322 1141 3372 et
1197 3332 1381 3372 omnes
1440 3319 1500 3371 in
1558 3320 1738 3388 Moyse
1767 3315 2032 3387 baptizati

388 3416 518 3468 sunt
545 3412 607 3467 in
634 3409 777 3464 nube
804 3414 857 3464 et
883 3408 944 3462 in
974 3408 1124 3462 mari
1154 3407 1197 3475 (Ι
1230 3407 1349 3461 Cor.
1370 3423 1422 3472 ι,
1442 3407 1656 3475 1,2).Et
1683 3406 1742 3459 in
1774 3404 1885 3460 alio
1906 3403 2030 3461 loco

387 3502 676 3572 Interroga
698 3501 881 3570 patres
912 3500 1050 3562 tuos,
1081 3499 1132 3550 et
1187 3495 1591 3550 annuntiabant
1630 3495 1766 3549 tibi:
1794 3495 2032 3549 seniores

390 3596 526 3659 tuos,
563 3596 617 3644 et
644 3588 824 3643 dicent
854 3587 957 3642 tibi
984 3586 1163 3656 (Deut.
1197 3600 1370 3649 χχχιι,
1400 3584 1477 3654 7).
1505 3583 1573 3637 Et
1611 3599 1846 3639 rursum
1877 3599 1890 3637 :
1924 3584 2031 3637 Pro

386 3679 640 3751 patribus
670 3678 781 3732 tuis
809 3677 931 3731 nati
957 3678 1088 3730 sunt
1118 3674 1219 3728 tibi
1248 3672 1356 3742 ﬁlii
1385 3673 1494 3743 (Ps.
1545 3687 1691 3740 XLIV,
1727 3670 1834 3741 17).
1869 3670 2032 3726 Unde

389 3771 446 3823 et
474 3766 730 3823 Ecclesia
756 3764 1018 3838 gentium
1049 3762 1342 3834 loquitur:
1375 3762 1505 3816 Filii
1532 3762 1727 3815 matris
1767 3774 1902 3815 mea;
1929 3776 2032 3830 pu-

389 3858 699 3925 gnaverunt
728 3856 914 3910 contra
941 3869 1028 3908 me
1058 3850 1492 3922 (Cant.1,5).Nos
1522 3865 1658 3922 ergo
1691 3848 1791 3902 filii
1826 3864 2033 3904 sumus

391 3947 450 4000 et
471 3948 635 4015 pater
663 3941 914 4014 populus
968 3941 1327 3995 Judaaorum.
1390 3938 1703 3992 Peccumus
1754 3941 1810 3991 et
1840 3935 2033 3991 scelus

393 4032 844 4097 committimus,
877 4029 1111 4099 quando
1152 4029 1223 4082 ad
1253 4026 1716 4081 observationem
1762 4024 2030 4081 sabbati:

395 4116 860 4173 circumcisionis
890 4116 1189 4188 injuriam,
1223 4114 1596 4170 caeremonias
1628 4114 1771 4187 legis
1803 4113 2030 4169 abolitis

397 4221 530 4261 cum
562 4208 799 4277 parente
830 4209 1026 4260 nostro
1056 4203 1438 4277 ingredimur,
1470 4203 1684 4274 quibus
1715 4202 1854 4257 dicit
1883 4207 2033 4274 Apo-

393 4292 612 4350 stolus:
644 4295 777 4350 Ecce
806 4310 903 4365 ego
929 4293 1137 4349 Paulus
1166 4292 1286 4348 dico
1304 4293 1486 4347 vobis:
1510 4294 1640 4363 quia
1666 4293 1718 4347 si
1744 4293 2032 4347 circumci-

392 4383 634 4451 damini,
667 4382 911 4438 Christus
937 4383 1086 4438 vobis
1110 4383 1253 4437 nihil
1278 4380 1491 4453 prodest
1547 4380 1745 4449 (Galat.
1779 4397 1832 4448 v,
1866 4382 1920 4446 2,
1954 4380 2029 4451 4).

389 4471 462 4528 Et
494 4472 705 4529 iterum
733 4488 744 4527 :
780 4472 887 4540 Qui
916 4474 978 4526 in
1008 4472 1132 4545 lege
1144 4470 1583 4543 justiﬁcantur,a
1611 4469 1792 4539 gratia
1819 4468 2032 4523 excide-

2143 1903 2177 1940 a
2209 1887 2351 1953 facie
2377 1900 2585 1955 eorum,
2618 1887 2771 1956 cujus
2797 1885 3043 1942 altitudo
3071 1886 3355 1943 redrorum
3390 1883 3600 1940 altitudo
3621 1884 3725 1955 ejus.

2141 1979 2190 2029 et
2218 1976 2378 2044 fortis
2406 1990 2520 2043 ipse
2547 1976 2707 2045 quasi
2734 1991 2962 2044 quercus
2988 1993 3006 2029 :
3037 1980 3086 2030 et
3132 1976 3369 2031 contrivi
3402 1975 3620 2045 fructum
3641 1971 3728 2041 ejus

2142 2062 2386 2133 desuper,
2419 2070 2470 2117 et
2496 2064 2705 2118 radices
2734 2065 2850 2135 ejus
2878 2064 3085 2119 subter.
3115 2065 3225 2134 Ego
3254 2080 3375 2119 sum
3402 2063 3493 2133 qui
3524 2058 3729 2116 ascende-

2105 2204 2108 2207 .
2144 2166 2203 2206 re
2230 2167 2319 2207 vos
2346 2150 2462 2225 feci
2501 2151 2567 2206 de
2597 2160 2742 2207 terra
2771 2154 3011 2223 AEgypti,
3037 2160 3089 2207 et
3114 2151 3285 2207 eduxi
3316 2148 3498 2223 (Vulg.
3527 2148 3730 2219 dueum

2143 2242 2201 2294 in
2232 2239 2439 2295 deserto
2468 2240 2834 2313 quadraginta
2863 2244 3048 2306 annis,
3078 2244 3138 2295 ut
3194 2240 3539 2308 possidentis
3570 2246 3730 2293 ειη-αα

2142 2329 2441 2384 Αγηοννὴκῐ
2466 2347 2479 2383 :
2512 2336 2564 2385 et
2588 2331 2846 2384 suscitavi
2872 2329 2937 2384 de
2961 2330 3096 2400 ﬁliis
3150 2331 3320 2385 vestis
3371 2330 3429 2383 in
3458 2325 3725 2398 Prophetas,

2143 2435 2198 2481 et
2225 2427 2292 2481 de
2305 2427 2604 2497 juvenibus
2633 2429 2828 2482 vestris
2854 2427 3162 2482 Nazarzos.
3202 2426 3387 2481 LXX:
3440 2429 3545 2494 Ego
3591 2425 3733 2477 autem

2144 2515 2348 2570 abstuli
2375 2517 2755 2572 Amorrhwum
2783 2532 2815 2570 a
2842 2516 2986 2586 facie
3013 2532 3202 2571 eorum
3226 2532 3239 2571 :
3272 2515 3433 2585 cujus
3478 2514 3589 2569 erat
3628 2511 3739 2566 sicut

2144 2603 2375 2660 altitudo
2404 2604 2552 2659 cedri
2578 2604 2896 2659 sublimitas
2925 2605 3116 2676 ejus,et
3142 2605 3307 2676 [ortis
3337 2604 3491 2675 quasi
3515 2612 3736 2673 quercus:

2146 2700 2197 2749 et
2224 2694 2429 2763 are/cci
2453 2694 2697 2763 fractum
2726 2694 2848 2764 ejus
2874 2692 3123 2764 desuper,
3155 2696 3205 2747 et
3232 2691 3447 2748 radices
3473 2691 3579 2762 ejus
3615 2687 3737 2743 deor-

2145 2799 2285 2837 sum.
2320 2783 2426 2853 Ego
2454 2781 2628 2837 eduxi
2650 2797 2739 2837 vos
2768 2781 2833 2837 de
2880 2785 3030 2837 terra
3058 2784 3313 2853 zEgppti,
3355 2784 3404 2837 et
3448 2775 3741 2835 circianduei

2146 2886 2238 2926 vos
2271 2872 2329 2925 in
2358 2870 2569 2925 deserto
2598 2870 2965 2941 quadraginta
2994 2871 3175 2933 armis,
3201 2878 3263 2924 ut
3308 2867 3634 2939 possidentis
3655 2868 3741 2919 ter-

2149 2976 2272 3014 ram
2287 2959 2754 3015 Amorrhxorum:
2768 2963 2820 3013 et
2848 2961 3121 3030 assumpsi
3138 2960 3203 3013 de
3220 2959 3363 3029 ﬁliis
3374 2958 3555 3013 vestris
3579 2956 3631 3009 in
3643 2966 3741 3025 pro-

2145 3049 2355 3120 phetas,
2383 3050 2434 3103 et
2462 3047 2527 3102 de
2540 3048 2835 3119 juveuibus
2862 3050 3056 3103 vestris
3082 3048 3145 3102 in
3166 3040 3741 3116 sanctiﬁcationem.Vos

2151 3136 2386 3207 quidem
2417 3134 2762 3191 vendidistis
2819 3142 3059 3209 argento
3106 3136 3345 3206 justum
3377 3139 3434 3191 et
3476 3142 3738 3206 pauperem

2149 3241 2255 3297 pro
2285 3223 2707 3294 calciamentis,
2736 3224 3121 3295 percutientes
3139 3225 3271 3295 ejus
3308 3227 3496 3296 caput,
3512 3222 3616 3277 sive
3640 3232 3743 3273 con-

2137 3318 2391 3369 terentes
2420 3313 2479 3367 in
2514 3312 2747 3383 pulvere
2774 3313 2964 3384 capita
2994 3328 3347 3384 pauperum,
3379 3317 3435 3368 et
3487 3310 3621 3365 viam
3648 3308 3733 3361 hu-

2141 3400 2741 3456 milium'declinastis
2798 3401 2902 3472 [AL
2949 3399 3339 3472 declinantes]
3390 3400 3653 3455 intentum
3689 3395 3739 3447 ut

2141 3494 2302 3561 pater
2334 3493 2390 3545 et
2419 3489 2578 3545 ﬁlius
2608 3490 2679 3544 ad
2713 3506 2889 3544 unam
2923 3489 3232 3544 introirent
3293 3488 3561 3561 puellam,
3582 3488 3631 3541 et
3649 3481 3738 3537 vio-

2142 3577 2329 3633 larent
2358 3578 2476 3634 sive
2507 3577 2829 3650 polluerent
2885 3592 3097 3633 nomen
3144 3583 3425 3633 sanctum
3481 3589 3662 3641 meum,
3689 3572 3734 3623 et

2140 3667 2487 3723 vestimenta
2512 3671 2704 3722 vestra
2735 3665 3117 3738 lupanaribus
3147 3669 3204 3721 et
3247 3664 3607 3723 fornicatione
3630 3656 3727 3731 pol-

2141 3754 2285 3823 luta,
2320 3760 2689 3825 peccatorum
2721 3754 2972 3810 vinculis
3001 3754 3290 3810 nexuistis
3319 3773 3333 3811 :
3368 3755 3447 3810 ita
3485 3757 3544 3809 ut
3563 3750 3613 3805 in
3631 3746 3730 3802 loco

2143 3848 2345 3920 sancto
2375 3843 2818 3899 committeretis
2872 3842 3251 3909 adulterium,
3282 3848 3344 3899 et
3400 3836 3637 3899 ebrietati
3666 3833 3739 3889 in-

2133 3931 2819 4003 justitiamcopulantes,
2849 3931 3051 3986 vinum
3106 3930 3394 3987 biberetis
3432 3930 3677 3990 alienum,
3700 3924 3743 3977 et

2142 4021 2251 4076 hoc
2280 4020 2544 4075 faceretis
2575 4020 2634 4074 in
2666 4021 2839 4076 domo
2872 4019 2969 4075 Dei
2999 4020 3197 4075 vestri.
3230 4021 3356 4093 Ego
3396 4024 3581 4075 autem
3606 4027 3739 4070 econ-

2141 4110 2316 4164 trario
2374 4125 2477 4180 pro
2515 4107 2688 4164 malis
2745 4109 2975 4178 vestris,
3033 4124 3159 4179 qua:
3231 4108 3384 4165 mihi
3435 4100 3742 4167 reddidistis,

2140 4207 2303 4263 vobis
2352 4205 2532 4261 tribui
2595 4206 2764 4270 bona,
2807 4210 2872 4260 ut
2917 4204 3390 4273 exterminarem,
3444 4194 3746 4277 egredienti-

2141 4297 2251 4352 bus
2277 4295 2443 4351 vobis
2475 4295 2546 4350 de
2573 4295 2837 4367 Egypto,
2893 4306 3027 4349 ante
3079 4293 3289 4349 faciem
3338 4299 3604 4359 vestram,
3631 4293 3745 4343 Seon

2140 4400 2335 4456 regem
2378 4384 2869 4453 Amorrbaaorum,
2920 4382 3019 4454 qui
3077 4386 3198 4437 tam
3245 4381 3511 4438 excelsus
3563 4372 3746 4435 eratet

2140 4474 2306 4529 fortis
2347 4471 2517 4543 quasi
2570 4472 2777 4527 cedrus
2826 4474 2885 4526 et
2940 4487 3210 4543 quercus,
3268 4476 3331 4526 et
3381 4467 3617 4527 contrivi
3649 4464 3749 4535 ejus

388 4570 537 4618 runt.
572 4561 680 4628 Qui
712 4561 793 4616 ita
820 4561 1148 4633 ingreditur
1179 4558 1589 4623 Ecclesiam,ut
1627 4556 1812 4629 legem
1850 4558 2037 4611 servet
2063 4558 2110 4623 D
2144 4563 2397 4616 fructum
2427 4561 2695 4630 desuper,
2753 4564 2810 4615 et
2866 4559 3090 4615 radices
3144 4559 3447 4616 deorsum.
3482 4557 3621 4615 245
3652 4554 3744 4622 Ego

388 4651 449 4706 in
481 4650 923 4723 Evangelio,iste
955 4666 1086 4705 cum
1120 4648 1624 4722 patreingreditur
1655 4647 1724 4701 ad
1754 4643 2029 4717 puellam,

387 4744 444 4797 et
474 4740 786 4795 committit
823 4743 1136 4820 .stuprum,
1198 4741 1255 4792 et
1304 4736 1482 4792 violat
1537 4751 1747 4791 nomen
1776 4731 2028 4788 Domini.

385 4836 549 4893 Unde
577 4837 678 4908 qui
707 4837 911 4892 dicunt
938 4853 1054 4891 non
1086 4850 1292 4890 nocere
1318 4833 1538 4888 Judaeis
1569 4835 1700 4904 post
1719 4831 2031 4886 adventum

391 4925 629 4994 Christi,
661 4926 711 4981 si
740 4924 822 4979 ita
850 4923 1089 4980 credant
1120 4923 1178 4976 in
1217 4922 1550 4988 Dominum,
1582 4924 1647 4975 ut
1680 4918 1847 4990 Legis
1888 4934 2029 4987 quo-

390 5030 505 5087 que
533 5017 819 5085 praecepta
848 5013 1441 5081 custodiant,patrem
1464 5013 1520 5065 et
1552 5008 1737 5062 ﬁlium
1767 5024 1884 5062 una
1914 5008 2028 5061 for-

386 5102 678 5159 nicatione
709 5099 1242 5157 contaminant.Sed
1261 5104 1316 5153 et
1344 5097 1688 5154 vestimenta
1714 5112 1821 5151 sua
1841 5094 2024 5167 ligan-

387 5198 475 5249 tes
506 5191 766 5262 funibus,
796 5189 1087 5245 velamina
1118 5188 1339 5244 faciunt
1362 5189 1528 5257 juxta
1556 5186 1754 5253 altare,
1786 5190 2029 5256 praeten-

389 5281 592 5337 dentes
622 5279 795 5335 ﬁdem
852 5278 1085 5334 Christi.
1146 5279 1441 5349 Quotquot
1490 5274 1648 5330 enim
1700 5273 1760 5328 in
1804 5274 2030 5329 Christo

389 5368 663 5441 baptizati
695 5373 851 5437 sunt,
883 5367 1181 5423 Christum
1239 5366 1557 5421 induerunt
1593 5361 1800 5435 (Galat.
1836 5362 1944 5434 ιιι),
1975 5366 2033 5417 et

384 5457 732 5514 vestimenta
760 5474 1019 5531 sua,qua2
1051 5460 1421 5530 peccatorum
1446 5451 1683 5508 funibus
1706 5450 2032 5523 ligaverunt

388 5553 691 5616 opponunt
719 5547 903 5603 oculis
943 5546 1287 5616 videntium,
1339 5562 1410 5602 ne
1463 5560 1663 5600 eorum
1721 5544 2033 5597 cernantur

388 5634 603 5708 ﬂagitia
629 5653 643 5703 ;
677 5640 741 5691 ut
769 5638 871 5709 qui
901 5638 1084 5694 altare
1115 5638 1369 5710 respicit,
1393 5638 1661 5709 stuprum
1692 5648 1807 5691 non
1838 5630 2029 5707 suspi-

2139 4667 2241 4704 vos
2270 4647 2439 4704 eduxi
2472 4648 2543 4704 de
2570 4648 2810 4719 [Egypto
2865 4648 3041 4719 (Deut.
3097 4648 3274 4718 xxxx),
3309 4654 3369 4703 et
3407 4663 3511 4720 per
3538 4641 3749 4718 quadra-

2139 4737 2303 4808 ginta
2331 4753 2517 4791 annos
2548 4736 2721 4808 longo
2752 4736 2822 4791 ad
2854 4742 3068 4791 terram
3101 4742 3364 4792 sanctam
3402 4736 3505 4792 feci
3536 4725 3752 4806 perveni-

2109 4848 2115 4856 ·
2141 4843 2202 4882 re
2232 4824 2565 4893 circumitu,
2599 4830 2664 4879 ut
2694 4825 3068 4896 possideretis
3099 4829 3313 4881 terram
3346 4819 3674 4890 Amorrbaai,
3698 4815 3753 4872 de

2140 4932 2256 4986 qua
2285 4930 2464 4985 supra
2495 4913 2751 4968 diximus
2780 4929 2792 4967 :
2829 4929 3006 4985 quam
3035 4913 3479 4985 divisitMoyses
3511 4910 3642 4966 ﬁliis
3660 4908 3749 4962 llu-

2138 5004 2250 5059 ben
2283 5007 2338 5058 et
2367 5002 2509 5073 Gad,
2543 5006 2599 5058 et
2628 5000 2884 5055 dimidia:
2916 5000 3094 5056 tribui
3127 5002 3398 5058 Manasse
3419 5002 3579 5073 (Nam
3605 4990 3748 5063 ιιιωῐ)

2139 5097 2195 5148 et
2221 5095 2352 5163 post
2379 5095 2543 5145 tanta
2582 5088 2862 5145 beneficia
2909 5089 3083 5144 etiam
3141 5088 3251 5145 hoc
3308 5090 3535 5157 addidi,
3592 5091 3651 5142 ut
3695 5082 3747 5137 de

2139 5181 2278 5235 ﬁliis
2304 5180 2512 5235 vestris
2543 5194 2903 5235 assumerem
2938 5178 3082 5233 mihi
3116 5178 3456 5251 prOphetas,
3487 5182 3545 5234 et
3588 5175 3652 5231 de
3670 5173 3745 5244 ju-

2139 5270 2383 5328 venibus
2438 5268 2662 5340 vestris,
2718 5268 2837 5324 sive
2892 5266 3115 5334 electis,
3171 5268 3425 5325 facerem
3465 5268 3746 5323 Nazaraosp

2140 5376 2287 5432 quos
2334 5356 2714 5430 Septuaginta
2787 5356 3150 5428 interpretati
3207 5360 3347 5413 sunt
3401 5354 3744 5425 sanctiﬁmlot.

2137 5457 2334 5529 Neque
2362 5471 2491 5511 vero
2519 5454 2619 5510 ubi
2675 5454 2746 5509 de
2799 5451 3075 5509 laudibus
3124 5454 3339 5509 dicitur
3379 5452 3502 5519 Dei,
3533 5443 3748 5507 historia

2139 5546 2279 5603 ordo
2357 5543 2679 5602 servandus
2729 5546 2854 5610 est;
2932 5542 3033 5598 sed
3084 5542 3420 5615 frequenter
3480 5538 3654 5599 evenit
3698 5535 3749 5589 ut

2139 5652 2265 5714 quae
2297 5635 2487 5711 prima
2512 5633 2661 5692 facta
2689 5634 2852 5703 sunt,
2900 5634 3159 5693 extrema
3205 5631 3503 5706 dicantur,
3548 5634 3601 5689 et
3644 5637 3745 5705 qua
