3986 6190
271 451 434 520 1000

1097 458 1846 528 COMMENTARIORUM
1889 455 1968 524 ιιι
2013 457 2227 525 suos
2269 459 2418 525 LIB.
2465 461 2514 525 1.
2561 414 2728 526 cAp.
2773 461 2854 526 11.

3515 458 3671 526 1010

269 587 945 660 novissima,referantur
959 593 1030 648 ad
1055 592 1432 664 prima.Quod
1453 596 1918 666 septuagesimus
1947 592 2002 658 Α
2031 593 2310 661 diximus,
2363 595 2500 667 quia
2547 595 2686 651 mali
2735 598 2918 662 erant,
2965 596 3287 650 contereret
3317 592 3586 668 desuper,
3616 598 3676 652 et

263 676 556 748 septimus
578 677 862 749 psalmus,
881 684 938 735 et
955 683 1308 738 centesimus
1326 688 1592 754 quartus,
1609 685 1706 738 ubi
1731 684 1919 756 signo-

261 781 399 820 rum
430 765 854 837 potentia,‘non
886 770 1025 825 ordo
1050 770 1420 836 describitur,
1455 773 1658 827 docere
1689 789 1794 827 nos
1816 789 1914 844 po-

255 856 479 920 terunt,
512 859 569 909 et
597 855 748 910 tituli
787 857 1167 924 psalmorum,
1202 860 1273 914 de
1303 861 1516 930 quibus
1547 861 1663 916 duo
1688 865 1915 915 tantum

251 957 549 1013 ponamus
578 944 860 1016 exempla,
892 946 1046 1001 tertii
1083 946 1316 1016 psalmi,
1349 952 1404 1002 et
1435 948 1914 1020 quinquagesimi

253 1030 457 1102 primi,
481 1031 582 1086 ubi
605 1049 733 1104 quae
755 1035 920 1104 prius
944 1034 1093 1090 facta
1115 1039 1276 1102 sunt,
1305 1041 1617 1091 narrantur
1637 1042 1912 1106 extrema,

254 1122 317 1172 et
347 1135 475 1188 quae
523 1125 780 1176 extrema
828 1120 1095 1191 legimus,
1149 1123 1482 1179 referuntur
1512 1125 1570 1179 in
1605 1124 1912 1195 principio.

251 1207 404 1262 Ante
424 1208 580 1264 enim
601 1209 672 1264 de
695 1214 844 1265 Doec
869 1211 1121 1266 lduman
1138 1213 1427 1284 scriptum
1453 1212 1704 1284 legimus
1730 1214 1786 1267 in
1812 1213 1918 1268 Re.

254 1310 404 1367 gum
453 1296 742 1353 volumine
792 1298 847 1369 (Ι
895 1302 1022 1370 Reg.
1066 1316 1182 1364 xxr,
1213 1302 1382 1370 xx11),
1433 1302 1532 1371 qui
1579 1301 1786 1356 titulus
1826 1307 1914 1357 est

255 1385 735 1458 quinquagesimi
760 1387 932 1458 primi
961 1387 1194 1459 psalmi,
1230 1406 1407 1460 quam
1429 1389 1684 1444 Absalon
1711 1395 1916 1446 contra

253 1479 486 1544 patrem
516 1481 782 1546 surgeret
811 1477 882 1546 (ll
917 1478 1038 1547 Reg.
1073 1480 1188 1549 xv),
1234 1478 1387 1549 quod
1422 1478 1480 1531 in
1513 1479 1668 1532 tertii
1702 1477 1911 1548 psalmi

251 1560 430 1617 titulo
453 1568 826 1634 praenotatur.
862 1566 1065 1636 Itaque
1087 1567 1532 1621 eLAmorrhaeus
1559 1567 1913 1622 novissimus

251 1651 682 1708 exterminatus
711 1657 818 1720 est,
852 1653 971 1708 sive
1003 1653 1249 1720 deletus,
1285 1654 1440 1725 quod
1475 1671 1631 1709 nunc
1653 1654 1911 1726 primum

251 1738 526 1804 refertur,
559 1745 616 1794 et
644 1741 800 1811 quod
834 1742 1146 1797 ascendere
1177 1758 1275 1797 eos
1307 1741 1440 1798 fecit
1469 1743 1539 1797 de
1561 1747 1715 1798 terra
1744 1744 1911 1814 Egy-

249 1826 438 1898 pti,et
466 1828 695 1883 reduxit
716 1828 774 1882 in
799 1844 1061 1884 eremum
1087 1847 1187 1902 per
1216 1830 1607 1902 quadraginta
1627 1831 1910 1897 annos,in

247 1915 542 2019 principio
575 1917 790 1972 factum
823 1917 1074 2019 legimus
1105 1918 1176 1987 (ll
1204 1919 1337 1986 Reg.
1370 1922 1511 2017 xxi),
1545 1936 1671 1990 qua:
1703 1918 1796 1973 hic
1823 1918 1909 1973 ul-
1943 1955 1990 2019 B

253 2005 409 2060 tima
437 2004 714 2060 dicuntur
741 2005 942 2061 ordine
972 2011 1351 2061 commutato.
1386 2007 1554 2061 Prius
1576 2024 1711 2078 ergo
1734 2023 1910 2078 quam

251 2093 531 2149 educeret
561 2110 666 2149 nos
699 2098 850 2150 Deus
871 2095 940 2150 de
970 2100 1124 2150 terra
1152 2095 1400 2168 IEgypti,
1434 2097 1504 2150 de
1532 2096 1763 2151 fornace
1794 2097 1910 2151 fer-

251 2197 380 2248 rea,
401 2182 802 2238 exterminavit
821 2189 955 2239 ante
979 2183 1183 2239 faciem
1207 2189 1464 2240 nostram
1490 2185 1910 2253 Amorrhaaum,

253 2272 361 2344 qui
384 2271 600 2326 dicitur
618 2289 867 2337 amarus,
883 2273 1001 2327 sive
1027 2269 1291 2341 λαλητὸς,
1321 2274 1379 2327 id
1400 2278 1506 2338 est,
1531 2274 1770 2344 loquens,
1793 2273 1911 2329 sive

250 2364 525 2433 famosus,
549 2365 605 2415 et
628 2361 915 2432 frequenti
943 2378 1210 2417 sermone
1231 2361 1694 2417 celebratus.Hic
1715 2369 1908 2418 autem

249 2449 628 2506 Amorrhaeus
659 2455 717 2505 et
753 2467 851 2505 rex
881 2451 1344 2505 Amorrhaaorum
1377 2451 1706 2522 appellatur
1735 2451 1906 2519 Seon,

251 2539 433 2597 arbor
461 2539 822 2594 infructuosa
849 2545 904 2594 et
936 2539 1170 2604 sterilis,
1205 2556 1320 2594 non
1353 2540 1508 2609 quod
1544 2540 1767 2596 fructus
1794 2557 1908 2596 non

250 2627 464 2694 faciat;
499 2627 599 2682 sed
621 2626 808 2682 malos
832 2628 1034 2683 atferat
1054 2627 1296 2692 fructus,
1329 2629 1400 2682 de
1422 2629 1634 2698 quibus
1655 2629 1870 2684 dicitur
1894 2649 1906 2686 :

253 2715 447 2772 Omnis
474 2714 638 2768 arbor
678 2731 798 2784 qum
827 2729 939 2768 non
967 2715 1109 2784 facit
1136 2717 1348 2784 fructus
1398 2715 1578 2784 bonos,
1630 2717 1912 2771 excidetur

251 2812 307 2860 et
338 2806 401 2858 in
430 2804 614 2874 ignem
643 2805 890 2858 mittetur
936 2802 1139 2873 (Matth.
1176 2820 1260 2867 111,
1295 2804 1394 2869 10;
1447 2819 1546 2872 v11,
1585 2804 1690 2874 19).
1743 2805 1811 2858 Et
1841 2805 1911 2859 de

253 2889 786 2962 pseudoprophetis
809 2888 1092 2960 legimus:
1125 2890 1232 2957 Qui
1253 2892 1478 2945 veniunt
1496 2893 1555 2944 in
1577 2894 1912 2946 vestimentis

252 2977 373 3052 [ΑΙ.
407 2979 624 3048 vestitu]
655 2981 861 3045 ovium,
894 2986 944 3032 et
974 2980 1121 3032 intus
1144 2988 1273 3033 sunt
1295 2979 1414 3050 lupi
1436 2996 1678 3050 rapaces,
1702 2997 1770 3034 ex
1788 2983 1910 3050 fru-

252 3067 433 3124 ctibus
461 3082 649 3122 eorum
675 3071 1005 3135 cognoscetis
1035 3083 1121 3122 eos
1151 3068 1365 3138 (Matth.
1413 3085 1512 3137 v11,
1546 3070 1630 3135 15,
1671 3070 1755 3140 16)
1783 3085 1794 3124 :
1843 3085 1910 3125 ex

258 3154 436 3212 malis
482 3154 749 3210 videlicet
777 3155 1084 3211 fructibus.
1137 3156 1266 3210 Sive
1300 3156 1476 3227 igitur
1508 3158 1761 3212 fructum
1793 3175 1908 3213 non

250 3244 596 3312 faciat;sive
616 3244 913 3311 faciat,sed
933 3261 1047 3300 non
1071 3245 1318 3299 bonum:
1354 3245 1714 3301 infructuosa
1735 3247 1908 3302 arbor

2025 683 2298 750 auferret,
2327 701 2399 738 ne
2431 685 2560 753 quis
2586 685 2765 740 bonos
2791 684 3444 751 aestimans,comederet
3466 691 3523 739 et
3544 700 3674 756 per-

2025 770 2152 825 iret.
2207 771 2450 826 Radices
2491 789 2723 844 quoque
2756 772 2914 827 illius
2945 773 3192 827 succidit
3222 778 3397 844 atque
3429 772 3674 828 commi-

2024 859 2171 928 nuit,
2205 865 2270 913 ut
2295 860 2440 914 nihil
2475 866 2674 932 postea
2711 860 2875 915 malae
2919 861 3145 916 arboris
3176 861 3509 933 pullularet.
3544 862 3675 933 Ipse

2023 947 2304 1002 Dominus
2330 949 2461 1003 fecit
2484 966 2589 1004 nos
2613 949 2764 1004 exire
2787 951 2857 1004 de
2881 949 3111 1013 saeculo,
3133 954 3190 1004 et
3207 967 3308 1021 per
3329 967 3512 1006 annos
3533 967 3674 1022 qua-

2025 1036 2310 1106 draginta,
2345 1038 2442 1107 qui
2469 1054 2748 1093 numerus
2770 1055 3002 1108 semper
3023 1039 3356 1094 afﬂictionis
3381 1043 3438 1093 et
3456 1038 3673 1110 jejunii

2023 1123 2216 1179 luctus
2249 1129 2333 1178 est
2365 1130 2419 1179 et
2449 1125 2687 1192 doloris,
2725 1144 2826 1198 per
2857 1126 3262 1182 tribulationes
3293 1131 3349 1182 et
3369 1127 3674 1200 angustias

2024 1213 2319 1282 pervenire
2351 1213 2408 1266 in
2440 1219 2653 1268 terram
2686 1219 2969 1284 sanctam,
3003 1220 3066 1269 ut
3096 1214 3530 1285 possideremus
3553 1216 3671 1288 pri-

2023 1317 2186 1354 mum
2219 1305 2433 1356 terram
2468 1303 2808 1370 Amorrhasi,
2855 1307 2914 1357 et
2964 1303 3122 1358 illius
3172 1304 3467 1375 quondam
3511 1307 3670 1377 regio

2022 1388 2186 1443 ﬁeret
2217 1393 2414 1443 nostra
2459 1393 2771 1460 possessio,
2803 1395 2859 1446 et
2889 1395 3090 1462 postea
3110 1392 3416 1447 suscitaret
3442 1393 3512 1449 de
3534 1393 3673 1450 ﬁliis

2022 1477 2236 1532 nostris
2267 1478 2606 1548 Prophetas,
2631 1496 2833 1534 omnes
2857 1485 3088 1536 sanctos
3111 1480 3286 1548 viros,
3313 1481 3413 1552 qui
3435 1498 3673 1554 accepe-

2021 1570 2159 1619 runt
2181 1565 2452 1636 spiritum
2479 1567 2904 1639 prophetalem,
2921 1569 2991 1624 de
3014 1569 3229 1640 quibus
3249 1568 3308 1623 in
3334 1569 3523 1641 prima
3542 1555 3674 1642 Epit

2021 1653 2170 1709 stola
2199 1655 2269 1709 ad
2303 1655 2630 1710 Corinthios
2663 1657 2893 1727 plenius
2923 1656 3175 1729 legimus
3207 1658 3252 1728 (Ι
3285 1658 3405 1714 Cor.
3433 1652 3578 1727 xw)?
3605 1659 3673 1715 Et

2021 1742 2091 1796 de
2103 1742 2422 1812 juvenibus
2446 1744 2520 1814 (b)
2545 1745 2782 1814 nostris,
2801 1745 2888 1799 vel
2905 1745 3126 1812 electis,
3151 1751 3478 1802 assumeret
3491 1748 3671 1803 Naza-

2020 1847 2164 1886 raaos
2213 1835 2269 1885 et
2317 1832 2733 1898 sanctificatos,
2789 1834 2886 1904 qui
2921 1834 3036 1889 Deo
3069 1835 3266 1890 anima
3294 1851 3432 1890 suas
3462 1835 3672 1891 immo-

2021 1917 2227 1988 lantes,
2247 1919 2446 1973 vinum
2473 1921 2628 1990 quod
2649 1920 2933 1975 inebriare
2957 1925 3165 1992 potest,
3188 1927 3245 1978 et
3267 1927 3485 1978 statum
3509 1940 3670 1979 men-

2020 2007 2094 2061 tis
2148 2013 2420 2074 evertere,
2478 2025 2592 2063 non
2648 2009 2986 2081 attingunt:
3030 2015 3097 2065 ut
3143 2010 3396 2066 habeant
3441 2027 3672 2067 comam

2019 2099 2285 2160 Samson,
2321 2096 2378 2151 in
2410 2082 2580 2167 cujus
2629 2097 2818 2169 capite
2870 2099 3032 2169 (quia
3064 2104 3238 2170 caput
3265 2099 3371 2154 viri
3402 2099 3672 2156 Christus

2018 2183 2128 2252 est)
2161 2183 2442 2238 fortitudo
2475 2189 2532 2238 et
2559 2184 2801 2238 victoria
2832 2185 3189 2241 consistebat
3221 2187 3430 2248 (Judic.
3460 2187 3598 2258 xv1).

2091 2271 2275 2340 (Vers.
2320 2272 2429 2342 12.)
2468 2272 2742 2342 Numquid
2770 2289 2878 2328 non
2907 2281 2982 2329 est
3013 2275 3141 2343 ista,
3175 2273 3282 2342 ﬁlii
3311 2276 3499 2341 Israel,
3533 2275 3674 2330 dicit

2019 2359 2166 2416 247
2225 2360 2512 2428 Dominus,
2567 2368 2617 2414 et
2659 2361 3038 2431 prapinabatis
3090 2364 3374 2418 Nummis
3404 2364 3595 2418 vinum
3623 2368 3675 2418 et

2016 2445 2288 2518 prophetis
2309 2447 2676 2514 mandabatis,
2701 2449 3040 2503 dicentes:Ne
3059 2451 3408 2519 prophetelis.
3437 2450 3511 2520 (c)
3535 2450 3673 2506 LXX

2019 2535 2310 2589 similiter.
2338 2535 2426 2590 Me
2448 2535 2610 2590 vobis
2632 2540 2798 2591 tanta
2821 2541 3134 2607 praestante
3162 2538 3465 2603 beneficia,
3493 2542 3558 2594 ut
3578 2538 3674 2594 ad-

2017 2623 2306 2679 versarios
2333 2629 2559 2679 vestros
2593 2625 3000 2695 interﬁcerem,
3025 2629 3080 2680 et
3105 2630 3321 2680 terram
3348 2642 3550 2682 eorum
3576 2643 3672 2683 vo-

2017 2712 2108 2767 bis
2133 2712 2510 2778 traderem,et
2532 2713 2601 2766 de
2622 2712 2758 2768 filiis
2780 2714 2988 2769 vestris
3013 2731 3078 2769 ac
3091 2714 3411 2786 juvenibus
3434 2715 3677 2788 prophe-

2017 2807 2106 2856 tas
2137 2801 2408 2872 eligerem
2445 2806 2501 2855 et
2525 2800 2843 2867 Nazarzeos,
2877 2818 3122 2873 meoque
3154 2802 3340 2858 cultui
3371 2820 3674 2860 consecra-

2018 2906 2161 2944 rem.
2179 2889 2474 2960 Numquid
2499 2890 2742 2960 potestis
2766 2890 2956 2945 dicere
2976 2892 3129 2961 quod
3149 2890 3265 2947 ista
3283 2908 3398 2947 non
3417 2892 3672 2960 fecerim,

2019 2983 2076 3033 et
2108 2994 2299 3032 meam
2332 2994 2468 3048 erga
2500 2995 2599 3032 vos
2644 2977 3037 3044 clementiam,
3087 2995 3192 3051 per
3235 2996 3410 3051 quam
3460 2980 3672 3049 vivitis,

2017 3066 2401 3136 denegarim?
2430 3066 2536 3130 Qui
2570 3067 2626 3120 in
2659 3071 2882 3121 tantam
2917 3067 3138 3122 rabiem
3188 3068 3559 3140 prorupistis,
3609 3073 3676 3125 ut

2017 3155 2385 3211 inebriaretis
2416 3155 2714 3210 Nazaraeos
2746 3172 2909 3210 meos
2939 3155 3340 3227 vino,‘quibus
3370 3157 3498 3230 lege
3528 3174 3674 3228 prai-

2019 3249 2248 3315 ceptum
2285 3250 2391 3314 est,
2427 3248 2492 3299 ut
2518 3260 2691 3299 omne
2715 3245 2871 3314 quod
2896 3244 3184 3299 inebriare
3217 3249 3424 3316 potest,
3453 3263 3568 3302 non
3590 3246 3676 3301 bi-

251 3331 604 3404 appellatur.
654 3331 767 3385 Iste
797 3332 968 3399 Seon,
1021 3333 1175 3388 246
1207 3333 1277 3386 de
1308 3349 1423 3402 quo
1455 3334 1738 3405 scriptum
1771 3339 1860 3390 est
1888 3353 1902 3390 :
1936 3315 1978 3380 C
2016 3334 2157 3388 bant
2185 3334 2373 3404 (Nam.
2396 3334 2475 3403 v1)
2503 3350 2516 3386 ε
2552 3338 2608 3387 et
2631 3332 2928 3404 prophetis
2956 3315 3330 3401 mandaretis,
3360 3352 3431 3390 ne
3457 3335 3518 3390 in
3543 3351 3672 3390 meo

248 3422 376 3478 lam
403 3422 609 3475 securis
638 3420 712 3474 ad
744 3419 962 3476 radices
989 3421 1248 3476 arborum
1277 3425 1460 3491 posita
1488 3427 1569 3478 est
1610 3423 1762 3493 (Luc.
1820 3440 1904 3494 ιιι,

248 3509 330 3580 9),
366 3508 507 3580 quia
529 3508 892 3563 infructuosa
912 3510 1086 3565 arbor
1109 3510 1234 3582 fuit,
1269 3510 1507 3565 Domino
1531 3511 1905 3582 perculiente,

249 3598 525 3653 succisus
575 3602 683 3662 est,
738 3598 908 3668 cujus
957 3581 1211 3653 altitudd
1257 3581 1563 3653 cedrorum
1617 3599 1910 3654 altitudini

251 3689 654 3757 comparatur,
688 3686 758 3740 de
788 3686 1006 3756 quibus
1038 3685 1288 3757 legimus
1316 3703 1328 3740 :
1366 3687 1484 3740 Vidi
1512 3688 1745 3756 impium
1765 3687 1913 3741 exal-

249 3779 437 3830 tatum
464 3777 516 3829 et
543 3774 810 3829 eleuatum
839 3779 981 3829 sicut
1010 3774 1196 3829 cedros
1226 3775 1426 3829 Libani
1449 3793 1466 3827 :
1499 3782 1549 3830 et
1575 3777 1829 3842 transivi,
1862 3783 1915 3829 et

253 3875 380 3917 ecce
408 3876 516 3916 non
547 3869 664 3916 erat
679 3878 700 3921 ;
729 3870 778 3916 et
810 3863 1045 3931 quaesivi
1074 3877 1218 3930 eum,
1251 3865 1302 3915 et
1331 3877 1440 3915 non
1463 3869 1542 3916 est
1561 3863 1810 3916 inventus
1841 3862 1914 3916 lo-

258 3965 360 4006 cus
386 3949 501 4019 ejus
531 3951 642 4020 (Ps.
675 3966 865 4016 xxxv1,
900 3951 990 4012 35,
1022 3951 1132 4019 36).
1179 3953 1244 4003 Et
1276 3949 1514 4019 pulchre
1547 3949 1827 4004 transisse
1856 3965 1917 4004 se

254 4037 424 4104 dicit,
451 4038 588 4113 quia
607 4038 655 4092 ei
687 4040 787 4109 qui
812 4037 1024 4092 transit
1049 4024 1120 4093 de
1141 4037 1377 4106 saeculo,
1402 4043 1458 4092 et
1478 4037 1670 4092 dicere
1693 4044 1914 4108 potest:

260 4128 553 4183 Transiens
571 4127 760 4182 videbo
782 4129 1045 4182 visionem
1066 4128 1209 4181 hanc
1228 4143 1493 4198 magnam
1515 4125 1704 4196 (Exod.
1730 4143 1814 4191 ιιι,
1841 4127 1918 4197 3),

258 4216 526 4271 aufertur
554 4216 784 4280 cedrus,
817 4221 872 4270 et
895 4215 1056 4270 locus
1081 4215 1366 4286 superbiae
1395 4231 1509 4270 non
1532 4214 1918 4286 poteritinve-

257 4305 399 4361 niri.
436 4304 738 4360 Fortitudo
769 4320 1001 4375 quoque
1035 4305 1184 4374 ejus,
1221 4303 1389 4374 quasi
1421 4319 1670 4374 quercus
1695 4303 1921 4358 arboris

258 4392 593 4449 durissimae
608 4398 782 4464 atque
797 4393 1242 4449 fortissimaeEx
1258 4393 1428 4462 cujus
1439 4391 1720 4446 vocabulo
1738 4391 1918 4456 Philo,

257 4481 350 4537 vir
370 4481 803 4537 disertissimus
833 4482 1225 4552 Hebraeorum,
1251 4481 1402 4535 Esau
1427 4479 1788 4551 appellatum
1815 4497 1922 4552 pu-

258 4575 347 4626 tat
379 4565 620 4642 δρίιινον,
667 4569 725 4624 id
763 4574 872 4632 est,
904 4571 1226 4641 quercinum
1257 4578 1309 4622 et
1338 4569 1625 4623 roboreum
1648 4587 1666 4622 :
1699 4569 1831 4624 licet
1863 4573 1922 4624 et

2017 3422 2252 3478 nomine
2303 3422 2740 3492 prophetarent.
2792 3421 2952 3484 Quod
3009 3427 3067 3476 et
3121 3423 3293 3476 Amos
3350 3422 3665 3493 prophetae,

2019 3526 2193 3582 quem
2217 3526 2372 3563 nunc
2393 3509 2679 3563 habemus
2703 3509 2761 3562 in
2789 3509 3082 3573 manibus,
3117 3510 3388 3579 praecepit
3405 3509 3669 3566 Amasias

2019 3597 2289 3654 sacerdos
2319 3596 2519 3651 Bethel
2545 3615 2555 3650 :
2592 3602 2646 3650 et
2675 3596 2937 3651 Jeremice
2967 3614 3001 3651 a
3031 3612 3161 3668 rege
3193 3597 3535 3651 mandatum
3557 3599 3669 3668 est,

2022 3703 2091 3741 ne
2121 3684 2308 3740 verbis
2333 3683 2562 3738 Domini
2594 3683 2928 3753 loqueretur
2951 3684 3021 3737 ad
3051 3682 3350 3753 populum,
3376 3683 3671 3738 intantum

2022 3779 2086 3828 ut
2107 3773 2283 3828 etiam
2307 3788 2604 3826 sermones
2627 3771 2754 3840 ejus
2775 3771 3011 3841 ignibus
3032 3775 3448 3826 concremaret.
3468 3771 3548 3826 De
3564 3769 3675 3826 hoc

2020 3863 2147 3917 loco
2166 3861 2431 3916 haeresim
2446 3876 2614 3914 suam
2629 3858 3364 3924 Tatianus,Encratitarum
3380 3859 3672 3931 princeps,

2026 3957 2250 4007 struere
2274 3948 2499 4013 nititur,
2517 3948 2718 4002 vinum
2743 3964 3012 4003 asserens
3041 3965 3154 4002 non
3179 3948 3520 4016 bibendum,
3539 3964 3675 4002 cum

2025 4044 2084 4096 et
2116 4041 2237 4110 lege
2270 4042 2619 4109 praeceptum
2645 4037 2741 4100 sit,
2775 4053 2845 4091 ne
2871 4037 3124 4091 Nazarzei
3153 4036 3356 4091 bibant
3373 4037 3598 4104 vinum,
3621 4041 3678 4092 et

2029 4144 2185 4183 nunc
2206 4131 2551 4181 accusentur
2571 4142 2604 4179 a
2626 4125 2928 4196 prOpheta,
2945 4125 3043 4196 qui
3065 4125 3375 4197 propinent
3394 4124 3679 4181 Nazaraais

2028 4217 2250 4271 vinum.
2305 4215 2412 4279 Qui
2464 4214 2510 4267 si
2561 4213 2818 4268 litteram
2850 4220 3179 4284 sequuntur
3208 4213 3265 4267 in
3299 4214 3594 4280 omnibus,
3625 4217 3682 4269 et

2028 4305 2304 4361 Judaicas
2337 4302 2564 4357 fabulas
2594 4301 2866 4357 Ecclesiis
2897 4302 3170 4373 ingerunt
3199 4301 3431 4367 Christi,
3463 4319 3599 4374 ergo
3624 4305 3682 4358 et

2031 4409 2255 4448 comam
2290 4391 2511 4445 nutrire
2534 4390 2767 4455 debent,
2801 4394 2858 4443 et
2882 4406 3054 4443 uvam
3083 4405 3318 4460 passam
3348 4406 3414 4444 ac
3433 4389 3678 4444 viridem

2031 4499 2146 4537 non
2179 4480 2500 4542 comedere,
2535 4483 2589 4533 et
2616 4494 2792 4548 super
2822 4483 3008 4532 matre
3029 4482 3086 4532 et
3113 4481 3273 4548 patre
3296 4477 3543 4533 mortuis
3563 4493 3679 4532 non

2032 4571 2292 4643 ingredi;
2327 4574 2383 4623 et
2414 4569 2460 4623 si
2495 4569 2641 4622 forte
2672 4566 2792 4620 hac
2823 4565 3062 4620 fecerint
3092 4569 3148 4620 et
3178 4566 3392 4620 fuerint
3420 4565 3683 4621 humana

255 4659 416 4715 Esau
453 4659 640 4730 possit
665 4656 901 4728 ποίημα,
935 4659 992 4713 id
1025 4663 1132 4723 est,
1181 4659 1397 4727 factura
1438 4656 1703 4727 intelligi,
1756 4662 1818 4711 ut
1848 4657 1918 4712 ad
1951 4673 1997 4737 D
2027 4661 2113 4716 vel
2147 4658 2480 4730 fragilitate,
2529 4656 2617 4710 vel
2667 4655 3004 4710 necessitate
3037 4655 3316 4726 superati,
3351 4655 3559 4712 radant
3586 4670 3682 4710 ca-

267 4745 431 4803 mala
477 4763 655 4818 opera
702 4748 1006 4803 referatur.
1053 4753 1130 4802 De
1170 4746 1278 4802 hoc
1313 4745 1445 4800 forti
1479 4750 1654 4816 atque
1687 4746 1922 4801 robusto

259 4837 340 4908 (a)
359 4835 650 4891 Dominus
671 4835 930 4907 loquitur
950 4837 1009 4890 in
1033 4833 1374 4906 Evangelio:
1405 4833 1538 4887 Cum
1559 4833 1721 4905 fortis
1742 4851 1924 4889 arma-

256 4930 352 4981 tus
383 4924 617 4980 custodit
647 4927 859 4980 atrium
888 4941 1068 4992 suum,
1103 4926 1163 4978 in
1188 4939 1322 4994 pace
1343 4930 1469 4977 sunt
1490 4924 1678 4976 omnia
1710 4922 1816 4992 (Al.
1839 4926 1925 4991 ea]

257 5028 392 5086 quis
415 5013 695 5084 possidet:
726 5016 777 5068 si
795 5017 977 5070 autem
995 5014 1196 5083 fortior
1215 5013 1312 5067 illo
1332 5014 1717 5082 superveniens
1739 5012 1932 5066 vicerit

264 5118 417 5167 eum,
442 5103 699 5156 universa
723 5118 881 5157 arma
908 5103 1026 5172 ejus
1047 5105 1260 5172 auferet
1281 5099 1389 5171 (Al.
1409 5102 1631 5169 aufert],
1657 5101 1714 5154 in
1733 5102 1930 5170 quibus

271 5189 599 5258 canﬁdebat,
650 5195 702 5244 et
748 5192 924 5262 spolia
971 5192 1087 5261 ejus
1135 5191 1428 5244 distribuet
1460 5188 1564 5258 (Al.
1608 5188 1926 5260 distribuit].

272 5278 577 5350 Nobisque
601 5280 870 5350 praestitit
883 5280 1186 5348 Dominus,
1205 5283 1270 5333 ut
1289 5279 1516 5332 fructus
1539 5277 1716 5347 hujus
1736 5279 1935 5332 Amor-

275 5367 418 5423 ι·δωὶ
438 5367 611 5435 Seon,
634 5384 808 5440 quem
832 5368 1198 5440 interpretari
1223 5367 1644 5421 infructuosam
1668 5365 1933 5420 arborem

347 5545 430 5624 (a_)
453 5543 558 5599 Hic
582 5550 711 5624 post
731 5545 1051 5624 Victorium
1074 5561 1277 5624 vocem
1299 5544 1562 5624 Dominus
1584 5560 1602 5596 :
1635 5541 1936 5624 supraubi

279 5616 435 5671 Psal.
468 5631 635 5671 xxxv1
660 5617 878 5685 laudat,
904 5617 1145 5671 verbum
1169 5617 1421 5686 legimus,
1456 5618 1514 5668 et
1538 5616 1935 5686 passimrejus-

283 5687 443 5742 modi
474 5686 589 5742 alia
618 5684 908 5744 contextui
932 5684 1259 5744 necessaria
1283 5703 1352 5742 ex
1379 5702 1523 5740 mss.
1549 5684 1932 5740 restituimus.

353 5759 428 5830 (b)
450 5757 716 5817 Martian.
739 5762 956 5832 vestris,
972 5775 1076 5832 pro
1096 5759 1303 5817 nostris
1324 5775 1336 5815 :
1366 5756 1608 5829 quidam
1630 5772 1773 5813 mss.
1797 5771 1935 5812 neu-

2037 4750 2176 4821 pita,
2206 4751 2262 4802 et
2283 4746 2429 4800 irriti
2456 4745 2574 4799 sint
2596 4760 2800 4798 omnes
2821 4742 2946 4797 dies
2972 4742 3425 4798 consecrationis
3447 4747 3503 4797 et
3521 4741 3684 4798 labo-

2036 4838 2116 4893 ris
2148 4851 2370 4891 eorum.
2405 4833 2564 4896 Quod
2600 4832 2646 4886 si
2680 4831 2799 4886 haec
2826 4847 2941 4885 non
2965 4832 3204 4898 faciunt,
3230 4847 3418 4902 neque
3441 4834 3689 4903 possunt

2038 4941 2197 4980 more
2225 4922 2603 4977 Jurlaicorum
2649 4935 2978 4990 cauponum
3014 4919 3257 4974 miscere
3287 4935 3501 4989 aquam
3529 4919 3684 4986 vino,

2038 5013 2278 5068 umbras
2312 5009 2557 5072 veritati,
2610 5007 2898 5080 Evangelii
2945 5008 3142 5079 gratiae
3175 5007 3344 5079 Legis
3375 5007 3689 5063 necessita-

2043 5098 2528 5167 tem,ebrietatem
2562 5095 2724 5151 illam
2751 5095 3233 5166 intelligant,qua
3262 5095 3418 5151 curis
3448 5093 3693 5150 saecula-

2041 5188 2606 5244 ribusinebrietatur
2634 5189 2690 5238 et
2723 5185 2990 5238 obruitur
3018 5184 3226 5238 anima
3259 5184 3438 5254 vigor,
3473 5187 3530 5238 et
3559 5182 3688 5238 illos

2041 5275 2336 5350 prophetis
2369 5275 2667 5336 mandare,
2700 5272 2996 5327 dicentes:
3044 5273 3120 5326 Ne
3169 5273 3521 5342 prophetetis,
3563 5270 3686 5342 qui,

2044 5366 2218 5420 livore
2251 5361 2532 5435 superati,
2579 5361 2887 5433 prohibent
2938 5360 3198 5415 eruditos
3228 5360 3382 5416 viros
3413 5359 3688 5416 doctrinas

2045 5548 2202 5597 trum
2235 5540 2448 5595 sciunt.

2115 5614 2188 5681 (c)
2224 5615 2468 5665 Deerant
2495 5609 2686 5676 verba,
2720 5607 2843 5661 LXX
2869 5607 3143 5674 similiter,
3176 5624 3303 5678 quae
3335 5605 3518 5663 nostri
3549 5622 3689 5679 sup-

2047 5684 2213 5756 plent
2244 5699 2387 5737 mss.
