  <div class='ocr_page' id='page_1' title='image "/cluster/home/n/w/nwhite01/storage/ocr_20150623/25/hvd.32044096580493/511.png"; bbox 0 0 3986 6190; ppageno 0'>
   <div class='ocr_carea' id='block_1_1' title="bbox 402 438 555 507">
    <p class='ocr_par' dir='ltr' id='par_1_1' title="bbox 402 438 555 507">
     <span class='ocr_line' id='line_1_1' title="bbox 402 438 555 507; baseline -0.02 0"><span class='ocrx_word' id='word_1_1' title='bbox 402 438 555 507; x_wconf 81' lang='grc'>1011</span> 
     </span>
    </p>
   </div>
   <div class='ocr_carea' id='block_1_2' title="bbox 1656 434 2563 512">
    <p class='ocr_par' dir='ltr' id='par_1_2' title="bbox 1656 434 2563 512">
     <span class='ocr_line' id='line_1_2' title="bbox 1656 434 2563 512; baseline 0.003 -3"><span class='ocrx_word' id='word_1_2' title='bbox 1656 440 1721 509; x_wconf 88' lang='lat' dir='ltr'><strong>S.</strong></span> <span class='ocrx_word' id='word_1_3' title='bbox 1766 434 2075 510; x_wconf 78' lang='lat' dir='ltr'><strong>EUSEBII</strong></span> <span class='ocrx_word' id='word_1_4' title='bbox 2120 437 2563 512; x_wconf 79' lang='lat' dir='ltr'><strong>HIERONYMI</strong></span> 
     </span>
    </p>
   </div>
   <div class='ocr_carea' id='block_1_3' title="bbox 3594 443 3715 510">
    <p class='ocr_par' dir='ltr' id='par_1_3' title="bbox 3594 443 3715 510">
     <span class='ocr_line' id='line_1_3' title="bbox 3594 443 3715 510; baseline 0.025 -3"><span class='ocrx_word' id='word_1_5' title='bbox 3594 443 3715 510; x_wconf 69' lang='lat'><strong>1019</strong></span> 
     </span>
    </p>
   </div>
   <div class='ocr_carea' id='block_1_4' title="bbox 398 574 3717 652">
    <p class='ocr_par' dir='ltr' id='par_1_4' title="bbox 398 574 3717 652">
     <span class='ocr_line' id='line_1_4' title="bbox 398 574 3717 652; baseline 0.001 -19"><span class='ocrx_word' id='word_1_6' title='bbox 398 579 655 651; x_wconf 89' lang='lat' dir='ltr'><strong>proferre</strong></span> <span class='ocrx_word' id='word_1_7' title='bbox 703 592 1054 637; x_wconf 82' lang='lat' dir='ltr'><strong>sermonem.</strong></span> <span class='ocrx_word' id='word_1_8' title='bbox 1106 578 1175 635; x_wconf 89' lang='lat' dir='ltr'><strong>Et</strong></span> <span class='ocrx_word' id='word_1_9' title='bbox 1220 576 1445 635; x_wconf 82' lang='lat' dir='ltr'><strong>dicente</strong></span> <span class='ocrx_word' id='word_1_10' title='bbox 1494 580 1777 635; x_wconf 89' lang='lat' dir='ltr'><strong>Domino:</strong></span> <span class='ocrx_word' id='word_1_11' title='bbox 1815 581 1955 635; x_wconf 82' lang='lat' dir='ltr'><strong>Vade</strong></span> <span class='ocrx_word' id='word_1_12' title='bbox 1992 585 2042 635; x_wconf 88' lang='lat' dir='ltr'><strong>et</strong></span> <span class='ocrx_word' id='word_1_13' title='bbox 2075 586 2123 649; x_wconf 79' lang='grc' dir='ltr'><strong>Α</strong></span> <span class='ocrx_word' id='word_1_14' title='bbox 2154 581 2662 652; x_wconf 88' lang='lat' dir='ltr'><strong>posuimus.Nuno</strong></span> <span class='ocrx_word' id='word_1_15' title='bbox 2683 585 2878 637; x_wconf 88' lang='lat' dir='ltr'><strong>autem</strong></span> <span class='ocrx_word' id='word_1_16' title='bbox 2901 579 2973 636; x_wconf 91' lang='lat' dir='ltr'><strong>ad</strong></span> <span class='ocrx_word' id='word_1_17' title='bbox 2990 581 3189 638; x_wconf 86' lang='lat' dir='ltr'><strong>nostra</strong></span> <span class='ocrx_word' id='word_1_18' title='bbox 3209 574 3717 637; x_wconf 74' lang='lat' dir='ltr'><strong>redeamus.\’olvere</strong></span> 
     </span>
    </p>
   </div>
   <div class='ocr_carea' id='block_1_5' title="bbox 394 667 2039 741">
    <p class='ocr_par' dir='ltr' id='par_1_5' title="bbox 394 667 2039 741">
     <span class='ocr_line' id='line_1_5' title="bbox 394 667 2039 741; baseline 0.001 -19"><span class='ocrx_word' id='word_1_19' title='bbox 394 667 482 723; x_wconf 86' lang='lat' dir='ltr'><strong>dic</strong></span> <span class='ocrx_word' id='word_1_20' title='bbox 511 669 708 739; x_wconf 90' lang='lat' dir='ltr'><strong>popqu</strong></span> <span class='ocrx_word' id='word_1_21' title='bbox 736 667 864 723; x_wconf 87' lang='lat' dir='ltr'><strong>huic</strong></span> <span class='ocrx_word' id='word_1_22' title='bbox 895 670 985 739; x_wconf 90' lang='lat' dir='ltr'><strong>(Is.</strong></span> <span class='ocrx_word' id='word_1_23' title='bbox 1018 686 1096 739; x_wconf 75' lang='lat' dir='ltr'><strong>vr,</strong></span> <span class='ocrx_word' id='word_1_24' title='bbox 1128 669 1203 739; x_wconf 86' lang='lat'><strong>9),</strong></span> <span class='ocrx_word' id='word_1_25' title='bbox 1240 668 1321 723; x_wconf 88' lang='lat' dir='ltr'><strong>illi</strong></span> <span class='ocrx_word' id='word_1_26' title='bbox 1355 669 1678 725; x_wconf 89' lang='lat' dir='ltr'><strong>ccontrario</strong></span> <span class='ocrx_word' id='word_1_27' title='bbox 1701 670 1935 741; x_wconf 90' lang='lat' dir='ltr'><strong>jubent,</strong></span> <span class='ocrx_word' id='word_1_28' title='bbox 1969 685 2039 723; x_wconf 90' lang='lat' dir='ltr'><strong>ne</strong></span> 
     </span>
    </p>
   </div>
   <div class='ocr_carea' id='block_1_6' title="bbox 395 753 2042 829">
    <p class='ocr_par' dir='ltr' id='par_1_6' title="bbox 395 753 2042 829">
     <span class='ocr_line' id='line_1_6' title="bbox 395 753 2042 829; baseline 0.001 -19"><span class='ocrx_word' id='word_1_29' title='bbox 395 753 655 826; x_wconf 81' lang='lat' dir='ltr'><strong>loquaris</strong></span> <span class='ocrx_word' id='word_1_30' title='bbox 686 757 745 810; x_wconf 89' lang='lat' dir='ltr'><strong>in</strong></span> <span class='ocrx_word' id='word_1_31' title='bbox 777 758 1012 812; x_wconf 86' lang='lat' dir='ltr'><strong>nomine</strong></span> <span class='ocrx_word' id='word_1_32' title='bbox 1045 758 1296 823; x_wconf 85' lang='lat' dir='ltr'><strong>Domini,</strong></span> <span class='ocrx_word' id='word_1_33' title='bbox 1330 758 1580 813; x_wconf 85' lang='lat' dir='ltr'><strong>maxime</strong></span> <span class='ocrx_word' id='word_1_34' title='bbox 1611 758 1659 813; x_wconf 88' lang='lat' dir='ltr'><strong>si</strong></span> <span class='ocrx_word' id='word_1_35' title='bbox 1696 757 1790 813; x_wconf 91' lang='lat' dir='ltr'><strong>ille</strong></span> <span class='ocrx_word' id='word_1_36' title='bbox 1820 758 1919 829; x_wconf 88' lang='lat' dir='ltr'><strong>qui</strong></span> <span class='ocrx_word' id='word_1_37' title='bbox 1945 757 2042 811; x_wconf 91' lang='lat' dir='ltr'><strong>do-</strong></span> 
     </span>
    </p>
   </div>
   <div class='ocr_carea' id='block_1_7' title="bbox 393 846 2099 917">
    <p class='ocr_par' dir='ltr' id='par_1_7' title="bbox 393 846 2099 917">
     <span class='ocr_line' id='line_1_7' title="bbox 393 846 2099 917; baseline 0 -17"><span class='ocrx_word' id='word_1_38' title='bbox 393 850 543 910; x_wconf 85' lang='lat' dir='ltr'><strong>ceat,</strong></span> <span class='ocrx_word' id='word_1_39' title='bbox 575 862 688 900; x_wconf 86' lang='lat' dir='ltr'><strong>non</strong></span> <span class='ocrx_word' id='word_1_40' title='bbox 721 846 876 916; x_wconf 81' lang='lat' dir='ltr'><strong>turpi</strong></span> <span class='ocrx_word' id='word_1_41' title='bbox 910 846 1069 901; x_wconf 89' lang='lat' dir='ltr'><strong>lucro</strong></span> <span class='ocrx_word' id='word_1_42' title='bbox 1096 850 1152 900; x_wconf 91' lang='lat' dir='ltr'><strong>et</strong></span> <span class='ocrx_word' id='word_1_43' title='bbox 1180 846 1371 917; x_wconf 68' lang='lat' dir='ltr'><strong>gloriae</strong></span> <span class='ocrx_word' id='word_1_44' title='bbox 1394 851 1568 917; x_wconf 90' lang='lat' dir='ltr'><strong>atque</strong></span> <span class='ocrx_word' id='word_1_45' title='bbox 1590 846 1907 917; x_wconf 64' lang='lat' dir='ltr'><strong>jactantiae,</strong></span> <span class='ocrx_word' id='word_1_46' title='bbox 1939 846 2040 900; x_wconf 92' lang='lat' dir='ltr'><strong>sed</strong></span> <span class='ocrx_word' id='word_1_47' title='bbox 2078 850 2099 860; x_wconf 86' lang='grc'><strong>’</strong></span> 
     </span>
    </p>
   </div>
   <div class='ocr_carea' id='block_1_8' title="bbox 396 932 1847 1007">
    <p class='ocr_par' dir='ltr' id='par_1_8' title="bbox 396 932 1847 1007">
     <span class='ocr_line' id='line_1_8' title="bbox 396 932 1847 1007; baseline -0.001 -18"><span class='ocrx_word' id='word_1_48' title='bbox 396 932 634 989; x_wconf 80' lang='lat' dir='ltr'><strong>utilitati</strong></span> <span class='ocrx_word' id='word_1_49' title='bbox 667 934 980 1004; x_wconf 86' lang='lat' dir='ltr'><strong>legentium</strong></span> <span class='ocrx_word' id='word_1_50' title='bbox 1014 935 1501 1006; x_wconf 88' lang='lat' dir='ltr'><strong>audientiumque</strong></span> <span class='ocrx_word' id='word_1_51' title='bbox 1532 935 1847 1007; x_wconf 79' lang='lat' dir='ltr'><strong>provideat.</strong></span> 
     </span>
    </p>
   </div>
   <div class='ocr_carea' id='block_1_9' title="bbox 465 1022 2043 1094">
    <p class='ocr_par' dir='ltr' id='par_1_9' title="bbox 465 1022 2043 1094">
     <span class='ocr_line' id='line_1_9' title="bbox 465 1022 2043 1094; baseline 0.002 -21"><span class='ocrx_word' id='word_1_52' title='bbox 465 1022 648 1092; x_wconf 89' lang='lat' dir='ltr'><strong>(Vers.</strong></span> <span class='ocrx_word' id='word_1_53' title='bbox 686 1024 750 1075; x_wconf 87' lang='lat'><strong>13</strong></span> <span class='ocrx_word' id='word_1_54' title='bbox 780 1026 969 1094; x_wconf 85' lang='lat' dir='ltr'><strong>seqq.)</strong></span> <span class='ocrx_word' id='word_1_55' title='bbox 996 1025 1124 1077; x_wconf 83' lang='lat' dir='ltr'><em>Ecce</em></span> <span class='ocrx_word' id='word_1_56' title='bbox 1152 1038 1244 1092; x_wconf 88' lang='lat' dir='ltr'><strong>ego</strong></span> <span class='ocrx_word' id='word_1_57' title='bbox 1278 1024 1518 1077; x_wconf 82' lang='lat' dir='ltr'><strong>stridebo</strong></span> <span class='ocrx_word' id='word_1_58' title='bbox 1548 1024 1730 1077; x_wconf 77' lang='lat' dir='ltr'><strong>subter</strong></span> <span class='ocrx_word' id='word_1_59' title='bbox 1762 1038 1872 1088; x_wconf 90' lang='lat' dir='ltr'><strong>vos,</strong></span> <span class='ocrx_word' id='word_1_60' title='bbox 1905 1024 2043 1076; x_wconf 97' lang='lat' dir='ltr'><strong>sicut</strong></span> 
     </span>
    </p>
   </div>
   <div class='ocr_carea' id='block_1_10' title="bbox 390 1110 2043 1182">
    <p class='ocr_par' dir='ltr' id='par_1_10' title="bbox 390 1110 2043 1182">
     <span class='ocr_line' id='line_1_10' title="bbox 390 1110 2043 1182; baseline 0.001 -18"><span class='ocrx_word' id='word_1_61' title='bbox 390 1110 583 1165; x_wconf 77' lang='lat' dir='ltr'><strong>stridet</strong></span> <span class='ocrx_word' id='word_1_62' title='bbox 614 1111 765 1166; x_wconf 68' lang='lat'><strong>248</strong></span> <span class='ocrx_word' id='word_1_63' title='bbox 795 1111 1106 1181; x_wconf 73' lang='lat' dir='ltr'><strong>plaustrum</strong></span> <span class='ocrx_word' id='word_1_64' title='bbox 1136 1119 1387 1165; x_wconf 82' lang='lat' dir='ltr'><strong>onustum</strong></span> <span class='ocrx_word' id='word_1_65' title='bbox 1417 1114 1562 1180; x_wconf 76' lang='lat' dir='ltr'><strong>leno,</strong></span> <span class='ocrx_word' id='word_1_66' title='bbox 1594 1120 1647 1164; x_wconf 91' lang='lat' dir='ltr'><strong>et</strong></span> <span class='ocrx_word' id='word_1_67' title='bbox 1674 1113 1876 1181; x_wconf 75' lang='lat' dir='ltr'><strong>peribit</strong></span> <span class='ocrx_word' id='word_1_68' title='bbox 1902 1115 2043 1182; x_wconf 82' lang='lat' dir='ltr'><strong>fuga</strong></span> 
     </span>
    </p>
   </div>
   <div class='ocr_carea' id='block_1_11' title="bbox 388 1200 2041 1270">
    <p class='ocr_par' dir='ltr' id='par_1_11' title="bbox 388 1200 2041 1270">
     <span class='ocr_line' id='line_1_11' title="bbox 388 1200 2041 1270; baseline 0 -16"><span class='ocrx_word' id='word_1_69' title='bbox 388 1215 424 1254; x_wconf 89' lang='lat' dir='ltr'><strong>a</strong></span> <span class='ocrx_word' id='word_1_70' title='bbox 452 1201 647 1266; x_wconf 87' lang='lat' dir='ltr'><strong>veloce,</strong></span> <span class='ocrx_word' id='word_1_71' title='bbox 680 1203 733 1253; x_wconf 90' lang='lat' dir='ltr'><strong>et</strong></span> <span class='ocrx_word' id='word_1_72' title='bbox 760 1202 916 1269; x_wconf 74' lang='lat' dir='ltr'><strong>fortis</strong></span> <span class='ocrx_word' id='word_1_73' title='bbox 949 1216 1059 1254; x_wconf 83' lang='lat' dir='ltr'><strong>non</strong></span> <span class='ocrx_word' id='word_1_74' title='bbox 1082 1200 1342 1254; x_wconf 75' lang='lat' dir='ltr'><strong>obtinebit</strong></span> <span class='ocrx_word' id='word_1_75' title='bbox 1372 1202 1631 1254; x_wconf 82' lang='lat' dir='ltr'><strong>virtutem</strong></span> <span class='ocrx_word' id='word_1_76' title='bbox 1657 1216 1836 1270; x_wconf 83' lang='lat' dir='ltr'><strong>suam,</strong></span> <span class='ocrx_word' id='word_1_77' title='bbox 1869 1204 1919 1254; x_wconf 90' lang='lat' dir='ltr'><strong>et</strong></span> <span class='ocrx_word' id='word_1_78' title='bbox 1948 1217 2041 1254; x_wconf 88' lang='lat' dir='ltr'><strong>ro-</strong></span> 
     </span>
    </p>
   </div>
   <div class='ocr_carea' id='block_1_12' title="bbox 392 1287 2042 1353">
    <p class='ocr_par' dir='ltr' id='par_1_12' title="bbox 392 1287 2042 1353">
     <span class='ocr_line' id='line_1_12' title="bbox 392 1287 2042 1353; baseline 0 -11"><span class='ocrx_word' id='word_1_79' title='bbox 392 1287 579 1342; x_wconf 89' lang='lat' dir='ltr'><strong>bustus</strong></span> <span class='ocrx_word' id='word_1_80' title='bbox 598 1304 707 1342; x_wconf 86' lang='lat' dir='ltr'><strong>non</strong></span> <span class='ocrx_word' id='word_1_81' title='bbox 728 1290 969 1343; x_wconf 86' lang='lat' dir='ltr'><strong>salvabit</strong></span> <span class='ocrx_word' id='word_1_82' title='bbox 990 1292 1239 1342; x_wconf 85' lang='lat' dir='ltr'><strong>animam</strong></span> <span class='ocrx_word' id='word_1_83' title='bbox 1257 1295 1500 1353; x_wconf 82' lang='lat' dir='ltr'><strong>suam,et</strong></span> <span class='ocrx_word' id='word_1_84' title='bbox 1516 1291 1704 1343; x_wconf 84' lang='lat' dir='ltr'><strong>tenens</strong></span> <span class='ocrx_word' id='word_1_85' title='bbox 1725 1306 1913 1343; x_wconf 72' lang='lat' dir='ltr'><strong>areum</strong></span> <span class='ocrx_word' id='word_1_86' title='bbox 1935 1304 2042 1343; x_wconf 90' lang='lat' dir='ltr'><strong>non</strong></span> 
     </span>
    </p>
   </div>
   <div class='ocr_carea' id='block_1_13' title="bbox 387 1376 2044 1448">
    <p class='ocr_par' dir='ltr' id='par_1_13' title="bbox 387 1376 2044 1448">
     <span class='ocr_line' id='line_1_13' title="bbox 387 1376 2044 1448; baseline 0 -17"><span class='ocrx_word' id='word_1_87' title='bbox 387 1376 574 1443; x_wconf 80' lang='lat' dir='ltr'><strong>stabit,</strong></span> <span class='ocrx_word' id='word_1_88' title='bbox 600 1385 648 1431; x_wconf 91' lang='lat' dir='ltr'><strong>et</strong></span> <span class='ocrx_word' id='word_1_89' title='bbox 669 1377 824 1431; x_wconf 73' lang='lat' dir='ltr'><strong>velox</strong></span> <span class='ocrx_word' id='word_1_90' title='bbox 847 1376 1074 1448; x_wconf 82' lang='lat' dir='ltr'><strong>pedibus</strong></span> <span class='ocrx_word' id='word_1_91' title='bbox 1094 1380 1207 1431; x_wconf 88' lang='lat' dir='ltr'><strong>suis</strong></span> <span class='ocrx_word' id='word_1_92' title='bbox 1234 1394 1341 1430; x_wconf 90' lang='lat' dir='ltr'><strong>non</strong></span> <span class='ocrx_word' id='word_1_93' title='bbox 1365 1378 1689 1441; x_wconf 85' lang='lat' dir='ltr'><strong>salvabitur,</strong></span> <span class='ocrx_word' id='word_1_94' title='bbox 1722 1387 1772 1432; x_wconf 91' lang='lat' dir='ltr'><strong>et</strong></span> <span class='ocrx_word' id='word_1_95' title='bbox 1794 1394 2044 1434; x_wconf 85' lang='lat' dir='ltr'><strong>ascensor</strong></span> 
     </span>
    </p>
   </div>
   <div class='ocr_carea' id='block_1_14' title="bbox 389 1466 2044 1536">
    <p class='ocr_par' dir='ltr' id='par_1_14' title="bbox 389 1466 2044 1536">
     <span class='ocr_line' id='line_1_14' title="bbox 389 1466 2044 1536; baseline -0.001 -16"><span class='ocrx_word' id='word_1_96' title='bbox 389 1467 517 1536; x_wconf 90' lang='lat' dir='ltr'><strong>equi</strong></span> <span class='ocrx_word' id='word_1_97' title='bbox 536 1481 643 1519; x_wconf 85' lang='lat' dir='ltr'><strong>non</strong></span> <span class='ocrx_word' id='word_1_98' title='bbox 668 1466 904 1520; x_wconf 88' lang='lat' dir='ltr'><strong>salvabit</strong></span> <span class='ocrx_word' id='word_1_99' title='bbox 925 1483 994 1520; x_wconf 87' lang='lat' dir='ltr'><strong>an</strong></span> <span class='ocrx_word' id='word_1_100' title='bbox 1004 1468 1173 1520; x_wconf 87' lang='lat' dir='ltr'><strong>imam</strong></span> <span class='ocrx_word' id='word_1_101' title='bbox 1193 1482 1369 1531; x_wconf 89' lang='lat' dir='ltr'><strong>suam,</strong></span> <span class='ocrx_word' id='word_1_102' title='bbox 1385 1474 1433 1520; x_wconf 88' lang='lat' dir='ltr'><strong>et</strong></span> <span class='ocrx_word' id='word_1_103' title='bbox 1455 1466 1704 1520; x_wconf 84' lang='lat' dir='ltr'><strong>robustus</strong></span> <span class='ocrx_word' id='word_1_104' title='bbox 1720 1468 1878 1521; x_wconf 86' lang='lat' dir='ltr'><strong>corde</strong></span> <span class='ocrx_word' id='word_1_105' title='bbox 1899 1468 2044 1521; x_wconf 88' lang='lat' dir='ltr'><strong>inter</strong></span> 
     </span>
    </p>
   </div>
   <div class='ocr_carea' id='block_1_15' title="bbox 387 1553 2037 1626">
    <p class='ocr_par' dir='ltr' id='par_1_15' title="bbox 387 1553 2037 1626">
     <span class='ocr_line' id='line_1_15' title="bbox 387 1553 2037 1626; baseline -0.001 -16"><span class='ocrx_word' id='word_1_106' title='bbox 387 1556 575 1626; x_wconf 81' lang='lat' dir='ltr'><strong>fortes,</strong></span> <span class='ocrx_word' id='word_1_107' title='bbox 606 1553 785 1609; x_wconf 88' lang='lat' dir='ltr'><strong>nudus</strong></span> <span class='ocrx_word' id='word_1_108' title='bbox 812 1556 983 1625; x_wconf 79' lang='lat' dir='ltr'><strong>fugiet</strong></span> <span class='ocrx_word' id='word_1_109' title='bbox 1013 1556 1073 1609; x_wconf 86' lang='lat' dir='ltr'><strong>in</strong></span> <span class='ocrx_word' id='word_1_110' title='bbox 1104 1554 1191 1610; x_wconf 88' lang='lat' dir='ltr'><strong>die</strong></span> <span class='ocrx_word' id='word_1_111' title='bbox 1219 1555 1348 1624; x_wconf 87' lang='lat' dir='ltr'><strong>illa,</strong></span> <span class='ocrx_word' id='word_1_112' title='bbox 1382 1554 1519 1608; x_wconf 83' lang='lat' dir='ltr'><strong>dicit</strong></span> <span class='ocrx_word' id='word_1_113' title='bbox 1548 1555 1829 1608; x_wconf 88' lang='lat' dir='ltr'><strong>Dominus.</strong></span> <span class='ocrx_word' id='word_1_114' title='bbox 1868 1554 2037 1608; x_wconf 86' lang='lat' dir='ltr'><strong>LXX:</strong></span> 
     </span>
    </p>
   </div>
   <div class='ocr_carea' id='block_1_16' title="bbox 393 1644 2043 1715">
    <p class='ocr_par' dir='ltr' id='par_1_16' title="bbox 393 1644 2043 1715">
     <span class='ocr_line' id='line_1_16' title="bbox 393 1644 2043 1715; baseline 0 -18"><span class='ocrx_word' id='word_1_115' title='bbox 393 1644 729 1715; x_wconf 79' lang='lat' dir='ltr'><strong>QuaprOpter</strong></span> <span class='ocrx_word' id='word_1_116' title='bbox 757 1658 873 1698; x_wconf 89' lang='lat' dir='ltr'><strong>ecce</strong></span> <span class='ocrx_word' id='word_1_117' title='bbox 900 1659 995 1712; x_wconf 85' lang='lat' dir='ltr'><strong>ego</strong></span> <span class='ocrx_word' id='word_1_118' title='bbox 1026 1644 1246 1698; x_wconf 84' lang='lat' dir='ltr'><strong>volvam</strong></span> <span class='ocrx_word' id='word_1_119' title='bbox 1275 1644 1462 1697; x_wconf 86' lang='lat' dir='ltr'><strong>subter</strong></span> <span class='ocrx_word' id='word_1_120' title='bbox 1493 1658 1582 1697; x_wconf 82' lang='lat' dir='ltr'><strong>cos</strong></span> <span class='ocrx_word' id='word_1_121' title='bbox 1624 1645 1765 1697; x_wconf 87' lang='lat' dir='ltr'><strong>sicut</strong></span> <span class='ocrx_word' id='word_1_122' title='bbox 1807 1644 2043 1698; x_wconf 88' lang='lat' dir='ltr'><strong>volvitur</strong></span> 
     </span>
    </p>
   </div>
   <div class='ocr_carea' id='block_1_17' title="bbox 388 1731 2039 1802">
    <p class='ocr_par' dir='ltr' id='par_1_17' title="bbox 388 1731 2039 1802">
     <span class='ocr_line' id='line_1_17' title="bbox 388 1731 2039 1802; baseline 0 -17"><span class='ocrx_word' id='word_1_123' title='bbox 388 1732 699 1802; x_wconf 70' lang='lat' dir='ltr'><strong>piaustrum</strong></span> <span class='ocrx_word' id='word_1_124' title='bbox 728 1733 951 1802; x_wconf 86' lang='lat' dir='ltr'><strong>plenum</strong></span> <span class='ocrx_word' id='word_1_125' title='bbox 990 1732 1223 1802; x_wconf 74' lang='lat' dir='ltr'><strong>stipula,</strong></span> <span class='ocrx_word' id='word_1_126' title='bbox 1266 1739 1319 1785; x_wconf 90' lang='lat' dir='ltr'><strong>et</strong></span> <span class='ocrx_word' id='word_1_127' title='bbox 1345 1731 1551 1801; x_wconf 82' lang='lat' dir='ltr'><strong>peribit</strong></span> <span class='ocrx_word' id='word_1_128' title='bbox 1578 1732 1712 1801; x_wconf 88' lang='lat' dir='ltr'><strong>fuga</strong></span> <span class='ocrx_word' id='word_1_129' title='bbox 1740 1748 1774 1785; x_wconf 91' lang='lat' dir='ltr'><strong>a</strong></span> <span class='ocrx_word' id='word_1_130' title='bbox 1802 1746 2039 1800; x_wconf 88' lang='lat' dir='ltr'><strong>cursore,</strong></span> 
     </span>
    </p>
   </div>
   <div class='ocr_carea' id='block_1_18' title="bbox 396 1818 2045 1890">
    <p class='ocr_par' dir='ltr' id='par_1_18' title="bbox 396 1818 2045 1890">
     <span class='ocr_line' id='line_1_18' title="bbox 396 1818 2045 1890; baseline -0.001 -16"><span class='ocrx_word' id='word_1_131' title='bbox 396 1827 448 1874; x_wconf 88' lang='lat' dir='ltr'><strong>et</strong></span> <span class='ocrx_word' id='word_1_132' title='bbox 472 1821 631 1889; x_wconf 87' lang='lat' dir='ltr'><strong>fortis</strong></span> <span class='ocrx_word' id='word_1_133' title='bbox 657 1835 767 1874; x_wconf 90' lang='lat' dir='ltr'><strong>non</strong></span> <span class='ocrx_word' id='word_1_134' title='bbox 788 1819 1052 1874; x_wconf 72' lang='lat' dir='ltr'><strong>obtinebit</strong></span> <span class='ocrx_word' id='word_1_135' title='bbox 1078 1818 1455 1889; x_wconf 84' lang='lat' dir='ltr'><strong>fortitudinem</strong></span> <span class='ocrx_word' id='word_1_136' title='bbox 1494 1835 1681 1887; x_wconf 89' lang='lat' dir='ltr'><strong>suam,</strong></span> <span class='ocrx_word' id='word_1_137' title='bbox 1704 1823 1755 1873; x_wconf 89' lang='lat' dir='ltr'><strong>ct</strong></span> <span class='ocrx_word' id='word_1_138' title='bbox 1773 1824 2045 1890; x_wconf 84' lang='lat' dir='ltr'><strong>pugnator</strong></span> 
     </span>
    </p>
   </div>
   <div class='ocr_carea' id='block_1_19' title="bbox 386 1908 2043 1975">
    <p class='ocr_par' dir='ltr' id='par_1_19' title="bbox 386 1908 2043 1975">
     <span class='ocr_line' id='line_1_19' title="bbox 386 1908 2043 1975; baseline 0 -12"><span class='ocrx_word' id='word_1_139' title='bbox 386 1924 499 1964; x_wconf 85' lang='lat' dir='ltr'><strong>non</strong></span> <span class='ocrx_word' id='word_1_140' title='bbox 526 1908 764 1963; x_wconf 85' lang='lat' dir='ltr'><strong>salvabit</strong></span> <span class='ocrx_word' id='word_1_141' title='bbox 787 1909 1034 1962; x_wconf 87' lang='lat' dir='ltr'><strong>animam</strong></span> <span class='ocrx_word' id='word_1_142' title='bbox 1053 1924 1231 1972; x_wconf 89' lang='lat' dir='ltr'><strong>suam,</strong></span> <span class='ocrx_word' id='word_1_143' title='bbox 1261 1914 1309 1961; x_wconf 91' lang='lat' dir='ltr'><strong>et</strong></span> <span class='ocrx_word' id='word_1_144' title='bbox 1332 1908 1661 1975; x_wconf 82' lang='lat' dir='ltr'><strong>sagittarius</strong></span> <span class='ocrx_word' id='word_1_145' title='bbox 1688 1923 1798 1961; x_wconf 88' lang='lat' dir='ltr'><strong>non</strong></span> <span class='ocrx_word' id='word_1_146' title='bbox 1812 1909 2043 1963; x_wconf 85' lang='lat' dir='ltr'><strong>sustine-</strong></span> 
     </span>
    </p>
   </div>
   <div class='ocr_carea' id='block_1_20' title="bbox 389 1996 2040 2065">
    <p class='ocr_par' dir='ltr' id='par_1_20' title="bbox 389 1996 2040 2065">
     <span class='ocr_line' id='line_1_20' title="bbox 389 1996 2040 2065; baseline -0.001 -14"><span class='ocrx_word' id='word_1_147' title='bbox 389 1998 483 2063; x_wconf 89' lang='lat' dir='ltr'><strong>bit,</strong></span> <span class='ocrx_word' id='word_1_148' title='bbox 516 2001 568 2051; x_wconf 90' lang='lat' dir='ltr'><strong>et</strong></span> <span class='ocrx_word' id='word_1_149' title='bbox 596 1997 755 2052; x_wconf 69' lang='lat' dir='ltr'><strong>velox</strong></span> <span class='ocrx_word' id='word_1_150' title='bbox 782 1996 1006 2064; x_wconf 83' lang='lat' dir='ltr'><strong>pedibus</strong></span> <span class='ocrx_word' id='word_1_151' title='bbox 1034 1996 1245 2050; x_wconf 87' lang='lat' dir='ltr'><strong>salvari</strong></span> <span class='ocrx_word' id='word_1_152' title='bbox 1272 2010 1379 2049; x_wconf 89' lang='lat' dir='ltr'><strong>non</strong></span> <span class='ocrx_word' id='word_1_153' title='bbox 1409 1997 1630 2065; x_wconf 89' lang='lat' dir='ltr'><strong>poterit,</strong></span> <span class='ocrx_word' id='word_1_154' title='bbox 1662 1999 1714 2050; x_wconf 88' lang='lat' dir='ltr'><strong>et</strong></span> <span class='ocrx_word' id='word_1_155' title='bbox 1741 2012 1901 2065; x_wconf 88' lang='lat' dir='ltr'><strong>eques</strong></span> <span class='ocrx_word' id='word_1_156' title='bbox 1930 2012 2040 2050; x_wconf 88' lang='lat' dir='ltr'><strong>non</strong></span> 
     </span>
    </p>
   </div>
   <div class='ocr_carea' id='block_1_21' title="bbox 385 2084 2043 2155">
    <p class='ocr_par' dir='ltr' id='par_1_21' title="bbox 385 2084 2043 2155">
     <span class='ocr_line' id='line_1_21' title="bbox 385 2084 2043 2155; baseline 0 -15"><span class='ocrx_word' id='word_1_157' title='bbox 385 2085 630 2141; x_wconf 86' lang='lat' dir='ltr'><strong>satvabit</strong></span> <span class='ocrx_word' id='word_1_158' title='bbox 645 2085 895 2139; x_wconf 87' lang='lat' dir='ltr'><strong>animam</strong></span> <span class='ocrx_word' id='word_1_159' title='bbox 910 2084 1172 2155; x_wconf 88' lang='lat' dir='ltr'><strong>suam,(a)</strong></span> <span class='ocrx_word' id='word_1_160' title='bbox 1184 2089 1236 2138; x_wconf 90' lang='lat' dir='ltr'><strong>et</strong></span> <span class='ocrx_word' id='word_1_161' title='bbox 1256 2085 1312 2137; x_wconf 89' lang='lat' dir='ltr'><strong>in</strong></span> <span class='ocrx_word' id='word_1_162' title='bbox 1321 2092 1539 2137; x_wconf 87' lang='lat' dir='ltr'><strong>ventum</strong></span> <span class='ocrx_word' id='word_1_163' title='bbox 1555 2100 1646 2139; x_wconf 92' lang='lat' dir='ltr'><strong>cor</strong></span> <span class='ocrx_word' id='word_1_164' title='bbox 1660 2086 1780 2154; x_wconf 89' lang='lat' dir='ltr'><strong>ejus</strong></span> <span class='ocrx_word' id='word_1_165' title='bbox 1797 2087 1940 2140; x_wconf 90' lang='lat' dir='ltr'><strong>inter</strong></span> <span class='ocrx_word' id='word_1_166' title='bbox 1949 2101 2043 2155; x_wconf 90' lang='lat' dir='ltr'><strong>po-</strong></span> 
     </span>
    </p>
   </div>
   <div class='ocr_carea' id='block_1_22' title="bbox 387 2172 2042 2244">
    <p class='ocr_par' dir='ltr' id='par_1_22' title="bbox 387 2172 2042 2244">
     <span class='ocr_line' id='line_1_22' title="bbox 387 2172 2042 2244; baseline -0.001 -14"><span class='ocrx_word' id='word_1_167' title='bbox 387 2178 577 2239; x_wconf 84' lang='lat' dir='ltr'><strong>tentes,</strong></span> <span class='ocrx_word' id='word_1_168' title='bbox 608 2182 660 2229; x_wconf 89' lang='lat' dir='ltr'><strong>et</strong></span> <span class='ocrx_word' id='word_1_169' title='bbox 687 2173 867 2227; x_wconf 87' lang='lat' dir='ltr'><strong>nudus</strong></span> <span class='ocrx_word' id='word_1_170' title='bbox 895 2174 1072 2244; x_wconf 83' lang='lat' dir='ltr'><strong>fugiet</strong></span> <span class='ocrx_word' id='word_1_171' title='bbox 1101 2174 1163 2226; x_wconf 88' lang='lat' dir='ltr'><strong>in</strong></span> <span class='ocrx_word' id='word_1_172' title='bbox 1192 2172 1278 2227; x_wconf 89' lang='lat' dir='ltr'><strong>die</strong></span> <span class='ocrx_word' id='word_1_173' title='bbox 1307 2173 1432 2240; x_wconf 89' lang='lat' dir='ltr'><strong>illa,</strong></span> <span class='ocrx_word' id='word_1_174' title='bbox 1473 2173 1608 2228; x_wconf 85' lang='lat' dir='ltr'><strong>dicit</strong></span> <span class='ocrx_word' id='word_1_175' title='bbox 1635 2175 1916 2228; x_wconf 84' lang='lat' dir='ltr'><strong>Dominus.</strong></span> <span class='ocrx_word' id='word_1_176' title='bbox 1953 2174 2042 2229; x_wconf 91' lang='lat' dir='ltr'><strong>Me</strong></span> 
     </span>
    </p>
   </div>
   <div class='ocr_carea' id='block_1_23' title="bbox 386 2261 2044 2334">
    <p class='ocr_par' dir='ltr' id='par_1_23' title="bbox 386 2261 2044 2334">
     <span class='ocr_line' id='line_1_23' title="bbox 386 2261 2044 2334; baseline -0.001 -17"><span class='ocrx_word' id='word_1_177' title='bbox 386 2261 552 2317; x_wconf 83' lang='lat' dir='ltr'><strong>vobis</strong></span> <span class='ocrx_word' id='word_1_178' title='bbox 597 2266 906 2334; x_wconf 65' lang='lat' dir='ltr'><strong>praastante</strong></span> <span class='ocrx_word' id='word_1_179' title='bbox 937 2261 1207 2328; x_wconf 84' lang='lat' dir='ltr'><strong>benticia,</strong></span> <span class='ocrx_word' id='word_1_180' title='bbox 1258 2266 1315 2316; x_wconf 90' lang='lat' dir='ltr'><strong>et</strong></span> <span class='ocrx_word' id='word_1_181' title='bbox 1345 2262 1627 2316; x_wconf 89' lang='lat' dir='ltr'><strong>educente</strong></span> <span class='ocrx_word' id='word_1_182' title='bbox 1657 2278 1759 2316; x_wconf 91' lang='lat' dir='ltr'><strong>vos</strong></span> <span class='ocrx_word' id='word_1_183' title='bbox 1790 2262 1860 2315; x_wconf 92' lang='lat' dir='ltr'><strong>de</strong></span> <span class='ocrx_word' id='word_1_184' title='bbox 1890 2265 2044 2317; x_wconf 90' lang='lat' dir='ltr'><strong>terra</strong></span> 
     </span>
    </p>
   </div>
   <div class='ocr_carea' id='block_1_24' title="bbox 388 2348 2045 2423">
    <p class='ocr_par' dir='ltr' id='par_1_24' title="bbox 388 2348 2045 2423">
     <span class='ocr_line' id='line_1_24' title="bbox 388 2348 2045 2423; baseline 0 -18"><span class='ocrx_word' id='word_1_185' title='bbox 388 2351 640 2423; x_wconf 68' lang='lat' dir='ltr'><strong>Egypti,</strong></span> <span class='ocrx_word' id='word_1_186' title='bbox 675 2355 731 2405; x_wconf 89' lang='lat' dir='ltr'><strong>et</strong></span> <span class='ocrx_word' id='word_1_187' title='bbox 761 2350 1147 2405; x_wconf 85' lang='lat' dir='ltr'><strong>interficiente</strong></span> <span class='ocrx_word' id='word_1_188' title='bbox 1179 2354 1311 2405; x_wconf 85' lang='lat' dir='ltr'><strong>ante</strong></span> <span class='ocrx_word' id='word_1_189' title='bbox 1343 2348 1546 2404; x_wconf 88' lang='lat' dir='ltr'><strong>faciem</strong></span> <span class='ocrx_word' id='word_1_190' title='bbox 1570 2355 1824 2404; x_wconf 82' lang='lat' dir='ltr'><strong>vestram</strong></span> <span class='ocrx_word' id='word_1_191' title='bbox 1846 2352 2045 2405; x_wconf 89' lang='lat' dir='ltr'><strong>Amor-</strong></span> 
     </span>
    </p>
   </div>
   <div class='ocr_carea' id='block_1_25' title="bbox 392 2438 2045 2509">
    <p class='ocr_par' dir='ltr' id='par_1_25' title="bbox 392 2438 2045 2509">
     <span class='ocr_line' id='line_1_25' title="bbox 392 2438 2045 2509; baseline -0.001 -14"><span class='ocrx_word' id='word_1_192' title='bbox 392 2439 635 2509; x_wconf 74' lang='lat' dir='ltr'><strong>rbzeum,</strong></span> <span class='ocrx_word' id='word_1_193' title='bbox 659 2444 724 2493; x_wconf 91' lang='lat' dir='ltr'><strong>ut</strong></span> <span class='ocrx_word' id='word_1_194' title='bbox 744 2438 1122 2509; x_wconf 90' lang='lat' dir='ltr'><strong>possideretis</strong></span> <span class='ocrx_word' id='word_1_195' title='bbox 1142 2443 1354 2493; x_wconf 89' lang='lat' dir='ltr'><strong>terram</strong></span> <span class='ocrx_word' id='word_1_196' title='bbox 1382 2439 1531 2508; x_wconf 88' lang='lat' dir='ltr'><strong>ejus,</strong></span> <span class='ocrx_word' id='word_1_197' title='bbox 1555 2444 1608 2493; x_wconf 94' lang='lat' dir='ltr'><strong>et</strong></span> <span class='ocrx_word' id='word_1_198' title='bbox 1631 2439 1950 2493; x_wconf 86' lang='lat' dir='ltr'><strong>suscitante</strong></span> <span class='ocrx_word' id='word_1_199' title='bbox 1975 2439 2045 2493; x_wconf 92' lang='lat' dir='ltr'><strong>de</strong></span> 
     </span>
    </p>
   </div>
   <div class='ocr_carea' id='block_1_26' title="bbox 396 2526 2048 2599">
    <p class='ocr_par' dir='ltr' id='par_1_26' title="bbox 396 2526 2048 2599">
     <span class='ocr_line' id='line_1_26' title="bbox 396 2526 2048 2599; baseline -0.001 -17"><span class='ocrx_word' id='word_1_200' title='bbox 396 2526 534 2583; x_wconf 85' lang='lat' dir='ltr'><strong>filiis</strong></span> <span class='ocrx_word' id='word_1_201' title='bbox 563 2527 794 2583; x_wconf 90' lang='lat' dir='ltr'><strong>vestriis</strong></span> <span class='ocrx_word' id='word_1_202' title='bbox 827 2527 1163 2599; x_wconf 88' lang='lat' dir='ltr'><strong>prophetas,</strong></span> <span class='ocrx_word' id='word_1_203' title='bbox 1191 2531 1248 2582; x_wconf 89' lang='lat' dir='ltr'><strong>et</strong></span> <span class='ocrx_word' id='word_1_204' title='bbox 1278 2527 1348 2581; x_wconf 90' lang='lat' dir='ltr'><strong>de</strong></span> <span class='ocrx_word' id='word_1_205' title='bbox 1370 2526 1688 2596; x_wconf 85' lang='lat' dir='ltr'><strong>juvenibus</strong></span> <span class='ocrx_word' id='word_1_206' title='bbox 1709 2527 1916 2581; x_wconf 80' lang='lat' dir='ltr'><strong>vestris</strong></span> <span class='ocrx_word' id='word_1_207' title='bbox 1941 2526 2048 2580; x_wconf 87' lang='lat' dir='ltr'><strong>Na-</strong></span> 
     </span>
    </p>
   </div>
   <div class='ocr_carea' id='block_1_27' title="bbox 395 2614 2048 2684">
    <p class='ocr_par' dir='ltr' id='par_1_27' title="bbox 395 2614 2048 2684">
     <span class='ocr_line' id='line_1_27' title="bbox 395 2614 2048 2684; baseline -0.001 -13"><span class='ocrx_word' id='word_1_208' title='bbox 395 2633 630 2684; x_wconf 68' lang='lat' dir='ltr'><strong>zaraeos,</strong></span> <span class='ocrx_word' id='word_1_209' title='bbox 685 2633 783 2671; x_wconf 91' lang='lat' dir='ltr'><strong>vos</strong></span> <span class='ocrx_word' id='word_1_210' title='bbox 831 2615 1210 2671; x_wconf 88' lang='lat' dir='ltr'><strong>inebriabatis</strong></span> <span class='ocrx_word' id='word_1_211' title='bbox 1264 2616 1564 2670; x_wconf 86' lang='lat' dir='ltr'><strong>Nazaraeos</strong></span> <span class='ocrx_word' id='word_1_212' title='bbox 1610 2630 1767 2670; x_wconf 89' lang='lat' dir='ltr'><strong>meos</strong></span> <span class='ocrx_word' id='word_1_213' title='bbox 1797 2614 1950 2681; x_wconf 91' lang='lat' dir='ltr'><strong>vino,</strong></span> <span class='ocrx_word' id='word_1_214' title='bbox 1991 2617 2048 2670; x_wconf 87' lang='lat' dir='ltr'><strong>et</strong></span> 
     </span>
    </p>
   </div>
   <div class='ocr_carea' id='block_1_28' title="bbox 394 2702 2051 2777">
    <p class='ocr_par' dir='ltr' id='par_1_28' title="bbox 394 2702 2051 2777">
     <span class='ocr_line' id='line_1_28' title="bbox 394 2702 2051 2777; baseline -0.002 -16"><span class='ocrx_word' id='word_1_215' title='bbox 394 2705 694 2777; x_wconf 85' lang='lat' dir='ltr'><strong>prophetis</strong></span> <span class='ocrx_word' id='word_1_216' title='bbox 734 2704 1018 2759; x_wconf 83' lang='lat' dir='ltr'><strong>dicebatis</strong></span> <span class='ocrx_word' id='word_1_217' title='bbox 1052 2722 1065 2759; x_wconf 96' lang='lat'><strong>:</strong></span> <span class='ocrx_word' id='word_1_218' title='bbox 1115 2705 1196 2758; x_wconf 89' lang='lat' dir='ltr'><strong>Ne</strong></span> <span class='ocrx_word' id='word_1_219' title='bbox 1227 2703 1607 2774; x_wconf 85' lang='lat' dir='ltr'><strong>prOphetetis.</strong></span> <span class='ocrx_word' id='word_1_220' title='bbox 1632 2702 1847 2758; x_wconf 87' lang='lat' dir='ltr'><strong>Idcirco</strong></span> <span class='ocrx_word' id='word_1_221' title='bbox 1896 2703 2051 2758; x_wconf 86' lang='lat' dir='ltr'><strong>sicut</strong></span> 
     </span>
    </p>
   </div>
   <div class='ocr_carea' id='block_1_29' title="bbox 393 2791 2046 2866">
    <p class='ocr_par' dir='ltr' id='par_1_29' title="bbox 393 2791 2046 2866">
     <span class='ocr_line' id='line_1_29' title="bbox 393 2791 2046 2866; baseline -0.002 -18"><span class='ocrx_word' id='word_1_222' title='bbox 393 2792 725 2866; x_wconf 84' lang='lat' dir='ltr'><strong>plaustrum</strong></span> <span class='ocrx_word' id='word_1_223' title='bbox 749 2792 977 2864; x_wconf 64' lang='lat' dir='ltr'><strong>stipulae</strong></span> <span class='ocrx_word' id='word_1_224' title='bbox 998 2791 1084 2847; x_wconf 84' lang='lat' dir='ltr'><strong>vel</strong></span> <span class='ocrx_word' id='word_1_225' title='bbox 1110 2791 1224 2846; x_wconf 87' lang='lat' dir='ltr'><strong>feni</strong></span> <span class='ocrx_word' id='word_1_226' title='bbox 1248 2808 1421 2845; x_wconf 89' lang='lat' dir='ltr'><strong>onere</strong></span> <span class='ocrx_word' id='word_1_227' title='bbox 1446 2795 1888 2862; x_wconf 70' lang='lat' dir='ltr'><strong>praegravatum,</strong></span> <span class='ocrx_word' id='word_1_228' title='bbox 1914 2792 2046 2845; x_wconf 89' lang='lat' dir='ltr'><strong>stri-</strong></span> 
     </span>
    </p>
   </div>
   <div class='ocr_carea' id='block_1_30' title="bbox 394 2879 2050 2952">
    <p class='ocr_par' dir='ltr' id='par_1_30' title="bbox 394 2879 2050 2952">
     <span class='ocr_line' id='line_1_30' title="bbox 394 2879 2050 2952; baseline -0.001 -16"><span class='ocrx_word' id='word_1_229' title='bbox 394 2882 533 2936; x_wconf 90' lang='lat' dir='ltr'><strong>dore</strong></span> <span class='ocrx_word' id='word_1_230' title='bbox 555 2886 612 2936; x_wconf 90' lang='lat' dir='ltr'><strong>et</strong></span> <span class='ocrx_word' id='word_1_231' title='bbox 633 2881 826 2936; x_wconf 89' lang='lat' dir='ltr'><strong>sonitu</strong></span> <span class='ocrx_word' id='word_1_232' title='bbox 850 2880 1020 2952; x_wconf 89' lang='lat' dir='ltr'><strong>longe</strong></span> <span class='ocrx_word' id='word_1_233' title='bbox 1042 2879 1302 2935; x_wconf 81' lang='lat' dir='ltr'><strong>exululat</strong></span> <span class='ocrx_word' id='word_1_234' title='bbox 1326 2896 1338 2931; x_wconf 89' lang='lat'><strong>:</strong></span> <span class='ocrx_word' id='word_1_235' title='bbox 1378 2879 1461 2933; x_wconf 91' lang='lat' dir='ltr'><strong>sic</strong></span> <span class='ocrx_word' id='word_1_236' title='bbox 1483 2896 1589 2949; x_wconf 86' lang='lat' dir='ltr'><strong>ego</strong></span> <span class='ocrx_word' id='word_1_237' title='bbox 1610 2884 1845 2950; x_wconf 88' lang='lat' dir='ltr'><strong>peccata</strong></span> <span class='ocrx_word' id='word_1_238' title='bbox 1859 2885 2050 2935; x_wconf 88' lang='lat' dir='ltr'><strong>vestra</strong></span> 
     </span>
    </p>
   </div>
   <div class='ocr_carea' id='block_1_31' title="bbox 400 2966 2052 3038">
    <p class='ocr_par' dir='ltr' id='par_1_31' title="bbox 400 2966 2052 3038">
     <span class='ocr_line' id='line_1_31' title="bbox 400 2966 2052 3038; baseline -0.001 -16"><span class='ocrx_word' id='word_1_239' title='bbox 400 2966 553 3023; x_wconf 88' lang='lat' dir='ltr'><strong>ultra</strong></span> <span class='ocrx_word' id='word_1_240' title='bbox 583 2985 697 3023; x_wconf 90' lang='lat' dir='ltr'><strong>non</strong></span> <span class='ocrx_word' id='word_1_241' title='bbox 730 2969 1053 3035; x_wconf 87' lang='lat' dir='ltr'><strong>sustinens,</strong></span> <span class='ocrx_word' id='word_1_242' title='bbox 1079 2972 1135 3023; x_wconf 92' lang='lat' dir='ltr'><strong>et</strong></span> <span class='ocrx_word' id='word_1_243' title='bbox 1160 2966 1327 3038; x_wconf 91' lang='lat' dir='ltr'><strong>quasi</strong></span> <span class='ocrx_word' id='word_1_244' title='bbox 1358 2967 1634 3038; x_wconf 87' lang='lat' dir='ltr'><strong>stipulam</strong></span> <span class='ocrx_word' id='word_1_245' title='bbox 1659 2968 1929 3022; x_wconf 90' lang='lat' dir='ltr'><strong>stradens</strong></span> <span class='ocrx_word' id='word_1_246' title='bbox 1959 2967 2052 3021; x_wconf 86' lang='lat' dir='ltr'><strong>in-</strong></span> 
     </span>
    </p>
   </div>
   <div class='ocr_carea' id='block_1_32' title="bbox 400 3054 2049 3125">
    <p class='ocr_par' dir='ltr' id='par_1_32' title="bbox 400 3054 2049 3125">
     <span class='ocr_line' id='line_1_32' title="bbox 400 3054 2049 3125; baseline -0.001 -14"><span class='ocrx_word' id='word_1_247' title='bbox 400 3056 630 3121; x_wconf 85' lang='lat' dir='ltr'><strong>cendio,</strong></span> <span class='ocrx_word' id='word_1_248' title='bbox 663 3054 929 3112; x_wconf 85' lang='lat' dir='ltr'><strong>clamabo</strong></span> <span class='ocrx_word' id='word_1_249' title='bbox 960 3059 1015 3109; x_wconf 90' lang='lat' dir='ltr'><strong>et</strong></span> <span class='ocrx_word' id='word_1_250' title='bbox 1044 3056 1274 3109; x_wconf 84' lang='lat' dir='ltr'><strong>dicam:</strong></span> <span class='ocrx_word' id='word_1_251' title='bbox 1331 3055 1542 3110; x_wconf 85' lang='lat' dir='ltr'><strong>Peribit</strong></span> <span class='ocrx_word' id='word_1_252' title='bbox 1584 3058 1713 3125; x_wconf 85' lang='lat' dir='ltr'><strong>fuga</strong></span> <span class='ocrx_word' id='word_1_253' title='bbox 1758 3072 1789 3109; x_wconf 88' lang='lat' dir='ltr'><strong>a</strong></span> <span class='ocrx_word' id='word_1_254' title='bbox 1832 3057 2049 3111; x_wconf 87' lang='lat' dir='ltr'><strong>veloce:</strong></span> 
     </span>
    </p>
   </div>
   <div class='ocr_carea' id='block_1_33' title="bbox 402 3142 2053 3216">
    <p class='ocr_par' dir='ltr' id='par_1_33' title="bbox 402 3142 2053 3216">
     <span class='ocr_line' id='line_1_33' title="bbox 402 3142 2053 3216; baseline 0.001 -18"><span class='ocrx_word' id='word_1_255' title='bbox 402 3160 577 3215; x_wconf 89' lang='lat' dir='ltr'><strong>quem</strong></span> <span class='ocrx_word' id='word_1_256' title='bbox 593 3145 667 3215; x_wconf 90' lang='lat' dir='ltr'><strong>(b)</strong></span> <span class='ocrx_word' id='word_1_257' title='bbox 681 3142 1223 3199; x_wconf 73' lang='lat' dir='ltr'><strong>HebraeiJeroboam</strong></span> <span class='ocrx_word' id='word_1_258' title='bbox 1243 3143 1428 3197; x_wconf 83' lang='lat' dir='ltr'><strong>filium</strong></span> <span class='ocrx_word' id='word_1_259' title='bbox 1444 3144 1669 3199; x_wconf 88' lang='lat' dir='ltr'><strong>Nabath</strong></span> <span class='ocrx_word' id='word_1_260' title='bbox 1694 3143 2053 3216; x_wconf 87' lang='lat' dir='ltr'><strong>intelligunt,</strong></span> 
     </span>
    </p>
   </div>
   <div class='ocr_carea' id='block_1_34' title="bbox 403 3232 2055 3304">
    <p class='ocr_par' dir='ltr' id='par_1_34' title="bbox 403 3232 2055 3304">
     <span class='ocr_line' id='line_1_34' title="bbox 403 3232 2055 3304; baseline 0.001 -17"><span class='ocrx_word' id='word_1_261' title='bbox 403 3233 506 3304; x_wconf 91' lang='lat' dir='ltr'><strong>qui</strong></span> <span class='ocrx_word' id='word_1_262' title='bbox 538 3232 701 3304; x_wconf 87' lang='lat' dir='ltr'><strong>prius</strong></span> <span class='ocrx_word' id='word_1_263' title='bbox 732 3233 789 3286; x_wconf 91' lang='lat' dir='ltr'><strong>in</strong></span> <span class='ocrx_word' id='word_1_264' title='bbox 821 3232 1129 3304; x_wconf 68' lang='lat' dir='ltr'><strong>Egyptum</strong></span> <span class='ocrx_word' id='word_1_265' title='bbox 1162 3232 1389 3303; x_wconf 82' lang='lat' dir='ltr'><strong>fugerat</strong></span> <span class='ocrx_word' id='word_1_266' title='bbox 1418 3232 1517 3302; x_wconf 93' lang='grc' dir='ltr'>(ΙΙΙ</span> <span class='ocrx_word' id='word_1_267' title='bbox 1551 3233 1677 3301; x_wconf 94' lang='lat' dir='ltr'><strong>Reg.</strong></span> <span class='ocrx_word' id='word_1_268' title='bbox 1713 3233 1792 3304; x_wconf 77' lang='lat' dir='ltr'><strong>x1)</strong></span> <span class='ocrx_word' id='word_1_269' title='bbox 1828 3233 1924 3287; x_wconf 84' lang='lat' dir='ltr'><strong>llic</strong></span> <span class='ocrx_word' id='word_1_270' title='bbox 1955 3250 2055 3288; x_wconf 87' lang='lat' dir='ltr'><strong>au-</strong></span> 
     </span>
    </p>
   </div>
   <div class='ocr_carea' id='block_1_35' title="bbox 404 3309 2123 3392">
    <p class='ocr_par' dir='ltr' id='par_1_35' title="bbox 404 3309 2123 3392">
     <span class='ocr_line' id='line_1_35' title="bbox 404 3309 2123 3392; baseline 0 -16"><span class='ocrx_word' id='word_1_271' title='bbox 404 3325 522 3376; x_wconf 86' lang='lat' dir='ltr'><strong>tem</strong></span> <span class='ocrx_word' id='word_1_272' title='bbox 552 3338 666 3376; x_wconf 89' lang='lat' dir='ltr'><strong>non</strong></span> <span class='ocrx_word' id='word_1_273' title='bbox 687 3320 848 3392; x_wconf 90' lang='lat' dir='ltr'><strong>ipsos</strong></span> <span class='ocrx_word' id='word_1_274' title='bbox 865 3320 1176 3391; x_wconf 88' lang='lat' dir='ltr'><strong>principes,</strong></span> <span class='ocrx_word' id='word_1_275' title='bbox 1203 3321 1303 3374; x_wconf 92' lang='lat' dir='ltr'><strong>sed</strong></span> <span class='ocrx_word' id='word_1_276' title='bbox 1331 3320 1535 3375; x_wconf 91' lang='lat' dir='ltr'><strong>domos</strong></span> <span class='ocrx_word' id='word_1_277' title='bbox 1560 3336 1784 3388; x_wconf 90' lang='lat' dir='ltr'><strong>eorum,</strong></span> <span class='ocrx_word' id='word_1_278' title='bbox 1809 3327 1866 3376; x_wconf 92' lang='lat' dir='ltr'><strong>et</strong></span> <span class='ocrx_word' id='word_1_279' title='bbox 1886 3321 2050 3377; x_wconf 47' lang='lat' dir='ltr'><strong>sebo.</strong></span> <span class='ocrx_word' id='word_1_280' title='bbox 2080 3309 2123 3376; x_wconf 84' lang='lat' dir='ltr'><strong><em>C</em></strong></span> 
     </span>
    </p>
   </div>
   <div class='ocr_carea' id='block_1_36' title="bbox 405 3408 2047 3481">
    <p class='ocr_par' dir='ltr' id='par_1_36' title="bbox 405 3408 2047 3481">
     <span class='ocr_line' id='line_1_36' title="bbox 405 3408 2047 3481; baseline -0.002 -16"><span class='ocrx_word' id='word_1_281' title='bbox 405 3409 521 3465; x_wconf 90' lang='lat' dir='ltr'><strong>lem</strong></span> <span class='ocrx_word' id='word_1_282' title='bbox 539 3408 915 3481; x_wconf 88' lang='lat' dir='ltr'><strong>accipiamus.</strong></span> <span class='ocrx_word' id='word_1_283' title='bbox 930 3410 993 3464; x_wconf 83' lang='lat' dir='ltr'><strong>Et</strong></span> <span class='ocrx_word' id='word_1_284' title='bbox 1008 3411 1165 3478; x_wconf 88' lang='lat' dir='ltr'><strong>fortis</strong></span> <span class='ocrx_word' id='word_1_285' title='bbox 1180 3425 1290 3463; x_wconf 87' lang='lat' dir='ltr'><strong>non</strong></span> <span class='ocrx_word' id='word_1_286' title='bbox 1309 3409 1572 3464; x_wconf 82' lang='lat' dir='ltr'><strong>obtinebit</strong></span> <span class='ocrx_word' id='word_1_287' title='bbox 1589 3410 1844 3464; x_wconf 86' lang='lat' dir='ltr'><strong>virtutem</strong></span> <span class='ocrx_word' id='word_1_288' title='bbox 1857 3426 2016 3464; x_wconf 82' lang='lat' dir='ltr'><strong>suam</strong></span> <span class='ocrx_word' id='word_1_289' title='bbox 2028 3426 2047 3462; x_wconf 90' lang='lat'><strong>:</strong></span> 
     </span>
    </p>
   </div>
   <div class='ocr_carea' id='block_1_37' title="bbox 406 3496 2049 3570">
    <p class='ocr_par' dir='ltr' id='par_1_37' title="bbox 406 3496 2049 3570">
     <span class='ocr_line' id='line_1_37' title="bbox 406 3496 2049 3570; baseline -0.001 -16"><span class='ocrx_word' id='word_1_290' title='bbox 406 3498 615 3554; x_wconf 87' lang='lat' dir='ltr'><strong>fortem</strong></span> <span class='ocrx_word' id='word_1_291' title='bbox 630 3498 814 3553; x_wconf 88' lang='lat' dir='ltr'><strong>Basan</strong></span> <span class='ocrx_word' id='word_1_292' title='bbox 838 3497 1313 3569; x_wconf 88' lang='lat' dir='ltr'><strong>interpretantur,</strong></span> <span class='ocrx_word' id='word_1_293' title='bbox 1331 3497 1429 3567; x_wconf 91' lang='lat' dir='ltr'><strong>qui</strong></span> <span class='ocrx_word' id='word_1_294' title='bbox 1453 3496 1560 3551; x_wconf 86' lang='lat' dir='ltr'><strong>fuit</strong></span> <span class='ocrx_word' id='word_1_295' title='bbox 1581 3498 1652 3552; x_wconf 92' lang='lat' dir='ltr'><strong>ab</strong></span> <span class='ocrx_word' id='word_1_296' title='bbox 1677 3497 1828 3553; x_wconf 91' lang='lat' dir='ltr'><strong>bella</strong></span> <span class='ocrx_word' id='word_1_297' title='bbox 1856 3515 2049 3570; x_wconf 91' lang='lat' dir='ltr'><strong>prom-</strong></span> 
     </span>
    </p>
   </div>
   <div class='ocr_carea' id='block_1_38' title="bbox 404 3586 2047 3659">
    <p class='ocr_par' dir='ltr' id='par_1_38' title="bbox 404 3586 2047 3659">
     <span class='ocr_line' id='line_1_38' title="bbox 404 3586 2047 3659; baseline 0.001 -18"><span class='ocrx_word' id='word_1_298' title='bbox 404 3586 713 3659; x_wconf 89' lang='lat' dir='ltr'><strong>ptissimus</strong></span> <span class='ocrx_word' id='word_1_299' title='bbox 740 3586 837 3657; x_wconf 86' lang='lat' dir='ltr'><strong>(III</strong></span> <span class='ocrx_word' id='word_1_300' title='bbox 868 3586 995 3654; x_wconf 91' lang='lat' dir='ltr'><strong>Reg.</strong></span> <span class='ocrx_word' id='word_1_301' title='bbox 1026 3586 1140 3656; x_wconf 87' lang='lat' dir='ltr'><strong>xv).</strong></span> <span class='ocrx_word' id='word_1_302' title='bbox 1172 3586 1238 3640; x_wconf 85' lang='lat' dir='ltr'><strong>Et</strong></span> <span class='ocrx_word' id='word_1_303' title='bbox 1267 3587 1516 3640; x_wconf 88' lang='lat' dir='ltr'><strong>robustus</strong></span> <span class='ocrx_word' id='word_1_304' title='bbox 1536 3602 1646 3640; x_wconf 83' lang='lat' dir='ltr'><strong>non</strong></span> <span class='ocrx_word' id='word_1_305' title='bbox 1666 3587 1901 3642; x_wconf 87' lang='lat' dir='ltr'><strong>salvabit</strong></span> <span class='ocrx_word' id='word_1_306' title='bbox 1928 3590 2047 3642; x_wconf 91' lang='lat' dir='ltr'><strong>ani-</strong></span> 
     </span>
    </p>
   </div>
   <div class='ocr_carea' id='block_1_39' title="bbox 401 3674 2050 3746">
    <p class='ocr_par' dir='ltr' id='par_1_39' title="bbox 401 3674 2050 3746">
     <span class='ocr_line' id='line_1_39' title="bbox 401 3674 2050 3746; baseline 0 -15"><span class='ocrx_word' id='word_1_307' title='bbox 401 3691 561 3731; x_wconf 90' lang='lat' dir='ltr'><strong>mam</strong></span> <span class='ocrx_word' id='word_1_308' title='bbox 586 3691 753 3730; x_wconf 89' lang='lat' dir='ltr'><strong>suam</strong></span> <span class='ocrx_word' id='word_1_309' title='bbox 775 3692 793 3727; x_wconf 91' lang='lat'><strong>:</strong></span> <span class='ocrx_word' id='word_1_310' title='bbox 825 3674 979 3729; x_wconf 90' lang='lat' dir='ltr'><strong>hunc</strong></span> <span class='ocrx_word' id='word_1_311' title='bbox 1011 3674 1103 3729; x_wconf 89' lang='lat' dir='ltr'><strong>hic</strong></span> <span class='ocrx_word' id='word_1_312' title='bbox 1132 3675 1293 3728; x_wconf 87' lang='lat' dir='ltr'><strong>Amri</strong></span> <span class='ocrx_word' id='word_1_313' title='bbox 1322 3675 1426 3745; x_wconf 83' lang='grc' dir='ltr'><strong>[Αἱ.</strong></span> <span class='ocrx_word' id='word_1_314' title='bbox 1458 3674 1639 3746; x_wconf 81' lang='lat' dir='ltr'><strong>Omri]</strong></span> <span class='ocrx_word' id='word_1_315' title='bbox 1673 3676 1951 3731; x_wconf 89' lang='lat' dir='ltr'><strong>sentiunt.</strong></span> <span class='ocrx_word' id='word_1_316' title='bbox 1986 3679 2050 3731; x_wconf 82' lang='lat' dir='ltr'><strong>Et</strong></span> 
     </span>
    </p>
   </div>
   <div class='ocr_carea' id='block_1_40' title="bbox 400 3762 2047 3831">
    <p class='ocr_par' dir='ltr' id='par_1_40' title="bbox 400 3762 2047 3831">
     <span class='ocr_line' id='line_1_40' title="bbox 400 3762 2047 3831; baseline 0.001 -12"><span class='ocrx_word' id='word_1_317' title='bbox 400 3767 590 3819; x_wconf 87' lang='lat' dir='ltr'><strong>tenens</strong></span> <span class='ocrx_word' id='word_1_318' title='bbox 609 3781 817 3831; x_wconf 91' lang='lat' dir='ltr'><strong>arcum,</strong></span> <span class='ocrx_word' id='word_1_319' title='bbox 840 3779 952 3818; x_wconf 89' lang='lat' dir='ltr'><strong>non</strong></span> <span class='ocrx_word' id='word_1_320' title='bbox 970 3764 1153 3829; x_wconf 86' lang='lat' dir='ltr'><strong>stabit,</strong></span> <span class='ocrx_word' id='word_1_321' title='bbox 1179 3762 1298 3818; x_wconf 89' lang='lat' dir='ltr'><strong>sive</strong></span> <span class='ocrx_word' id='word_1_322' title='bbox 1316 3763 1639 3818; x_wconf 88' lang='lat' dir='ltr'><strong>sustinebit:</strong></span> <span class='ocrx_word' id='word_1_323' title='bbox 1666 3764 1737 3818; x_wconf 91' lang='lat' dir='ltr'><strong>de</strong></span> <span class='ocrx_word' id='word_1_324' title='bbox 1757 3764 1905 3819; x_wconf 91' lang='lat' dir='ltr'><strong>Jehu</strong></span> <span class='ocrx_word' id='word_1_325' title='bbox 1931 3764 2047 3820; x_wconf 81' lang='lat' dir='ltr'><strong>tilio</strong></span> 
     </span>
    </p>
   </div>
   <div class='ocr_carea' id='block_1_41' title="bbox 397 3851 2049 3925">
    <p class='ocr_par' dir='ltr' id='par_1_41' title="bbox 397 3851 2049 3925">
     <span class='ocr_line' id='line_1_41' title="bbox 397 3851 2049 3925; baseline 0.001 -17"><span class='ocrx_word' id='word_1_326' title='bbox 397 3852 601 3908; x_wconf 91' lang='lat' dir='ltr'><strong>Namsi</strong></span> <span class='ocrx_word' id='word_1_327' title='bbox 631 3853 737 3924; x_wconf 84' lang='grc' dir='ltr'><strong>[Αι.</strong></span> <span class='ocrx_word' id='word_1_328' title='bbox 772 3852 1013 3923; x_wconf 90' lang='lat' dir='ltr'><strong>Nemsi],</strong></span> <span class='ocrx_word' id='word_1_329' title='bbox 1047 3852 1143 3923; x_wconf 91' lang='lat' dir='ltr'><strong>qui</strong></span> <span class='ocrx_word' id='word_1_330' title='bbox 1174 3851 1373 3906; x_wconf 89' lang='lat' dir='ltr'><strong>Joram</strong></span> <span class='ocrx_word' id='word_1_331' title='bbox 1408 3868 1603 3922; x_wconf 87' lang='lat' dir='ltr'><strong>regem</strong></span> <span class='ocrx_word' id='word_1_332' title='bbox 1636 3852 1809 3907; x_wconf 88' lang='lat' dir='ltr'><strong>Israel</strong></span> <span class='ocrx_word' id='word_1_333' title='bbox 1833 3853 2049 3925; x_wconf 87' lang='lat' dir='ltr'><strong>sagitta</strong></span> 
     </span>
    </p>
   </div>
   <div class='ocr_carea' id='block_1_42' title="bbox 397 3939 2047 4013">
    <p class='ocr_par' dir='ltr' id='par_1_42' title="bbox 397 3939 2047 4013">
     <span class='ocr_line' id='line_1_42' title="bbox 397 3939 2047 4013; baseline 0.001 -17"><span class='ocrx_word' id='word_1_334' title='bbox 397 3940 689 4013; x_wconf 88' lang='lat' dir='ltr'><strong>percussit</strong></span> <span class='ocrx_word' id='word_1_335' title='bbox 734 3940 830 4008; x_wconf 89' lang='lat' dir='ltr'><strong>(IV</strong></span> <span class='ocrx_word' id='word_1_336' title='bbox 861 3944 984 4011; x_wconf 85' lang='lat' dir='ltr'><strong>Reg.</strong></span> <span class='ocrx_word' id='word_1_337' title='bbox 1020 3940 1120 4010; x_wconf 84' lang='lat' dir='ltr'><strong>1x),</strong></span> <span class='ocrx_word' id='word_1_338' title='bbox 1153 3939 1373 3994; x_wconf 82' lang='lat' dir='ltr'><strong>dictum</strong></span> <span class='ocrx_word' id='word_1_339' title='bbox 1408 3944 1636 4010; x_wconf 89' lang='lat' dir='ltr'><strong>putant.</strong></span> <span class='ocrx_word' id='word_1_340' title='bbox 1666 3943 1739 3995; x_wconf 83' lang='lat' dir='ltr'><strong>Et</strong></span> <span class='ocrx_word' id='word_1_341' title='bbox 1769 3942 1926 3997; x_wconf 71' lang='lat' dir='ltr'><strong>velox</strong></span> <span class='ocrx_word' id='word_1_342' title='bbox 1950 3959 2047 4013; x_wconf 89' lang='lat' dir='ltr'><strong>pe-</strong></span> 
     </span>
    </p>
   </div>
   <div class='ocr_carea' id='block_1_43' title="bbox 395 4027 2046 4103">
    <p class='ocr_par' dir='ltr' id='par_1_43' title="bbox 395 4027 2046 4103">
     <span class='ocr_line' id='line_1_43' title="bbox 395 4027 2046 4103; baseline 0.001 -20"><span class='ocrx_word' id='word_1_343' title='bbox 395 4028 557 4084; x_wconf 86' lang='lat' dir='ltr'><strong>dibus</strong></span> <span class='ocrx_word' id='word_1_344' title='bbox 585 4032 699 4084; x_wconf 87' lang='lat' dir='ltr'><strong>suis</strong></span> <span class='ocrx_word' id='word_1_345' title='bbox 726 4044 837 4083; x_wconf 89' lang='lat' dir='ltr'><strong>non</strong></span> <span class='ocrx_word' id='word_1_346' title='bbox 860 4028 1167 4083; x_wconf 87' lang='lat' dir='ltr'><strong>salvabitur</strong></span> <span class='ocrx_word' id='word_1_347' title='bbox 1186 4045 1205 4081; x_wconf 84' lang='lat'><strong>:</strong></span> <span class='ocrx_word' id='word_1_348' title='bbox 1238 4027 1540 4082; x_wconf 87' lang='lat' dir='ltr'><strong>Manahem</strong></span> <span class='ocrx_word' id='word_1_349' title='bbox 1569 4028 1920 4101; x_wconf 87' lang='lat' dir='ltr'><strong>intelligunt,</strong></span> <span class='ocrx_word' id='word_1_350' title='bbox 1946 4031 2046 4103; x_wconf 89' lang='lat' dir='ltr'><strong>qui</strong></span> 
     </span>
    </p>
   </div>
   <div class='ocr_carea' id='block_1_44' title="bbox 399 4115 2048 4190">
    <p class='ocr_par' dir='ltr' id='par_1_44' title="bbox 399 4115 2048 4190">
     <span class='ocr_line' id='line_1_44' title="bbox 399 4115 2048 4190; baseline 0.002 -19"><span class='ocrx_word' id='word_1_351' title='bbox 399 4117 618 4171; x_wconf 89' lang='lat' dir='ltr'><strong>frustra</strong></span> <span class='ocrx_word' id='word_1_352' title='bbox 648 4116 931 4171; x_wconf 86' lang='lat' dir='ltr'><strong>festinans</strong></span> <span class='ocrx_word' id='word_1_353' title='bbox 963 4116 1081 4188; x_wconf 91' lang='lat' dir='ltr'><strong>regi</strong></span> <span class='ocrx_word' id='word_1_354' title='bbox 1110 4115 1480 4187; x_wconf 82' lang='lat' dir='ltr'><strong>Assyriorum</strong></span> <span class='ocrx_word' id='word_1_355' title='bbox 1512 4116 1665 4170; x_wconf 90' lang='lat' dir='ltr'><strong>dona</strong></span> <span class='ocrx_word' id='word_1_356' title='bbox 1695 4117 1907 4173; x_wconf 83' lang='lat' dir='ltr'><strong>direxit</strong></span> <span class='ocrx_word' id='word_1_357' title='bbox 1951 4119 2048 4190; x_wconf 89' lang='lat' dir='ltr'><strong>(IV</strong></span> 
     </span>
    </p>
   </div>
   <div class='ocr_carea' id='block_1_45' title="bbox 398 4204 2042 4277">
    <p class='ocr_par' dir='ltr' id='par_1_45' title="bbox 398 4204 2042 4277">
     <span class='ocr_line' id='line_1_45' title="bbox 398 4204 2042 4277; baseline 0.002 -18"><span class='ocrx_word' id='word_1_358' title='bbox 398 4205 527 4273; x_wconf 85' lang='lat' dir='ltr'><strong>Reg.</strong></span> <span class='ocrx_word' id='word_1_359' title='bbox 550 4205 677 4275; x_wconf 88' lang='lat' dir='ltr'><strong>xv):</strong></span> <span class='ocrx_word' id='word_1_360' title='bbox 701 4206 766 4259; x_wconf 87' lang='lat' dir='ltr'><strong>Et</strong></span> <span class='ocrx_word' id='word_1_361' title='bbox 786 4221 1043 4260; x_wconf 87' lang='lat' dir='ltr'><strong>ascensor</strong></span> <span class='ocrx_word' id='word_1_362' title='bbox 1063 4206 1190 4277; x_wconf 82' lang='lat' dir='ltr'><strong>equi</strong></span> <span class='ocrx_word' id='word_1_363' title='bbox 1207 4221 1322 4257; x_wconf 88' lang='lat' dir='ltr'><strong>non</strong></span> <span class='ocrx_word' id='word_1_364' title='bbox 1340 4204 1571 4259; x_wconf 88' lang='lat' dir='ltr'><strong>salvabit</strong></span> <span class='ocrx_word' id='word_1_365' title='bbox 1592 4207 1839 4260; x_wconf 89' lang='lat' dir='ltr'><strong>animam</strong></span> <span class='ocrx_word' id='word_1_366' title='bbox 1856 4223 2042 4263; x_wconf 89' lang='lat' dir='ltr'><strong>suam:</strong></span> 
     </span>
    </p>
   </div>
   <div class='ocr_carea' id='block_1_46' title="bbox 398 4282 2047 4366">
    <p class='ocr_par' dir='ltr' id='par_1_46' title="bbox 398 4282 2047 4366">
     <span class='ocr_line' id='line_1_46' title="bbox 398 4282 2047 4366; baseline 0.001 -19"><span class='ocrx_word' id='word_1_367' title='bbox 398 4291 556 4348; x_wconf 89' lang='lat' dir='ltr'><strong>hunc</strong></span> <span class='ocrx_word' id='word_1_368' title='bbox 600 4282 840 4359; x_wconf 83' lang='lat' dir='ltr'><strong>Pbacee,</strong></span> <span class='ocrx_word' id='word_1_369' title='bbox 890 4291 1077 4347; x_wconf 85' lang='lat' dir='ltr'><strong>ﬁlium</strong></span> <span class='ocrx_word' id='word_1_370' title='bbox 1110 4290 1401 4357; x_wconf 80' lang='lat' dir='ltr'><strong>Romeliae,</strong></span> <span class='ocrx_word' id='word_1_371' title='bbox 1436 4292 1912 4364; x_wconf 88' lang='lat' dir='ltr'><strong>interpretantur,</strong></span> <span class='ocrx_word' id='word_1_372' title='bbox 1946 4294 2047 4366; x_wconf 90' lang='lat' dir='ltr'><strong>qui</strong></span> 
     </span>
    </p>
   </div>
   <div class='ocr_carea' id='block_1_47' title="bbox 389 4380 2045 4453">
    <p class='ocr_par' dir='ltr' id='par_1_47' title="bbox 389 4380 2045 4453">
     <span class='ocr_line' id='line_1_47' title="bbox 389 4380 2045 4453; baseline 0.001 -17"><span class='ocrx_word' id='word_1_373' title='bbox 389 4380 599 4452; x_wconf 90' lang='lat' dir='ltr'><strong>juncto</strong></span> <span class='ocrx_word' id='word_1_374' title='bbox 636 4383 822 4453; x_wconf 71' lang='lat' dir='ltr'><strong>.iram,</strong></span> <span class='ocrx_word' id='word_1_375' title='bbox 876 4381 934 4436; x_wconf 92' lang='lat' dir='ltr'><strong>id</strong></span> <span class='ocrx_word' id='word_1_376' title='bbox 966 4386 1073 4449; x_wconf 90' lang='lat' dir='ltr'><strong>est,</strong></span> <span class='ocrx_word' id='word_1_377' title='bbox 1105 4381 1265 4453; x_wconf 88' lang='lat' dir='ltr'><strong>Syro,</strong></span> <span class='ocrx_word' id='word_1_378' title='bbox 1314 4380 1422 4434; x_wconf 90' lang='lat' dir='ltr'><strong>sub</strong></span> <span class='ocrx_word' id='word_1_379' title='bbox 1455 4396 1588 4452; x_wconf 91' lang='lat' dir='ltr'><strong>rege</strong></span> <span class='ocrx_word' id='word_1_380' title='bbox 1623 4381 1806 4437; x_wconf 82' lang='lat' dir='ltr'><strong>Achaz</strong></span> <span class='ocrx_word' id='word_1_381' title='bbox 1836 4383 2045 4438; x_wconf 61' lang='lat' dir='ltr'><strong>Iudaeae</strong></span> 
     </span>
    </p>
   </div>
   <div class='ocr_carea' id='block_1_48' title="bbox 397 4468 2047 4541">
    <p class='ocr_par' dir='ltr' id='par_1_48' title="bbox 397 4468 2047 4541">
     <span class='ocr_line' id='line_1_48' title="bbox 397 4468 2047 4541; baseline 0.002 -16"><span class='ocrx_word' id='word_1_382' title='bbox 397 4468 588 4525; x_wconf 87' lang='lat' dir='ltr'><strong>multa</strong></span> <span class='ocrx_word' id='word_1_383' title='bbox 613 4470 881 4526; x_wconf 90' lang='lat' dir='ltr'><strong>vastavit.</strong></span> <span class='ocrx_word' id='word_1_384' title='bbox 914 4471 979 4526; x_wconf 86' lang='lat' dir='ltr'><strong>Et</strong></span> <span class='ocrx_word' id='word_1_385' title='bbox 1008 4472 1260 4526; x_wconf 89' lang='lat' dir='ltr'><strong>robustus</strong></span> <span class='ocrx_word' id='word_1_386' title='bbox 1299 4468 1474 4540; x_wconf 88' lang='lat' dir='ltr'><strong>corde,</strong></span> <span class='ocrx_word' id='word_1_387' title='bbox 1508 4471 1650 4524; x_wconf 87' lang='lat' dir='ltr'><strong>inter</strong></span> <span class='ocrx_word' id='word_1_388' title='bbox 1674 4472 1838 4541; x_wconf 89' lang='lat' dir='ltr'><strong>fortes</strong></span> <span class='ocrx_word' id='word_1_389' title='bbox 1867 4472 2047 4528; x_wconf 88' lang='lat' dir='ltr'><strong>nudus</strong></span> 
     </span>
    </p>
   </div>
   <div class='ocr_carea' id='block_1_49' title="bbox 392 4558 2047 4631">
    <p class='ocr_par' dir='ltr' id='par_1_49' title="bbox 392 4558 2047 4631">
     <span class='ocr_line' id='line_1_49' title="bbox 392 4558 2047 4631; baseline 0.001 -16"><span class='ocrx_word' id='word_1_390' title='bbox 392 4561 569 4631; x_wconf 87' lang='lat' dir='ltr'><strong>fugiet</strong></span> <span class='ocrx_word' id='word_1_391' title='bbox 598 4562 659 4615; x_wconf 89' lang='lat' dir='ltr'><strong>in</strong></span> <span class='ocrx_word' id='word_1_392' title='bbox 688 4560 778 4615; x_wconf 90' lang='lat' dir='ltr'><strong>die</strong></span> <span class='ocrx_word' id='word_1_393' title='bbox 806 4558 933 4626; x_wconf 85' lang='lat' dir='ltr'><strong>illa,</strong></span> <span class='ocrx_word' id='word_1_394' title='bbox 982 4560 1117 4615; x_wconf 87' lang='lat' dir='ltr'><strong>dicit</strong></span> <span class='ocrx_word' id='word_1_395' title='bbox 1157 4560 1425 4613; x_wconf 84' lang='lat' dir='ltr'><strong>Dominus</strong></span> <span class='ocrx_word' id='word_1_396' title='bbox 1456 4558 1633 4631; x_wconf 87' lang='lat' dir='ltr'><strong>(Ibid.)</strong></span> <span class='ocrx_word' id='word_1_397' title='bbox 1683 4559 1855 4616; x_wconf 92' lang='lat' dir='ltr'><strong>Solus</strong></span> <span class='ocrx_word' id='word_1_398' title='bbox 1902 4561 2047 4617; x_wconf 90' lang='lat' dir='ltr'><strong>Osee</strong></span> 
     </span>
    </p>
   </div>
   <div class='ocr_carea' id='block_1_50' title="bbox 395 4647 2120 4736">
    <p class='ocr_par' dir='ltr' id='par_1_50' title="bbox 395 4647 2120 4736">
     <span class='ocr_line' id='line_1_50' title="bbox 395 4647 2120 4736; baseline 0.001 -33"><span class='ocrx_word' id='word_1_399' title='bbox 395 4649 493 4721; x_wconf 88' lang='lat' dir='ltr'><strong>qui</strong></span> <span class='ocrx_word' id='word_1_400' title='bbox 514 4648 758 4704; x_wconf 91' lang='lat' dir='ltr'><strong>ultimus</strong></span> <span class='ocrx_word' id='word_1_401' title='bbox 780 4666 878 4703; x_wconf 86' lang='lat' dir='ltr'><strong>rex</strong></span> <span class='ocrx_word' id='word_1_402' title='bbox 898 4649 1097 4703; x_wconf 90' lang='lat' dir='ltr'><strong>decem</strong></span> <span class='ocrx_word' id='word_1_403' title='bbox 1119 4648 1378 4702; x_wconf 89' lang='lat' dir='ltr'><strong>tribuum</strong></span> <span class='ocrx_word' id='word_1_404' title='bbox 1404 4647 1530 4714; x_wconf 89' lang='lat' dir='ltr'><strong>fuit,</strong></span> <span class='ocrx_word' id='word_1_405' title='bbox 1556 4654 1612 4703; x_wconf 89' lang='lat' dir='ltr'><strong>et</strong></span> <span class='ocrx_word' id='word_1_406' title='bbox 1628 4655 1915 4704; x_wconf 89' lang='lat' dir='ltr'><strong>errantem</strong></span> <span class='ocrx_word' id='word_1_407' title='bbox 1939 4666 2040 4722; x_wconf 88' lang='lat' dir='ltr'><strong>po-</strong></span> <span class='ocrx_word' id='word_1_408' title='bbox 2074 4671 2120 4736; x_wconf 65' lang='grc' dir='ltr'>Ι)</span> 
     </span>
    </p>
   </div>
   <div class='ocr_carea' id='block_1_51' title="bbox 391 4736 2036 4809">
    <p class='ocr_par' dir='ltr' id='par_1_51' title="bbox 391 4736 2036 4809">
     <span class='ocr_line' id='line_1_51' title="bbox 391 4736 2036 4809; baseline 0.002 -18"><span class='ocrx_word' id='word_1_409' title='bbox 391 4737 599 4808; x_wconf 88' lang='lat' dir='ltr'><strong>pulum</strong></span> <span class='ocrx_word' id='word_1_410' title='bbox 630 4738 703 4793; x_wconf 89' lang='lat' dir='ltr'><strong>ad</strong></span> <span class='ocrx_word' id='word_1_411' title='bbox 733 4737 833 4793; x_wconf 91' lang='lat' dir='ltr'><strong>Dei</strong></span> <span class='ocrx_word' id='word_1_412' title='bbox 864 4736 1086 4792; x_wconf 91' lang='lat' dir='ltr'><strong>cultum</strong></span> <span class='ocrx_word' id='word_1_413' title='bbox 1120 4752 1383 4792; x_wconf 84' lang='lat' dir='ltr'><strong>revocare</strong></span> <span class='ocrx_word' id='word_1_414' title='bbox 1414 4742 1657 4793; x_wconf 88' lang='lat' dir='ltr'><strong>conatus</strong></span> <span class='ocrx_word' id='word_1_415' title='bbox 1683 4745 1771 4793; x_wconf 89' lang='lat' dir='ltr'><strong>est</strong></span> <span class='ocrx_word' id='word_1_416' title='bbox 1798 4739 1890 4809; x_wconf 89' lang='lat' dir='ltr'><strong>(IV</strong></span> <span class='ocrx_word' id='word_1_417' title='bbox 1910 4739 2036 4808; x_wconf 85' lang='lat' dir='ltr'><strong>Reg.</strong></span> 
     </span>
    </p>
   </div>
   <div class='ocr_carea' id='block_1_52' title="bbox 390 4825 2040 4899">
    <p class='ocr_par' dir='ltr' id='par_1_52' title="bbox 390 4825 2040 4899">
     <span class='ocr_line' id='line_1_52' title="bbox 390 4825 2040 4899; baseline 0.003 -19"><span class='ocrx_word' id='word_1_418' title='bbox 390 4830 573 4895; x_wconf 79' lang='lat' dir='ltr'><strong>xvm),</strong></span> <span class='ocrx_word' id='word_1_419' title='bbox 603 4828 672 4898; x_wconf 92' lang='lat' dir='ltr'><strong>(c)</strong></span> <span class='ocrx_word' id='word_1_420' title='bbox 704 4828 873 4898; x_wconf 90' lang='lat' dir='ltr'><strong>quasi</strong></span> <span class='ocrx_word' id='word_1_421' title='bbox 905 4826 1101 4881; x_wconf 90' lang='lat' dir='ltr'><strong>nudus</strong></span> <span class='ocrx_word' id='word_1_422' title='bbox 1129 4825 1451 4897; x_wconf 86' lang='lat' dir='ltr'><strong>egredieter</strong></span> <span class='ocrx_word' id='word_1_423' title='bbox 1481 4827 1586 4893; x_wconf 75' lang='grc' dir='ltr'><strong>[Αἱ.</strong></span> <span class='ocrx_word' id='word_1_424' title='bbox 1621 4826 1937 4899; x_wconf 85' lang='lat' dir='ltr'><strong>egreditur]</strong></span> <span class='ocrx_word' id='word_1_425' title='bbox 1969 4828 2040 4885; x_wconf 89' lang='lat' dir='ltr'><strong>de</strong></span> 
     </span>
    </p>
   </div>
   <div class='ocr_carea' id='block_1_53' title="bbox 390 4913 2039 4987">
    <p class='ocr_par' dir='ltr' id='par_1_53' title="bbox 390 4913 2039 4987">
     <span class='ocr_line' id='line_1_53' title="bbox 390 4913 2039 4987; baseline 0.001 -16"><span class='ocrx_word' id='word_1_426' title='bbox 390 4914 543 4971; x_wconf 71' lang='lat'><strong>249</strong></span> <span class='ocrx_word' id='word_1_427' title='bbox 575 4914 865 4971; x_wconf 88' lang='lat' dir='ltr'><strong>incendio.</strong></span> <span class='ocrx_word' id='word_1_428' title='bbox 898 4915 1133 4969; x_wconf 89' lang='lat' dir='ltr'><strong>Nudum</strong></span> <span class='ocrx_word' id='word_1_429' title='bbox 1159 4918 1356 4968; x_wconf 88' lang='lat' dir='ltr'><strong>autem</strong></span> <span class='ocrx_word' id='word_1_430' title='bbox 1387 4918 1569 4980; x_wconf 88' lang='lat' dir='ltr'><strong>vocat,</strong></span> <span class='ocrx_word' id='word_1_431' title='bbox 1602 4913 1739 4985; x_wconf 85' lang='lat' dir='ltr'><strong>quia</strong></span> <span class='ocrx_word' id='word_1_432' title='bbox 1770 4916 1882 4969; x_wconf 92' lang='lat' dir='ltr'><strong>sub</strong></span> <span class='ocrx_word' id='word_1_433' title='bbox 1912 4914 2039 4987; x_wconf 90' lang='lat' dir='ltr'><strong>ipso</strong></span> 
     </span>
    </p>
   </div>
   <div class='ocr_carea' id='block_1_54' title="bbox 388 5002 2041 5075">
    <p class='ocr_par' dir='ltr' id='par_1_54' title="bbox 388 5002 2041 5075">
     <span class='ocr_line' id='line_1_54' title="bbox 388 5002 2041 5075; baseline 0.001 -16"><span class='ocrx_word' id='word_1_434' title='bbox 388 5003 589 5059; x_wconf 89' lang='lat' dir='ltr'><strong>decem</strong></span> <span class='ocrx_word' id='word_1_435' title='bbox 619 5002 808 5059; x_wconf 89' lang='lat' dir='ltr'><strong>tribus</strong></span> <span class='ocrx_word' id='word_1_436' title='bbox 839 5008 1021 5075; x_wconf 66' lang='lat' dir='ltr'><strong>capta:</strong></span> <span class='ocrx_word' id='word_1_437' title='bbox 1052 5005 1209 5057; x_wconf 90' lang='lat' dir='ltr'><strong>sunt.</strong></span> <span class='ocrx_word' id='word_1_438' title='bbox 1239 5003 1352 5056; x_wconf 85' lang='lat' dir='ltr'><strong>Hoc</strong></span> <span class='ocrx_word' id='word_1_439' title='bbox 1379 5002 1601 5056; x_wconf 66' lang='lat' dir='ltr'><strong>Hebraei</strong></span> <span class='ocrx_word' id='word_1_440' title='bbox 1624 5007 1955 5070; x_wconf 88' lang='lat' dir='ltr'><strong>autumant,</strong></span> <span class='ocrx_word' id='word_1_441' title='bbox 1983 5010 2041 5060; x_wconf 90' lang='lat' dir='ltr'><strong>et</strong></span> 
     </span>
    </p>
   </div>
   <div class='ocr_carea' id='block_1_55' title="bbox 387 5090 2041 5164">
    <p class='ocr_par' dir='ltr' id='par_1_55' title="bbox 387 5090 2041 5164">
     <span class='ocr_line' id='line_1_55' title="bbox 387 5090 2041 5164; baseline 0.001 -16"><span class='ocrx_word' id='word_1_442' title='bbox 387 5090 539 5148; x_wconf 85' lang='lat' dir='ltr'><strong>sicut</strong></span> <span class='ocrx_word' id='word_1_443' title='bbox 560 5091 728 5147; x_wconf 88' lang='lat' dir='ltr'><strong>nobis</strong></span> <span class='ocrx_word' id='word_1_444' title='bbox 750 5092 821 5147; x_wconf 90' lang='lat' dir='ltr'><strong>ab</strong></span> <span class='ocrx_word' id='word_1_445' title='bbox 850 5091 996 5164; x_wconf 89' lang='lat' dir='ltr'><strong>ipsis</strong></span> <span class='ocrx_word' id='word_1_446' title='bbox 1017 5090 1296 5147; x_wconf 83' lang='lat' dir='ltr'><strong>traditum</strong></span> <span class='ocrx_word' id='word_1_447' title='bbox 1319 5093 1428 5158; x_wconf 90' lang='lat' dir='ltr'><strong>est,</strong></span> <span class='ocrx_word' id='word_1_448' title='bbox 1444 5091 1661 5146; x_wconf 89' lang='lat' dir='ltr'><strong>nostris</strong></span> <span class='ocrx_word' id='word_1_449' title='bbox 1684 5090 1932 5147; x_wconf 79' lang='lat' dir='ltr'><strong>ﬁdeliter</strong></span> <span class='ocrx_word' id='word_1_450' title='bbox 1950 5110 2041 5149; x_wconf 88' lang='lat' dir='ltr'><strong>ex-</strong></span> 
     </span>
    </p>
   </div>
   <div class='ocr_carea' id='block_1_56' title="bbox 458 5247 2035 5323">
    <p class='ocr_par' dir='ltr' id='par_1_56' title="bbox 458 5247 2035 5323">
     <span class='ocr_line' id='line_1_56' title="bbox 458 5247 2035 5323; baseline 0.001 -18"><span class='ocrx_word' id='word_1_451' title='bbox 458 5252 533 5323; x_wconf 91' lang='lat' dir='ltr'><strong>(a)</strong></span> <span class='ocrx_word' id='word_1_452' title='bbox 556 5250 771 5306; x_wconf 89' lang='lat' dir='ltr'><strong>Mirum</strong></span> <span class='ocrx_word' id='word_1_453' title='bbox 795 5250 903 5307; x_wconf 91' lang='lat' dir='ltr'><strong>hoc</strong></span> <span class='ocrx_word' id='word_1_454' title='bbox 924 5250 1067 5317; x_wconf 82' lang='lat' dir='ltr'><strong>loco,</strong></span> <span class='ocrx_word' id='word_1_455' title='bbox 1087 5253 1376 5323; x_wconf 83' lang='lat' dir='ltr'><strong>quantum</strong></span> <span class='ocrx_word' id='word_1_456' title='bbox 1403 5247 1531 5319; x_wconf 91' lang='lat' dir='ltr'><strong>ipsa</strong></span> <span class='ocrx_word' id='word_1_457' title='bbox 1553 5248 1623 5301; x_wconf 90' lang='lat' dir='ltr'><strong>ab</strong></span> <span class='ocrx_word' id='word_1_458' title='bbox 1647 5247 1891 5323; x_wconf 80' lang='lat' dir='ltr'><strong>invicem</strong></span> <span class='ocrx_word' id='word_1_459' title='bbox 1917 5251 2035 5307; x_wconf 87' lang='lat' dir='ltr'><strong>dis-</strong></span> 
     </span>
    </p>
   </div>
   <div class='ocr_carea' id='block_1_57' title="bbox 386 5320 2037 5393">
    <p class='ocr_par' dir='ltr' id='par_1_57' title="bbox 386 5320 2037 5393">
     <span class='ocr_line' id='line_1_57' title="bbox 386 5320 2037 5393; baseline -0.002 -14"><span class='ocrx_word' id='word_1_460' title='bbox 386 5320 641 5379; x_wconf 85' lang='lat' dir='ltr'><strong>sentiant</strong></span> <span class='ocrx_word' id='word_1_461' title='bbox 661 5322 857 5378; x_wconf 69' lang='lat' dir='ltr'><strong>Graeoa</strong></span> <span class='ocrx_word' id='word_1_462' title='bbox 877 5321 1251 5393; x_wconf 80' lang='lat' dir='ltr'><strong>exemplaria.</strong></span> <span class='ocrx_word' id='word_1_463' title='bbox 1275 5320 2037 5393; x_wconf 24' lang='lat' dir='ltr'><strong>Quamquam‘fereAlexan-</strong></span> 
     </span>
    </p>
   </div>
   <div class='ocr_carea' id='block_1_58' title="bbox 386 5390 2037 5463">
    <p class='ocr_par' dir='ltr' id='par_1_58' title="bbox 386 5390 2037 5463">
     <span class='ocr_line' id='line_1_58' title="bbox 386 5390 2037 5463; baseline -0.001 -14"><span class='ocrx_word' id='word_1_464' title='bbox 386 5394 554 5450; x_wconf 89' lang='lat' dir='ltr'><strong>drino</strong></span> <span class='ocrx_word' id='word_1_465' title='bbox 586 5394 786 5449; x_wconf 77' lang='lat' dir='ltr'><strong>isthzec</strong></span> <span class='ocrx_word' id='word_1_466' title='bbox 815 5390 1070 5449; x_wconf 73' lang='lat' dir='ltr'><strong>adhaeret</strong></span> <span class='ocrx_word' id='word_1_467' title='bbox 1099 5392 1518 5463; x_wconf 75' lang='lat' dir='ltr'><strong>interpretatio,</strong></span> <span class='ocrx_word' id='word_1_468' title='bbox 1551 5390 1726 5463; x_wconf 79' lang='lat' dir='ltr'><strong>verba</strong></span> <span class='ocrx_word' id='word_1_469' title='bbox 1750 5396 1961 5463; x_wconf 87' lang='lat' dir='ltr'><strong>tamen,</strong></span> <span class='ocrx_word' id='word_1_470' title='bbox 1984 5398 2037 5449; x_wconf 91' lang='lat' dir='ltr'><strong>et</strong></span> 
     </span>
    </p>
   </div>
   <div class='ocr_carea' id='block_1_59' title="bbox 386 5461 2032 5537">
    <p class='ocr_par' dir='ltr' id='par_1_59' title="bbox 386 5461 2032 5537">
     <span class='ocr_line' id='line_1_59' title="bbox 386 5461 2032 5537; baseline 0.001 -17"><span class='ocrx_word' id='word_1_471' title='bbox 386 5467 671 5521; x_wconf 84' lang='lat' dir='ltr'><strong>inventum</strong></span> <span class='ocrx_word' id='word_1_472' title='bbox 716 5482 811 5521; x_wconf 91' lang='lat' dir='ltr'><strong>cor</strong></span> <span class='ocrx_word' id='word_1_473' title='bbox 858 5466 975 5537; x_wconf 87' lang='lat' dir='ltr'><strong>ejus</strong></span> <span class='ocrx_word' id='word_1_474' title='bbox 1024 5467 1167 5520; x_wconf 88' lang='lat' dir='ltr'><strong>inter</strong></span> <span class='ocrx_word' id='word_1_475' title='bbox 1208 5461 1470 5534; x_wconf 86' lang='lat' dir='ltr'><strong>potentes,</strong></span> <span class='ocrx_word' id='word_1_476' title='bbox 1505 5461 1564 5516; x_wconf 90' lang='lat' dir='ltr'><strong>in</strong></span> <span class='ocrx_word' id='word_1_477' title='bbox 1597 5462 1735 5517; x_wconf 89' lang='lat' dir='ltr'><strong>Cist.</strong></span> <span class='ocrx_word' id='word_1_478' title='bbox 1770 5479 1882 5517; x_wconf 90' lang='lat' dir='ltr'><strong>ms.</strong></span> <span class='ocrx_word' id='word_1_479' title='bbox 1917 5461 2032 5521; x_wconf 87' lang='lat' dir='ltr'><strong>non</strong></span> 
     </span>
    </p>
   </div>
   <div class='ocr_carea' id='block_1_60' title="bbox 387 5543 546 5592">
    <p class='ocr_par' dir='ltr' id='par_1_60' title="bbox 387 5543 546 5592">
     <span class='ocr_line' id='line_1_60' title="bbox 387 5543 546 5592; baseline 0.006 -1"><span class='ocrx_word' id='word_1_480' title='bbox 387 5543 546 5592; x_wconf 89' lang='lat' dir='ltr'><strong>sunt.</strong></span> 
     </span>
    </p>
   </div>
   <div class='ocr_carea' id='block_1_61' title="bbox 458 5602 2030 5677">
    <p class='ocr_par' dir='ltr' id='par_1_61' title="bbox 458 5602 2030 5677">
     <span class='ocr_line' id='line_1_61' title="bbox 458 5602 2030 5677; baseline 0.001 -17"><span class='ocrx_word' id='word_1_481' title='bbox 458 5606 532 5677; x_wconf 90' lang='lat' dir='ltr'><strong>(b)</strong></span> <span class='ocrx_word' id='word_1_482' title='bbox 563 5608 818 5677; x_wconf 90' lang='lat' dir='ltr'><strong>Auc_tori,</strong></span> <span class='ocrx_word' id='word_1_483' title='bbox 853 5606 953 5677; x_wconf 85' lang='lat' dir='ltr'><strong>qui</strong></span> <span class='ocrx_word' id='word_1_484' title='bbox 988 5607 1235 5661; x_wconf 80' lang='lat' dir='ltr'><strong>Ruﬁnus</strong></span> <span class='ocrx_word' id='word_1_485' title='bbox 1266 5605 1447 5677; x_wconf 89' lang='lat' dir='ltr'><strong>audit,</strong></span> <span class='ocrx_word' id='word_1_486' title='bbox 1468 5608 1597 5677; x_wconf 75' lang='lat' dir='ltr'><strong>tota</strong></span> <span class='ocrx_word' id='word_1_487' title='bbox 1621 5602 1741 5657; x_wconf 81' lang='lat' dir='ltr'><strong>haec</strong></span> <span class='ocrx_word' id='word_1_488' title='bbox 1764 5605 2030 5662; x_wconf 65' lang='lat' dir='ltr'><strong>Hebrmo-</strong></span> 
     </span>
    </p>
   </div>
   <div class='ocr_carea' id='block_1_62' title="bbox 383 5675 1682 5745">
    <p class='ocr_par' dir='ltr' id='par_1_62' title="bbox 383 5675 1682 5745">
     <span class='ocr_line' id='line_1_62' title="bbox 383 5675 1682 5745; baseline -0.002 -15"><span class='ocrx_word' id='word_1_489' title='bbox 383 5675 522 5730; x_wconf 57' lang='lat' dir='ltr'><strong>rum&#39;</strong></span> <span class='ocrx_word' id='word_1_490' title='bbox 550 5675 780 5745; x_wconf 71' lang='lat' dir='ltr'><strong>traditio</strong></span> <span class='ocrx_word' id='word_1_491' title='bbox 810 5675 917 5730; x_wconf 73' lang='lat' dir='ltr'><strong>non</strong></span> <span class='ocrx_word' id='word_1_492' title='bbox 947 5680 1142 5742; x_wconf 86' lang='lat' dir='ltr'><strong>magni</strong></span> <span class='ocrx_word' id='word_1_493' title='bbox 1166 5676 1421 5745; x_wconf 84' lang='lat' dir='ltr'><strong>ponderis</strong></span> <span class='ocrx_word' id='word_1_494' title='bbox 1451 5675 1682 5729; x_wconf 91' lang='lat' dir='ltr'><strong>dicitur.</strong></span> 
     </span>
    </p>
   </div>
   <div class='ocr_carea' id='block_1_63' title="bbox 457 5743 2028 5817">
    <p class='ocr_par' dir='ltr' id='par_1_63' title="bbox 457 5743 2028 5817">
     <span class='ocr_line' id='line_1_63' title="bbox 457 5743 2028 5817; baseline 0.003 -18"><span class='ocrx_word' id='word_1_495' title='bbox 457 5746 526 5816; x_wconf 92' lang='lat' dir='ltr'><strong>(c)</strong></span> <span class='ocrx_word' id='word_1_496' title='bbox 559 5743 876 5799; x_wconf 75' lang='lat' dir='ltr'><strong>Martianssi</strong></span> <span class='ocrx_word' id='word_1_497' title='bbox 897 5745 1071 5799; x_wconf 88' lang='lat' dir='ltr'><strong>editio</strong></span> <span class='ocrx_word' id='word_1_498' title='bbox 1094 5743 1276 5812; x_wconf 76' lang='lat' dir='ltr'><strong>addit,</strong></span> <span class='ocrx_word' id='word_1_499' title='bbox 1306 5746 1442 5816; x_wconf 82' lang='lat' dir='ltr'><strong>quia</strong></span> <span class='ocrx_word' id='word_1_500' title='bbox 1461 5745 1522 5798; x_wconf 87' lang='lat' dir='ltr'><strong>in</strong></span> <span class='ocrx_word' id='word_1_501' title='bbox 1542 5745 1639 5800; x_wconf 82' lang='lat' dir='ltr'><strong>hoc</strong></span> <span class='ocrx_word' id='word_1_502' title='bbox 1655 5760 1763 5801; x_wconf 90' lang='lat' dir='ltr'><strong>non</strong></span> <span class='ocrx_word' id='word_1_503' title='bbox 1787 5761 2028 5817; x_wconf 82' lang='lat' dir='ltr'><strong>perseve-</strong></span> 
     </span>
    </p>
   </div>
   <div class='ocr_carea' id='block_1_64' title="bbox 2149 668 3720 743">
    <p class='ocr_par' dir='ltr' id='par_1_64' title="bbox 2149 668 3720 743">
     <span class='ocr_line' id='line_1_64' title="bbox 2149 668 3720 743; baseline -0.001 -17"><span class='ocrx_word' id='word_1_504' title='bbox 2149 688 2210 726; x_wconf 91' lang='lat' dir='ltr'><strong>se</strong></span> <span class='ocrx_word' id='word_1_505' title='bbox 2239 672 2440 727; x_wconf 88' lang='lat' dir='ltr'><strong>subter</strong></span> <span class='ocrx_word' id='word_1_506' title='bbox 2470 687 2568 727; x_wconf 91' lang='lat' dir='ltr'><strong>eos</strong></span> <span class='ocrx_word' id='word_1_507' title='bbox 2600 670 2931 743; x_wconf 88' lang='lat' dir='ltr'><strong>plaustrum</strong></span> <span class='ocrx_word' id='word_1_508' title='bbox 2956 669 3070 742; x_wconf 81' lang='lat' dir='ltr'><em>[AL</em></span> <span class='ocrx_word' id='word_1_509' title='bbox 3095 670 3243 726; x_wconf 86' lang='lat' dir='ltr'><strong>sicut</strong></span> <span class='ocrx_word' id='word_1_510' title='bbox 3268 668 3586 742; x_wconf 88' lang='lat' dir='ltr'><strong>plaustrum]</strong></span> <span class='ocrx_word' id='word_1_511' title='bbox 3604 685 3720 725; x_wconf 87' lang='lat' dir='ltr'><strong>com-</strong></span> 
     </span>
    </p>
   </div>
   <div class='ocr_carea' id='block_1_65' title="bbox 2151 758 3723 830">
    <p class='ocr_par' dir='ltr' id='par_1_65' title="bbox 2151 758 3723 830">
     <span class='ocr_line' id='line_1_65' title="bbox 2151 758 3723 830; baseline -0.001 -17"><span class='ocrx_word' id='word_1_512' title='bbox 2151 758 2410 814; x_wconf 87' lang='lat' dir='ltr'><strong>minatur</strong></span> <span class='ocrx_word' id='word_1_513' title='bbox 2432 765 2599 830; x_wconf 87' lang='lat' dir='ltr'><strong>Deus,</strong></span> <span class='ocrx_word' id='word_1_514' title='bbox 2622 760 2750 814; x_wconf 90' lang='lat' dir='ltr'><strong>feno</strong></span> <span class='ocrx_word' id='word_1_515' title='bbox 2770 758 2858 814; x_wconf 87' lang='lat' dir='ltr'><strong>vel</strong></span> <span class='ocrx_word' id='word_1_516' title='bbox 2879 758 3098 830; x_wconf 91' lang='lat' dir='ltr'><strong>stipula</strong></span> <span class='ocrx_word' id='word_1_517' title='bbox 3117 762 3532 830; x_wconf 67' lang='lat' dir='ltr'><strong>praegravatum,</strong></span> <span class='ocrx_word' id='word_1_518' title='bbox 3551 760 3605 812; x_wconf 93' lang='lat' dir='ltr'><strong>ut</strong></span> <span class='ocrx_word' id='word_1_519' title='bbox 3618 758 3723 828; x_wconf 81' lang='lat' dir='ltr'><strong>quia</strong></span> 
     </span>
    </p>
   </div>
   <div class='ocr_carea' id='block_1_66' title="bbox 2152 845 3722 919">
    <p class='ocr_par' dir='ltr' id='par_1_66' title="bbox 2152 845 3722 919">
     <span class='ocr_line' id='line_1_66' title="bbox 2152 845 3722 919; baseline -0.001 -18"><span class='ocrx_word' id='word_1_520' title='bbox 2152 847 2507 903; x_wconf 88' lang='lat' dir='ltr'><strong>frumentum</strong></span> <span class='ocrx_word' id='word_1_521' title='bbox 2543 864 2656 903; x_wconf 88' lang='lat' dir='ltr'><strong>non</strong></span> <span class='ocrx_word' id='word_1_522' title='bbox 2691 847 2911 902; x_wconf 89' lang='lat' dir='ltr'><strong>habent</strong></span> <span class='ocrx_word' id='word_1_523' title='bbox 2943 847 3097 919; x_wconf 92' lang='lat' dir='ltr'><strong>quod</strong></span> <span class='ocrx_word' id='word_1_524' title='bbox 3131 846 3189 901; x_wconf 90' lang='lat' dir='ltr'><strong>in</strong></span> <span class='ocrx_word' id='word_1_525' title='bbox 3232 845 3431 901; x_wconf 88' lang='lat' dir='ltr'><strong>horrea</strong></span> <span class='ocrx_word' id='word_1_526' title='bbox 3472 846 3722 912; x_wconf 86' lang='lat' dir='ltr'><strong>condatur,</strong></span> 
     </span>
    </p>
   </div>
   <div class='ocr_carea' id='block_1_67' title="bbox 2151 933 3724 1007">
    <p class='ocr_par' dir='ltr' id='par_1_67' title="bbox 2151 933 3724 1007">
     <span class='ocr_line' id='line_1_67' title="bbox 2151 933 3724 1007; baseline -0.001 -17"><span class='ocrx_word' id='word_1_527' title='bbox 2151 938 2349 991; x_wconf 91' lang='lat' dir='ltr'><strong>fenum</strong></span> <span class='ocrx_word' id='word_1_528' title='bbox 2380 953 2581 991; x_wconf 89' lang='lat' dir='ltr'><strong>eorum</strong></span> <span class='ocrx_word' id='word_1_529' title='bbox 2612 941 2668 991; x_wconf 90' lang='lat' dir='ltr'><strong>et</strong></span> <span class='ocrx_word' id='word_1_530' title='bbox 2697 936 2917 1007; x_wconf 89' lang='lat' dir='ltr'><strong>stipula</strong></span> <span class='ocrx_word' id='word_1_531' title='bbox 2941 934 3211 990; x_wconf 88' lang='lat' dir='ltr'><strong>incendio</strong></span> <span class='ocrx_word' id='word_1_532' title='bbox 3241 933 3724 990; x_wconf 82' lang='lat' dir='ltr'><strong>concremetur.Hoc</strong></span> 
     </span>
    </p>
   </div>
   <div class='ocr_carea' id='block_1_68' title="bbox 2152 1012 3727 1096">
    <p class='ocr_par' dir='ltr' id='par_1_68' title="bbox 2152 1012 3727 1096">
     <span class='ocr_line' id='line_1_68' title="bbox 2152 1012 3727 1096; baseline -0.003 -16"><span class='ocrx_word' id='word_1_533' title='bbox 2152 1031 2239 1081; x_wconf 88' lang='lat' dir='ltr'><strong>est</strong></span> <span class='ocrx_word' id='word_1_534' title='bbox 2271 1027 2466 1079; x_wconf 90' lang='lat' dir='ltr'><strong>fenum</strong></span> <span class='ocrx_word' id='word_1_535' title='bbox 2490 1026 2560 1079; x_wconf 89' lang='lat' dir='ltr'><strong>de</strong></span> <span class='ocrx_word' id='word_1_536' title='bbox 2583 1042 2696 1096; x_wconf 91' lang='lat' dir='ltr'><strong>quo</strong></span> <span class='ocrx_word' id='word_1_537' title='bbox 2727 1025 3007 1096; x_wconf 89' lang='lat' dir='ltr'><strong>propheta</strong></span> <span class='ocrx_word' id='word_1_538' title='bbox 3035 1012 3211 1078; x_wconf 85' lang='lat' dir='ltr'><strong>dicit:</strong></span> <span class='ocrx_word' id='word_1_539' title='bbox 3244 1025 3398 1079; x_wconf 85' lang='lat' dir='ltr'><strong>Fiant</strong></span> <span class='ocrx_word' id='word_1_540' title='bbox 3424 1024 3551 1076; x_wconf 86' lang='lat' dir='ltr'><strong>sicut</strong></span> <span class='ocrx_word' id='word_1_541' title='bbox 3574 1022 3727 1094; x_wconf 71' lang='lat' dir='ltr'><strong>fenum</strong></span> 
     </span>
    </p>
   </div>
   <div class='ocr_carea' id='block_1_69' title="bbox 2148 1112 3726 1185">
    <p class='ocr_par' dir='ltr' id='par_1_69' title="bbox 2148 1112 3726 1185">
     <span class='ocr_line' id='line_1_69' title="bbox 2148 1112 3726 1185; baseline -0.002 -15"><span class='ocrx_word' id='word_1_542' title='bbox 2148 1114 2537 1184; x_wconf 67' lang='lat' dir='ltr'><strong>aediﬁciorum,</strong></span> <span class='ocrx_word' id='word_1_543' title='bbox 2582 1113 2728 1185; x_wconf 89' lang='lat' dir='ltr'><strong>quod</strong></span> <span class='ocrx_word' id='word_1_544' title='bbox 2760 1115 3079 1183; x_wconf 61' lang='lat' dir='ltr'><strong>priusquam</strong></span> <span class='ocrx_word' id='word_1_545' title='bbox 3106 1112 3387 1175; x_wconf 88' lang='lat' dir='ltr'><strong>evellatur,</strong></span> <span class='ocrx_word' id='word_1_546' title='bbox 3418 1112 3614 1165; x_wconf 72' lang='lat' dir='ltr'><strong>exaruit</strong></span> <span class='ocrx_word' id='word_1_547' title='bbox 3637 1113 3726 1178; x_wconf 90' lang='lat' dir='ltr'><strong>(Ps.</strong></span> 
     </span>
    </p>
   </div>
   <div class='ocr_carea' id='block_1_70' title="bbox 2149 1198 3729 1272">
    <p class='ocr_par' dir='ltr' id='par_1_70' title="bbox 2149 1198 3729 1272">
     <span class='ocr_line' id='line_1_70' title="bbox 2149 1198 3729 1272; baseline -0.004 -15"><span class='ocrx_word' id='word_1_548' title='bbox 2149 1219 2379 1266; x_wconf 84' lang='lat' dir='ltr'><strong>cxxvm,</strong></span> <span class='ocrx_word' id='word_1_549' title='bbox 2411 1203 2487 1272; x_wconf 86' lang='lat'><strong>6).</strong></span> <span class='ocrx_word' id='word_1_550' title='bbox 2525 1206 2626 1256; x_wconf 76' lang='lat' dir='ltr'><strong>Et:</strong></span> <span class='ocrx_word' id='word_1_551' title='bbox 2663 1200 2850 1257; x_wconf 87' lang='lat' dir='ltr'><strong>Omnis</strong></span> <span class='ocrx_word' id='word_1_552' title='bbox 2880 1217 3015 1255; x_wconf 88' lang='lat' dir='ltr'><strong>caro</strong></span> <span class='ocrx_word' id='word_1_553' title='bbox 3042 1203 3232 1272; x_wconf 87' lang='lat' dir='ltr'><strong>fenum</strong></span> <span class='ocrx_word' id='word_1_554' title='bbox 3262 1202 3406 1269; x_wconf 87' lang='lat' dir='ltr'><strong>(Isai.</strong></span> <span class='ocrx_word' id='word_1_555' title='bbox 3440 1216 3523 1262; x_wconf 68' lang='lat' dir='ltr'><strong>xu,</strong></span> <span class='ocrx_word' id='word_1_556' title='bbox 3550 1200 3616 1269; x_wconf 85' lang='lat'><strong>6).</strong></span> <span class='ocrx_word' id='word_1_557' title='bbox 3644 1198 3729 1254; x_wconf 87' lang='lat' dir='ltr'><strong>Sti-</strong></span> 
     </span>
    </p>
   </div>
   <div class='ocr_carea' id='block_1_71' title="bbox 2151 1285 3733 1363">
    <p class='ocr_par' dir='ltr' id='par_1_71' title="bbox 2151 1285 3733 1363">
     <span class='ocr_line' id='line_1_71' title="bbox 2151 1285 3733 1363; baseline -0.003 -18"><span class='ocrx_word' id='word_1_558' title='bbox 2151 1290 2349 1363; x_wconf 90' lang='lat' dir='ltr'><strong>pulam</strong></span> <span class='ocrx_word' id='word_1_559' title='bbox 2372 1296 2567 1345; x_wconf 87' lang='lat' dir='ltr'><strong>autem</strong></span> <span class='ocrx_word' id='word_1_560' title='bbox 2590 1290 2689 1344; x_wconf 91' lang='lat' dir='ltr'><strong>illa</strong></span> <span class='ocrx_word' id='word_1_561' title='bbox 2709 1296 2817 1361; x_wconf 90' lang='lat' dir='ltr'><strong>est,</strong></span> <span class='ocrx_word' id='word_1_562' title='bbox 2852 1306 3027 1360; x_wconf 88' lang='lat' dir='ltr'><strong>super</strong></span> <span class='ocrx_word' id='word_1_563' title='bbox 3051 1292 3220 1358; x_wconf 87' lang='lat' dir='ltr'><strong>cujus</strong></span> <span class='ocrx_word' id='word_1_564' title='bbox 3243 1287 3494 1343; x_wconf 91' lang='lat' dir='ltr'><strong>incendio</strong></span> <span class='ocrx_word' id='word_1_565' title='bbox 3516 1285 3733 1341; x_wconf 82' lang='lat' dir='ltr'><strong>ﬂebiliter</strong></span> 
     </span>
    </p>
   </div>
   <div class='ocr_carea' id='block_1_72' title="bbox 2151 1377 3734 1452">
    <p class='ocr_par' dir='ltr' id='par_1_72' title="bbox 2151 1377 3734 1452">
     <span class='ocr_line' id='line_1_72' title="bbox 2151 1377 3734 1452; baseline -0.004 -17"><span class='ocrx_word' id='word_1_566' title='bbox 2151 1379 2431 1452; x_wconf 89' lang='lat' dir='ltr'><strong>propheta</strong></span> <span class='ocrx_word' id='word_1_567' title='bbox 2460 1379 2799 1451; x_wconf 87' lang='lat' dir='ltr'><strong>complorat,</strong></span> <span class='ocrx_word' id='word_1_568' title='bbox 2834 1379 3033 1433; x_wconf 88' lang='lat' dir='ltr'><strong>dicens</strong></span> <span class='ocrx_word' id='word_1_569' title='bbox 3059 1396 3070 1433; x_wconf 93' lang='lat'><strong>:</strong></span> <span class='ocrx_word' id='word_1_570' title='bbox 3105 1380 3219 1432; x_wconf 76' lang='lat' dir='ltr'><strong>Heu</strong></span> <span class='ocrx_word' id='word_1_571' title='bbox 3249 1377 3387 1432; x_wconf 77' lang='lat' dir='ltr'><strong>mihi</strong></span> <span class='ocrx_word' id='word_1_572' title='bbox 3406 1382 3424 1431; x_wconf 73' lang='grc' dir='ltr'><strong>Ι</strong></span> <span class='ocrx_word' id='word_1_573' title='bbox 3449 1378 3570 1447; x_wconf 89' lang='lat' dir='ltr'><strong>quia</strong></span> <span class='ocrx_word' id='word_1_574' title='bbox 3594 1379 3734 1445; x_wconf 85' lang='lat' dir='ltr'><strong>factus</strong></span> 
     </span>
    </p>
   </div>
   <div class='ocr_carea' id='block_1_73' title="bbox 2147 1465 3733 1537">
    <p class='ocr_par' dir='ltr' id='par_1_73' title="bbox 2147 1465 3733 1537">
     <span class='ocr_line' id='line_1_73' title="bbox 2147 1465 3733 1537; baseline -0.004 -15"><span class='ocrx_word' id='word_1_575' title='bbox 2147 1485 2271 1522; x_wconf 90' lang='lat' dir='ltr'><strong>sum</strong></span> <span class='ocrx_word' id='word_1_576' title='bbox 2296 1468 2434 1522; x_wconf 86' lang='lat' dir='ltr'><strong>sicut</strong></span> <span class='ocrx_word' id='word_1_577' title='bbox 2464 1469 2559 1537; x_wconf 90' lang='lat' dir='ltr'><strong>qui</strong></span> <span class='ocrx_word' id='word_1_578' title='bbox 2586 1468 2793 1537; x_wconf 70' lang='grc' dir='ltr'><strong>ειιιὶθίι</strong></span> <span class='ocrx_word' id='word_1_579' title='bbox 2817 1467 3081 1537; x_wconf 85' lang='lat' dir='ltr'><strong>stipulam</strong></span> <span class='ocrx_word' id='word_1_580' title='bbox 3112 1467 3172 1520; x_wconf 89' lang='lat' dir='ltr'><strong>in</strong></span> <span class='ocrx_word' id='word_1_581' title='bbox 3200 1480 3383 1531; x_wconf 85' lang='lat' dir='ltr'><strong>messe,</strong></span> <span class='ocrx_word' id='word_1_582' title='bbox 3410 1468 3459 1519; x_wconf 88' lang='lat' dir='ltr'><strong>et</strong></span> <span class='ocrx_word' id='word_1_583' title='bbox 3476 1465 3602 1517; x_wconf 84' lang='lat' dir='ltr'><strong>sicut</strong></span> <span class='ocrx_word' id='word_1_584' title='bbox 3620 1478 3733 1516; x_wconf 84' lang='lat' dir='ltr'><strong>race-</strong></span> 
     </span>
    </p>
   </div>
   <div class='ocr_carea' id='block_1_74' title="bbox 2148 1550 3735 1621">
    <p class='ocr_par' dir='ltr' id='par_1_74' title="bbox 2148 1550 3735 1621">
     <span class='ocr_line' id='line_1_74' title="bbox 2148 1550 3735 1621; baseline -0.004 -10"><span class='ocrx_word' id='word_1_585' title='bbox 2148 1572 2263 1611; x_wconf 88' lang='lat' dir='ltr'><strong>mos</strong></span> <span class='ocrx_word' id='word_1_586' title='bbox 2282 1558 2340 1611; x_wconf 87' lang='lat' dir='ltr'><strong>in</strong></span> <span class='ocrx_word' id='word_1_587' title='bbox 2360 1555 2656 1621; x_wconf 86' lang='lat' dir='ltr'><strong>vindemia,</strong></span> <span class='ocrx_word' id='word_1_588' title='bbox 2680 1571 2803 1609; x_wconf 90' lang='lat' dir='ltr'><strong>cum</strong></span> <span class='ocrx_word' id='word_1_589' title='bbox 2828 1570 2939 1608; x_wconf 87' lang='lat' dir='ltr'><strong>non</strong></span> <span class='ocrx_word' id='word_1_590' title='bbox 2963 1556 3038 1609; x_wconf 88' lang='lat' dir='ltr'><strong>sit</strong></span> <span class='ocrx_word' id='word_1_591' title='bbox 3065 1554 3250 1608; x_wconf 86' lang='lat' dir='ltr'><strong>botrus</strong></span> <span class='ocrx_word' id='word_1_592' title='bbox 3268 1553 3335 1607; x_wconf 87' lang='lat' dir='ltr'><strong>ad</strong></span> <span class='ocrx_word' id='word_1_593' title='bbox 3354 1550 3735 1607; x_wconf 81' lang='lat' dir='ltr'><strong>manducandum</strong></span> 
     </span>
    </p>
   </div>
   <div class='ocr_carea' id='block_1_75' title="bbox 2143 1639 3733 1721">
    <p class='ocr_par' dir='ltr' id='par_1_75' title="bbox 2143 1639 3733 1721">
     <span class='ocr_line' id='line_1_75' title="bbox 2143 1639 3733 1721; baseline -0.005 -22"><span class='ocrx_word' id='word_1_594' title='bbox 2143 1646 2449 1717; x_wconf 87' lang='lat' dir='ltr'><strong>primitiva.</strong></span> <span class='ocrx_word' id='word_1_595' title='bbox 2487 1648 2607 1698; x_wconf 88' lang='lat' dir='ltr'><strong>Heu</strong></span> <span class='ocrx_word' id='word_1_596' title='bbox 2640 1644 2778 1698; x_wconf 80' lang='lat' dir='ltr'><strong>mihi</strong></span> <span class='ocrx_word' id='word_1_597' title='bbox 2797 1647 2815 1696; x_wconf 72' lang='grc' dir='ltr'><em>,ν</em></span> <span class='ocrx_word' id='word_1_598' title='bbox 2843 1644 3035 1721; x_wconf 84' lang='lat' dir='ltr'><strong>anima</strong></span> <span class='ocrx_word' id='word_1_599' title='bbox 3064 1641 3171 1713; x_wconf 84' lang='grc' dir='ltr'><strong>[ΑΙ.</strong></span> <span class='ocrx_word' id='word_1_600' title='bbox 3206 1641 3437 1697; x_wconf 89' lang='lat' dir='ltr'><strong>additur</strong></span> <span class='ocrx_word' id='word_1_601' title='bbox 3462 1645 3608 1710; x_wconf 69' lang='lat' dir='ltr'><strong>mea],</strong></span> <span class='ocrx_word' id='word_1_602' title='bbox 3634 1639 3733 1709; x_wconf 85' lang='lat' dir='ltr'><strong>quia</strong></span> 
     </span>
    </p>
   </div>
   <div class='ocr_carea' id='block_1_76' title="bbox 2146 1728 3737 1804">
    <p class='ocr_par' dir='ltr' id='par_1_76' title="bbox 2146 1728 3737 1804">
     <span class='ocr_line' id='line_1_76' title="bbox 2146 1728 3737 1804; baseline -0.004 -16"><span class='ocrx_word' id='word_1_603' title='bbox 2146 1735 2291 1804; x_wconf 88' lang='lat' dir='ltr'><strong>perii</strong></span> <span class='ocrx_word' id='word_1_604' title='bbox 2320 1748 2570 1788; x_wconf 84' lang='lat' dir='ltr'><strong>reverens</strong></span> <span class='ocrx_word' id='word_1_605' title='bbox 2599 1731 2663 1787; x_wconf 91' lang='lat' dir='ltr'><strong>de</strong></span> <span class='ocrx_word' id='word_1_606' title='bbox 2693 1735 2873 1793; x_wconf 83' lang='lat' dir='ltr'><strong>terra,</strong></span> <span class='ocrx_word' id='word_1_607' title='bbox 2906 1736 2953 1786; x_wconf 83' lang='lat' dir='ltr'><strong>et</strong></span> <span class='ocrx_word' id='word_1_608' title='bbox 2977 1733 3073 1801; x_wconf 88' lang='lat' dir='ltr'><strong>qui</strong></span> <span class='ocrx_word' id='word_1_609' title='bbox 3093 1738 3304 1785; x_wconf 86' lang='lat' dir='ltr'><strong>rectum</strong></span> <span class='ocrx_word' id='word_1_610' title='bbox 3320 1731 3502 1799; x_wconf 84' lang='lat' dir='ltr'><strong>faciat,</strong></span> <span class='ocrx_word' id='word_1_611' title='bbox 3530 1730 3584 1783; x_wconf 87' lang='lat' dir='ltr'><strong>in</strong></span> <span class='ocrx_word' id='word_1_612' title='bbox 3601 1728 3737 1782; x_wconf 82' lang='lat' dir='ltr'><strong>homi-</strong></span> 
     </span>
    </p>
   </div>
   <div class='ocr_carea' id='block_1_77' title="bbox 2147 1815 3736 1889">
    <p class='ocr_par' dir='ltr' id='par_1_77' title="bbox 2147 1815 3736 1889">
     <span class='ocr_line' id='line_1_77' title="bbox 2147 1815 3736 1889; baseline -0.006 -13"><span class='ocrx_word' id='word_1_613' title='bbox 2147 1824 2310 1876; x_wconf 88' lang='lat' dir='ltr'><strong>nibus</strong></span> <span class='ocrx_word' id='word_1_614' title='bbox 2348 1836 2459 1876; x_wconf 90' lang='lat' dir='ltr'><strong>non</strong></span> <span class='ocrx_word' id='word_1_615' title='bbox 2486 1824 2566 1875; x_wconf 88' lang='lat' dir='ltr'><strong>est</strong></span> <span class='ocrx_word' id='word_1_616' title='bbox 2589 1838 2608 1873; x_wconf 89' lang='lat'><strong>:</strong></span> <span class='ocrx_word' id='word_1_617' title='bbox 2638 1836 2824 1875; x_wconf 88' lang='lat' dir='ltr'><strong>omnes</strong></span> <span class='ocrx_word' id='word_1_618' title='bbox 2858 1821 2919 1873; x_wconf 87' lang='lat' dir='ltr'><strong>in</strong></span> <span class='ocrx_word' id='word_1_619' title='bbox 2946 1820 3221 1889; x_wconf 84' lang='lat' dir='ltr'><strong>sanguine</strong></span> <span class='ocrx_word' id='word_1_620' title='bbox 3268 1817 3565 1884; x_wconf 79' lang='lat' dir='ltr'><strong>iudicantur</strong></span> <span class='ocrx_word' id='word_1_621' title='bbox 3596 1815 3736 1887; x_wconf 67' lang='lat' dir='ltr'><strong>(Hicin.</strong></span> 
     </span>
    </p>
   </div>
   <div class='ocr_carea' id='block_1_78' title="bbox 2147 1904 3742 1980">
    <p class='ocr_par' dir='ltr' id='par_1_78' title="bbox 2147 1904 3742 1980">
     <span class='ocr_line' id='line_1_78' title="bbox 2147 1904 3742 1980; baseline -0.005 -16"><span class='ocrx_word' id='word_1_622' title='bbox 2147 1927 2247 1975; x_wconf 78' lang='lat' dir='ltr'><strong>vn,</strong></span> <span class='ocrx_word' id='word_1_623' title='bbox 2282 1910 2356 1980; x_wconf 95' lang='lat'><strong>1),</strong></span> <span class='ocrx_word' id='word_1_624' title='bbox 2390 1915 2446 1964; x_wconf 93' lang='lat' dir='ltr'><strong>et</strong></span> <span class='ocrx_word' id='word_1_625' title='bbox 2476 1909 2722 1980; x_wconf 87' lang='lat' dir='ltr'><strong>reliqua.</strong></span> <span class='ocrx_word' id='word_1_626' title='bbox 2754 1909 2872 1963; x_wconf 92' lang='lat' dir='ltr'><strong>Hoc</strong></span> <span class='ocrx_word' id='word_1_627' title='bbox 2893 1912 2984 1962; x_wconf 90' lang='lat' dir='ltr'><strong>est</strong></span> <span class='ocrx_word' id='word_1_628' title='bbox 3006 1909 3204 1962; x_wconf 87' lang='lat' dir='ltr'><strong>fenum</strong></span> <span class='ocrx_word' id='word_1_629' title='bbox 3240 1911 3297 1962; x_wconf 89' lang='lat' dir='ltr'><strong>et</strong></span> <span class='ocrx_word' id='word_1_630' title='bbox 3319 1904 3543 1977; x_wconf 87' lang='lat' dir='ltr'><strong>stipula,</strong></span> <span class='ocrx_word' id='word_1_631' title='bbox 3572 1905 3632 1958; x_wconf 91' lang='lat' dir='ltr'><strong>de</strong></span> <span class='ocrx_word' id='word_1_632' title='bbox 3653 1917 3742 1973; x_wconf 82' lang='lat' dir='ltr'><strong>qua</strong></span> 
     </span>
    </p>
   </div>
   <div class='ocr_carea' id='block_1_79' title="bbox 2150 1989 3739 2070">
    <p class='ocr_par' dir='ltr' id='par_1_79' title="bbox 2150 1989 3739 2070">
     <span class='ocr_line' id='line_1_79' title="bbox 2150 1989 3739 2070; baseline -0.006 -17"><span class='ocrx_word' id='word_1_633' title='bbox 2150 2003 2208 2053; x_wconf 91' lang='lat' dir='ltr'><strong>et</strong></span> <span class='ocrx_word' id='word_1_634' title='bbox 2226 1996 2540 2070; x_wconf 87' lang='lat' dir='ltr'><strong>Apostolus</strong></span> <span class='ocrx_word' id='word_1_635' title='bbox 2564 1998 2823 2069; x_wconf 87' lang='lat' dir='ltr'><strong>loquitur</strong></span> <span class='ocrx_word' id='word_1_636' title='bbox 2846 2012 2860 2051; x_wconf 94' lang='lat'><strong>:</strong></span> <span class='ocrx_word' id='word_1_637' title='bbox 2899 1996 3101 2066; x_wconf 83' lang='lat' dir='ltr'><strong>Ligna,</strong></span> <span class='ocrx_word' id='word_1_638' title='bbox 3117 1995 3340 2059; x_wconf 85' lang='lat' dir='ltr'><strong>fenum,</strong></span> <span class='ocrx_word' id='word_1_639' title='bbox 3362 1991 3563 2065; x_wconf 90' lang='lat' dir='ltr'><strong>stipula</strong></span> <span class='ocrx_word' id='word_1_640' title='bbox 3580 1989 3739 2045; x_wconf 84' lang='lat' dir='ltr'><strong>unius-</strong></span> 
     </span>
    </p>
   </div>
   <div class='ocr_carea' id='block_1_80' title="bbox 2150 2080 3740 2159">
    <p class='ocr_par' dir='ltr' id='par_1_80' title="bbox 2150 2080 3740 2159">
     <span class='ocr_line' id='line_1_80' title="bbox 2150 2080 3740 2159; baseline -0.006 -17"><span class='ocrx_word' id='word_1_641' title='bbox 2150 2088 2438 2159; x_wconf 89' lang='lat' dir='ltr'><strong>cujusque</strong></span> <span class='ocrx_word' id='word_1_642' title='bbox 2459 2102 2606 2158; x_wconf 92' lang='lat' dir='ltr'><strong>opus</strong></span> <span class='ocrx_word' id='word_1_643' title='bbox 2631 2086 3012 2141; x_wconf 90' lang='lat' dir='ltr'><strong>manifestum</strong></span> <span class='ocrx_word' id='word_1_644' title='bbox 3036 2085 3137 2139; x_wconf 81' lang='lat' dir='ltr'><strong>fiet</strong></span> <span class='ocrx_word' id='word_1_645' title='bbox 3157 2084 3202 2155; x_wconf 95' lang='grc' dir='ltr'>(Ι</span> <span class='ocrx_word' id='word_1_646' title='bbox 3230 2084 3349 2139; x_wconf 85' lang='lat' dir='ltr'><strong>Cor.</strong></span> <span class='ocrx_word' id='word_1_647' title='bbox 3369 2083 3450 2153; x_wconf 81' lang='grc' dir='ltr'>ιιι)</span> <span class='ocrx_word' id='word_1_648' title='bbox 3474 2099 3486 2137; x_wconf 94' lang='lat'><strong>:</strong></span> <span class='ocrx_word' id='word_1_649' title='bbox 3517 2080 3740 2153; x_wconf 86' lang='lat' dir='ltr'><strong>quoniam</strong></span> 
     </span>
    </p>
   </div>
   <div class='ocr_carea' id='block_1_81' title="bbox 2151 2170 3741 2248">
    <p class='ocr_par' dir='ltr' id='par_1_81' title="bbox 2151 2170 3741 2248">
     <span class='ocr_line' id='line_1_81' title="bbox 2151 2170 3741 2248; baseline -0.005 -18"><span class='ocrx_word' id='word_1_650' title='bbox 2151 2176 2209 2230; x_wconf 90' lang='lat' dir='ltr'><strong>in</strong></span> <span class='ocrx_word' id='word_1_651' title='bbox 2264 2176 2357 2231; x_wconf 93' lang='lat' dir='ltr'><strong>die</strong></span> <span class='ocrx_word' id='word_1_652' title='bbox 2408 2175 2637 2231; x_wconf 90' lang='lat' dir='ltr'><strong>Domini</strong></span> <span class='ocrx_word' id='word_1_653' title='bbox 2672 2175 2730 2230; x_wconf 91' lang='lat' dir='ltr'><strong>in</strong></span> <span class='ocrx_word' id='word_1_654' title='bbox 2765 2175 2898 2248; x_wconf 85' lang='lat' dir='ltr'><strong>igne</strong></span> <span class='ocrx_word' id='word_1_655' title='bbox 2928 2172 3303 2229; x_wconf 87' lang='lat' dir='ltr'><strong>revelabitur.</strong></span> <span class='ocrx_word' id='word_1_656' title='bbox 3354 2170 3741 2239; x_wconf 82' lang='lat' dir='ltr'><strong>Plaustrumque</strong></span> 
     </span>
    </p>
   </div>
   <div class='ocr_carea' id='block_1_82' title="bbox 2152 2256 3737 2336">
    <p class='ocr_par' dir='ltr' id='par_1_82' title="bbox 2152 2256 3737 2336">
     <span class='ocr_line' id='line_1_82' title="bbox 2152 2256 3737 2336; baseline -0.007 -16"><span class='ocrx_word' id='word_1_657' title='bbox 2152 2266 2306 2336; x_wconf 89' lang='lat' dir='ltr'><strong>quod</strong></span> <span class='ocrx_word' id='word_1_658' title='bbox 2354 2265 2624 2334; x_wconf 85' lang='lat' dir='ltr'><strong>volvitur,</strong></span> <span class='ocrx_word' id='word_1_659' title='bbox 2673 2262 2819 2319; x_wconf 90' lang='lat' dir='ltr'><strong>illud</strong></span> <span class='ocrx_word' id='word_1_660' title='bbox 2850 2266 2957 2328; x_wconf 90' lang='lat' dir='ltr'><strong>est,</strong></span> <span class='ocrx_word' id='word_1_661' title='bbox 2990 2263 3061 2317; x_wconf 93' lang='lat' dir='ltr'><strong>de</strong></span> <span class='ocrx_word' id='word_1_662' title='bbox 3091 2277 3210 2333; x_wconf 91' lang='lat' dir='ltr'><strong>quo</strong></span> <span class='ocrx_word' id='word_1_663' title='bbox 3243 2261 3302 2315; x_wconf 88' lang='lat' dir='ltr'><strong>in</strong></span> <span class='ocrx_word' id='word_1_664' title='bbox 3334 2259 3478 2317; x_wconf 84' lang='lat' dir='ltr'><strong>Isaia</strong></span> <span class='ocrx_word' id='word_1_665' title='bbox 3502 2256 3737 2330; x_wconf 83' lang='lat' dir='ltr'><strong>legimus:</strong></span> 
     </span>
    </p>
   </div>
   <div class='ocr_carea' id='block_1_83' title="bbox 2154 2345 3741 2422">
    <p class='ocr_par' dir='ltr' id='par_1_83' title="bbox 2154 2345 3741 2422">
     <span class='ocr_line' id='line_1_83' title="bbox 2154 2345 3741 2422; baseline -0.007 -14"><span class='ocrx_word' id='word_1_666' title='bbox 2154 2352 2573 2408; x_wconf 86' lang='lat' dir='ltr'><strong>Conculcabitur</strong></span> <span class='ocrx_word' id='word_1_667' title='bbox 2603 2352 2683 2422; x_wconf 89' lang='lat' dir='ltr'><strong>(b)</strong></span> <span class='ocrx_word' id='word_1_668' title='bbox 2715 2351 2982 2416; x_wconf 84' lang='lat' dir='ltr'><strong>Moabitis,</strong></span> <span class='ocrx_word' id='word_1_669' title='bbox 3038 2352 3179 2405; x_wconf 87' lang='lat' dir='ltr'><strong>sicut</strong></span> <span class='ocrx_word' id='word_1_670' title='bbox 3207 2348 3543 2405; x_wconf 82' lang='lat' dir='ltr'><strong>conculcatur</strong></span> <span class='ocrx_word' id='word_1_671' title='bbox 3569 2360 3674 2400; x_wconf 84' lang='lat' dir='ltr'><strong>area</strong></span> <span class='ocrx_word' id='word_1_672' title='bbox 3697 2345 3741 2396; x_wconf 80' lang='lat' dir='ltr'><strong>in</strong></span> 
     </span>
    </p>
   </div>
   <div class='ocr_carea' id='block_1_84' title="bbox 2148 2431 3740 2513">
    <p class='ocr_par' dir='ltr' id='par_1_84' title="bbox 2148 2431 3740 2513">
     <span class='ocr_line' id='line_1_84' title="bbox 2148 2431 3740 2513; baseline -0.007 -18"><span class='ocrx_word' id='word_1_673' title='bbox 2148 2442 2414 2513; x_wconf 89' lang='lat' dir='ltr'><strong>plaustris</strong></span> <span class='ocrx_word' id='word_1_674' title='bbox 2462 2442 2553 2511; x_wconf 88' lang='lat' dir='ltr'><strong>(Is.</strong></span> <span class='ocrx_word' id='word_1_675' title='bbox 2586 2457 2715 2510; x_wconf 86' lang='lat' dir='ltr'><strong>xxv,</strong></span> <span class='ocrx_word' id='word_1_676' title='bbox 2760 2440 2872 2510; x_wconf 81' lang='grc'>10).</span> <span class='ocrx_word' id='word_1_677' title='bbox 2922 2440 2993 2493; x_wconf 92' lang='lat' dir='ltr'><strong>Et</strong></span> <span class='ocrx_word' id='word_1_678' title='bbox 3022 2438 3082 2493; x_wconf 91' lang='lat' dir='ltr'><strong>in</strong></span> <span class='ocrx_word' id='word_1_679' title='bbox 3117 2438 3234 2493; x_wconf 91' lang='lat' dir='ltr'><strong>alio</strong></span> <span class='ocrx_word' id='word_1_680' title='bbox 3263 2437 3421 2493; x_wconf 89' lang='lat' dir='ltr'><strong>loco:</strong></span> <span class='ocrx_word' id='word_1_681' title='bbox 3452 2437 3652 2499; x_wconf 85' lang='lat' dir='ltr'><strong>Ponam,</strong></span> <span class='ocrx_word' id='word_1_682' title='bbox 3676 2431 3740 2485; x_wconf 90' lang='lat' dir='ltr'><strong>in-</strong></span> 
     </span>
    </p>
   </div>
   <div class='ocr_carea' id='block_1_85' title="bbox 2154 2520 3743 2601">
    <p class='ocr_par' dir='ltr' id='par_1_85' title="bbox 2154 2520 3743 2601">
     <span class='ocr_line' id='line_1_85' title="bbox 2154 2520 3743 2601; baseline -0.006 -16"><span class='ocrx_word' id='word_1_683' title='bbox 2154 2530 2300 2601; x_wconf 89' lang='lat' dir='ltr'><strong>quit,</strong></span> <span class='ocrx_word' id='word_1_684' title='bbox 2332 2533 2386 2584; x_wconf 88' lang='lat' dir='ltr'><strong>te</strong></span> <span class='ocrx_word' id='word_1_685' title='bbox 2411 2531 2548 2584; x_wconf 90' lang='lat' dir='ltr'><strong>sicut</strong></span> <span class='ocrx_word' id='word_1_686' title='bbox 2573 2536 2718 2585; x_wconf 89' lang='lat' dir='ltr'><strong>rotas</strong></span> <span class='ocrx_word' id='word_1_687' title='bbox 2744 2529 2983 2600; x_wconf 88' lang='lat' dir='ltr'><strong>plaustri</strong></span> <span class='ocrx_word' id='word_1_688' title='bbox 3001 2542 3169 2582; x_wconf 89' lang='lat' dir='ltr'><strong>novas</strong></span> <span class='ocrx_word' id='word_1_689' title='bbox 3188 2544 3314 2581; x_wconf 89' lang='lat' dir='ltr'><strong>cum</strong></span> <span class='ocrx_word' id='word_1_690' title='bbox 3332 2540 3591 2581; x_wconf 73' lang='lat' dir='ltr'><strong>seri-arum</strong></span> <span class='ocrx_word' id='word_1_691' title='bbox 3610 2520 3743 2577; x_wconf 82' lang='lat' dir='ltr'><strong>denti-</strong></span> 
     </span>
    </p>
   </div>
   <div class='ocr_carea' id='block_1_86' title="bbox 2156 2610 3741 2686">
    <p class='ocr_par' dir='ltr' id='par_1_86' title="bbox 2156 2610 3741 2686">
     <span class='ocr_line' id='line_1_86' title="bbox 2156 2610 3741 2686; baseline -0.007 -13"><span class='ocrx_word' id='word_1_692' title='bbox 2156 2620 2270 2684; x_wconf 85' lang='lat' dir='ltr'><strong>bus,</strong></span> <span class='ocrx_word' id='word_1_693' title='bbox 2294 2623 2344 2674; x_wconf 88' lang='lat' dir='ltr'><strong>et</strong></span> <span class='ocrx_word' id='word_1_694' title='bbox 2364 2624 2607 2673; x_wconf 85' lang='lat' dir='ltr'><strong>conteres</strong></span> <span class='ocrx_word' id='word_1_695' title='bbox 2626 2625 2854 2686; x_wconf 90' lang='lat' dir='ltr'><strong>montes,</strong></span> <span class='ocrx_word' id='word_1_696' title='bbox 2880 2620 2931 2671; x_wconf 89' lang='lat' dir='ltr'><strong>et</strong></span> <span class='ocrx_word' id='word_1_697' title='bbox 2951 2616 3288 2671; x_wconf 84' lang='lat' dir='ltr'><strong>comminues</strong></span> <span class='ocrx_word' id='word_1_698' title='bbox 3306 2614 3459 2669; x_wconf 76' lang='lat' dir='ltr'><strong>colles</strong></span> <span class='ocrx_word' id='word_1_699' title='bbox 3482 2610 3639 2684; x_wconf 76' lang='lat' dir='ltr'><strong>(Ibid,</strong></span> <span class='ocrx_word' id='word_1_700' title='bbox 3656 2623 3741 2672; x_wconf 83' lang='lat' dir='ltr'><strong>xu,</strong></span> 
     </span>
    </p>
   </div>
   <div class='ocr_carea' id='block_1_87' title="bbox 2156 2695 3741 2779">
    <p class='ocr_par' dir='ltr' id='par_1_87' title="bbox 2156 2695 3741 2779">
     <span class='ocr_line' id='line_1_87' title="bbox 2156 2695 3741 2779; baseline -0.01 -14"><span class='ocrx_word' id='word_1_701' title='bbox 2156 2708 2241 2778; x_wconf 90' lang='grc'><strong>15)</strong></span> <span class='ocrx_word' id='word_1_702' title='bbox 2268 2726 2280 2763; x_wconf 89' lang='lat'><strong>:</strong></span> <span class='ocrx_word' id='word_1_703' title='bbox 2315 2707 2384 2779; x_wconf 93' lang='lat' dir='ltr'><strong>(e)</strong></span> <span class='ocrx_word' id='word_1_704' title='bbox 2415 2712 2473 2762; x_wconf 86' lang='lat' dir='ltr'><strong>et</strong></span> <span class='ocrx_word' id='word_1_705' title='bbox 2503 2711 2814 2778; x_wconf 88' lang='lat' dir='ltr'><strong>postquam</strong></span> <span class='ocrx_word' id='word_1_706' title='bbox 2859 2710 3087 2759; x_wconf 89' lang='lat' dir='ltr'><strong>montes</strong></span> <span class='ocrx_word' id='word_1_707' title='bbox 3117 2702 3412 2775; x_wconf 87' lang='lat' dir='ltr'><strong>collesque</strong></span> <span class='ocrx_word' id='word_1_708' title='bbox 3438 2695 3741 2762; x_wconf 82' lang='lat' dir='ltr'><strong>contriveris,</strong></span> 
     </span>
    </p>
   </div>
   <div class='ocr_carea' id='block_1_88' title="bbox 2156 2783 3742 2868">
    <p class='ocr_par' dir='ltr' id='par_1_88' title="bbox 2156 2783 3742 2868">
     <span class='ocr_line' id='line_1_88' title="bbox 2156 2783 3742 2868; baseline -0.006 -17"><span class='ocrx_word' id='word_1_709' title='bbox 2156 2796 2342 2868; x_wconf 89' lang='lat' dir='ltr'><strong>periet</strong></span> <span class='ocrx_word' id='word_1_710' title='bbox 2369 2796 2506 2867; x_wconf 88' lang='lat' dir='ltr'><strong>fuga</strong></span> <span class='ocrx_word' id='word_1_711' title='bbox 2536 2812 2570 2850; x_wconf 91' lang='lat' dir='ltr'><strong>a</strong></span> <span class='ocrx_word' id='word_1_712' title='bbox 2598 2794 2811 2859; x_wconf 88' lang='lat' dir='ltr'><strong>veloce,</strong></span> <span class='ocrx_word' id='word_1_713' title='bbox 2831 2793 3057 2849; x_wconf 89' lang='lat' dir='ltr'><strong>dicente</strong></span> <span class='ocrx_word' id='word_1_714' title='bbox 3078 2791 3260 2847; x_wconf 90' lang='lat' dir='ltr'><strong>Paulo</strong></span> <span class='ocrx_word' id='word_1_715' title='bbox 3288 2808 3301 2846; x_wconf 90' lang='lat'><strong>:</strong></span> <span class='ocrx_word' id='word_1_716' title='bbox 3335 2790 3546 2847; x_wconf 85' lang='lat' dir='ltr'><strong>Nescitis</strong></span> <span class='ocrx_word' id='word_1_717' title='bbox 3562 2788 3668 2859; x_wconf 86' lang='lat' dir='ltr'><strong>quia</strong></span> <span class='ocrx_word' id='word_1_718' title='bbox 3685 2783 3742 2851; x_wconf 83' lang='lat' dir='ltr'><strong>lu,</strong></span> 
     </span>
    </p>
   </div>
   <div class='ocr_carea' id='block_1_89' title="bbox 2157 2881 3743 2956">
    <p class='ocr_par' dir='ltr' id='par_1_89' title="bbox 2157 2881 3743 2956">
     <span class='ocr_line' id='line_1_89' title="bbox 2157 2881 3743 2956; baseline -0.009 -17"><span class='ocrx_word' id='word_1_719' title='bbox 2157 2886 2259 2956; x_wconf 87' lang='lat' dir='ltr'><strong>qui</strong></span> <span class='ocrx_word' id='word_1_720' title='bbox 2278 2886 2337 2938; x_wconf 87' lang='lat' dir='ltr'><strong>in</strong></span> <span class='ocrx_word' id='word_1_721' title='bbox 2357 2884 2533 2939; x_wconf 89' lang='lat' dir='ltr'><strong>stadio</strong></span> <span class='ocrx_word' id='word_1_722' title='bbox 2554 2890 2805 2950; x_wconf 90' lang='lat' dir='ltr'><strong>currunt,</strong></span> <span class='ocrx_word' id='word_1_723' title='bbox 2831 2898 3015 2938; x_wconf 85' lang='lat' dir='ltr'><strong>omnes</strong></span> <span class='ocrx_word' id='word_1_724' title='bbox 3035 2881 3258 2952; x_wconf 86' lang='lat' dir='ltr'><strong>quidem</strong></span> <span class='ocrx_word' id='word_1_725' title='bbox 3278 2882 3521 2945; x_wconf 88' lang='lat' dir='ltr'><strong>currunt,</strong></span> <span class='ocrx_word' id='word_1_726' title='bbox 3539 2890 3658 2931; x_wconf 85' lang='lat' dir='ltr'><strong>unus</strong></span> <span class='ocrx_word' id='word_1_727' title='bbox 3671 2888 3743 2926; x_wconf 81' lang='lat' dir='ltr'><strong>au-</strong></span> 
     </span>
    </p>
   </div>
   <div class='ocr_carea' id='block_1_90' title="bbox 2158 2961 3740 3049">
    <p class='ocr_par' dir='ltr' id='par_1_90' title="bbox 2158 2961 3740 3049">
     <span class='ocr_line' id='line_1_90' title="bbox 2158 2961 3740 3049; baseline -0.009 -20"><span class='ocrx_word' id='word_1_728' title='bbox 2158 2981 2262 3029; x_wconf 89' lang='lat' dir='ltr'><strong>tem</strong></span> <span class='ocrx_word' id='word_1_729' title='bbox 2291 2974 2487 3044; x_wconf 91' lang='lat' dir='ltr'><strong>accipit</strong></span> <span class='ocrx_word' id='word_1_730' title='bbox 2519 2973 2771 3049; x_wconf 86' lang='lat' dir='ltr'><strong>bravium</strong></span> <span class='ocrx_word' id='word_1_731' title='bbox 2800 2973 2859 3042; x_wconf 94' lang='lat' dir='ltr'><strong>(I</strong></span> <span class='ocrx_word' id='word_1_732' title='bbox 2893 2972 3012 3027; x_wconf 84' lang='lat' dir='ltr'><strong>Cor.</strong></span> <span class='ocrx_word' id='word_1_733' title='bbox 3047 2987 3122 3039; x_wconf 83' lang='lat' dir='ltr'><strong>Ix,</strong></span> <span class='ocrx_word' id='word_1_734' title='bbox 3153 2971 3270 3041; x_wconf 76' lang='grc'><strong>24).</strong></span> <span class='ocrx_word' id='word_1_735' title='bbox 3305 2970 3372 3024; x_wconf 88' lang='lat' dir='ltr'><strong>Et</strong></span> <span class='ocrx_word' id='word_1_736' title='bbox 3399 2969 3455 3022; x_wconf 91' lang='lat' dir='ltr'><strong>in</strong></span> <span class='ocrx_word' id='word_1_737' title='bbox 3486 2965 3584 3021; x_wconf 88' lang='lat' dir='ltr'><strong>alio</strong></span> <span class='ocrx_word' id='word_1_738' title='bbox 3611 2961 3740 3017; x_wconf 84' lang='lat' dir='ltr'><strong>loco:</strong></span> 
     </span>
    </p>
   </div>
   <div class='ocr_carea' id='block_1_91' title="bbox 2160 3057 3743 3132">
    <p class='ocr_par' dir='ltr' id='par_1_91' title="bbox 2160 3057 3743 3132">
     <span class='ocr_line' id='line_1_91' title="bbox 2160 3057 3743 3132; baseline -0.008 -16"><span class='ocrx_word' id='word_1_739' title='bbox 2160 3062 2474 3117; x_wconf 81' lang='lat' dir='ltr'><strong>Currebatis</strong></span> <span class='ocrx_word' id='word_1_740' title='bbox 2496 3061 2645 3125; x_wconf 85' lang='lat' dir='ltr'><strong>bene,</strong></span> <span class='ocrx_word' id='word_1_741' title='bbox 2674 3062 2797 3132; x_wconf 91' lang='lat' dir='ltr'><strong>quis</strong></span> <span class='ocrx_word' id='word_1_742' title='bbox 2821 3076 2907 3115; x_wconf 88' lang='lat' dir='ltr'><strong>vos</strong></span> <span class='ocrx_word' id='word_1_743' title='bbox 2927 3058 3210 3130; x_wconf 76' lang='lat' dir='ltr'><strong>impedivit</strong></span> <span class='ocrx_word' id='word_1_744' title='bbox 3230 3074 3337 3113; x_wconf 83' lang='lat' dir='ltr'><strong>non</strong></span> <span class='ocrx_word' id='word_1_745' title='bbox 3364 3057 3663 3128; x_wconf 86' lang='lat' dir='ltr'><strong>acquiescere</strong></span> <span class='ocrx_word' id='word_1_746' title='bbox 3679 3063 3743 3104; x_wconf 76' lang='lat' dir='ltr'><strong>ve-</strong></span> 
     </span>
    </p>
   </div>
   <div class='ocr_carea' id='block_1_92' title="bbox 2159 3136 3746 3221">
    <p class='ocr_par' dir='ltr' id='par_1_92' title="bbox 2159 3136 3746 3221">
     <span class='ocr_line' id='line_1_92' title="bbox 2159 3136 3746 3221; baseline -0.008 -17"><span class='ocrx_word' id='word_1_747' title='bbox 2159 3151 2318 3205; x_wconf 86' lang='lat' dir='ltr'><strong>ritati</strong></span> <span class='ocrx_word' id='word_1_748' title='bbox 2358 3148 2506 3221; x_wconf 86' lang='lat' dir='ltr'><strong>(Gal.</strong></span> <span class='ocrx_word' id='word_1_749' title='bbox 2538 3166 2594 3213; x_wconf 90' lang='lat' dir='ltr'><strong>v,</strong></span> <span class='ocrx_word' id='word_1_750' title='bbox 2624 3148 2729 3219; x_wconf 87' lang='lat'><strong>7)?</strong></span> <span class='ocrx_word' id='word_1_751' title='bbox 2782 3148 2945 3203; x_wconf 92' lang='lat' dir='ltr'><strong>Unde</strong></span> <span class='ocrx_word' id='word_1_752' title='bbox 3000 3151 3059 3202; x_wconf 90' lang='lat' dir='ltr'><strong>et</strong></span> <span class='ocrx_word' id='word_1_753' title='bbox 3112 3147 3187 3202; x_wconf 90' lang='lat' dir='ltr'><strong>de</strong></span> <span class='ocrx_word' id='word_1_754' title='bbox 3220 3162 3283 3202; x_wconf 90' lang='lat' dir='ltr'><strong>se</strong></span> <span class='ocrx_word' id='word_1_755' title='bbox 3310 3146 3513 3201; x_wconf 88' lang='lat' dir='ltr'><strong>timens</strong></span> <span class='ocrx_word' id='word_1_756' title='bbox 3537 3140 3635 3196; x_wconf 86' lang='lat' dir='ltr'><strong>ait:</strong></span> <span class='ocrx_word' id='word_1_757' title='bbox 3658 3136 3746 3193; x_wconf 78' lang='lat' dir='ltr'><strong>Non</strong></span> 
     </span>
    </p>
   </div>
   <div class='ocr_carea' id='block_1_93' title="bbox 2163 3228 3745 3309">
    <p class='ocr_par' dir='ltr' id='par_1_93' title="bbox 2163 3228 3745 3309">
     <span class='ocr_line' id='line_1_93' title="bbox 2163 3228 3745 3309; baseline -0.006 -16"><span class='ocrx_word' id='word_1_758' title='bbox 2163 3240 2293 3309; x_wconf 88' lang='lat' dir='ltr'><strong>quia</strong></span> <span class='ocrx_word' id='word_1_759' title='bbox 2302 3239 2424 3309; x_wconf 88' lang='lat' dir='ltr'><strong>jam</strong></span> <span class='ocrx_word' id='word_1_760' title='bbox 2445 3238 2651 3309; x_wconf 87' lang='lat' dir='ltr'><strong>accepi,</strong></span> <span class='ocrx_word' id='word_1_761' title='bbox 2675 3240 2771 3291; x_wconf 83' lang='lat' dir='ltr'><strong>aut</strong></span> <span class='ocrx_word' id='word_1_762' title='bbox 2786 3236 3066 3309; x_wconf 84' lang='lat' dir='ltr'><strong>perfectus</strong></span> <span class='ocrx_word' id='word_1_763' title='bbox 3086 3237 3196 3290; x_wconf 89' lang='lat' dir='ltr'><strong>sim</strong></span> <span class='ocrx_word' id='word_1_764' title='bbox 3218 3253 3237 3290; x_wconf 93' lang='lat'><strong>:</strong></span> <span class='ocrx_word' id='word_1_765' title='bbox 3262 3249 3420 3289; x_wconf 88' lang='lat' dir='ltr'><strong>curro</strong></span> <span class='ocrx_word' id='word_1_766' title='bbox 3439 3236 3601 3287; x_wconf 88' lang='lat' dir='ltr'><strong>autem</strong></span> <span class='ocrx_word' id='word_1_767' title='bbox 3620 3228 3661 3283; x_wconf 87' lang='lat' dir='ltr'><strong>si</strong></span> <span class='ocrx_word' id='word_1_768' title='bbox 3673 3242 3745 3296; x_wconf 83' lang='grc' dir='ltr'><strong>αρ-</strong></span> 
     </span>
    </p>
   </div>
   <div class='ocr_carea' id='block_1_94' title="bbox 2155 3316 3745 3398">
    <p class='ocr_par' dir='ltr' id='par_1_94' title="bbox 2155 3316 3745 3398">
     <span class='ocr_line' id='line_1_94' title="bbox 2155 3316 3745 3398; baseline -0.009 -16"><span class='ocrx_word' id='word_1_769' title='bbox 2155 3326 2515 3398; x_wconf 83' lang='lat' dir='ltr'><strong>prehendam,</strong></span> <span class='ocrx_word' id='word_1_770' title='bbox 2571 3328 2630 3380; x_wconf 90' lang='lat' dir='ltr'><strong>in</strong></span> <span class='ocrx_word' id='word_1_771' title='bbox 2679 3340 2782 3396; x_wconf 91' lang='lat' dir='ltr'><strong>quo</strong></span> <span class='ocrx_word' id='word_1_772' title='bbox 2829 3333 2880 3380; x_wconf 89' lang='lat' dir='ltr'><strong>et</strong></span> <span class='ocrx_word' id='word_1_773' title='bbox 2928 3323 3306 3396; x_wconf 76' lang='lat' dir='ltr'><strong>apprehensus</strong></span> <span class='ocrx_word' id='word_1_774' title='bbox 3354 3339 3469 3377; x_wconf 88' lang='lat' dir='ltr'><strong>sum</strong></span> <span class='ocrx_word' id='word_1_775' title='bbox 3509 3336 3541 3373; x_wconf 93' lang='lat' dir='ltr'><strong>a</strong></span> <span class='ocrx_word' id='word_1_776' title='bbox 3580 3316 3745 3374; x_wconf 83' lang='lat' dir='ltr'><strong>Christo</strong></span> 
     </span>
    </p>
   </div>
   <div class='ocr_carea' id='block_1_95' title="bbox 2156 3403 3738 3486">
    <p class='ocr_par' dir='ltr' id='par_1_95' title="bbox 2156 3403 3738 3486">
     <span class='ocr_line' id='line_1_95' title="bbox 2156 3403 3738 3486; baseline -0.009 -17"><span class='ocrx_word' id='word_1_777' title='bbox 2156 3414 2383 3486; x_wconf 78' lang='lat' dir='ltr'><strong>(Philip.</strong></span> <span class='ocrx_word' id='word_1_778' title='bbox 2432 3431 2517 3482; x_wconf 84' lang='lat' dir='ltr'><strong>III,</strong></span> <span class='ocrx_word' id='word_1_779' title='bbox 2562 3416 2684 3478; x_wconf 89' lang='lat'><strong>12):</strong></span> <span class='ocrx_word' id='word_1_780' title='bbox 2718 3414 2846 3469; x_wconf 80' lang='lat' dir='ltr'><strong>Haec</strong></span> <span class='ocrx_word' id='word_1_781' title='bbox 2878 3413 3151 3468; x_wconf 90' lang='lat' dir='ltr'><strong>universa</strong></span> <span class='ocrx_word' id='word_1_782' title='bbox 3180 3412 3448 3476; x_wconf 87' lang='lat' dir='ltr'><strong>faciebat,</strong></span> <span class='ocrx_word' id='word_1_783' title='bbox 3479 3424 3543 3463; x_wconf 88' lang='lat' dir='ltr'><strong>ne</strong></span> <span class='ocrx_word' id='word_1_784' title='bbox 3568 3403 3738 3478; x_wconf 86' lang='lat' dir='ltr'><strong>periret</strong></span> 
     </span>
    </p>
   </div>
   <div class='ocr_carea' id='block_1_96' title="bbox 2157 3486 3742 3575">
    <p class='ocr_par' dir='ltr' id='par_1_96' title="bbox 2157 3486 3742 3575">
     <span class='ocr_line' id='line_1_96' title="bbox 2157 3486 3742 3575; baseline -0.011 -17"><span class='ocrx_word' id='word_1_785' title='bbox 2157 3503 2295 3575; x_wconf 88' lang='lat' dir='ltr'><strong>fuga</strong></span> <span class='ocrx_word' id='word_1_786' title='bbox 2321 3520 2356 3558; x_wconf 88' lang='lat' dir='ltr'><strong>a</strong></span> <span class='ocrx_word' id='word_1_787' title='bbox 2385 3502 2576 3558; x_wconf 89' lang='lat' dir='ltr'><strong>veloce</strong></span> <span class='ocrx_word' id='word_1_788' title='bbox 2601 3520 2614 3558; x_wconf 93' lang='lat'><strong>:</strong></span> <span class='ocrx_word' id='word_1_789' title='bbox 2648 3502 3029 3573; x_wconf 86' lang='lat' dir='ltr'><strong>quamobrem</strong></span> <span class='ocrx_word' id='word_1_790' title='bbox 3052 3517 3189 3556; x_wconf 87' lang='lat' dir='ltr'><strong>cum</strong></span> <span class='ocrx_word' id='word_1_791' title='bbox 3215 3502 3343 3572; x_wconf 88' lang='lat' dir='ltr'><strong>jam</strong></span> <span class='ocrx_word' id='word_1_792' title='bbox 3364 3496 3674 3571; x_wconf 87' lang='lat' dir='ltr'><strong>pervenisset</strong></span> <span class='ocrx_word' id='word_1_793' title='bbox 3688 3486 3742 3543; x_wconf 87' lang='lat' dir='ltr'><strong>ad</strong></span> 
     </span>
    </p>
   </div>
   <div class='ocr_carea' id='block_1_97' title="bbox 2158 3586 3742 3661">
    <p class='ocr_par' dir='ltr' id='par_1_97' title="bbox 2158 3586 3742 3661">
     <span class='ocr_line' id='line_1_97' title="bbox 2158 3586 3742 3661; baseline -0.005 -16"><span class='ocrx_word' id='word_1_794' title='bbox 2158 3590 2396 3656; x_wconf 85' lang='lat' dir='ltr'><strong>calcem,</strong></span> <span class='ocrx_word' id='word_1_795' title='bbox 2451 3595 2508 3645; x_wconf 89' lang='lat' dir='ltr'><strong>et</strong></span> <span class='ocrx_word' id='word_1_796' title='bbox 2555 3590 2877 3661; x_wconf 90' lang='lat' dir='ltr'><strong>accepisset</strong></span> <span class='ocrx_word' id='word_1_797' title='bbox 2927 3589 3194 3644; x_wconf 76' lang='lat' dir='ltr'><strong>brevium</strong></span> <span class='ocrx_word' id='word_1_798' title='bbox 3247 3586 3511 3657; x_wconf 66' lang='lat' dir='ltr'><strong>victorias,</strong></span> <span class='ocrx_word' id='word_1_799' title='bbox 3554 3590 3742 3637; x_wconf 74' lang='lat' dir='ltr'><strong>securus</strong></span> 
     </span>
    </p>
   </div>
   <div class='ocr_carea' id='block_1_98' title="bbox 2158 3664 3736 3743">
    <p class='ocr_par' dir='ltr' id='par_1_98' title="bbox 2158 3664 3736 3743">
     <span class='ocr_line' id='line_1_98' title="bbox 2158 3664 3736 3743; baseline -0.005 -8"><span class='ocrx_word' id='word_1_800' title='bbox 2158 3679 2379 3735; x_wconf 88' lang='lat' dir='ltr'><strong>aiebat:</strong></span> <span class='ocrx_word' id='word_1_801' title='bbox 2408 3678 2693 3740; x_wconf 81' lang='lat' dir='ltr'><strong>Certamen</strong></span> <span class='ocrx_word' id='word_1_802' title='bbox 2711 3678 2906 3733; x_wconf 89' lang='lat' dir='ltr'><strong>bonum</strong></span> <span class='ocrx_word' id='word_1_803' title='bbox 2926 3678 3150 3743; x_wconf 89' lang='lat' dir='ltr'><strong>certavi,</strong></span> <span class='ocrx_word' id='word_1_804' title='bbox 3174 3693 3400 3732; x_wconf 86' lang='lat' dir='ltr'><strong>cursum</strong></span> <span class='ocrx_word' id='word_1_805' title='bbox 3416 3664 3736 3731; x_wconf 63' lang='lat' dir='ltr'><strong>consummavi.</strong></span> 
     </span>
    </p>
   </div>
   <div class='ocr_carea' id='block_1_99' title="bbox 2156 3758 3737 3840">
    <p class='ocr_par' dir='ltr' id='par_1_99' title="bbox 2156 3758 3737 3840">
     <span class='ocr_line' id='line_1_99' title="bbox 2156 3758 3737 3840; baseline -0.01 -16"><span class='ocrx_word' id='word_1_806' title='bbox 2156 3769 2317 3840; x_wconf 77' lang='lat' dir='ltr'><strong>ﬁdem</strong></span> <span class='ocrx_word' id='word_1_807' title='bbox 2346 3769 2583 3835; x_wconf 86' lang='lat' dir='ltr'><strong>servavi,</strong></span> <span class='ocrx_word' id='word_1_808' title='bbox 2616 3767 2681 3822; x_wconf 90' lang='lat' dir='ltr'><strong>de</strong></span> <span class='ocrx_word' id='word_1_809' title='bbox 2708 3775 2901 3821; x_wconf 73' lang='lat' dir='ltr'><strong>caetero</strong></span> <span class='ocrx_word' id='word_1_810' title='bbox 2929 3767 3173 3837; x_wconf 85' lang='lat' dir='ltr'><strong>reposita</strong></span> <span class='ocrx_word' id='word_1_811' title='bbox 3207 3773 3284 3821; x_wconf 87' lang='lat' dir='ltr'><strong>est</strong></span> <span class='ocrx_word' id='word_1_812' title='bbox 3310 3764 3450 3820; x_wconf 84' lang='lat' dir='ltr'><strong>mihi</strong></span> <span class='ocrx_word' id='word_1_813' title='bbox 3466 3758 3653 3834; x_wconf 70' lang='lat' dir='ltr'><strong>justitiz</strong></span> <span class='ocrx_word' id='word_1_814' title='bbox 3667 3766 3737 3808; x_wconf 86' lang='lat' dir='ltr'><strong>co-</strong></span> 
     </span>
    </p>
   </div>
   <div class='ocr_carea' id='block_1_100' title="bbox 2156 3844 3744 3928">
    <p class='ocr_par' dir='ltr' id='par_1_100' title="bbox 2156 3844 3744 3928">
     <span class='ocr_line' id='line_1_100' title="bbox 2156 3844 3744 3928; baseline -0.01 -16"><span class='ocrx_word' id='word_1_815' title='bbox 2156 3873 2316 3924; x_wconf 90' lang='lat' dir='ltr'><strong>rona,</strong></span> <span class='ocrx_word' id='word_1_816' title='bbox 2367 3873 2531 3928; x_wconf 86' lang='lat' dir='ltr'><strong>quam</strong></span> <span class='ocrx_word' id='word_1_817' title='bbox 2577 3854 2758 3910; x_wconf 85' lang='lat' dir='ltr'><strong>reddet</strong></span> <span class='ocrx_word' id='word_1_818' title='bbox 2801 3853 2943 3908; x_wconf 87' lang='lat' dir='ltr'><strong>mihi</strong></span> <span class='ocrx_word' id='word_1_819' title='bbox 2991 3854 3259 3909; x_wconf 83' lang='lat' dir='ltr'><strong>Dominus</strong></span> <span class='ocrx_word' id='word_1_820' title='bbox 3307 3856 3365 3909; x_wconf 88' lang='lat' dir='ltr'><strong>in</strong></span> <span class='ocrx_word' id='word_1_821' title='bbox 3393 3853 3477 3907; x_wconf 86' lang='lat' dir='ltr'><strong>die</strong></span> <span class='ocrx_word' id='word_1_822' title='bbox 3501 3849 3587 3904; x_wconf 88' lang='lat' dir='ltr'><strong>illa</strong></span> <span class='ocrx_word' id='word_1_823' title='bbox 3603 3844 3744 3916; x_wconf 73' lang='lat' dir='ltr'><strong>justus</strong></span> 
     </span>
    </p>
   </div>
   <div class='ocr_carea' id='block_1_101' title="bbox 2146 3928 3745 4016">
    <p class='ocr_par' dir='ltr' id='par_1_101' title="bbox 2146 3928 3745 4016">
     <span class='ocr_line' id='line_1_101' title="bbox 2146 3928 3745 4016; baseline -0.011 -15"><span class='ocrx_word' id='word_1_824' title='bbox 2146 3946 2328 4016; x_wconf 79' lang='lat' dir='ltr'><strong>judex</strong></span> <span class='ocrx_word' id='word_1_825' title='bbox 2349 3964 2367 3999; x_wconf 89' lang='lat'><strong>:</strong></span> <span class='ocrx_word' id='word_1_826' title='bbox 2396 3960 2508 3999; x_wconf 84' lang='lat' dir='ltr'><strong>non</strong></span> <span class='ocrx_word' id='word_1_827' title='bbox 2534 3944 2717 3999; x_wconf 90' lang='lat' dir='ltr'><strong>solum</strong></span> <span class='ocrx_word' id='word_1_828' title='bbox 2734 3947 2920 3997; x_wconf 88' lang='lat' dir='ltr'><strong>autem</strong></span> <span class='ocrx_word' id='word_1_829' title='bbox 2941 3943 3101 4012; x_wconf 82' lang='lat' dir='ltr'><strong>mihi,</strong></span> <span class='ocrx_word' id='word_1_830' title='bbox 3129 3942 3229 3997; x_wconf 89' lang='lat' dir='ltr'><strong>sed</strong></span> <span class='ocrx_word' id='word_1_831' title='bbox 3249 3950 3302 3997; x_wconf 87' lang='lat' dir='ltr'><strong>et</strong></span> <span class='ocrx_word' id='word_1_832' title='bbox 3322 3940 3557 3997; x_wconf 85' lang='lat' dir='ltr'><strong>omnibus</strong></span> <span class='ocrx_word' id='word_1_833' title='bbox 3582 3931 3660 4006; x_wconf 90' lang='lat' dir='ltr'><strong>qui</strong></span> <span class='ocrx_word' id='word_1_834' title='bbox 3676 3928 3745 3985; x_wconf 79' lang='lat' dir='ltr'><strong>di—</strong></span> 
     </span>
    </p>
   </div>
   <div class='ocr_carea' id='block_1_102' title="bbox 2157 4022 3746 4105">
    <p class='ocr_par' dir='ltr' id='par_1_102' title="bbox 2157 4022 3746 4105">
     <span class='ocr_line' id='line_1_102' title="bbox 2157 4022 3746 4105; baseline -0.009 -17"><span class='ocrx_word' id='word_1_835' title='bbox 2157 4035 2334 4105; x_wconf 88' lang='lat' dir='ltr'><strong>ligunt</strong></span> <span class='ocrx_word' id='word_1_836' title='bbox 2364 4033 2660 4088; x_wconf 86' lang='lat' dir='ltr'><strong>adventum</strong></span> <span class='ocrx_word' id='word_1_837' title='bbox 2688 4032 2802 4101; x_wconf 81' lang='lat' dir='ltr'><strong>eius</strong></span> <span class='ocrx_word' id='word_1_838' title='bbox 2832 4031 2904 4101; x_wconf 91' lang='lat' dir='ltr'><strong>(ll</strong></span> <span class='ocrx_word' id='word_1_839' title='bbox 2929 4032 3065 4086; x_wconf 86' lang='lat' dir='ltr'><strong>Tim.</strong></span> <span class='ocrx_word' id='word_1_840' title='bbox 3092 4047 3171 4097; x_wconf 83' lang='grc' dir='ltr'><strong>ιν,</strong></span> <span class='ocrx_word' id='word_1_841' title='bbox 3201 4032 3258 4098; x_wconf 87' lang='lat'><strong>7,</strong></span> <span class='ocrx_word' id='word_1_842' title='bbox 3281 4030 3358 4100; x_wconf 91' lang='lat'><strong>8).</strong></span> <span class='ocrx_word' id='word_1_843' title='bbox 3394 4027 3449 4084; x_wconf 81' lang='lat' dir='ltr'><strong>Si</strong></span> <span class='ocrx_word' id='word_1_844' title='bbox 3466 4022 3627 4098; x_wconf 84' lang='lat' dir='ltr'><strong>gradu</strong></span> <span class='ocrx_word' id='word_1_845' title='bbox 3644 4032 3746 4073; x_wconf 84' lang='lat' dir='ltr'><strong>con-</strong></span> 
     </span>
    </p>
   </div>
   <div class='ocr_carea' id='block_1_103' title="bbox 2156 4116 3749 4192">
    <p class='ocr_par' dir='ltr' id='par_1_103' title="bbox 2156 4116 3749 4192">
     <span class='ocr_line' id='line_1_103' title="bbox 2156 4116 3749 4192; baseline -0.009 -16"><span class='ocrx_word' id='word_1_846' title='bbox 2156 4122 2268 4177; x_wconf 91' lang='lat' dir='ltr'><strong>cito</strong></span> <span class='ocrx_word' id='word_1_847' title='bbox 2300 4120 2649 4192; x_wconf 86' lang='lat' dir='ltr'><strong>fugerimus,</strong></span> <span class='ocrx_word' id='word_1_848' title='bbox 2674 4124 2974 4190; x_wconf 87' lang='lat' dir='ltr'><strong>peccatum</strong></span> <span class='ocrx_word' id='word_1_849' title='bbox 3002 4134 3107 4174; x_wconf 90' lang='lat' dir='ltr'><strong>nos</strong></span> <span class='ocrx_word' id='word_1_850' title='bbox 3125 4116 3551 4190; x_wconf 87' lang='lat' dir='ltr'><strong>apprehendere</strong></span> <span class='ocrx_word' id='word_1_851' title='bbox 3566 4124 3661 4166; x_wconf 89' lang='lat' dir='ltr'><strong>non</strong></span> <span class='ocrx_word' id='word_1_852' title='bbox 3676 4119 3749 4192; x_wconf 56' lang='lat' dir='ltr'><strong>va-</strong></span> 
     </span>
    </p>
   </div>
   <div class='ocr_carea' id='block_1_104' title="bbox 2155 4190 3751 4281">
    <p class='ocr_par' dir='ltr' id='par_1_104' title="bbox 2155 4190 3751 4281">
     <span class='ocr_line' id='line_1_104' title="bbox 2155 4190 3751 4281; baseline -0.011 -16"><span class='ocrx_word' id='word_1_853' title='bbox 2155 4209 2325 4275; x_wconf 81' lang='lat' dir='ltr'><strong>lebit;</strong></span> <span class='ocrx_word' id='word_1_854' title='bbox 2348 4190 2438 4263; x_wconf 82' lang='lat' dir='ltr'><strong>sin</strong></span> <span class='ocrx_word' id='word_1_855' title='bbox 2461 4212 2657 4263; x_wconf 91' lang='lat' dir='ltr'><strong>autem</strong></span> <span class='ocrx_word' id='word_1_856' title='bbox 2680 4206 2946 4281; x_wconf 86' lang='lat' dir='ltr'><strong>ligaverit</strong></span> <span class='ocrx_word' id='word_1_857' title='bbox 2962 4205 3188 4262; x_wconf 88' lang='lat' dir='ltr'><strong>malitia</strong></span> <span class='ocrx_word' id='word_1_858' title='bbox 3210 4207 3385 4278; x_wconf 90' lang='lat' dir='ltr'><strong>pedes</strong></span> <span class='ocrx_word' id='word_1_859' title='bbox 3403 4190 3751 4267; x_wconf 59' lang='lat' dir='ltr'><strong>nostrosﬁﬂ</strong></span> 
     </span>
    </p>
   </div>
   <div class='ocr_carea' id='block_1_105' title="bbox 2153 4282 3749 4369">
    <p class='ocr_par' dir='ltr' id='par_1_105' title="bbox 2153 4282 3749 4369">
     <span class='ocr_line' id='line_1_105' title="bbox 2153 4282 3749 4369; baseline -0.009 -16"><span class='ocrx_word' id='word_1_860' title='bbox 2153 4297 2463 4369; x_wconf 89' lang='lat' dir='ltr'><strong>loquemur</strong></span> <span class='ocrx_word' id='word_1_861' title='bbox 2489 4312 2624 4351; x_wconf 89' lang='lat' dir='ltr'><strong>cum</strong></span> <span class='ocrx_word' id='word_1_862' title='bbox 2649 4294 2933 4367; x_wconf 89' lang='lat' dir='ltr'><strong>propheta</strong></span> <span class='ocrx_word' id='word_1_863' title='bbox 2953 4295 3025 4349; x_wconf 91' lang='lat' dir='ltr'><strong>ad</strong></span> <span class='ocrx_word' id='word_1_864' title='bbox 3049 4300 3234 4351; x_wconf 89' lang='lat' dir='ltr'><strong>Deum</strong></span> <span class='ocrx_word' id='word_1_865' title='bbox 3258 4310 3274 4351; x_wconf 95' lang='lat'><strong>:</strong></span> <span class='ocrx_word' id='word_1_866' title='bbox 3308 4294 3419 4363; x_wconf 83' lang='lat' dir='ltr'><strong>Quo</strong></span> <span class='ocrx_word' id='word_1_867' title='bbox 3446 4291 3527 4346; x_wconf 90' lang='lat' dir='ltr'><strong>ibo</strong></span> <span class='ocrx_word' id='word_1_868' title='bbox 3544 4305 3574 4343; x_wconf 89' lang='lat' dir='ltr'><strong>a</strong></span> <span class='ocrx_word' id='word_1_869' title='bbox 3590 4282 3749 4356; x_wconf 62' lang='lat' dir='ltr'><strong>spirit!</strong></span> 
     </span>
    </p>
   </div>
   <div class='ocr_carea' id='block_1_106' title="bbox 2153 4369 3749 4456">
    <p class='ocr_par' dir='ltr' id='par_1_106' title="bbox 2153 4369 3749 4456">
     <span class='ocr_line' id='line_1_106' title="bbox 2153 4369 3749 4456; baseline -0.004 -17"><span class='ocrx_word' id='word_1_870' title='bbox 2153 4388 2267 4451; x_wconf 85' lang='lat' dir='ltr'><strong>tuo,</strong></span> <span class='ocrx_word' id='word_1_871' title='bbox 2310 4388 2362 4441; x_wconf 89' lang='lat' dir='ltr'><strong>et</strong></span> <span class='ocrx_word' id='word_1_872' title='bbox 2390 4401 2493 4456; x_wconf 91' lang='lat' dir='ltr'><strong>quo</strong></span> <span class='ocrx_word' id='word_1_873' title='bbox 2521 4402 2555 4439; x_wconf 83' lang='grc' dir='ltr'><em>α</em></span> <span class='ocrx_word' id='word_1_874' title='bbox 2582 4386 2724 4456; x_wconf 88' lang='lat' dir='ltr'><strong>facie</strong></span> <span class='ocrx_word' id='word_1_875' title='bbox 2773 4388 2870 4439; x_wconf 88' lang='lat' dir='ltr'><strong>tua</strong></span> <span class='ocrx_word' id='word_1_876' title='bbox 2897 4386 3116 4455; x_wconf 85' lang='lat' dir='ltr'><strong>fugiam</strong></span> <span class='ocrx_word' id='word_1_877' title='bbox 3159 4385 3273 4451; x_wconf 91' lang='lat' dir='ltr'><strong>(Ps.</strong></span> <span class='ocrx_word' id='word_1_878' title='bbox 3307 4395 3561 4442; x_wconf 79' lang='lat' dir='ltr'><strong>cxxxvur,</strong></span> <span class='ocrx_word' id='word_1_879' title='bbox 3586 4372 3669 4444; x_wconf 78' lang='lat'><strong>7)?</strong></span> <span class='ocrx_word' id='word_1_880' title='bbox 3690 4369 3749 4425; x_wconf 65' lang='lat' dir='ltr'><strong>De</strong></span> 
     </span>
    </p>
   </div>
   <div class='ocr_carea' id='block_1_107' title="bbox 2156 4457 3747 4543">
    <p class='ocr_par' dir='ltr' id='par_1_107' title="bbox 2156 4457 3747 4543">
     <span class='ocr_line' id='line_1_107' title="bbox 2156 4457 3747 4543; baseline -0.004 -16"><span class='ocrx_word' id='word_1_881' title='bbox 2156 4472 2330 4529; x_wconf 89' lang='lat' dir='ltr'><strong>malis</strong></span> <span class='ocrx_word' id='word_1_882' title='bbox 2361 4472 2702 4528; x_wconf 89' lang='lat' dir='ltr'><strong>cursoribus</strong></span> <span class='ocrx_word' id='word_1_883' title='bbox 2730 4470 3050 4543; x_wconf 84' lang='lat' dir='ltr'><strong>Apostolus</strong></span> <span class='ocrx_word' id='word_1_884' title='bbox 3079 4469 3380 4543; x_wconf 89' lang='lat' dir='ltr'><strong>loquitur:</strong></span> <span class='ocrx_word' id='word_1_885' title='bbox 3413 4468 3519 4523; x_wconf 90' lang='lat' dir='ltr'><strong>Non</strong></span> <span class='ocrx_word' id='word_1_886' title='bbox 3545 4457 3747 4520; x_wconf 57' lang='lat' dir='ltr'><strong>volenti!»</strong></span> 
     </span>
    </p>
   </div>
   <div class='ocr_carea' id='block_1_108' title="bbox 2152 4544 3747 4633">
    <p class='ocr_par' dir='ltr' id='par_1_108' title="bbox 2152 4544 3747 4633">
     <span class='ocr_line' id='line_1_108' title="bbox 2152 4544 3747 4633; baseline -0.008 -16"><span class='ocrx_word' id='word_1_887' title='bbox 2152 4578 2328 4633; x_wconf 89' lang='lat' dir='ltr'><strong>neque</strong></span> <span class='ocrx_word' id='word_1_888' title='bbox 2354 4562 2648 4627; x_wconf 83' lang='lat' dir='ltr'><strong>currentis,</strong></span> <span class='ocrx_word' id='word_1_889' title='bbox 2688 4561 2781 4615; x_wconf 89' lang='lat' dir='ltr'><strong>sed</strong></span> <span class='ocrx_word' id='word_1_890' title='bbox 2808 4560 3119 4616; x_wconf 89' lang='lat' dir='ltr'><strong>miserentis</strong></span> <span class='ocrx_word' id='word_1_891' title='bbox 3145 4567 3227 4615; x_wconf 89' lang='lat' dir='ltr'><strong>est</strong></span> <span class='ocrx_word' id='word_1_892' title='bbox 3255 4560 3355 4615; x_wconf 88' lang='lat' dir='ltr'><strong>Dei</strong></span> <span class='ocrx_word' id='word_1_893' title='bbox 3382 4558 3543 4629; x_wconf 84' lang='lat' dir='ltr'><strong>(Rom.</strong></span> <span class='ocrx_word' id='word_1_894' title='bbox 3572 4567 3638 4615; x_wconf 74' lang='grc' dir='ltr'><strong>ιι,</strong></span> <span class='ocrx_word' id='word_1_895' title='bbox 3666 4544 3747 4600; x_wconf 74' lang='lat' dir='ltr'><strong>16l-</strong></span> 
     </span>
    </p>
   </div>
   <div class='ocr_carea' id='block_1_109' title="bbox 2153 4646 3745 4723">
    <p class='ocr_par' dir='ltr' id='par_1_109' title="bbox 2153 4646 3745 4723">
     <span class='ocr_line' id='line_1_109' title="bbox 2153 4646 3745 4723; baseline -0.009 -17"><span class='ocrx_word' id='word_1_896' title='bbox 2153 4650 2430 4723; x_wconf 89' lang='lat' dir='ltr'><strong>Sequitur</strong></span> <span class='ocrx_word' id='word_1_897' title='bbox 2452 4667 2464 4704; x_wconf 88' lang='lat'><strong>:</strong></span> <span class='ocrx_word' id='word_1_898' title='bbox 2499 4651 2562 4705; x_wconf 87' lang='lat' dir='ltr'><strong>Et</strong></span> <span class='ocrx_word' id='word_1_899' title='bbox 2591 4651 2751 4721; x_wconf 88' lang='lat' dir='ltr'><strong>fortis</strong></span> <span class='ocrx_word' id='word_1_900' title='bbox 2768 4665 2880 4704; x_wconf 86' lang='lat' dir='ltr'><strong>non</strong></span> <span class='ocrx_word' id='word_1_901' title='bbox 2901 4650 3167 4705; x_wconf 88' lang='lat' dir='ltr'><strong>obtinebit</strong></span> <span class='ocrx_word' id='word_1_902' title='bbox 3186 4650 3445 4703; x_wconf 84' lang='lat' dir='ltr'><strong>virtutem</strong></span> <span class='ocrx_word' id='word_1_903' title='bbox 3461 4654 3640 4700; x_wconf 85' lang='lat' dir='ltr'><strong>suam:</strong></span> <span class='ocrx_word' id='word_1_904' title='bbox 3660 4646 3745 4723; x_wconf 79' lang='lat' dir='ltr'><strong>non</strong></span> 
     </span>
    </p>
   </div>
   <div class='ocr_carea' id='block_1_110' title="bbox 2149 4722 3746 4818">
    <p class='ocr_par' dir='ltr' id='par_1_110' title="bbox 2149 4722 3746 4818">
     <span class='ocr_line' id='line_1_110' title="bbox 2149 4722 3746 4818; baseline -0.014 -22"><span class='ocrx_word' id='word_1_905' title='bbox 2149 4722 2264 4811; x_wconf 87' lang='lat' dir='ltr'><strong>quo</strong></span> <span class='ocrx_word' id='word_1_906' title='bbox 2295 4739 2462 4794; x_wconf 90' lang='lat' dir='ltr'><strong>fortis</strong></span> <span class='ocrx_word' id='word_1_907' title='bbox 2493 4738 2593 4803; x_wconf 90' lang='lat' dir='ltr'><strong>sit,</strong></span> <span class='ocrx_word' id='word_1_908' title='bbox 2626 4738 2727 4793; x_wconf 92' lang='lat' dir='ltr'><strong>sed</strong></span> <span class='ocrx_word' id='word_1_909' title='bbox 2760 4755 2875 4808; x_wconf 92' lang='lat' dir='ltr'><strong>quo</strong></span> <span class='ocrx_word' id='word_1_910' title='bbox 2909 4738 3117 4792; x_wconf 89' lang='lat' dir='ltr'><strong>fortem</strong></span> <span class='ocrx_word' id='word_1_911' title='bbox 3149 4753 3213 4792; x_wconf 92' lang='lat' dir='ltr'><strong>se</strong></span> <span class='ocrx_word' id='word_1_912' title='bbox 3241 4752 3372 4791; x_wconf 90' lang='lat' dir='ltr'><strong>esse</strong></span> <span class='ocrx_word' id='word_1_913' title='bbox 3391 4722 3746 4818; x_wconf 58' lang='lat' dir='ltr'><strong>jactitet._Sive</strong></span> 
     </span>
    </p>
   </div>
   <div class='ocr_carea' id='block_1_111' title="bbox 2151 4814 3745 4900">
    <p class='ocr_par' dir='ltr' id='par_1_111' title="bbox 2151 4814 3745 4900">
     <span class='ocr_line' id='line_1_111' title="bbox 2151 4814 3745 4900; baseline -0.013 -16"><span class='ocrx_word' id='word_1_914' title='bbox 2151 4828 2251 4900; x_wconf 92' lang='lat' dir='ltr'><strong>qui</strong></span> <span class='ocrx_word' id='word_1_915' title='bbox 2282 4825 2519 4883; x_wconf 84' lang='lat' dir='ltr'><strong>confidit</strong></span> <span class='ocrx_word' id='word_1_916' title='bbox 2540 4825 2598 4880; x_wconf 89' lang='lat' dir='ltr'><strong>in</strong></span> <span class='ocrx_word' id='word_1_917' title='bbox 2624 4825 2969 4881; x_wconf 89' lang='lat' dir='ltr'><strong>fortitudine</strong></span> <span class='ocrx_word' id='word_1_918' title='bbox 2990 4842 3120 4893; x_wconf 90' lang='lat' dir='ltr'><strong>sua,</strong></span> <span class='ocrx_word' id='word_1_919' title='bbox 3149 4828 3344 4879; x_wconf 79' lang='lat' dir='ltr'><strong>etnon</strong></span> <span class='ocrx_word' id='word_1_920' title='bbox 3375 4823 3433 4876; x_wconf 87' lang='lat' dir='ltr'><strong>in</strong></span> <span class='ocrx_word' id='word_1_921' title='bbox 3454 4818 3543 4874; x_wconf 89' lang='lat' dir='ltr'><strong>Dei</strong></span> <span class='ocrx_word' id='word_1_922' title='bbox 3566 4814 3745 4871; x_wconf 80' lang='lat' dir='ltr'><strong>miseri-</strong></span> 
     </span>
    </p>
   </div>
   <div class='ocr_carea' id='block_1_112' title="bbox 2147 4904 3744 4985">
    <p class='ocr_par' dir='ltr' id='par_1_112' title="bbox 2147 4904 3744 4985">
     <span class='ocr_line' id='line_1_112' title="bbox 2147 4904 3744 4985; baseline -0.014 -13"><span class='ocrx_word' id='word_1_923' title='bbox 2147 4916 2365 4983; x_wconf 90' lang='lat' dir='ltr'><strong>cordia,</strong></span> <span class='ocrx_word' id='word_1_924' title='bbox 2407 4917 2570 4985; x_wconf 87' lang='lat' dir='ltr'><strong>juxta</strong></span> <span class='ocrx_word' id='word_1_925' title='bbox 2603 4912 2746 4969; x_wconf 92' lang='lat' dir='ltr'><strong>illud</strong></span> <span class='ocrx_word' id='word_1_926' title='bbox 2778 4914 2934 4985; x_wconf 90' lang='lat' dir='ltr'><strong>quod</strong></span> <span class='ocrx_word' id='word_1_927' title='bbox 2966 4914 3252 4985; x_wconf 88' lang='lat' dir='ltr'><strong>scriptum</strong></span> <span class='ocrx_word' id='word_1_928' title='bbox 3284 4918 3407 4967; x_wconf 89' lang='lat' dir='ltr'><strong>est:</strong></span> <span class='ocrx_word' id='word_1_929' title='bbox 3441 4904 3649 4963; x_wconf 80' lang='lat' dir='ltr'><strong>Perdam</strong></span> <span class='ocrx_word' id='word_1_930' title='bbox 3674 4912 3744 4953; x_wconf 84' lang='lat' dir='ltr'><strong>sa-</strong></span> 
     </span>
    </p>
   </div>
   <div class='ocr_carea' id='block_1_113' title="bbox 2140 4994 3742 5078">
    <p class='ocr_par' dir='ltr' id='par_1_113' title="bbox 2140 4994 3742 5078">
     <span class='ocr_line' id='line_1_113' title="bbox 2140 4994 3742 5078; baseline -0.009 -18"><span class='ocrx_word' id='word_1_931' title='bbox 2140 5007 2431 5078; x_wconf 86' lang='lat' dir='ltr'><strong>pientiam,</strong></span> <span class='ocrx_word' id='word_1_932' title='bbox 2450 5004 2785 5074; x_wconf 85' lang='lat' dir='ltr'><strong>sapientium</strong></span> <span class='ocrx_word' id='word_1_933' title='bbox 2802 5006 2855 5057; x_wconf 91' lang='lat' dir='ltr'><strong>et</strong></span> <span class='ocrx_word' id='word_1_934' title='bbox 2880 5002 3325 5073; x_wconf 85' lang='lat' dir='ltr'><strong>intelligentiam,</strong></span> <span class='ocrx_word' id='word_1_935' title='bbox 3346 4994 3665 5071; x_wconf 83' lang='lat' dir='ltr'><strong>prudentium</strong></span> <span class='ocrx_word' id='word_1_936' title='bbox 3682 4997 3742 5039; x_wconf 72' lang='grc' dir='ltr'><strong>νε·</strong></span> 
     </span>
    </p>
   </div>
   <div class='ocr_carea' id='block_1_114' title="bbox 2144 5080 3742 5163">
    <p class='ocr_par' dir='ltr' id='par_1_114' title="bbox 2144 5080 3742 5163">
     <span class='ocr_line' id='line_1_114' title="bbox 2144 5080 3742 5163; baseline -0.013 -13"><span class='ocrx_word' id='word_1_937' title='bbox 2144 5093 2381 5163; x_wconf 86' lang='lat' dir='ltr'><strong>probabo</strong></span> <span class='ocrx_word' id='word_1_938' title='bbox 2429 5093 2475 5161; x_wconf 76' lang='grc' dir='ltr'><strong>(Ι</strong></span> <span class='ocrx_word' id='word_1_939' title='bbox 2507 5092 2628 5147; x_wconf 82' lang='lat' dir='ltr'><strong>Cor.</strong></span> <span class='ocrx_word' id='word_1_940' title='bbox 2664 5108 2725 5159; x_wconf 83' lang='grc' dir='ltr'><strong>ιι,</strong></span> <span class='ocrx_word' id='word_1_941' title='bbox 2760 5091 2848 5162; x_wconf 85' lang='grc'>19)</span> <span class='ocrx_word' id='word_1_942' title='bbox 2876 5108 2889 5146; x_wconf 93' lang='lat'><strong>:</strong></span> <span class='ocrx_word' id='word_1_943' title='bbox 2924 5106 3185 5162; x_wconf 77' lang='lat' dir='ltr'><strong>non.quo</strong></span> <span class='ocrx_word' id='word_1_944' title='bbox 3217 5088 3407 5162; x_wconf 90' lang='lat' dir='ltr'><strong>perire</strong></span> <span class='ocrx_word' id='word_1_945' title='bbox 3452 5080 3619 5158; x_wconf 89' lang='lat' dir='ltr'><strong>possit</strong></span> <span class='ocrx_word' id='word_1_946' title='bbox 3642 5085 3742 5131; x_wconf 69' lang='lat' dir='ltr'><strong>vero</strong></span> 
     </span>
    </p>
   </div>
   <div class='ocr_carea' id='block_1_115' title="bbox 2142 5241 3741 5329">
    <p class='ocr_par' dir='ltr' id='par_1_115' title="bbox 2142 5241 3741 5329">
     <span class='ocr_line' id='line_1_115' title="bbox 2142 5241 3741 5329; baseline -0.011 -22"><span class='ocrx_word' id='word_1_947' title='bbox 2142 5252 2357 5329; x_wconf 78' lang='lat' dir='ltr'><strong>raver_i_t_</strong></span> <span class='ocrx_word' id='word_1_948' title='bbox 2377 5267 2395 5303; x_wconf 92' lang='lat'><strong><em>:</em></strong></span> <span class='ocrx_word' id='word_1_949' title='bbox 2419 5265 2544 5329; x_wconf 67' lang='lat' dir='ltr'><strong>quas</strong></span> <span class='ocrx_word' id='word_1_950' title='bbox 2565 5247 2948 5329; x_wconf 69' lang='lat' dir='ltr'><strong>verbaneque</strong></span> <span class='ocrx_word' id='word_1_951' title='bbox 2971 5246 3126 5303; x_wconf 91' lang='lat' dir='ltr'><strong>ullus</strong></span> <span class='ocrx_word' id='word_1_952' title='bbox 3146 5262 3175 5301; x_wconf 92' lang='lat' dir='ltr'><strong>e</strong></span> <span class='ocrx_word' id='word_1_953' title='bbox 3203 5244 3419 5301; x_wconf 87' lang='lat' dir='ltr'><strong>nostris</strong></span> <span class='ocrx_word' id='word_1_954' title='bbox 3443 5255 3573 5297; x_wconf 88' lang='lat' dir='ltr'><strong>mss.</strong></span> <span class='ocrx_word' id='word_1_955' title='bbox 3594 5241 3741 5302; x_wconf 56' lang='lat' dir='ltr'><strong>nequit</strong></span> 
     </span>
    </p>
   </div>
   <div class='ocr_carea' id='block_1_116' title="bbox 2145 5322 3736 5469">
    <p class='ocr_par' dir='ltr' id='par_1_116' title="bbox 2145 5322 3736 5469">
     <span class='ocr_line' id='line_1_116' title="bbox 2145 5322 2799 5395; baseline -0.011 -16"><span class='ocrx_word' id='word_1_956' title='bbox 2145 5324 2268 5395; x_wconf 90' lang='lat' dir='ltr'><strong>ipse</strong></span> <span class='ocrx_word' id='word_1_957' title='bbox 2303 5322 2588 5376; x_wconf 88' lang='lat' dir='ltr'><strong>Victorius</strong></span> <span class='ocrx_word' id='word_1_958' title='bbox 2623 5322 2799 5373; x_wconf 91' lang='lat' dir='ltr'><strong>novit.</strong></span> 
     </span>
     <span class='ocr_line' id='line_1_117' title="bbox 2215 5365 3736 5469; baseline -0.009 -21"><span class='ocrx_word' id='word_1_959' title='bbox 2215 5393 2292 5466; x_wconf 75' lang='grc' dir='ltr'><strong>(ἀ)</strong></span> <span class='ocrx_word' id='word_1_960' title='bbox 2311 5397 2418 5469; x_wconf 86' lang='lat' dir='ltr'><strong>Pro</strong></span> <span class='ocrx_word' id='word_1_961' title='bbox 2439 5391 2706 5469; x_wconf 68' lang='lat' dir='ltr'><strong>Iliqabitis,</strong></span> <span class='ocrx_word' id='word_1_962' title='bbox 2726 5388 2951 5461; x_wconf 84' lang='lat' dir='ltr'><strong>vulgati</strong></span> <span class='ocrx_word' id='word_1_963' title='bbox 2972 5388 3111 5469; x_wconf 65' lang='lat' dir='ltr'><strong>libri</strong></span> <span class='ocrx_word' id='word_1_964' title='bbox 3128 5365 3736 5469; x_wconf 45' lang='lat' dir='ltr'><strong>przeferebantl‘lq‘qmb</strong></span> 
     </span>
    </p>
   </div>
   <div class='ocr_carea' id='block_1_117' title="bbox 2140 5452 3729 5534">
    <p class='ocr_par' dir='ltr' id='par_1_117' title="bbox 2140 5452 3729 5534">
     <span class='ocr_line' id='line_1_118' title="bbox 2140 5452 3729 5534; baseline -0.013 -13"><span class='ocrx_word' id='word_1_965' title='bbox 2140 5452 2229 5534; x_wconf 60' lang='lat' dir='ltr'><strong>eo,</strong></span> <span class='ocrx_word' id='word_1_966' title='bbox 2254 5452 2789 5534; x_wconf 78' lang='lat' dir='ltr'><strong>contradicentibus</strong></span> <span class='ocrx_word' id='word_1_967' title='bbox 2820 5452 2963 5534; x_wconf 69' lang='lat' dir='ltr'><strong>mss.</strong></span> <span class='ocrx_word' id='word_1_968' title='bbox 2994 5452 3471 5534; x_wconf 57' lang='lat' dir='ltr'><strong>quib&#39;usutimur,</strong></span> <span class='ocrx_word' id='word_1_969' title='bbox 3495 5452 3729 5534; x_wconf 58' lang='lat' dir='ltr'><strong>etGraaff.</strong></span> 
     </span>
    </p>
   </div>
   <div class='ocr_carea' id='block_1_118' title="bbox 2140 5515 3724 5602">
    <p class='ocr_par' dir='ltr' id='par_1_118' title="bbox 2140 5515 3724 5602">
     <span class='ocr_line' id='line_1_119' title="bbox 2140 5515 3724 5602; baseline -0.015 -13"><span class='ocrx_word' id='word_1_970' title='bbox 2502 5515 2644 5584; x_wconf 50' lang='lat' dir='ltr'><strong>aetat</strong></span> <span class='ocrx_word' id='word_1_971' title='bbox 2678 5531 2713 5598; x_wconf 80' lang='grc' dir='ltr'>ἡ</span> <span class='ocrx_word' id='word_1_972' title='bbox 2738 5515 3029 5591; x_wconf 68' lang='grc' dir='ltr'><strong>Μωαϐίτιξ</strong></span> <span class='ocrx_word' id='word_1_973' title='bbox 3050 5528 3107 5585; x_wconf 78' lang='grc' dir='ltr'>ὅν</span> <span class='ocrx_word' id='word_1_974' title='bbox 3135 5526 3336 5602; x_wconf 61' lang='grc' dir='ltr'><strong>τρόπον</strong></span> <span class='ocrx_word' id='word_1_975' title='bbox 3367 5515 3620 5588; x_wconf 55' lang='grc' dir='ltr'><strong>παέοῦσιν,</strong></span> <span class='ocrx_word' id='word_1_976' title='bbox 3645 5515 3724 5568; x_wconf 79' lang='lat' dir='ltr'><strong>etc-</strong></span> 
     </span>
    </p>
   </div>
   <div class='ocr_carea' id='block_1_119' title="bbox 2143 5601 3527 5676">
    <p class='ocr_par' dir='ltr' id='par_1_119' title="bbox 2143 5601 3527 5676">
     <span class='ocr_line' id='line_1_120' title="bbox 2143 5601 3527 5676; baseline -0.01 -13"><span class='ocrx_word' id='word_1_977' title='bbox 2143 5607 2274 5663; x_wconf 89' lang='lat' dir='ltr'><strong>Erat</strong></span> <span class='ocrx_word' id='word_1_978' title='bbox 2302 5601 2537 5676; x_wconf 85' lang='lat' dir='ltr'><strong>quoque</strong></span> <span class='ocrx_word' id='word_1_979' title='bbox 2567 5602 2774 5657; x_wconf 91' lang='lat' dir='ltr'><strong>vitiose</strong></span> <span class='ocrx_word' id='word_1_980' title='bbox 2805 5602 2959 5674; x_wconf 90' lang='lat' dir='ltr'><strong>apud</strong></span> <span class='ocrx_word' id='word_1_981' title='bbox 2994 5601 3266 5658; x_wconf 90' lang='lat' dir='ltr'><strong>Martian.</strong></span> <span class='ocrx_word' id='word_1_982' title='bbox 3297 5601 3357 5654; x_wconf 88' lang='lat' dir='ltr'><strong>in</strong></span> <span class='ocrx_word' id='word_1_983' title='bbox 3385 5611 3527 5652; x_wconf 88' lang='lat' dir='ltr'><strong>area.</strong></span> 
     </span>
    </p>
   </div>
   <div class='ocr_carea' id='block_1_120' title="bbox 2211 5665 3596 5750">
    <p class='ocr_par' dir='ltr' id='par_1_120' title="bbox 2211 5665 3596 5750">
     <span class='ocr_line' id='line_1_121' title="bbox 2211 5665 3596 5750; baseline -0.012 -16"><span class='ocrx_word' id='word_1_984' title='bbox 2211 5679 2284 5750; x_wconf 78' lang='grc' dir='ltr'><strong>(ε)</strong></span> <span class='ocrx_word' id='word_1_985' title='bbox 2314 5665 2505 5733; x_wconf 71' lang='lat' dir='ltr'><strong>Nostri</strong></span> <span class='ocrx_word' id='word_1_986' title='bbox 2539 5690 2679 5730; x_wconf 90' lang='lat' dir='ltr'><strong>mss.</strong></span> <span class='ocrx_word' id='word_1_987' title='bbox 2711 5681 2771 5728; x_wconf 89' lang='lat' dir='ltr'><strong>ut</strong></span> <span class='ocrx_word' id='word_1_988' title='bbox 2796 5665 3103 5746; x_wconf 64' lang='lat' dir='ltr'><strong>pbstquam,</strong></span> <span class='ocrx_word' id='word_1_989' title='bbox 3142 5676 3198 5727; x_wconf 88' lang='lat' dir='ltr'><strong>et</strong></span> <span class='ocrx_word' id='word_1_990' title='bbox 3229 5686 3382 5739; x_wconf 83' lang='lat' dir='ltr'><strong>mox,</strong></span> <span class='ocrx_word' id='word_1_991' title='bbox 3408 5665 3596 5739; x_wconf 83' lang='lat' dir='ltr'><strong>pereat.</strong></span> 
     </span>
    </p>
   </div>
  </div>
