3986 6190
331 390 486 458 1019

1570 390 1636 457 S.
1680 389 1994 458 EUSEBII
2036 386 2480 459 HIERONYMI

3568 388 3725 458 1020

255 511 270 523 ’
326 526 647 585 inciderit?
667 525 990 585 Calumiam
1039 544 1273 603 quoque
1297 528 1604 603 patiuntur
1623 529 1682 584 in
1705 534 1976 602 penetra-
2003 529 2059 593 Α
2090 535 2239 587 rant.
2274 531 2342 587 Et
2361 531 2511 588 ades
2541 546 2742 589 eorum
2794 528 3170 604 diripientur:
3199 529 3264 586 ut
3292 525 3393 603 qui
3422 526 3575 602 rapti
3608 528 3726 586 fue-

324 616 480 673 libus
502 618 652 689 ejus,
685 617 806 674 sive
854 617 1269 690 opprimuntur
1288 618 1584 691 simplices
1605 619 1823 692 quique
1846 637 1969 676 ere-

324 706 585 762 dentium
613 723 626 761 :
669 706 809 761 dum
832 707 941 762 sub
975 707 1210 763 nomine
1229 707 1491 764 veritatis
1513 707 1711 763 colunt
1729 710 1966 765 menda-

324 794 501 865 cium,
535 795 686 853 258
701 799 757 850 et
777 795 1014 851 omnino
1042 801 1262 852 rectum
1293 797 1478 854 facere
1510 798 1799 864 nesciunt,
1833 799 1970 871 quia

323 884 625 956 perdidere
644 884 942 940 tramitem
964 885 1241 952 veritatis,
1275 903 1380 941 nec
1412 887 1656 942 credunt
1684 887 1743 942 in
1770 904 1835 944 eo
1870 889 1968 960 qui

322 973 501 1029 dicit:
551 976 661 1045 Ego
706 990 829 1028 sum
871 976 1072 1028 veritas
1123 974 1339 1046 (Joann.
1371 992 1485 1045 xw,
1517 976 1611 1046 6):
1647 980 1703 1031 et
1732 976 1967 1033 thesau-

322 1061 508 1117 rizant
524 1062 635 1117 sibi
659 1063 933 1134 dogmata
956 1062 1371 1134 iniquitatis,et
1385 1064 1619 1135 rapiunt
1643 1069 1818 1137 atque
1839 1083 1969 1121 con-

216 1198 223 1213 .
320 1149 567 1206 cludunt
596 1152 653 1204 in
686 1151 908 1206 adibus
940 1151 1084 1218 suis,
1118 1168 1264 1222 quos
1314 1152 1565 1223 poterint
1598 1152 1743 1208 falso
1774 1170 1968 1210 errore

319 1237 605 1308 decipere.
639 1239 738 1293 Sin
791 1243 987 1294 autem
1040 1239 1323 1311 placuerit
1348 1247 1409 1295 ut
1432 1240 1697 1313 legamus
1721 1243 1968 1314 Assyrios

318 1324 498 1397 (quod
529 1331 724 1383 tamen
750 1329 805 1382 in
833 1328 1113 1383 Hebraico
1136 1346 1251 1384 non
1275 1329 1839 1398 babetur),dicamus
1860 1332 1968 1388 hos

316 1415 542 1481 esse,de
573 1415 788 1487 quibus
819 1417 1102 1488 scriptum
1155 1422 1281 1473 est:
1340 1418 1599 1475 Inducam
1652 1437 1819 1491 super
1844 1437 1964 1476 sen-

312 1520 435 1560 sum
463 1521 731 1576 magnum
754 1507 1063 1578 principem
1087 1506 1565 1580 Assyriorum,qui
1591 1509 1755 1577 dixit,
1788 1512 1963 1566 Forti-

312 1592 505 1649 tudine
531 1610 654 1649 mea
672 1596 895 1665 faciam,
929 1599 986 1650 et
1014 1599 1240 1664 cratera,
1286 1601 1351 1651 ut
1378 1602 1685 1670 capiantur
1713 1599 1963 1654 haretici

313 1681 387 1738 ab
416 1682 651 1754 Assyrio
681 1688 737 1739 et
779 1688 1090 1739 teneantur
1144 1685 1205 1740 in
1259 1690 1413 1742 terra
1468 1686 1715 1759 lEgypti,
1750 1689 1821 1743 de
1851 1705 1966 1759 qua

305 1770 433 1842 jam
462 1770 759 1827 venientes
791 1774 862 1828 ad
896 1773 1207 1829 Ecclesiam
1256 1774 1487 1830 liberati
1519 1779 1677 1830 sunt.

384 1858 719 1963 (.Ye'rs'xti.)
777 1862 1075 1933 Propterea
1130 1863 1248 1919 haec
1305 1862 1441 1918 dicit
1496 1864 1759 1919 Dominus
1782 1864 1962 1920 Deus:
1994 1900 2040 1963 Β

311 1949 690 2006 Tribulabitur
713 1953 763 2006 et
805 1952 1159 2006 circumietur
1195 1959 1365 2017 terra,
1394 1960 1444 2007 et
1472 1952 1790 2007 detrahetur
1815 1969 1888 2008 ex
1915 1962 1964 2009 te

309 2038 570 2111 fortitudo
591 2047 704 2106 tua,
738 2048 790 2094 et
834 2039 1176 2110 diripientur
1203 2039 1345 2097 ades
1367 2040 1683 2097 tuaaLXX:
1714 2043 1964 2112 Propter-

308 2143 373 2184 ea
403 2128 521 2185 haec
548 2127 681 2183 dicit
700 2128 962 2183 Dominus
980 2129 1121 2183 Deus
1145 2145 1157 2183 :
1184 2134 1364 2200 Tyrus
1383 2136 1434 2184 et
1480 2130 1539 2184 in
1564 2132 1799 2185 circuitu
1846 2135 1961 2185 ter-

308 2233 376 2273 ra
431 2225 527 2272 tua
572 2217 783 2272 deserta
834 2218 971 2273 erit:
1022 2221 1073 2272 et
1120 2217 1362 2273 detrahet
1407 2217 1472 2273 de
1498 2222 1552 2273 te
1578 2218 1962 2288 fortitudinem

311 2309 487 2374 tuam,
520 2309 574 2360 et
595 2306 936 2376 diripiantur
982 2307 1229 2377 regiones
1260 2310 1510 2364 tuaPro
1540 2308 1713 2379 Tyro,
1746 2324 1872 2379 qua
1901 2308 1959 2363 in

194 2396 197 2405 '
308 2393 589 2450 Hebraico
637 2394 867 2449 duabus
912 2393 1124 2450 litteris
1145 2395 1364 2467 Scripta
1382 2400 1639 2460 causam:
1665 2396 1747 2467 (ξιτ)
1769 2400 1828 2452 et
1858 2413 1960 2451 ass

309 2483 419 2555 (1);
452 2487 510 2538 et
537 2482 865 2555 appellatur
911 2500 1020 2538 son
1041 2488 1197 2552 ('13):
1236 2484 1389 2555 quod
1443 2488 1501 2539 et
1518 2483 1729 2557 Aquila
1775 2489 1832 2540 et
1860 2489 1958 2541 Se-

307 2571 615 2645 ptuaginta
643 2571 915 2628 similiter
931 2571 1394 2629 transtulerunt:
1433 2574 1704 2629 Hebraus
1734 2572 1833 2646 qui
1867 2590 1961 2630 me

306 2661 367 2717 in
399 2659 615 2716 sanctis
646 2661 965 2734 Scripturis
1014 2661 1287 2729 erudivit,
1330 2662 1752 2718 tribulationem
1781 2662 1958 2719 inter-

306 2754 568 2822 pretatus
598 2754 818 2817 est,nec
841 2751 1147 2806 renuimus
1173 2751 1299 2821 ejus
1316 2752 1669 2812 sententiam
1695 2769 1707 2805 :
1738 2751 1875 2823 quia
1904 2756 1961 2807 et

305 2837 823 2910 Symmachus,qui
842 2855 956 2893 non
981 2838 1132 2895 solet
1150 2839 1457 2894 verborum
1476 2836 1832 2907 κακοζηλίαν,
1857 2840 1956 2895 sed

306 2925 706 2997 intelligentia
737 2925 998 2981 ordinem
1031 2928 1218 2998 sequi,
1275 2927 1376 2994 ait,
1409 2928 1614 2984 obsidio
1645 2931 1694 2983 et
1722 2929 1957 2983 circum-

306 3013 451 3070 datio
481 3018 794 3071 terra.Pro
819 3014 1122 3070 obsidione
1146 3016 1243 3087 (a),
1264 3032 1391 3087 qua
1422 3015 1492 3070 ab
1514 3033 1580 3071 eo
1613 3017 1827 3072 dicitur
1853 3036 1955 3070 πο-

307 3098 823 3177 λιορκία,[ονἰίιιιάο
856 3120 890 3159 a
935 3104 1329 3160 Theodotione
1384 3105 1575 3177 posita
1606 3109 1694 3161 est
1724 3106 1823 3177 qui
1855 3123 1958 3177 pu-

304 3191 451 3248 tavit
480 3209 593 3247 non
647 3208 755 3247 sar.
786 3192 904 3263 ('13:)
935 3196 992 3248 et
1021 3193 1308 3264 soahW),
1342 3193 1497 3265 quod
1530 3194 1834 3260 tribulatio,
1871 3194 1954 3249 vel

2081 625 2212 675 rant
2241 620 2313 676 de
2343 620 2614 687 Ecclesia,
2649 621 2719 675 ad
2752 618 3064 676 Ecclesiam
3095 622 3477 676 revertantur.

2149 706 2335 779 (Vers.
2371 711 2460 774 12,
2516 710 2626 782 13.)
2675 711 2796 765 Hac
2851 709 2985 764 dicit
3043 710 3338 764 Dominus:
3371 706 3655 778 Quomodo
3682 708 3731 762 si

2078 806 2235 854 eruat
2263 806 2448 870 pastor
2476 799 2541 854 de
2595 814 2688 854 ore
2716 799 2886 854 leonis
2929 798 3034 853 duo
3085 814 3267 865 crura,
3300 799 3396 851 aut
3423 804 3729 852 eatremum

2076 888 2352 944 auriculae
2376 905 2388 941 :
2422 890 2501 943 sic
2528 896 2789 943 eruentur
2810 888 2922 957 ﬁlii
2942 886 3111 942 Israel
3128 887 3228 959 qui
3254 886 3508 941 habitant
3538 886 3603 940 in
3631 884 3726 939 Sa-

2076 979 2257 1032 maria
2287 981 2347 1031 in
2376 977 2544 1048 plaga
2591 976 2778 1031 lectuli
2805 980 2855 1031 et
2886 978 2943 1031 in
2992 975 3245 1047 Damasci
3270 974 3516 1045 grabato.
3549 972 3724 1028 LXX:

2078 1065 2201 1122 Hac
2222 1064 2357 1121 dicit
2385 1066 2647 1120 Dominus
2671 1083 2689 1119 :
2722 1064 2997 1133 Quomodo
3024 1064 3075 1118 si
3101 1063 3306 1119 avellat
3328 1066 3520 1134 pastor
3545 1060 3615 1117 de
3640 1077 3730 1117 ore

2077 1154 2249 1210 leonis
2277 1155 2385 1208 duo
2409 1161 2700 1221 crura,aut
2720 1155 3026 1207 extremum
3044 1152 3319 1209 auriculae
3337 1169 3356 1206 :
3386 1152 3465 1206 sic
3495 1150 3729 1206 avellen-

2076 1252 2167 1298 tur
2194 1243 2301 1311 ﬁlii
2322 1242 2487 1297 Israel
2509 1243 2604 1312 qui
2631 1240 2882 1295 habitant
2907 1242 2964 1295 in
2986 1239 3249 1295 Samaria
3276 1242 3467 1295 contra
3514 1237 3728 1293 tribum

2074 1340 2125 1387 et
2157 1333 2216 1386 in
2248 1332 2524 1386 Damasco.
2585 1331 2648 1384 In
2710 1329 2994 1402 principio
3039 1330 3239 1394 Amos,
3271 1328 3372 1384 ubi
3403 1325 3726 1384 versiculos

2074 1420 2208 1476 illos
2238 1420 2628 1476 disseruimus
2653 1436 2665 1473 :
2687 1420 2947 1474 Dominus
2983 1417 3191 1473 deSton
3229 1419 3431 1487 rugiet,
3462 1424 3516 1472 et
3543 1415 3613 1470 de
3638 1416 3723 1472 Je-

2075 1511 2317 1566 rusalem
2347 1510 2497 1565 dabit
2524 1525 2705 1565 vocem
2731 1524 2891 1563 suam
2920 1525 2938 1562 :
2964 1516 3013 1562 et
3043 1507 3304 1562 luxerunt
3331 1506 3577 1578 speciosa
3603 1521 3728 1576 pas-

2074 1603 2333 1662 torum,et
2360 1600 2656 1655 exsiccatus
2672 1605 2754 1653 est
2778 1605 2972 1652 vertex
2991 1596 3247 1665 Carmeli,
3268 1593 3525 1649 diximus
3552 1591 3725 1647 illum

2074 1689 2217 1743 artis
2249 1704 2367 1742 sua
2398 1704 2573 1742 usum
2631 1701 2761 1741 esse
2816 1683 3219 1740 sermonibus:
3263 1688 3328 1738 ut
3356 1682 3496 1754 quia
3522 1684 3725 1754 pastor

2073 1793 2317 1850 gregum
2342 1775 2489 1831 nihil
2510 1772 2832 1831 terribilius
2852 1772 3016 1830 leone
3040 1776 3405 1845 cognoverat,
3428 1771 3579 1826 iram
3608 1774 3723 1825 Do-

2073 1866 2216 1922 mini
2240 1865 2509 1921 leonibus
2535 1867 2918 1936 compararet.
2936 1862 3116 1918 Juxta
3134 1861 3292 1917 hunc
3321 1877 3457 1934 ergo
3477 1875 3722 1915 sensum

2072 1955 2247 2010 etiam
2281 1970 2436 2009 nunc
2462 1953 2532 2009 de
2557 1968 2625 2008 eo
2655 1952 2812 2024 quod
2852 1968 3004 2023 sape
3060 1950 3285 2006 viderat
3313 1949 3497 2006 sumit
3526 1965 3722 2005 exem-

2071 2042 2323 2115 plum,et
2342 2041 2427 2097 sic
2447 2042 2645 2097 decem
2678 2039 2940 2096 tribuum
2975 2055 3185 2111 parvas
3214 2037 3492 2111 reliquias
3520 2038 3592 2093 de
3619 2039 3724 2094 As-

2072 2130 2359 2203 syriorum
2394 2134 2594 2185 narrat
2642 2129 2918 2184 manibus
2975 2127 3293 2183 eruendas:
3342 2126 3639 2199 quomodo
3668 2125 3720 2181 si

2071 2224 2290 2291 pastor,
2315 2216 2602 2274 devoratis
2634 2217 2910 2273 omnibus
2939 2215 3246 2285 membris,
3271 2217 3387 2271 duo
3416 2232 3589 2271 crura
3619 2219 3721 2270 aut

2070 2311 2393 2363 extremum
2416 2305 2690 2362 auricula
2744 2306 2815 2362 de
2843 2304 3030 2362 leonis
3059 2305 3328 2361 faucibus
3358 2303 3584 2377 rapiat:
3618 2320 3717 2376 po-

2071 2395 2299 2467 sitoque
2329 2391 2783 2465 comparationis
2816 2391 3101 2465 exemplo,
3129 2391 3230 2457 ita,
3264 2391 3479 2464 inquit,
3510 2408 3718 2448 eruen-

2070 2488 2168 2539 tur
2188 2483 2291 2537 ﬁlii
2320 2482 2518 2550 lsrael,
2550 2483 2751 2538 decem
2774 2481 3043 2537 videlicet
3070 2482 3258 2537 tribus
3288 2497 3419 2552 qua
3448 2480 3721 2536 habitant

2068 2572 2128 2627 in
2151 2570 2436 2637 Samaria,
2469 2572 2529 2626 in
2552 2569 2724 2643 plaga
2742 2569 2941 2626 lectuli
2971 2574 3028 2625 et
3057 2570 3118 2624 in
3165 2568 3435 2624 Damasci
3454 2569 3717 2641 grabato.

2068 2660 2231 2724 Quod
2264 2660 2410 2715 mihi
2469 2659 2553 2715 sic
2611 2659 3042 2730 explanandum
3072 2658 3341 2713 videtur:
3375 2656 3632 2730 legimus
3661 2658 3718 2713 in

2069 2749 2222 2806 Isaia
2252 2748 2427 2805 Rasin
2460 2764 2654 2821 regem
2684 2749 2881 2814 Aram,
2914 2747 2972 2803 id
3022 2751 3133 2815 est,
3164 2746 3466 2819 Syrorum,
3497 2747 3598 2819 qui
3634 2764 3717 2802 re-

2068 2839 2285 2911 gnabat
2306 2838 2363 2893 in
2393 2840 2758 2905 l)amasco,et
2770 2836 2994 2892 Phacee
3017 2834 3201 2891 lilium
3225 2833 3500 2890 Romella
3524 2852 3716 2908 regem

2070 2926 2418 2994 Israel,inito
2445 2926 2885 2994 fadere,contra
2900 2925 3112 2982 Judam
3144 2923 3371 2980 venisse
3386 2928 3717 2997 pugnantes

2066 3017 2215 3089 (lsai.
2239 3016 2379 3087 vn):
2410 3015 2479 3071 de
2506 3014 2722 3086 quibus
2779 3015 3062 3069 Dominus
3118 3011 3378 3085 pracipit
3404 3013 3597 3069 Achaz
3630 3030 3717 3070 re-

2065 3105 2122 3179 gi
2146 3105 2313 3161 Juda
2336 3109 2393 3159 et
2418 3102 2746 3160 Jerusalem
2764 3120 2837 3159 ne
2861 3102 3229 3158 timeatdsos
3250 3102 3575 3159 semiustos
3606 3108 3720 3159 tor-

2065 3211 2195 3249 res:
2230 3193 2463 3265 quando
2492 3192 2549 3248 in
2582 3192 2817 3264 signum
2849 3191 3031 3263 plena
3052 3190 3639 3264 libertatis.Virginis
3666 3193 3717 3248 ei

312 3283 491 3351 Tyrus
516 3280 858 3350 dicitur,sed
877 3296 984 3336 sua
1005 3279 1316 3353 legendum
1344 3297 1357 3334 :
1410 3282 1561 3353 quod
1592 3282 1823 3354 proprie
1865 3299 1952 3337 re-
1984 3267 2027 3334 C
2065 3288 2124 3339 et
2152 3286 2468 3353 conceptus
2498 3288 2555 3338 et
2585 3286 2788 3354 partus
2820 3281 2976 3337 280
3032 3279 3379 3336 ostenditur.
3422 3280 3553 3336 Filii
3582 3297 3717 3354 ergo

307 3369 492 3425 fertur
517 3368 587 3423 ad
605 3373 817 3440 petram
841 3370 1218 3437 durissimum,
1246 3386 1372 3442 qua
1404 3370 1597 3426 Grace
1628 3369 1956 3443 appellatur

307 3455 698 3531 ἀκρότομος,θι
725 3474 900 3530 quam
925 3474 1032 3514 nos
1055 3458 1257 3514 Latine
1284 3459 1495 3514 silicem
1525 3459 1716 3515 dicere
1747 3477 1955 3532 possu-

306 3563 461 3603 mus.
497 3547 835 3620 Loquamur
863 3563 1000 3619 ergo
1058 3547 1130 3602 de
1156 3546 1427 3619 singulis.
1464 3547 1611 3603 LXX
1640 3549 1949 3605 dixerunt:

311 3639 490 3709 Tyrus
517 3639 569 3691 et
583 3652 682 3707 per
708 3635 997 3691 circuitum
1027 3643 1175 3691 terra
1204 3644 1318 3691 tua.
1350 3636 1784 3710 Videbaturque
1811 3654 1951 3709 pen-

303 3724 441 3781 dere
469 3724 761 3781 sententia
785 3741 797 3778 :
831 3724 1108 3780 addidere
1147 3741 1284 3798 ergo
1312 3725 1383 3780 de
1413 3742 1539 3795 suo,
1564 3726 1774 3781 deserta
1801 3728 1905 3781 erit
1934 3745 1953 3781 :

304 3829 410 3870 nec
433 3830 595 3870 error
615 3814 1000 3886 interpretum
1035 3817 1143 3885 est,
1179 3813 1276 3869 ubi
1314 3817 1549 3886 propter
1576 3814 1737 3871 verbi
1768 3814 1951 3870 ambi-

302 3903 606 3976 guitatem,
638 3906 695 3958 et
722 3901 1024 3959 tribulatio
1055 3907 1112 3959 et
1140 3903 1324 3975 Tyrus
1371 3902 1483 3958 dici
1536 3907 1742 3976 potest.
1773 3904 1843 3958 Et
1866 3908 1956 3959 est

302 4007 555 4047 sensus:
614 3995 800 4062 Super
853 3994 1081 4047 montes
1130 3990 1405 4048 Samaria
1445 3990 1663 4047 multas
1702 3991 1954 4064 populus

302 4095 470 4135 meus
490 4078 753 4135 insanias
784 4079 1174 4151 perpetravit:
1234 4078 1594 4136 calumniam
1626 4080 1866 4153 iaciens,
1899 4085 1955 4136 et

300 4171 527 4222 rectum
546 4167 781 4238 penitus
798 4166 1161 4240 ignorans,et
1178 4167 1382 4224 thesau
1392 4169 1582 4225 rizans
1598 4168 1709 4224 sibi
1737 4169 1953 4242 iniqui-

299 4257 480 4311 tatem
504 4259 562 4311 et
583 4255 855 4327 rapinas:
887 4257 1040 4313 259
1088 4256 1216 4312 ideo
1239 4256 1640 4326 tribulabitur,
1673 4258 1796 4313 sive
1816 4275 1954 4314 con-

297 4347 541 4413 teretur,
604 4348 661 4401 et
687 4345 922 4418 Assyrio
979 4346 1236 4409 exercitu
1294 4350 1450 4402 terra
1497 4346 1958 4403 circumdabitur

298 4438 588 4506 eorum,et
615 4433 955 4503 detrahetur,
975 4434 1076 4501 ait,
1108 4451 1179 4491 ex
1205 4439 1282 4503 te,
1319 4451 1352 4490 ο
1381 4435 1663 4503 Samaria,
1691 4453 1724 4492 o
1755 4436 1955 4493 decem

298 4521 512 4587 tribus,
534 4540 567 4580 o
597 4524 895 4596 quondam
928 4522 1182 4597 populus
1225 4540 1413 4596 meus,
1442 4524 1713 4594 fortitudo
1736 4529 1866 4582 tua:
1898 4529 1957 4581 et

2065 3369 2341 3426 Samaria
2362 3368 2633 3424 habitant
2653 3369 2710 3424 in
2729 3368 2965 3441 regione
2984 3371 3042 3424 et
3060 3367 3236 3440 plaga
3255 3366 3718 3441 lectuli,requie-

2062 3463 2290 3516 scentes
2323 3458 2382 3514 in
2413 3459 2690 3531 Syrorum
2730 3455 2968 3525 auxilio,
2997 3460 3055 3514 et
3084 3457 3145 3512 in
3176 3456 3444 3513 Damasci
3475 3459 3717 3530 grabato

2062 3548 2175 3604 sibi
2196 3547 2498 3603 victoriam
2531 3545 2906 3620 pollicentes:
2942 3548 3008 3602 ut
3064 3546 3360 3618 quomodo
3385 3546 3489 3618 qui
3525 3547 3715 3603 fessus

2061 3635 2535 3706 est,refocillatur
2562 3635 2622 3691 in
2653 3634 2866 3692 lectulo
2902 3651 2915 3690 :
2950 3634 3035 3691 sic
3056 3634 3138 3690 illi
3164 3635 3380 3691 fractas
3402 3635 3550 3691 vires
3576 3635 3712 3690 vici-

2062 3744 2149 3783 na
2181 3725 2374 3799 gentis
2429 3724 2643 3781 auxilio
2702 3725 3061 3781 roboraront.
3120 3722 3285 3780 Unde
3334 3724 3475 3781 etin
3502 3723 3704 3780 eodem

2060 3814 2211 3872 Isaia
2227 3831 2331 3887 per
2360 3822 2558 3888 leum
2587 3813 2802 3870 dicitur
2821 3813 3345 3885 futurorum,quod
3378 3812 3711 3869 nasciturus

2062 3905 2139 3961 sit
2167 3904 2436 3977 puer,qui
2468 3904 2815 3976 priusquam
2836 3902 2985 3959 sciat
3021 3905 3326 3983 patrem_et
3344 3907 3597 3958 matrem
3617 3919 3716 3958 vo-

2062 4009 2214 4062 care,
2247 3992 2496 4065 accipiat
2524 3991 2713 4064 spolia
2741 3991 3014 4047 Samaria
3035 3995 3091 4047 et
3114 3989 3386 4047 virtutem
3420 3991 3713 4060 Damasci,

2062 4098 2192 4154 quae
2206 4081 2437 4137 scilicet
2459 4085 2661 4137 contra
2682 4078 3052 4151 Jerusalem,j
3063 4078 3256 4135 unctis
3275 4079 3522 4146 viribus,
3538 4080 3712 4136 dimi-

2063 4172 2274 4227 cabant
2301 4169 2506 4241 (Ibid).
2542 4168 2649 4224 Pro
2670 4168 2844 4240 plaga
2869 4166 3064 4224 lectuli
3081 4171 3139 4224 et
3158 4168 3428 4225 Damasci
3452 4169 3719 4241 grabato,

2064 4257 2453 4331 Septuaginta
2483 4257 2910 4314 transtulerunt
2928 4262 3124 4315 contra
3141 4257 3350 4315 tribum
3369 4262 3420 4314 et
3442 4260 3503 4314 in
3525 4259 3723 4315 Dama-

2062 4364 2150 4405 sco
2175 4365 2188 4404 :
2222 4348 2474 4419 utjuxta
2502 4346 2892 4420 tropologiam
2925 4347 3250 4404 referamus
3271 4347 3497 4404 tribum
3524 4349 3601 4405 ad
3629 4349 3726 4406 Ju-

2064 4438 2287 4505 dam,et
2307 4437 2664 4493 Damascum
2697 4437 2769 4493 ad
2787 4436 3151 4494 vocationem
3175 4438 3446 4511 gentium
3469 4456 3484 4494 :
3506 4439 3581 4495 de
3606 4440 3727 4512 qui-

2065 4527 2178 4583 bus
2208 4543 2365 4582 unus
2394 4542 2535 4599 grex
2564 4526 2756 4582 factus
2786 4530 2876 4582 est
2903 4523 3137 4583 Domini
3169 4543 3182 4581 :
3216 4526 3392 4598 cujus
3420 4543 3580 4600 sape
3595 4544 3725 4585 oves

301 4612 655 4687 diripiantur
679 4613 738 4668 in
770 4613 995 4670 adibus
1024 4612 1164 4683 tuis,
1196 4631 1320 4685 qua
1368 4630 1472 4686 per
1499 4614 1856 4671 calumniam
1888 4631 1957 4671 ex
1985 4634 2032 4699 Ι)
2066 4615 2301 4672 leonum
2337 4615 2536 4671 feritas
2559 4613 2741 4669 laniat
2765 4631 2779 4669 :
2804 4614 2874 4670 de
2899 4629 3149 4686 quorum
3174 4612 3444 4672 faucibus
3469 4615 3567 4672 vix
3616 4617 3727 4673 duo

303 4702 651 4759 miserorum
684 4702 960 4776 lacrymis
1008 4702 1395 4775 congregasti.
1428 4702 1691 4760 Haretici
1722 4719 1956 4776 quoque

303 4796 404 4848 aut
434 4790 875 4847 tribulabuntur
929 4790 990 4846 in
1051 4790 1144 4847 die
1177 4790 1410 4862 judicii,
1443 4795 1501 4846 et
1529 4790 1723 4847 omnis
1754 4808 1956 4847 eorum

301 4879 582 4937 fortitudo
604 4878 1088 4948 attenuabitur,et
1106 4878 1456 4951 diripiantur
1475 4896 1601 4953 qua
1631 4878 1958 4936 habuerant

298 4969 369 5025 de
401 4967 648 5040 rapinis,
700 4972 763 5023 ut
794 4967 1120 5024 liberentur
1149 4966 1347 5040 populi
1388 4984 1537 5040 quos
1568 4968 1953 5040 deceperant:

297 5060 400 5114 aut
428 5061 582 5114 certe
612 5056 873 5131 quotidie
903 5074 1006 5130 per
1045 5055 1199 5113 viros
1249 5054 1675 5114 ecclesiasticos
1705 5056 1954 5115 tribula-

297 5147 538 5215 buntur,
572 5151 630 5203 et
659 5146 1188 5202 circumdabantur
1236 5144 1590 5202 testimoniis
1621 5146 1955 5219 Scriptura-

297 5240 514 5303 rum,et
542 5233 880 5291 detrahetur
920 5251 991 5290 ex
1011 5233 1096 5289 eis
1126 5233 1405 5290 fortitudo
1456 5233 1953 5307 syllogismorum,

297 5328 356 5381 et
379 5325 691 5382 verborum
722 5322 965 5396 argutia
988 5322 1205 5396 quibus
1236 5339 1411 5379 suum
1445 5323 1660 5397 dogma
1689 5324 1955 5380 ﬁrmave-

368 5574 445 5647 (ᾳ)
478 5574 822 5631 Amovimus
835 5574 972 5631 hinc
990 5590 1190 5647 vocem
1205 5576 1567 5647 terga,quam
1585 5574 1810 5647 pridem
1832 5575 1960 5633 Vic-

293 5643 483 5717 torius
516 5650 888 5717 expunxerat
933 5646 1003 5702 ad
1039 5650 1266 5717 septem
1298 5643 1766 5717 Florentin’orum
1797 5647 1956 5704 codi-

296 5728 433 5776 cum
453 5714 651 5783 fidem,
684 5715 902 5786 quibus
921 5721 980 5774 et
1003 5714 1189 5773 nostri
1212 5731 1418 5773 omnes
1439 5716 1797 5790 concinunt;
1831 5719 1955 5776 vix-

2067 4720 2240 4761 erura
2270 4707 2372 4760 aut
2402 4707 2730 4759 extremum
2761 4702 3028 4758 aufertur
3046 4703 3414 4760 auricula.ln
3437 4720 3613 4761 crure
3641 4705 3729 4762 via

2065 4792 2396 4850 ostenditur
2425 4792 2846 4863 doctrinarum,
2879 4790 2939 4847 in
2970 4807 3110 4848 aure
3141 4796 3517 4849 sacramenta
3546 4795 3729 4851 dicto-

2067 4880 2401 4937 rum.Unde
2431 4884 2489 4936 et
2516 4879 2766 4953 apostoli
2796 4880 3020 4953 absque
3077 4879 3485 4938 calciamentis
3515 4887 3577 4939 et
3606 4883 3726 4939 ulla

2066 4970 2281 5026 mortui
2313 4968 2586 5025 animalis
2618 4968 2894 5041 pellicula
2924 4969 3101 5025 nudis
3133 4969 3383 5042 pedibus
3429 4971 3726 5043 jubentur

2067 5060 2173 5133 [Al.
2195 5057 2583 5131 jubebantur]
2614 5058 2881 5115 incedere
2912 5059 3121 5127 (Matth.
3153 5062 3228 5130 χ).
3261 5060 3333 5115 Et
3364 5060 3436 5116 ad
3478 5062 3721 5119 creden-

2063 5152 2153 5206 tes
2207 5147 2458 5204 dicitur:
2492 5147 2599 5216 Qui
2628 5146 2789 5203 habet
2839 5163 3001 5203 aures
3051 5147 3317 5204 audiendi
3343 5148 3538 5206 audiat
3569 5151 3719 5223 (Luc.

2065 5254 2188 5305 vm,
2219 5235 2297 5309 8).
2332 5240 2392 5290 In
2422 5234 2767 5309 Apocalypsi
2790 5252 3024 5310 quoque
3042 5236 3253 5293 Jannis
3273 5236 3532 5310 legimus
3562 5256 3576 5296 :
3614 5240 3722 5309 Qui

2064 5327 2223 5382 habet
2250 5341 2412 5381 aures
2431 5325 2791 5397 audiat,quid
2808 5326 3038 5398 spiritus
3061 5326 3212 5383 dicat
3254 5327 3509 5385 Ecclesiis
3534 5329 3718 5401 (Apoc.

2065 5591 2180 5648 que
2211 5573 2438 5648 adduci
2455 5590 2697 5648 possum
2728 5578 2795 5630 ut
2823 5574 3147 5648 cred_am,ga
3201 5573 3564 5648 Martianao,
3618 5574 3719 5647 qui

2064 5644 2195 5705 eam
2228 5644 2490 5715 retinuit,
2526 5645 2585 5701 in
2618 5661 2771 5703 mss.
2807 5644 3070 5719 potuisse
3086 5645 3355 5703 inveniri.
