3988 6170
263 315 388 382 1029

1001 281 1747 387 COMMENTARIORUM
1794 320 1875 386 IN
1918 322 2156 385 AMOS.
2200 319 2348 384 LIB.
2397 323 2474 384 ιι.
2522 321 2692 384 CAP.
2736 323 2840 384 Iv.

3463 325 3620 389 1030

261 456 415 509 autem
445 470 690 510 vernum
735 458 969 528 tempus
997 456 1241 513 extremi
1287 456 1509 512 mensis
1565 455 1804 528 Aprilis,
1835 474 1871 512 a
1899 457 1951 524 Α
1982 471 2146 525 num,
2179 456 2293 511 ista
2316 455 2447 528 jugi
2477 455 2748 512 ariditate
2780 455 3072 512 siccatur:
3137 460 3200 510 ut
3257 457 3357 528 qui
3389 458 3618 525 sitiunt,

259 557 354 610 quo
372 558 546 613 usque
564 544 633 598 ad
660 560 911 600 messem
935 545 1230 615 frumenti,
1253 550 1381 600 tres
1405 561 1633 601 menses
1665 562 1866 618 super-

258 635 385 684 sunt.
447 631 657 703 Maius,
689 633 926 702 Junius,
954 634 1168 690 Julius.
1202 634 1309 690 Pro
1345 651 1535 699 messe,
1571 634 1728 702 LXX,
1759 651 1865 690 suo

255 734 407 785 more,
433 721 767 777 vindemiam
796 723 1240 792 transtulerunt,
1275 723 1428 794 quod
1464 724 1615 779 272
1645 723 1694 778 si
1726 723 1864 778 reci-

254 805 439 878 pimus,
463 810 702 866 omnino
734 810 909 881 juxta
953 811 1206 866 Orientis
1249 827 1454 866 omnes
1480 812 1744 883 regiones
1775 810 1865 866 in-

254 894 459 950 solitum
491 902 548 952 et
579 898 938 970 impossibile
970 904 1078 955 est.
1116 899 1448 971 Numquam
1480 899 1638 954 enim
1669 898 1728 953 in
1752 900 1866 954 fine

253 985 443 1040 mensis
471 985 652 1054 Junii,
687 988 806 1043 sive
829 987 887 1042 in
910 1005 1110 1044 mense
1128 987 1308 1053 Julio,
1334 989 1392 1042 in
1416 988 1508 1043 his
1530 987 1866 1060 provinciis,

253 1074 592 1146 maximeque
623 1075 681 1130 in
711 1076 934 1144 Judaza,
970 1076 1196 1149 pluvias
1225 1076 1500 1132 vidimus.
1531 1076 1785 1148 Denique
1806 1075 1866 1131 in

249 1167 443 1235 Regum
466 1163 632 1220 libris
645 1181 746 1236 pro
763 1165 929 1237 signo
947 1181 1160 1236 magno
1178 1169 1354 1236 atque
1375 1169 1642 1236 portento
1660 1165 1867 1221 diebus

251 1252 439 1308 aestatis
465 1256 522 1306 et
551 1252 782 1319 messis,
815 1257 1016 1308 orante
1045 1252 1338 1321 Samuele,
1371 1252 1578 1324 pluviae
1611 1253 1867 1309 concita-

247 1346 309 1396 tae
329 1345 454 1396 sunt
476 1341 521 1412 (Ι
542 1342 669 1410 Reg.
693 1341 814 1411 xu).
843 1343 910 1397 Et
930 1341 1296 1413 superﬂuum
1313 1346 1437 1397 erat
1455 1359 1610 1397 nunc
1625 1341 1867 1398 commi-

247 1430 356 1485 nari
387 1430 602 1486 mensis
629 1430 769 1485 Julii
801 1430 1142 1498 siccitatem,
1167 1429 1226 1484 in
1254 1447 1368 1502 quo
1391 1447 1714 1502 numquam
1739 1431 1868 1502 plu-

244 1519 352 1574 vias
379 1517 631 1574 dederat.
666 1519 972 1575 Prohibuit
1000 1523 1196 1574 autem
1232 1519 1503 1585 imbrem,
1540 1523 1604 1574 ut
1635 1536 1750 1574 non
1783 1536 1871 1575 so-

248 1608 355 1662 lum
385 1607 762 1679 indigentiam
790 1624 1032 1679 panum,
1056 1608 1157 1663 sed
1181 1611 1236 1663 et
1257 1607 1386 1663 sitis
1409 1608 1676 1663 ardorem
1698 1611 1755 1663 et
1776 1607 1867 1662 bi-

245 1696 403 1751 bendi
433 1696 740 1768 penuriam
771 1695 1151 1752 sustinerent.
1211 1697 1272 1751 In
1335 1696 1428 1751 his
1452 1695 1607 1752 enim
1639 1695 1780 1751 locis
1809 1696 1868 1750 in

243 1785 444 1857 quibus
465 1801 620 1840 nunc
651 1785 946 1856 degimus,
975 1789 1181 1856 praeter
1200 1801 1407 1856 parvos
1432 1785 1642 1850 fontes,
1665 1799 1870 1840 omnes

245 1874 615 1929 cisternarum
641 1890 808 1944 aqua:
828 1878 985 1941 sunt,
1015 1878 1073 1928 et
1093 1873 1142 1928 si
1165 1873 1382 1928 imbres
1414 1873 1613 1927 divina
1633 1872 1719 1928 ira
1739 1889 1870 1928 sus-

242 1963 714 2035 penderit,majus
728 1963 856 2018 sitis
870 1978 1046 2034 quam
1064 1961 1235 2016 famis
1253 1961 1468 2034 pericu]
1480 1978 1576 2016 um
1593 1965 1699 2016 est:
1717 1962 1870 2032 quod

241 2056 294 2107 et
311 2051 367 2106 in
391 2050 594 2107 diebus
619 2051 752 2106 Elite
776 2050 1067 2122 prophetas
1091 2050 1280 2106 tribus
1315 2049 1484 2105 annis
1509 2054 1567 2106 et
1586 2066 1685 2105 sex
1708 2066 1871 2105 men-

240 2141 396 2197 sibus
428 2141 642 2195 lactum
676 2139 976 2211 Scriptura
996 2138 1535 2210 commemorat(lII
1560 2144 1685 2210 Reg.
1711 2139 1869 2210 xvn).

238 2229 302 2284 Et
331 2244 399 2283 ne
430 2228 673 2282 forsitan
704 2231 979 2298 putarent
1035 2227 1144 2282 hoc
1173 2227 1300 2300 lege
1330 2231 1573 2293 naturae,
1607 2232 1664 2282 et
1687 2231 1872 2282 astro-

239 2333 362 2372 rum
384 2333 579 2384 cursu,
602 2333 668 2371 ac
685 2315 958 2372 varietate
977 2319 1303 2387 temporum
1325 2315 1572 2371 urbibus
1595 2319 1652 2370 et
1689 2331 1872 2388 popu-

233 2405 305 2461 lis
325 2404 624 2471 accidisse,
649 2420 826 2476 super
847 2421 1023 2460 unam
1042 2404 1247 2460 urbem
1269 2409 1326 2458 et
1349 2420 1520 2476 agros
1545 2405 1672 2475 ejus
1696 2405 1872 2459 ﬂuere

237 2512 298 2551 se
319 2493 478 2561 dicit,
503 2498 560 2550 et
615 2495 688 2549 ab
719 2493 899 2548 altera
930 2493 1178 2547 imbrem
1211 2493 1594 2563 suspendere:
1643 2496 1708 2546 ut
1744 2493 1871 2547 duas

235 2588 292 2640 et
315 2588 433 2638 tres
462 2583 720 2638 civitates
751 2585 994 2654 pergant
1027 2582 1098 2636 ad
1141 2580 1314 2636 aliam
1347 2581 1660 2646 civitatem,
1695 2586 1752 2636 et
1781 2586 1872 2636 ta-

230 2688 363 2727 men
395 2687 510 2726 non
541 2670 827 2726 satientur
856 2686 1146 2742 aquarum
1179 2670 1435 2740 potibus.
1465 2669 1728 2741 Cumque
1752 2669 1873 2724 haec

227 2758 650 2826 fecerit,nonin
681 2758 1053 2830 pmnam,sed
1075 2758 1133 2812 in
1149 2756 1872 2830 medicinam,increpatin

228 2847 445 2904 scelere
466 2852 879 2918 permanentes
904 2863 915 2901 :
943 2850 999 2901 et
1049 2861 1153 2900 nec
1177 2846 1260 2900 sic
1283 2845 1521 2917 quidem
1565 2846 1636 2900 ad
1664 2862 1755 2901 me
1784 2861 1874 2901 re-

228 2936 429 3002 distis,
449 2935 592 2991 dicit
613 2935 918 2990 Dominus.
944 2933 1219 2990 Prohibet
1235 2949 1466 3005 quoque
1481 2935 1599 2990 sive
1612 2934 1878 3006 reprimit

232 3026 308 3080 ab
330 3024 615 3079 haereticis
633 3023 916 3079 Dominus
935 3021 1162 3094 pluvias
1185 3022 1538 3094 spirituales,
1565 3027 1621 3078 et
1641 3040 1876 3079 omnem

230 3128 422 3169 rorem
451 3112 660 3167 divinae
684 3111 1010 3185 sapientiae:
1033 3115 1090 3167 et
1112 3111 1622 3166 mandatnubibus
1640 3112 1785 3182 suis,
1806 3129 1877 3167 ne

1975 544 2157 600 coacti
2191 544 2456 616 penuria,
2488 544 2725 600 veniant
2782 545 2854 600 ad
2912 545 3141 600 Domini
3200 545 3513 613 civitatem,
3549 549 3620 604 de

1974 650 2091 704 qua
2112 632 2857 704 egrediturfonslargissim
2868 651 2954 702 us,
2973 634 3070 704 qui
3085 633 3291 705 irrigat
3302 639 3618 692 torrentem

1977 722 2302 793 spinarum.
2341 723 2453 776 Iste
2484 726 2678 776 autem
2711 728 2799 777 est
2841 722 2969 777 fons
3029 721 3129 793 qui
3162 722 3302 777 dicit
3331 739 3434 795 per
3460 725 3618 780 Jere-

1977 810 2281 865 miamzille
2301 811 2713 880 dereliquerunt
2731 812 2941 880 fontem
2987 828 3144 881 aqum
3192 813 3351 878 vivae,
3398 817 3448 867 et
3467 813 3618 883 fode-

1977 907 2104 954 runt
2131 899 2239 952 sibi
2269 900 2419 953 lacus
2448 900 2728 963 contritas,
2763 901 2859 969 qui
2885 915 3056 970 aquas
3085 903 3361 956 continere
3378 918 3485 959 non
3504 919 3622 974 pos-

1974 995 2102 1042 sunt
2133 988 2354 1058 (Jerem.
2389 1005 2449 1058 ιι,
2487 989 2592 1055 14).
2630 987 2731 1041 Hic
2765 988 2894 1043 fons
2954 988 3025 1042 de
3086 1005 3200 1043 uno
3233 991 3387 1045 fonte
3417 1009 3619 1062 proce-

1977 1076 2142 1141 dens,
2196 1075 2409 1146 triplici
2452 1074 2666 1130 unione
2715 1076 3007 1131 decurrit:
3041 1093 3186 1145 quos
3217 1077 3404 1133 fontes
3433 1080 3621 1138 Patris

1977 1168 2035 1218 et
2065 1164 2190 1219 Filii
2224 1170 2280 1219 et
2311 1163 2557 1234 spiritus
2588 1165 2776 1219 sancti
2813 1164 2870 1219 in
2903 1163 3054 1219 cervi
3095 1165 3349 1221 sitientis
3379 1169 3620 1226 modum

1979 1252 2286 1308 Psalmista
2316 1251 2593 1323 suspirat,
2628 1253 2865 1308 dicens:
2898 1253 3050 1307 Sicut
3106 1269 3300 1309 cervus
3351 1253 3624 1313 desiderat

1978 1341 2046 1396 ad
2073 1342 2259 1414 fontes
2289 1357 2600 1412 aquarum:
2629 1343 2707 1396 ita
2736 1342 3009 1396 desiderat
3066 1344 3255 1397 anima
3303 1360 3427 1400 mea
3453 1345 3523 1400 ad
3550 1354 3619 1415 te,

1983 1435 2128 1485 Deus
2159 1430 2270 1500 (Ps.
2323 1430 2544 1501 xu,1).
2593 1430 2859 1501 Cumque
2916 1431 3042 1484 dua:
3101 1436 3157 1486 et
3214 1436 3331 1486 tres
3363 1433 3625 1491 civitates

1979 1519 2051 1573 ad
2082 1534 2258 1572 unam
2288 1518 2642 1588 perrexerint
2675 1518 2990 1586 civitatem,
3023 1518 3080 1573 in
3143 1535 3261 1590 qua
3286 1537 3450 1592 aqua)
3482 1526 3625 1578 sunt

1979 1608 2368 1672 abundantes,
2394 1605 2538 1677 spei,
2564 1606 2720 1671 fidei,
2744 1606 3073 1674 charitatis,
3093 1624 3204 1664 non
3225 1608 3620 1679 satiabuntur,

1979 1695 2116 1767 quia
2138 1696 2209 1750 ad
2238 1695 2495 1749 divinam
2517 1695 2765 1766 gratiam
2790 1695 3225 1766 requirendam,
3259 1713 3373 1753 non
3413 1701 3619 1755 volun-

1979 1786 2117 1853 tate,
2152 1784 2250 1838 sed
2286 1783 2630 1839 necessitate
2661 1789 2961 1838 venerunt.

2053 1873 2237 1940 (Vers.
2269 1872 2348 1942 9.)
2379 1874 2632 1926 Percussi
2662 1887 2749 1927 vos
2779 1874 2837 1927 in
2892 1875 3056 1928 vento
3112 1882 3318 1943 urente,
3349 1885 3403 1930 et
3433 1879 3493 1932 in
3520 1895 3622 1934 au-

1982 1962 2196 2031 rugine.
2228 1960 2635 2016 Multitudinem
2665 1961 2949 2016 hortorum
2976 1970 3295 2030 vestrorum,
3356 1968 3407 2018 et
3434 1967 3623 2022 vinea-

1982 2065 2106 2104 rum
2139 2052 2466 2114 vestrarum,
2495 2050 2691 2104 oliveta
2720 2058 2901 2104 vestra
2930 2053 2981 2105 et
3009 2049 3162 2120 [ἰθεῖα
3191 2055 3369 2107 vestra
3397 2055 3626 2110 comedit

1981 2153 2168 2203 eruca,
2196 2145 2246 2192 et
2285 2155 2395 2193 mm
2424 2137 2642 2193 sedistis
2669 2138 2741 2192 ad
2795 2154 2900 2208 me,
2954 2138 3087 2194 dicit
3132 2140 3395 2197 Dominus
3451 2143 3622 2199 LXX:

1980 2227 2236 2281 Percussi
2258 2242 2347 2280 vos
2377 2227 2438 2280 in
2466 2225 2667 2282 ardore
2712 2235 2763 2281 et
2795 2229 2855 2280 in
2895 2229 3192 2300 aurugine.
3225 2229 3627 2302 Muttiplicastis

1981 2314 2158 2369 hortos
2186 2317 2406 2381 vestros,
2434 2316 2622 2369 vineas
2650 2319 2882 2382 vestras,
2913 2324 2964 2371 et
2991 2316 3136 2385 ficus
3183 2325 3409 2386 vestras,
3440 2324 3494 2375 et
3521 2321 3623 2377 oli-

1980 2405 2099 2458 veta
2127 2405 2301 2458 vestra
2332 2402 2559 2458 comedit
2588 2419 2771 2474 eruca,
2802 2407 2852 2458 et
2908 2419 2976 2459 ne
3003 2407 3084 2460 sic
3133 2406 3350 2475 quidem
3380 2411 3628 2466 conversi

1981 2492 2110 2546 estis
2138 2491 2212 2546 ad
2232 2506 2337 2562 me,
2361 2492 2492 2546 dicit
2514 2492 2794 2547 Dominus.
2817 2492 2941 2547 Non
2969 2493 3159 2547 solum
3182 2494 3260 2564 (ο)
3285 2495 3477 2566 priora
3493 2497 3622 2564 feci,

1985 2583 2049 2634 ut
2072 2595 2173 2634 vos
2194 2579 2544 2652 corrigerem
2571 2597 2585 2647 ;
2609 2581 2710 2635 sed
2735 2580 3017 2652 quidquid
3040 2583 3329 2652 superfuit
3349 2584 3620 2658 siccitati,

1973 2668 2152 2723 'vento
2185 2672 2387 2722 urente
2411 2667 2670 2739 percussi
2692 2672 2750 2723 et
2772 2669 3055 2740 aurigine.
3080 2673 3190 2726 Pro
3223 2675 3379 2727 vento
3407 2677 3619 2742 urente,

1985 2752 2382 2832 ἀνεμοφθορίαν
2415 2755 2629 2828 Aquila
2657 2760 2713 2811 et
2745 2756 3133 2828 Symmachus
3191 2763 3248 2813 et
3305 2760 3624 2819 Tbeodotio

1984 2843 2346 2915 interpretati
2379 2849 2552 2900 sunt:
2589 2844 2972 2917 Septuaginta
3000 2843 3266 2920 πύρωσιν,
3313 2865 3490 2920 quam
3516 2867 3624 2908 nos

1987 2933 2411 2988 combustionem
2439 2949 2756 3004 possumus
2788 2934 3000 2989 dicere.
3052 2935 3397 3008 Auruginem
3427 2943 3623 2995 autem

1990 3035 2194 3076 omnes
2209 3017 2422 3094 'imspov
2449 3019 2718 3076 similiter
2738 3021 3187 3090 transtulerunt,
3207 3025 3427 3096 absque
3444 3027 3627 3083 Theo-

1986 3109 2239 3177 dotione,
2265 3110 2365 3180 qui
2387 3109 2549 3166 solus
2571 3107 2860 3184 ὠχρίασιν,
2878 3127 3004 3182 quze
3022 3113 3291 3183 pallorem
3311 3114 3626 3186 signiﬁcat,

221 3204 437 3275 pluant
457 3217 635 3272 super
655 3217 754 3257 eos
792 3200 1042 3255 imbrem
1089 3204 1220 3255 ante
1240 3204 1358 3256 tres
1387 3216 1618 3256 menses
1641 3201 1872 3267 messis,
1908 3186 1949 3251 C
1987 3198 2402 3270 interpretatus
2431 3203 2538 3254 est.
2572 3200 2837 3272 Cumque
2866 3201 3179 3255 adversum
3222 3201 3369 3257 iram
3403 3203 3630 3260 Domini

219 3292 347 3347 sive
371 3290 702 3358 vindemias,
728 3293 793 3344 ut
814 3289 886 3344 ad
910 3289 1136 3344 fructus
1154 3288 1734 3361 mysteriiTrinitatis
1751 3305 1876 3361 per-

216 3379 426 3435 venire
451 3395 567 3433 non
592 3378 839 3450 possint.
863 3377 932 3432 Et
952 3377 1242 3449 quomodo
1270 3376 1356 3433 sol
1381 3377 1512 3444 iste,
1545 3393 1720 3448 quem
1753 3394 1872 3432 cer-

215 3467 450 3535 nimus,
473 3483 736 3521 annuum
755 3483 1016 3535 cursum,
1037 3467 1219 3521 donec
1237 3466 1308 3520 ad
1329 3465 1638 3538 pristinam
1660 3469 1875 3520 metam

211 3556 446 3622 redeat,
471 3554 780 3610 duodecim
809 3553 1000 3626 explet
1043 3554 1370 3619 mensibus,
1403 3555 1504 3625 qui
1528 3553 1744 3625 singuli
1767 3553 1875 3608 tri-

209 3644 388 3701 cenis
418 3642 736 3699 volvuntur
765 3641 996 3711 diebus,
1023 3647 1081 3698 et
1110 3642 1251 3698 luna
1281 3659 1407 3714 quae
1440 3641 1716 3697 Hebraice
1736 3657 1878 3697 sane

205 3734 397 3803 (τι-ιτ),
429 3733 628 3789 Graece
663 3732 809 3804 μήνη
835 3732 1067 3799 dicitur,
1090 3732 1260 3802 juxta
1280 3736 1591 3801 utramque
1611 3729 1874 3803 linguam

205 3839 286 3878 ex
320 3838 438 3878 suo
471 3819 708 3876 nomine
729 3820 1034 3876 mensibus
1056 3836 1267 3875 nomen
1293 3819 1472 3886 dedit,
1496 3823 1554 3876 et
1576 3819 1719 3874 solis
1739 3818 1873 3874 illu-

203 3915 454 3967 stratur
483 3909 663 3964 radiis
694 3909 764 3964 ab
797 3924 865 3963 ea
894 3913 1058 3980 parte
1079 3924 1195 3980 qua
1217 3908 1268 3963 ei
1291 3907 1479 3963 vicina
1502 3912 1609 3978 est,
1633 3907 1719 3963 vel
1743 3907 1877 3980 plus

198 3998 305 4055 vel
330 3998 540 4054 minus
565 4014 665 4070 pro
689 3998 966 4052 varietate
987 4001 1318 4067 temporum
1340 3995 1537 4052 lumen
1561 3995 1873 4068 accipiens:

199 4088 303 4145 sic
324 4096 387 4143 el
412 4086 682 4157 Ecclesia,
703 4087 822 4140 veri
844 4085 996 4142 Solis
1045 4085 1354 4156 splendore
1403 4085 1692 4156 decorata,
1725 4087 1877 4141 duo-

196 4177 422 4232 decim
444 4175 650 4247 implet
680 4174 1077 4246 apostolorum
1102 4191 1435 4230 numerum.
1460 4173 1622 4230 Unde
1643 4179 1700 4229 et
1728 4175 1875 4230 duo-

192 4264 422 4320 decim
445 4265 502 4318 in
531 4263 704 4320 lsrael
719 4261 1089 4335 appellantur
1105 4263 1314 4331 tribus,
1334 4262 1875 4319 etintestimonium

189 4359 460 4410 aeternae
496 4351 810 4414 memoriae,
841 4352 913 4408 de
943 4351 1218 4407 Jordanis
1267 4351 1421 4408 278
1469 4349 1628 4408 alveo
1659 4352 1876 4408 duode-

180 4441 328 4495 cim
359 4439 594 4510 lapides
617 4438 983 4509 auferuntur,
1005 4438 1447 4510 utponanturin
1467 4436 1591 4494 loco
1606 4439 1875 4495 secunda:

182 4528 840 4599 circumcisionions.
865 4527 961 4599 Iv).
985 4525 1141 4582 Pluit
1161 4531 1357 4582 autem
1393 4526 1677 4582 Dominus
1703 4542 1880 4599 super
1908 4551 1954 4615 D

183 4633 410 4673 unam
435 4615 724 4672 civitatem
751 4632 896 4672 verse
919 4614 1302 4672 confessionis
1340 4614 1677 4682 Ecclesium,
1701 4620 1757 4672 et
1779 4633 1876 4672 su-

178 4721 314 4777 per
349 4702 607 4759 alteram
641 4721 755 4761 non
791 4704 960 4776 pluit,
995 4721 1123 4776 quae
1154 4704 1214 4759 in
1246 4703 1650 4760 haereticorum
1685 4705 1875 4761 conci-

177 4791 469 4849 liabulis
495 4798 602 4848 est.
629 4793 891 4865 Cumque
911 4792 1014 4849 illa
1035 4793 1281 4849 imbrem
1306 4791 1545 4864 recipiat
1565 4794 1877 4866 sempiter-

273 4988 370 5060 (a)
404 4987 648 5043 Palatini
673 4989 840 5044 codd.
890 4990 1047 5060 prior
1075 5004 1087 5043 :
1115 5004 1144 5043 e
1179 4987 1876 5060 quibusjunctoCister-

176 5058 416 5132 ciensi
439 5075 505 5113 ac
526 5064 746 5132 septem
774 5058 948 5131 penes
981 5059 1296 5132 Victorium
1343 5058 1717 5132 Florentinis,
1751 5077 1877 5115 cor-

175 5131 494 5186 reximus
517 5130 686 5202 paulo
713 5130 862 5203 post,
885 5130 1150 5201 quidquid
1163 5130 1432 5256 sulm-fuit
1451 5131 1706 5196 siccitati,
1721 5135 1878 5187 vento

175 5206 434 5256 urente
457 5205 717 5256 percussi.
751 5203 887 5256 Erat
914 5203 1069 5256 enim
1101 5203 1160 5256 in
1180 5201 1213 5256 It
1241 5200 1498 5255 artianmi
1523 5202 1686 5256 iuxta
1709 5203 1877 5256 Eras-

171 5219 360 5258 uren
371 5206 434 5256 te
453 5200 730 5273 percussi:
751 5200 1069 5258 Erat’enim
1101 5203 1160 5256 in
1180 5200 1498 5256 Martianmi
1516 5202 1686 5271 juxta
1709 5203 1877 5259 Eras-

170 5289 396 5330 mum
444 5273 716 5355 editione,
775 5274 1046 5398 quidquid.
1088 5273 1378 5354 superfuit,
1406 5274 1664 5343 siccitate,
1698 5278 1876 5340 vento,

170 5352 313 5398 etc.
355 5345 704 5398 Renosxtam
730 5348 897 5398 nobis
942 5349 1226 5398 ectionem
1276 5359 1403 5398 1088
1443 5345 1648 5398 probat
1672 5345 1729 5398 S.
1765 5345 1876 5398 Do-

165 5352 313 5401 etc.
355 5345 704 5415 Repositam
730 5345 897 5400 nobis
918 5345 1226 5400 lectionem
1276 5345 1403 5415 ipse
1443 5345 1648 5413 probat
1672 5345 1729 5399 S.
1765 5345 1876 5400 Do-

167 5416 416 5472 ctoris
446 5422 772 5487 contextus,
805 5433 978 5488 quem
1010 5417 1080 5471 ad
1115 5415 1269 5470 hunc
1311 5415 1551 5488 modum
1586 5415 1878 5473 Victorius

165 5488 524 5560 exposuit.
550 5485 970 5560 Loquitur—,ait,
997 5504 1174 5558 supra
1197 5486 1347 5558 quod
1389 5485 1644 5560 siccitate
1666 5494 1877 5544 cuncta

163 5557 377 5616 Deus
406 5557 782 5631 percusserit,
808 5559 1014 5631 plusne
1040 5557 1225 5630 super
1254 5557 1789 5631 unam__c_i_vitatem,
1822 5565 1879 5615 et

165 5628 426 5710 super
444 5629 685 5691 alteram
717 5628 831 5689 non
863 5630 1072 5710 plusne
1094 5628 1274 5690 {mox
1301 5628 1595 5692 subdidit:
1627 5633 1881 5694 Percussi

1993 3285 2450 3358 multiplicarent
2473 3286 2672 3342 hortos
2694 3293 2752 3342 et
2771 3287 2969 3344 vineas
2998 3293 3056 3344 et
3098 3289 3266 3344 ficeta
3311 3295 3366 3346 et
3398 3291 3628 3362 oliveta,

1985 3376 2183 3431 omnia
2203 3392 2373 3431 eruca
2393 3375 2778 3446 consumpsit,
2802 3376 2874 3430 de
2900 3393 3014 3448 qua
3034 3376 3093 3431 in
3115 3377 3237 3433 Joel
3272 3379 3503 3450 plenius
3542 3382 3630 3438 di-

1985 3464 2136 3518 citur
2163 3464 2320 3530 (Joel.
2355 3464 2415 3533 ι).
2450 3463 2605 3519 274
2637 3463 2705 3518 Et
2738 3479 2808 3518 ne
2839 3463 3027 3536 plagis
3085 3465 3320 3535 quidem
3353 3483 3419 3521 ac
3452 3468 3630 3524 malo-

1984 3568 2116 3608 rum
2149 3552 2401 3622 pondere
2423 3553 2492 3606 ad
2517 3551 2702 3607 Deum
2725 3552 2920 3606 venire
2951 3551 3279 3607 voluerunt.
3304 3553 3427 3618 Quo
3449 3556 3625 3628 dicto,

1986 3640 2422 3696 confundantur
2450 3640 2725 3706 hzeretici,
2762 3640 2860 3712 qui
2893 3640 3271 3712 disciplinam
3319 3642 3625 3713 Creatoris,

1985 3732 2064 3796 et,
2091 3727 2250 3784 utita
2269 3729 2480 3796 dicam,
2507 3727 2884 3795 medicinam,
2907 3728 3314 3785 crudelitatem
3345 3730 3627 3802 interpre-

1984 3821 2208 3872 tantur.
2243 3816 2498 3872 Percutit
2528 3821 2723 3872 autem
2758 3816 3144 3888 spiritualiter
3192 3817 3489 3876 hereticos
3517 3821 3629 3876 Do-

1986 3907 2184 3961 minus
2206 3904 2506 3961 exustione
2525 3922 2592 3960 ea
2617 3905 2686 3959 de
2706 3921 2823 3976 qua
2844 3904 3060 3960 Paulus
3092 3907 3419 3978 apostolus:
3440 3909 3630 3965 Melius

1985 3998 2083 4062 est,
2118 3994 2328 4066 inquit,
2359 3993 2583 4063 nubere,
2615 4010 2782 4066 quam
2809 3996 2901 4048 uri
2931 3994 2973 4064 (Ι
3009 3994 3127 4050 Cor.
3157 3995 3347 4067 vn,9).
3377 3997 3446 4052 Et
3467 3996 3630 4069 prin-

1987 4099 2124 4156 ceps
2154 4082 2553 4154 apostolorum
2578 4099 2591 4136 :
2627 4081 2974 4149 Charissimi,
3004 4085 3174 4139 nolite
3197 4087 3546 4154 peregrinari
3573 4087 3635 4142 in

1985 4172 2200 4236 ardore,
2230 4173 2328 4244 qui
2358 4171 2429 4225 ad
2461 4173 2814 4227 tentationem
2871 4171 3023 4226 vobis
3083 4172 3282 4228 accidit
3327 4173 3372 4245 (Ι
3403 4175 3520 4231 Pet.
3555 4189 3633 4242 Iv,

1995 4261 2109 4331 12):
2144 4264 2200 4315 et
2231 4258 2518 4330 aurugine
2547 4275 2698 4331 quae,
2735 4258 2864 4315 felle
2894 4259 3130 4329 diffuso,
3191 4261 3464 4317 ruborem
3497 4279 3634 4318 san-

1985 4349 2182 4420 guinis
2214 4348 2272 4403 in
2307 4347 2588 4420 pallorem
2621 4349 2727 4420 [Αι.
2764 4347 3004 4419 pallore]
3032 4354 3373 4416 commutat,
3398 4354 3455 4404 et
3484 4349 3632 4405 nihil

1986 4437 2045 4492 in
2078 4453 2318 4509 corpore
2349 4437 2475 4491 sani
2508 4453 2635 4492 esse
2668 4437 2972 4507 permittit,
3036 4437 3328 4492 intentum
3362 4442 3427 4493 ut
3454 4438 3633 4494 etiam

1987 4525 2163 4582 mella
2194 4525 2552 4581 dulcissema
2583 4542 2782 4580 amara
2817 4526 3145 4581 videantur.
3179 4526 3248 4581 Et
3276 4526 3376 4597 qui
3407 4525 3632 4584 dudum

1987 4615 2302 4672 audiebant
2332 4615 2390 4670 in
2433 4615 2724 4672 Ecclesia:
2783 4614 2999 4670 Gustate
3053 4619 3106 4670 et
3169 4615 3345 4670 videte
3373 4618 3635 4688 quoniam

1983 4706 2166 4761 suavis
2194 4712 2272 4760 est
2302 4705 2566 4760 Dominus
2591 4721 2604 4758 :
2633 4703 2862 4775 ipsique
2893 4704 3166 4759 dicebant
3199 4721 3210 4760 :
3242 4706 3420 4773 Quam
3447 4705 3635 4761 dulcia

1985 4794 2203 4862 gutturi
2221 4809 2335 4848 meo
2359 4794 2576 4864 eloquia
2597 4800 2700 4848 tua
2717 4809 2882 4864 super
2904 4792 3008 4848 mel
3031 4793 3118 4848 ori
3131 4810 3248 4850 meo
3268 4795 3380 4866 (Ps.
3402 4793 3628 4863 cxvm)!

1989 5005 2080 5045 vos
2099 4991 2155 5043 in
2179 4996 2336 5065 vento
2355 4990 2702 5065 urente,_et_in
2724 4991 3021 5065 aurugine.
3047 4989 3381 5065 Auriginem
3395 4988 3631 5065 lutepov,

1989 5077 2193 5116 omnes
2215 5059 2687 5132 interpretatihic
2717 5059 2891 5128 sunt';
2921 5062 3018 5132 qui
3045 5059 3282 5117 morbus
3306 5063 3450 5118 nihil
3473 5059 3632 5119 aliud

1989 5138 2078 5187 est
2105 5132 2215 5187 nisi
2245 5131 2394 5207 fellis
2429 5148 2529 5203 per
2558 5147 2767 5201 corpus
2789 5131 3067 5207 suffusio,
3101 5133 3296 5204 regius
3325 5136 3413 5207 Aab
3453 5152 3630 5207 appa-

1990 5208 2120 5259 ratu
2155 5203 2332 5275 regio,
2358 5208 2752 5275 quocuratur,
2776 5203 2940 5259 Celso
2975 5203 3188 5271 dictus,
3225 5209 3284 5260 et
3322 5203 3549 5261 icterus
3561 5205 3633 5261 ab

1991 5291 2093 5330 ave
2116 5273 2389 5345 ejusdem
2403 5273 2636 5345 coloris,
2663 5291 2837 5345 quam
2864 5275 3095 5331 raulum
3120 5281 3407 5332 nostrates
3425 5277 3632 5333 reatini

1993 5342 2200 5419 vocant
2224 5363 2235 5399 :
2261 5345 2576 5400 Theodotio
2607 5342 2871 5419 ὠχρίᾳσιν
2894 5349 3084 5418 vertit,
3110 5347 3166 5402 id
3190 5355 3296 5412 est,
3327 5348 3630 5419 pallorem.

1994 5417 2220 5492 Dicitur
2241 5421 2434 5492 autem
2459 5417 2702 5487 aurugo,
2729 5417 2799 5471 ab
2822 5435 2962 5473 auro
2981 5417 3133 5492 quOd
3159 5420 3286 5489 ejus
3325 5417 3534 5477 coloris
3557 5419 3635 5492 sit

1988 5490 2272 5566 morbus:
2309 5488 2652 5566 diversaque
2687 5505 2791 5566 vox
2831 5495 2920 5545 est
2949 5488 3020 5547 ab
3080 5488 3295 5566 aerugo,
3327 5507 3454 5566 quea
3481 5491 3633 5557 aeria

1988 5560 2420 5635 corruptionem
2456 5558 2766 5634 signiﬁcat.
