3986 6190
435 313 586 375 1031

1684 312 1748 372 8.
1796 306 2102 373 EUSEBII
2147 305 2589 369 HIERONYMI

3609 317 3723 380 {032

426 449 706 502 vocentur
725 440 1268 516 παραπικραὶνοντες,
1291 446 1350 498 et
1373 460 1536 516 aqua:
1561 459 1760 498 eorum
1791 445 1846 497 et
1867 441 2067 514 pluvias

2189 445 2302 492 Hac
2338 444 2519 495 morte
2551 439 2839 495 viviﬁcare
2869 458 2976 497 nos
3008 441 3125 496 vult
3153 443 3432 511 Dominus,
3453 448 3510 500 ut
3533 448 3722 504 morien-

427 551 545 590 non
580 533 804 588 stillent
833 531 1202 588 dulcedinem
1252 548 1358 587 nec
1418 532 1538 586 sint
1569 532 1640 586 de
1670 529 2076 603 repromissio-

425 623 518 677 nis
551 626 722 683 terra,
755 637 930 692 quam
962 620 1213 691 legimus
1248 620 1394 676 lacte
1426 624 1481 674 et
1504 619 1674 675 melle
1696 624 2030 673 manantem
2058 633 2072 672 :

424 711 524 766 sed
549 708 917 782 appellentur
939 714 1115 777 Mara,
1149 710 1207 763 id
1241 715 1351 775 est,
1398 708 1734 764 amaritudo.
1788 707 1888 763 Isti
1924 706 2074 761 mul-

415 797 828 870 tiplicaverunt
857 799 968 854 sibi
1003 800 1224 862 hortos,
1261 799 1316 852 in
1351 814 1500 870 quos
1533 815 1603 852 ne
1627 814 1735 852 sua
1757 797 1926 851 vinea
1949 812 2074 849 mu-

421 892 667 954 taretur,
733 887 954 941 Naboth
1019 887 1118 952 [Αι.
1157 885 1454 959 Nabutha]
1515 887 1861 958 occumbere
1890 883 2074 938 voluit

417 974 517 1046 (III
552 977 678 1044 Reg.
711 975 850 1045 XXI).
884 974 989 1036 Qui
1014 975 1169 1029 enim
1193 975 1466 1030 inﬁrmus
1491 980 1598 1044 est,
1631 974 1786 1028 olera
1819 973 2068 1027 mandu-

420 1068 510 1118 cet
539 1065 714 1134 (Rom.
747 1064 887 1134 x1v).
921 1063 991 1117 Et
1022 1063 1160 1135 quia
1217 1079 1449 1134 semper
1493 1063 1744 1117 haeretici
1778 1065 2070 1116 tumentes

420 1152 718 1223 superbia,
752 1158 808 1207 et
839 1152 1163 1207 incidentes
1191 1153 1248 1206 in
1273 1151 1566 1221 judicium
1607 1149 1823 1207 diaboli
1859 1166 2070 1221 magna

415 1239 526 1294 sibi
562 1240 932 1311 promittunt,
967 1247 1022 1294 et
1052 1241 1338 1295 bonorum
1381 1241 1614 1311 ﬁngunt
1663 1239 1968 1310 imagines,
2005 1242 2070 1291 ut

415 1325 577 1382 melli
611 1343 840 1382 venena
872 1327 1292 1382 commisceant
1317 1345 1330 1382 :
1356 1329 1532 1382 etiam
1562 1327 1762 1382 vineas
1784 1332 1840 1381 et
1860 1324 2070 1380 oliveta

417 1418 475 1470 et
505 1413 673 1470 ﬁceta
701 1414 912 1469 habere
947 1431 1007 1469 se
1036 1416 1258 1486 jactant
1285 1433 1297 1482 ;
1331 1416 1431 1471 sed
1466 1415 1634 1470 vinea
1667 1429 1869 1469 eorum
1899 1411 2068 1467 vinea

416 1503 805 1558 Sodomorum
841 1508 927 1558 est
954 1521 967 1570 ;
1001 1503 1210 1558 oliveta
1241 1520 1443 1558 eorum
1473 1519 1586 1558 non
1620 1507 1760 1558 sunt
1789 1501 1861 1556 de
1891 1501 2065 1556 bonis

417 1589 603 1657 olivis,
637 1591 734 1645 sed
771 1589 1060 1661 oleastris,
1092 1608 1239 1662 quos
1278 1591 1592 1662 Apostolus
1631 1589 1928 1644 radicibus
1957 1589 2065 1643 bo-

417 1695 624 1734 narum
685 1679 968 1735 olivarum
1030 1680 1293 1752 praecipit
1350 1679 1693 1734 inserendos
1749 1680 1922 1750 (Rom.
1957 1681 2060 1745 ιιι).

417 1767 609 1822 Ficeta
629 1784 861 1839 quoque
884 1767 1023 1822 talia
1044 1767 1285 1834 habent,
1303 1785 1429 1838 qua:
1452 1767 1749 1823 calathum
1774 1765 2061 1839 pessima-

415 1872 544 1910 rum
565 1855 848 1926 impleant
869 1857 1134 1922 ﬁcorum,
1163 1873 1310 1928 quas
1333 1855 1616 1910 Jeremias
1643 1872 1755 1926 prae
1785 1853 2061 1909 amaritu-

412 1943 547 1999 dine
578 1944 799 1999 comedi
834 1961 948 1999 non
981 1961 1152 2015 posse
1212 1949 1460 1998 testatur
1515 1945 1732 2014 (Jerem.
1765 1947 1946 2010 xxrx).
1982 1944 2060 1997 Ad

412 2048 542 2104 quas
564 2049 696 2087 eum
720 2033 1006 2088 Dominus
1029 2034 1270 2099 venerit,
1301 2037 1516 2087 azterna
1538 2033 1622 2087 eis
1645 2032 1913 2086 ariditate
1936 2048 2060 2086 ma-

408 2119 607 2176 ledicit
628 2122 815 2192 (Marc.
848 2125 948 2189 ιιι),
985 2125 1047 2175 ut
1071 2138 1397 2192 numquam
1422 2122 1675 2176 fructum
1701 2121 1964 2186 afferant,
1989 2135 2060 2176 ne

407 2209 597 2264 virore
625 2207 894 2264 foliorum
942 2209 1232 2281 decipiant
1281 2215 1673 2265 transeuntes.
1701 2209 1767 2264 Et
1801 2214 1863 2264 ut
1887 2208 2057 2263 intel-

411 2297 668 2369 ligamus
701 2298 898 2353 hortos
931 2298 1335 2354 haereticorum
1367 2303 1425 2353 et
1455 2298 1652 2354 vineas
1683 2303 1739 2352 et
1767 2298 1975 2353 oliveta
2004 2301 2061 2352 et

414 2385 584 2442 ﬁceta
615 2388 685 2441 ad
715 2386 930 2442 malam
965 2391 1190 2459 partem
1222 2386 1444 2456 referri,
1477 2385 1726 2458 singulis
1773 2385 2058 2452 sermoni:

415 2475 526 2530 bus
551 2475 796 2546 addidit,
828 2479 1005 2531 vestra
1028 2493 1049 2527 .·
1081 2480 1144 2530 ut
1175 2493 1288 2531 non
1341 2475 1458 2544 Dei,
1520 2475 1620 2530 sed
1653 2473 2058 2529 haereticorum

413 2579 482 2618 ea
512 2580 641 2619 esse
671 2569 1058 2619 monstraret:
1094 2564 1275 2619 hortos
1305 2565 1453 2621 215
1503 2567 1725 2629 vestros,
1757 2565 1939 2618 vineas
1969 2579 2058 2616 ve-

411 2659 576 2720 stras,
608 2652 808 2707 oliveta
839 2657 1015 2708 vestra
1043 2657 1094 2708 et
1124 2653 1280 2721 ﬁceta
1313 2661 1490 2708 vestra
1517 2670 1535 2706 :
1567 2668 1694 2724 quae
1716 2653 1914 2707 omnia
1933 2667 2061 2706 eru-

417 2756 485 2795 ca
508 2740 783 2812 populata
801 2745 912 2808 est,
933 2745 1258 2796 extremum
1284 2757 1587 2811 pmnarum
1611 2741 1875 2796 omnium
1896 2755 1908 2794 :
1933 2755 2060 2810 quae

421 2845 534 2884 non
581 2828 772 2884 avolat
818 2833 881 2883 ut
932 2829 1178 2894 locusta,
1228 2833 1286 2882 et
1311 2827 1581 2883 hucilluc
1603 2828 1940 2884 discurrens
1970 2844 2060 2882 se-

420 2931 582 2971 mesa
602 2916 883 2982 dimittit;
909 2917 1007 2971 sed
1035 2920 1338 2987 permanet
1382 2915 1655 2987 perituris
1686 2916 1974 2987 frugibus,
2007 2919 2064 2970 et

416 3005 583 3059 tardo
609 3003 779 3074 lapsu
803 3004 1101 3076 pigrisque
1131 3003 1424 3058 morsibus
1455 3004 1726 3059 universa
1747 3003 2057 3059 consumit.

415 3091 678 3164 Cumque
702 3092 824 3148 haec
868 3092 1028 3163 passi
1053 3096 1211 3162 sunt,
1237 3108 1340 3146 nec
1364 3091 1446 3147 sic
1496 3091 1728 3163 quidem
1764 3093 1832 3147 ad
1870 3092 2064 3147 Domi-

415 3197 558 3236 num
592 3180 779 3235 redire
820 3179 1147 3235 voluerunt.

486 3303 673 3376 (Vers.
709 3304 819 3375 10.)
850 3304 971 3359 Misi
999 3305 1059 3358 in
1089 3320 1179 3359 vos
1205 3309 1437 3359 mortem
1459 3306 1515 3358 in
1541 3305 1632 3359 via
1657 3305 1912 3376 /Egypti,
1941 3319 2065 3375 per-

417 3393 564 3448 cussi
593 3394 650 3447 in
673 3392 858 3464 gladio
879 3393 1110 3462 juvenes
1141 3395 1340 3448 vestros
1370 3409 1540 3464 usque
1589 3393 1663 3447 ad
1690 3394 2068 3464 captivitatem

419 3498 684 3553 equorum
719 3484 1038 3536 vestrorum.
1071 3483 1137 3536 ﬁt
1167 3480 1458 3536 ascendere
1484 3483 1594 3550 feci
1617 3483 1966 3552 putredinem
1985 3497 2069 3536 ca-

422 3572 662 3626 strorum
693 3578 990 3624 vestrorum
1023 3571 1082 3623 in
1111 3585 1270 3624 nares
1312 3573 1535 3635 vestras,
1560 3579 1610 3624 et
1628 3585 1738 3624 non
1759 3569 1978 3624 redistis
1998 3568 2069 3624 ad

415 3673 524 3727 me,
584 3657 720 3713 dicit
782 3659 1067 3713 Dominus.
1125 3657 1509 3713 LXX:Emisi
1538 3657 1645 3729 (Al.
1704 3659 1843 3729 Misi)
1890 3661 1950 3713 in
1978 3674 2069 3715 vos

413 3755 643 3803 mortem
669 3748 728 3802 in
748 3747 838 3802 via
859 3748 1108 3817 Egypti,
1133 3755 1183 3801 et
1229 3746 1403 3802 occidi
1425 3748 1483 3801 in
1530 3746 1712 3818 gladio
1723 3749 1952 3818 juvenes
1981 3763 2069 3803 ve-

418 3839 558 3891 stros
578 3852 699 3890 cum
734 3837 1047 3906 captivitate
1065 3851 1324 3906 equorum
1373 3843 1692 3890 vestrorum.
1721 3837 1784 3890 Et
1809 3835 1978 3890 eduxi
2008 3837 2068 3890 in

419 3925 548 3992 igne
577 3931 757 3978 castra
786 3933 967 3978 vestra
999 3925 1054 3978 in
1079 3925 1168 3979 ira
1201 3939 1340 3992 mea,
1366 3927 1418 3978 et
1442 3939 1510 3979 ne
1529 3926 1608 3979 sic
1628 3924 1844 3995 quidem
1864 3926 2069 3980 reversi

421 4013 549 4067 estis
581 4012 655 4066 ad
683 4027 787 4074 me,
843 4011 979 4066 dicit
1017 4014 1300 4068 Dominus.
1365 4012 1474 4066 Per
1529 4012 1726 4067 omnia
1757 4012 1986 4084 ﬂagella
2013 4018 2071 4068 et

426 4103 717 4154 tormenta
747 4099 1016 4153 eruditur
1048 4099 1224 4155 Israel
1252 4116 1265 4153 :
1303 4100 1458 4155 unde
1486 4105 1542 4155 et
1569 4117 1634 4155 eo
1665 4106 1925 4172 tempore
1955 4117 2070 4173 quo

420 4187 492 4242 ab
554 4186 842 4258 [Egyptiis
892 4187 1108 4241 auxilia
1165 4187 1563 4258 postulabant,
1597 4188 1854 4244 mittitur
1883 4189 1940 4243 in
1972 4205 2070 4244 eos

427 4289 607 4345 mors,
640 4279 693 4330 et
726 4274 1134 4346 percutiuntur
1161 4274 1219 4329 in
1255 4277 1449 4348 gladio
1478 4277 1723 4347 juvenes
1755 4293 1979 4343 eorum,
2015 4283 2073 4334 et

425 4378 608 4434 equos
632 4379 779 4433 quos
802 4362 914 4417 sibi
938 4367 1140 4418 contra
1187 4363 1285 4419 Dei
1312 4369 1662 4436 praeceptum
1715 4366 2070 4438 multiplica-

423 4457 648 4522 verant,
681 4450 985 4522 captivitas
1018 4469 1168 4506 saeva
1214 4452 1530 4524 concludit,
1586 4458 1650 4507 ut
1706 4455 1950 4526 putredo
1977 4472 2071 4512 ca-

2190 533 2277 582 tes
2310 534 2562 598 peccato,
2599 529 2863 585 vivamus
2897 535 3027 587 Deo.
3061 531 3293 586 Moritur
3334 537 3508 588 autem
3533 540 3722 606 peccato,

2190 617 2424 686 quando
2448 617 2869 673 mortiﬁcamus
2889 621 3151 674 membra
3172 626 3357 676 nostra
3375 638 3531 694 super
3547 627 3722 691 terram,

2187 703 2652 771 fornicationem,
2706 707 3164 776 immunditiam,
3226 709 3509 776 luxuriam,
3550 708 3724 767 idolola-

2185 792 2357 846 triam
2381 798 2438 848 et
2468 793 2712 864 reliqua.
2742 795 3013 866 Legimus
3037 797 3095 850 in
3131 798 3289 864 Isaia,
3323 799 3726 870 dumtaxatjuxta

2181 881 2562 952 Septuaginta
2581 881 2925 953 interpretes
2952 901 2962 939 :
2991 883 3244 957 alioquin
3265 887 3319 940 in
3352 885 3596 940 Hebraico
3610 887 3728 942 aliter

2180 969 2546 1024 continetur:
2573 972 2702 1024 Misi
2725 975 2950 1026 mortem
2973 973 3027 1025 in
3050 975 3281 1038 Jacob,et
3294 977 3430 1029 venit
3455 991 3595 1045 super
3607 977 3728 1030 Israel

2180 1059 2334 1128 (Isai.
2369 1058 2468 1128 ix).
2491 1058 2692 1128 Jacob,
2717 1059 3064 1114 vocabulum
3087 1066 3174 1116 est
3203 1063 3477 1118 nascentis
3495 1067 3726 1134 corporis;

2183 1145 2384 1210 Israel,
2418 1162 2628 1200 nomen
2665 1147 3107 1204 benedictionis.
3140 1149 3280 1213 Quia
3307 1151 3452 1206 enim
3483 1155 3588 1206 tota
3612 1156 3730 1206 nocte

2179 1230 2421 1286 luctavit
2478 1237 2535 1286 et
2590 1233 2729 1287 vicit
2786 1233 2842 1287 in
2903 1235 3218 1291 certamine
3274 1237 3466 1306 (Cenes.
3511 1239 3669 1307 xxxii),
3691 1243 3730 1292 et

2178 1320 2396 1375 oriente
2425 1319 2665 1376 lucifero
2688 1322 2840 1378 278
2864 1323 3055 1378 dicere
3089 1325 3271 1396 potuit
3317 1341 3438 1380 cum
3484 1325 3729 1398 Apostolo:

2175 1413 2300 1464 Nox
2325 1413 2626 1479 praecessit,
2685 1412 2798 1466 dies
2847 1413 3298 1484 appropinquavit
3341 1415 3499 1484 (Rom,
3527 1431 3627 1484 xm,
3654 1414 3729 1484 l2),

2177 1503 2488 1568 propterea
2512 1497 2708 1566 Israel,
2732 1499 2985 1555 videntis
3004 1502 3202 1570 Deum,
3223 1502 3452 1557 sortitus
3463 1507 3540 1557 est
3555 1518 3730 1557 nomen.

2177 1585 2429 1640 Mittitur
2449 1603 2584 1658 ergo
2618 1587 2874 1658 primum
2912 1605 3069 1644 mors
3100 1590 3158 1643 in
3189 1589 3380 1655 Jacob,
3411 1595 3469 1644 ut
3495 1590 3732 1646 mortiﬁce-

2176 1690 2308 1729 mus
2337 1675 2601 1728 membra
2631 1679 2830 1730 nostra
2879 1694 3058 1748 super
3103 1682 3336 1744 terram,
3359 1683 3413 1734 et
3445 1695 3535 1750 per
3553 1678 3734 1734 mortiﬁ-

2177 1762 2461 1817 cationem
2509 1764 2907 1819 membrorum
2958 1766 3364 1838 corporalium,
3397 1768 3660 1823 veniamus
3682 1766 3729 1820 ad

2173 1856 2418 1905 mortem
2452 1851 2704 1916 Israelis,
2745 1857 2808 1906 ut
2829 1853 3027 1908 omnia
3045 1855 3525 1925 perturbationum
3541 1855 3591 1909 in
3609 1853 3733 1910 nobis

2171 1938 2460 1993 incentiva
2482 1941 2825 1996 moriantur.
2854 1941 3108 1998 Percutit
3145 1943 3296 2000 Deus
3317 1943 3571 2015 quidquid
3601 1943 3731 1998 robu-

2170 2029 2326 2080 stum
2362 2027 2420 2081 in
2453 2027 2626 2082 malis
2657 2035 2763 2096 est,
2798 2033 2855 2084 et
2887 2046 3157 2100 perversa
3186 2032 3657 2104 erigiturjuventa,
3682 2046 3732 2084 ne

2171 2115 2242 2170 ad
2269 2121 2628 2171 senectutem
2684 2133 2870 2188 usque
2927 2120 3242 2190 perveniat,
3303 2137 3575 2192 equosque
3600 2117 3733 2174 tradit

2169 2203 2506 2274 captivitati,
2532 2221 2602 2259 ne
2651 2221 2752 2275 per
2795 2207 3114 2278 prmoipitia
3163 2208 3428 2264 labantur
3469 2207 3731 2264 infernizet

2169 2293 2480 2348 ascendere
2506 2293 2641 2347 facit
2676 2295 3042 2364 putredinem
3068 2303 3390 2353 castrorum
3423 2298 3478 2352 in
3498 2311 3636 2352 nares
3659 2310 3726 2349 eo-

2169 2397 2320 2447 rum,
2346 2385 2410 2434 ut
2430 2398 2537 2435 sua
2564 2387 2796 2452 peccata
2819 2391 3194 2456 cognoscant,
3218 2390 3274 2441 et
3310 2392 3497 2458 putere
3515 2384 3728 2445 sentiant,

2168 2469 2477 2540 dieantque
2508 2486 2640 2524 cum
2677 2471 2850 2526 David
2877 2489 2889 2526 :
2945 2473 3284 2529 Putruerunt
3313 2479 3362 2530 et
3387 2483 3618 2544 corrupta
3639 2478 3731 2526 sunt

2167 2559 2447 2613 cicatrices
2470 2575 2603 2614 meae
2620 2576 2651 2613 (ι
2669 2559 2816 2631 facie
2837 2562 3180 2632 insipientia
3203 2579 3339 2621 mete
3357 2564 3462 2634 (Ps.
3484 2559 3729 2628 xxxvu,6).

2169 2645 2431 2718 Cumque
2453 2646 2572 2701 haec
2595 2651 2859 2704 sanantis
2907 2654 3036 2706 voto
3063 2651 3281 2720 fecerit,
3308 2668 3405 2707 nec
3452 2651 3526 2707 sic
3549 2649 3732 2722 quidem

2170 2735 2380 2790 reversi
2415 2743 2553 2790 sunt
2585 2737 2655 2790 ad
2688 2751 2846 2807 eum,
2878 2737 3018 2792 dicit
3052 2738 3356 2803 Dominus,

2242 2858 2425 2930 (Vers.
2458 2859 2565 2929 11.)
2596 2859 2849 2915 Subverti
2879 2877 2966 2916 vos
2997 2864 3142 2918 sicut
3192 2866 3442 2920 subvertit
3470 2865 3586 2918 Deus
3611 2858 3736 2917 Sodo-

2173 2963 2319 3002 mam
2349 2957 2397 3002 et
2428 2948 2800 3016 Gomorrham,
2835 2952 2883 3005 et
2911 2952 3052 3020 facti
3080 2954 3209 3007 estis
3238 2955 3375 3009 sicut
3423 2953 3569 3008 torris
3594 2955 3735 3019 raptus

2173 3034 2236 3090 de
2261 3037 2531 3108 incendio,
2553 3045 2604 3092 et
2621 3052 2728 3092 non
2747 3038 2960 3094 redistis
2971 3039 3041 3094 ad
3057 3056 3165 3109 me,
3189 3042 3324 3098 dicit
3337 3042 3595 3098 Dominus.
3611 3032 3736 3099 LXX;

2175 3124 2426 3180 Subverti
2443 3140 2533 3179 vos
2553 3127 2694 3180 sicut
2714 3124 2978 3181 subvertit
3023 3129 3162 3184 Deus
3187 3129 3459 3185 Sodomam
3498 3131 3543 3184 et
3569 3125 3738 3181 Gomor-

2176 3212 2356 3277 rham,
2381 3221 2431 3267 et
2465 3215 2604 3284 facti
2625 3217 2751 3268 estis
2769 3216 2908 3270 sicut
2933 3218 3100 3271 torris
3120 3222 3309 3273 erutus
3333 3217 3394 3274 de
3414 3220 3540 3288 igne,
3559 3218 3604 3270 et
3619 3211 3740 3267 nesic

2176 3301 2393 3372 quidem
2413 3304 2660 3357 conversi
2678 3304 2802 3357 estis
2819 3301 2889 3357 ad
2908 3319 3013 3370 me,
3054 3303 3190 3361 dicit
3240 3307 3502 3362 Dominus.
3531 3303 3740 3358 Extrema

2178 3390 2468 3444 medicina
2496 3395 2603 3456 est,
2635 3396 2692 3446 et
2721 3391 2920 3446 decem
2963 3392 3251 3460 tribuum,
3307 3398 3362 3449 et
3389 3391 3736 3450 haereticorum,

2176 3483 2232 3534 et
2253 3479 2517 3533 omnium
2542 3483 2934 3550 peccatorum,
2959 3485 3023 3534 ut
3046 3487 3361 3554 postquam
3383 3485 3594 3537 mortem
3613 3474 3738 3530 mise-

2179 3569 2253 3621 rit
2278 3567 2336 3620 in
2358 3566 2450 3621 via
2469 3566 2719 3638 1Egypti,
2744 3573 2802 3621 et
2830 3570 3188 3638 percusserit
3204 3572 3446 3642 juvenes
3465 3581 3624 3624 eorum
3641 3561 3738 3634 gla-

2179 3654 2293 3722 dio,
2327 3671 2625 3726 equosque
2666 3658 3119 3726 consumpserit,
3177 3664 3235 3714 et
3281 3659 3559 3714 ascendere
3582 3646 3734 3705 fecerit

2179 3743 2546 3815 putredinem
2579 3749 2903 3799 castrorum
2939 3745 2997 3799 in
3057 3763 3232 3803 nares
3262 3763 3479 3814 eorum,
3503 3749 3647 3799 etnec
3670 3734 3738 3790 sic

2180 3831 2416 3903 quidem
2441 3831 2510 3886 ad
2540 3848 2674 3886 eum
2698 3833 2909 3888 reversi
2934 3833 3173 3903 fuerint,
3224 3837 3508 3890 subvertet
3526 3845 3605 3887 eos
3629 3823 3744 3881 sicut

2180 3921 2642 3976 subvertitDeus
2669 3922 2981 3976 Sodomam
3025 3926 3082 3976 et
3141 3920 3744 3980 Gomorrhamzetcum

2179 4009 2442 4064 subversi
2468 4008 2703 4077 iuerint,
2727 4009 2799 4064 ob
2823 4009 3274 4067 similitudinem
3305 4010 3589 4067 criminum
3608 3999 3742 4058 Sodo-

2181 4113 2289 4152 mze
2311 4103 2367 4151 et
2388 4096 2742 4164 Gomorrbae,
2767 4097 3138 4170 pessimaque
3156 4099 3217 4154 in
3236 4101 3320 4156 eis
3335 4088 3747 4154 aediﬁciadivinus

2181 4185 2334 4258 ignis
2360 4185 2664 4255 exusserit,
2699 4185 2811 4256 ipsi
2843 4185 3166 4242 liberentur
3197 4188 3364 4260 quasi
3414 4184 3571 4242 torris
3596 4180 3750 4248 raptus

2182 4274 2252 4328 de
2282 4273 2571 4329 incendio.
2607 4274 2675 4328 Et
2704 4276 2996 4344 quomodo
3060 4282 3180 4347 Lot,
3241 4277 3487 4333 Sodoma
3514 4268 3750 4345 pereunte.

2182 4369 2448 4418 servatus
2479 4367 2589 4430 est,
2622 4364 2898 4419 amittens
2930 4366 3325 4421 substantiam
3357 4369 3412 4420 et
3439 4367 3636 4436 partem
3660 4366 3751 4409 001‘-

2183 4453 2341 4523 poris
2367 4452 2482 4516 sui,
2505 4468 2682 4523 quam
2707 4451 3092 4524 intelligimus
3129 4469 3366 4509 uxorem
3408 4450 3596 4519 (Cenes.
3635 4437 3752 4507 xxx):

421 4544 678 4596 strorum
712 4544 768 4596 et
802 4539 968 4595 foster
1048 4540 1351 4596 morientis
1408 4541 1712 4613 exercitus,
1758 4543 2074 4598 viventium
2103 4534 2150 4598 D
2183 4541 2266 4595 sic
2287 4555 2490 4596 omnes
2518 4540 2612 4596 isti
2635 4540 3029 4596 Sodomorum
3051 4540 3287 4596 divitias
3318 4539 3627 4596 amittentes
3659 4541 3754 4584 eva-

426 4644 597 4684 nares
627 4627 886 4700 impleat.
921 4630 1184 4702 Cumque
1215 4635 1272 4686 et
1319 4630 1441 4686 haec
1471 4630 1689 4698 fecerit,
1723 4636 1786 4686 ut
1816 4631 2071 4704 corripe-

425 4720 513 4772 ret
541 4717 972 4788 delinquentes,
1005 4720 1063 4772 et
1119 4719 1458 4774 emendaret
1516 4723 1796 4790 errantes,
1856 4736 1959 4775 nec
1989 4721 2074 4776 sic

425 4805 664 4876 quidem
698 4805 998 4862 redierunt
1027 4807 1098 4860 ad
1131 4821 1286 4876 eum,
1321 4806 1464 4862 dicit
1486 4807 1790 4862 Dominus.
1823 4809 1929 4874 Qui
1959 4825 2072 4864 non

429 4893 618 4949 solum
647 4892 745 4948 illo
766 4897 1048 4965 tempore,
1070 4895 1170 4950 sed
1199 4895 1457 4965 quotidie
1491 4895 1673 4950 mittit
1727 4901 1972 4952 mortem
2017 4900 2074 4953 in

425 4981 521 5037 via
542 4981 790 5054 Egypti,
817 4986 880 5036 ut
899 4982 1000 5053 qui
1022 4982 1349 5055 Egyptiam
1375 4982 1594 5038 triverit
1641 4985 1936 5052 semitam,
1969 5003 2073 5042 au-

429 5071 551 5126 diat
574 5071 831 5126 moriens
851 5072 1155 5127 docentem
1181 5071 1555 5143 Apostolum:
1577 5073 1737 5136 Quod
1752 5074 1907 5129 enim
1931 5092 2078 5132 mor-

427 5164 565 5216 tuus
589 5177 744 5230 sum,
772 5166 1041 5216 mortuus
1072 5177 1202 5216 sum
1227 5166 1461 5234 peccato
1487 5179 1499 5229 ;
1525 5161 1676 5234 quod
1705 5167 1900 5218 autem
1925 5165 2074 5235 vivo,

425 5249 552 5306 vivo
583 5251 693 5306 Deo
716 5251 926 5320 (Galat.
958 5256 1041 5317 ιι).
1067 5251 1134 5306 Et
1156 5251 1211 5305 in
1237 5251 1349 5306 alio
1373 5250 1498 5306 loco
1525 5268 1537 5306 :
1564 5251 1622 5307 St
1652 5255 1861 5308 mortui
1887 5271 2078 5312 sumus

431 5355 557 5394 cum
575 5339 811 5405 Christo,
839 5339 1009 5393 simul
1025 5341 1190 5394 etiam
1213 5342 1455 5395 vivemus
1471 5357 1594 5396 cum
1616 5357 1678 5396 eo
1700 5342 1877 5413 (Rom.
1899 5360 1976 5415 νι,
1997 5345 2073 5418 8).

428 5428 496 5483 Et
525 5428 736 5483 iterum
770 5445 782 5483 :
814 5428 1035 5500 Semper
1089 5431 1564 5499 mortiﬁcationem
1612 5431 1737 5486 Jesu
1769 5432 1828 5485 in
1855 5447 2078 5504 corpore

429 5533 546 5573 meo
565 5525 720 5588 porto
751 5517 822 5588 (ΙΙ
856 5517 976 5572 Cor.
1039 5535 1112 5584 iv,
1175 5519 1281 5590 10).
1316 5520 1384 5574 Et
1426 5535 1700 5575 rursum:
1743 5521 1862 5576 Vivo
1893 5527 2076 5580 autem

429 5605 544 5688 iam
561 5621 670 5663 non
701 5621 821 5677 ego,
854 5606 946 5664 sed
977 5609 1110 5665 vivit
1143 5610 1203 5665 in
1256 5625 1342 5667 me
1401 5607 1648 5668 Christus
1679 5609 1827 5686 (Gai.
1864 5629 1928 5687 ιι,
1958 5613 2072 5693 20).

2184 4630 2327 4685 dant
2357 4629 2519 4698 nudi,
2543 4629 2712 4700 juxta
2742 4628 2883 4683 illud
2917 4629 3073 4700 quod
3132 4629 3191 4684 in
3225 4626 3494 4700 Apostolo
3522 4620 3755 4694 legimus:

2184 4719 2244 4774 Si
2271 4719 2427 4788 cujus
2476 4734 2606 4788 opus
2636 4720 2904 4772 manserit
2932 4718 3073 4789 quod
3113 4715 3575 4790 superazdiﬁcavit,
3600 4715 3757 4763 mercd-

2181 4807 2304 4862 dem
2331 4807 2598 4878 accipiet:
2628 4809 2679 4861 si
2706 4809 2860 4875 cuius
2890 4815 3072 4862 autem
3123 4821 3255 4876 Opus
3285 4804 3498 4868 arserit,
3523 4794 3759 4882 detriment

2184 4904 2298 4950 tum
2323 4898 2600 4968 patietur:
2638 4895 2751 4966 ipse
2778 4899 2966 4949 autem
2992 4896 3177 4950 salvus
3207 4896 3335 4960 erit,
3364 4895 3440 4947 sic
3457 4899 3618 4946 tamen
3641 4889 3756 4953 qua”

2180 5001 2280 5056 per
2310 4987 2488 5056 ignem
2517 4984 2562 5052 (Ι
2596 4985 2705 5040 Cor
2737 5000 2820 5038 ιιι.
2858 4985 2945 5052 14,
2979 4985 3086 5054 15).
3120 4983 3228 5049 Qui
3259 4998 3394 5054 ergo
3433 4977 3758 5056 salvaturrper

2185 5055 2402 5147 ignem,
2428 5073 2594 5145 quasi
2618 5071 2790 5128 torris
2812 5072 2883 5127 de
2905 5071 3168 5127 incendio
3192 5075 3430 5142 rapitur.
3449 5067 3514 5122 Et
3533 5061 3595 5120 ad
3614 5055 3756 5114 istius-

2187 5164 2344 5223 modi
2374 5162 2663 5231 homines,
2689 5177 2837 5232 quos
2857 5159 2918 5216 in
2945 5159 3256 5232 Evangelio
3289 5157 3542 5214 Salvator
3560 5151 3754 5220 arguens

2186 5254 2570 5328 loquebatur:
2624 5250 2684 5306 Si
2737 5251 2844 5318 ﬁlii
2899 5250 3088 5304 essetis
3134 5249 3425 5312 Abraham,
3455 5256 3604 5331 opera

2188 5318 2317 5401 ham
2347 5343 2599 5414 faceretis
2617 5341 2793 5411 (Joan.
2828 5355 2946 5403 vni,
2981 5339 3094 5410 39).
3120 5339 3267 5394 211
3293 5335 3536 5391 Joannes
3556 5318 3755 5414 BaptiS-i:II

2187 5404 2368 5490 dicit':
2395 5404 2686 5502 Progenies
2719 5429 3053 5500 viperarum,
3083 5430 3202 5498 quis
3257 5415 3622 5480 demonstravit
3647 5404 3753 5464 vobis

2186 5522 2382 5597 fugere
2409 5537 2444 5575 α
2474 5501 2700 5576 ventura
2731 5535 2817 5572 ira
2849 5517 3016 5586 (Matt.
3048 5535 3132 5583 ιιι,
3160 5517 3211 5581 7,
3267 5516 3321 5581 8,
3362 5514 3413 5582 9)
3439 5511 3466 5564 ‘I
3504 5505 3644 5601 facito

2184 5590 2428 5690 fructum
2480 5610 2710 5685 dignum
2765 5605 2869 5679 [ΑΙ.
2928 5608 3144 5685 fructus
3202 5601 3412 5678 dignos]
3461 5590 3758 5676 partem“.
