3988 6170
175 230 325 294 mea

974 231 1724 296 COMMENTARIORUM
1767 230 1848 293 IN
1891 231 2107 297 AMOS
2150 234 2298 297 LIB.
2345 234 2400 298 II
2442 236 2612 299 CAP.
2659 237 2767 302 IV.

3411 244 3567 307 1034

168 328 862 423 elnevelitisdiceremtra
877 372 1212 437 vospatrem
1227 366 1808 424 habemusAbraham.
1839 368 1896 434 Α
1926 385 2018 439 ne,
2050 369 2206 440 quod
2237 369 2451 426 dicitur
2479 387 2559 426 MA
2606 371 2765 446 (rm),
2799 371 2909 427 hoc
2960 376 3069 440 est,
3101 374 3261 448 quod,
3319 375 3406 433 vel
3437 379 3570 450 quid

166 454 299 511 Dico
322 454 474 510 enim
502 455 680 528 vobis,
710 454 1073 529 quoniam'(A
1085 456 1126 512 ι.
1150 456 1449 529 quomodo)
1468 465 1648 527 potest
1666 459 1813 514 Deus

162 543 231 599 de
248 543 537 613 lapidibus
560 546 690 601 istis
706 546 989 603 suscitare
1013 545 1166 618 ﬁlios
1184 546 1480 602 Abraham
1501 548 1529 601 ?
1549 546 1734 619 Igitur
1752 551 1811 603 et

165 631 334 689 Israel
365 636 423 688 et
451 633 646 689 cuncti
679 634 955 707 haeretici,
989 635 1129 707 quia
1174 635 1471 691 habebant
1498 652 1675 707 opera
1702 639 1819 691 So-'

159 721 339 778 domes
368 726 425 777 et
478 723 836 795 Gomorrhae,
897 724 1321 780 subvertuntur
1362 727 1428 780 ut
1470 724 1725 780 Sodoma
1754 727 1811 781 et

155 808 507 866 Gomorrha:
539 815 603 866 ut
648 812 818 884 quasi
840 813 1015 868 torris
1046 815 1252 884 raptus
1282 812 1353 868 de
1384 811 1650 869 incendio
1672 812 1811 869 libe-

153 902 366 955 rentur.
399 899 470 954 Et
499 899 609 955 hoc
638 903 728 956 est
757 900 913 973 quod
945 901 1005 956 in
1055 900 1339 974 propheta
1385 900 1678 973 legimus:
1713 903 1809 959 Re-

153 988 402 1043 stituetur
423 986 654 1044 Sodoma
682 991 746 1044 in.
764 992 1064 1062 antiquum
1089 990 1302 1063 (Ezech.
1330 1008 1447 1055 xvr,
1470 991 1595 1059 55(:
1620 994 1684 1046 ut
1705 991 1807 1063 qui

155 1092 254 1131 suo
281 1075 426 1131 vitio
453 1077 786 1134 Sodomites
816 1082 924 1148 est,
983 1084 1298 1151 postquam
1356 1077 1417 1134 in
1446 1094 1513 1134 eo
1542 1080 1805 1135 Sodomae

152 1181 325 1238 opera
353 1166 627 1234 arserint,
662 1166 722 1223 in
754 1167 1067 1240 antiquum
1097 1167 1441 1224 restituatur
1469 1172 1712 1224 statum.

214 1254 409 1327 (Vers.
439 1256 527 1321 l2,
550 1256 665 1328 13.)
686 1260 1061 1330 Quapropter
1083 1262 1197 1313 haec
1214 1258 1439 1327 faciam
1456 1257 1581 1328 tibi,
1594 1258 1770 1313 Israel
1783 1277 1807 1323 ,-

147 1349 455 1416 postquam
475 1353 672 1402 autem
691 1346 807 1403 haec
827 1344 1151 1419 (Vulg.hoc)
1177 1346 1370 1420 fecero
1389 1347 1518 1415 tibi,
1540 1361 1807 1416 prwpare

150 1436 207 1490 in
228 1449 539 1492 occursum
568 1435 674 1492 Dei
692 1436 797 1503 tui,
828 1434 1035 1502 Israel,
1058 1436 1200 1506 quia
1219 1451 1347 1492 ecce
1366 1434 1629 1509 formans
1649 1452 1808 1492 mon-

146 1532 233 1590 tes,
251 1531 315 1580 et
324 1539 527 1582 creans
540 1532 795 1590 ventum,
820 1534 875 1581 et
892 1525 1257 1581 annuntians
1276 1525 1496 1581 homini
1509 1524 1806 1597 eloquium

144 1629 329 1681 suum,
353 1613 577 1689 faciens
592 1614 946 1671 matulinam
971 1614 1259 1683 nebulam,
1277 1617 1331 1670 et
1347 1614 1609 1684 gradiens
1636 1630 1808 1686 super

146 1705 369 1760 excelsa
397 1708 569 1759 terra
590 1704 861 1760 Dominus
881 1704 1027 1760 Deus
1055 1704 1417 1760 exercituum
1434 1718 1637 1759 nomen
1659 1704 1799 1775 ejus.
1834 1738 1881 1804 Β

149 1792 283 1848 LXX
308 1809 326 1847 :
358 1795 678 1863 Propterea
694 1794 779 1851 sic
790 1793 1008 1866 faciam
1022 1793 1151 1862 tibi,
1168 1791 1357 1849 Israel
1375 1810 1395 1847 :
1412 1798 1807 1851 verumtamen

148 1884 274 1954 quia
292 1883 385 1939 sic
405 1883 627 1953 faciam
641 1882 1094 1953 tibi,praeparare
1113 1888 1175 1938 ut
1190 1883 1411 1939 invocas
1426 1887 1604 1939 Deum
1616 1887 1804 1953 tuum,

147 1971 346 2027 Israel.
382 1956 529 2043 Quia
559 1988 678 2028 ecce
697 1973 935 2042 ﬁrmans
954 1973 1299 2041 tonitruum,
1331 1977 1387 2028 et
1407 1988 1614 2029 creans
1637 1971 1807 2045 spiri-

147 2070 274 2129 tum,
295 2068 359 2116 et
377 2061 729 2117 annuntians
740 2063 802 2118 in
814 2062 1074 2118 homines
1087 2060 1373 2117 Christum
1383 2076 1569 2117 suum.
1586 2062 1805 2132 faciens

146 2165 336 2219 mane,
358 2155 415 2206 et
431 2152 726 2219 nebulam,
746 2158 802 2206 et
815 2150 1131 2206 ascendens
1170 2166 1342 2222 super
1358 2151 1585 2207 excelsa
1603 2158 1805 2208 terrae:

143 2239 417 2295 Dominus
444 2240 592 2295 Deus
621 2239 975 2312 omnipotens
1003 2255 1203 2296 nomen
1231 2240 1374 2313 ejus.
1409 2240 1516 2295 Pro
1547 2254 1613 2295 eo
1646 2239 1803 2311 quod

143 2344 244 2384 nos
266 2327 642 2401 interpretati
665 2344 893 2398 sumus,
913 2333 1219 2401 postquam,
1241 2328 1302 2384 in
1328 2328 1606 2385 Hebraico
1627 2328 1806 2401 scrip-

140 2421 260 2505 tum
294 2421 393 2473 est
444 2432 584 2505 sese
637 2418 828 2505 (app),
888 2420 946 2473 et
1000 2416 1210 2490 Aquila
1266 2417 1684 2489 interpretatus
1716 2421 1805 2474 est

146 2500 401 2580 ὕστερον,
437 2504 495 2560 id
528 2508 637 2572 est,
687 2500 911 2577 postea,
943 2508 1001 2561 et
1055 2505 1381 2563 Theodotio
1408 2507 1716 2578 novissime,
1747 2509 1807 2562 et

140 2593 536 2668 Septuaginta
562 2597 933 2651 verumtamen
959 2612 974 2663 ;
1024 2595 1084 2650 in
1134 2595 1415 2652 Hebraico
1446 2595 1528 2651 sic
1557 2594 1670 2668 legi
1696 2611 1804 2668 po-

142 2686 284 2740 test:
327 2685 670 2756 Quapropter
698 2683 810 2739 haec
861 2686 1068 2757 faciam
1097 2685 1221 2752 tibi,
1279 2685 1472 2752 Israel,
1502 2689 1711 2757 postea,
1744 2683 1801 2739 id

140 2777 240 2841 est,
275 2770 480 2828 multo
508 2774 643 2845 post
669 2775 954 2846 tempore,
987 2776 1044 2830 et
1072 2773 1131 2828 in
1179 2771 1518 2829 novissimis
1548 2771 1799 2842 saaculis,

141 2864 202 2916 ut
229 2877 452 2918 rursus
472 2861 544 2917 ab
577 2860 692 2917 alio
719 2860 1006 2934 principio
1026 2877 1227 2918 versus
1255 2860 1534 2934 incipiat:
1566 2862 1805 2934 Cumque

140 2955 237 3007 hoc
265 2953 525 3022 facturus
550 2950 657 3005 sim
677 2950 798 3019 tibi,
818 2965 1144 3023 prxparare
1164 2952 1226 3006 in
1251 2966 1538 3007 occursum
1566 2950 1672 3006 Dei
1697 2950 1803 3019 tui,

139 3039 347 3094 Israel.
372 3038 743 3111 Rursumque
762 3039 822 3094 in
843 3054 909 3095 eo
930 3037 1056 3095 loco
1084 3038 1183 3095 ubi
1209 3038 1594 3112 Septuaginta
1614 3042 1803 3094 trans-

141 3126 435 3199 tulerunt,
462 3107 786 3200 prwparare
816 3130 873 3184 ut
920 3130 1130 3185 invoces
1184 3107 1359 3184 Deum
1387 3107 1561 3197 trium,
1613 3132 1671 3184 et
1696 3143 1804 3184 nos
1834 3107 1877 3175 (ἶ

136 3218 301 3288 juxta
338 3216 802 3273 'I‘heodotionem
834 3217 1500 3290 posuimus,pra3parare
1521 3218 1583 3273 in
1615 3232 1807 3273 occur-

139 3309 261 3363 sum
285 3308 398 3364 Dei
415 3307 519 3374 tui,
543 3307 935 3380 Symmachus
964 3311 1022 3364 et
1045 3306 1260 3373 Quinta
1278 3306 1467 3363 Editio
1499 3306 1809 3363 transtule-

140 3401 296 3468 runt,
308 3412 648 3469 praeparare
662 3400 723 3451 ut
740 3395 1041 3452 adverseris
1061 3401 1171 3453 Deo
1189 3399 1281 3451 tuo
1306 3413 1318 3452 :
1346 3396 1504 3468 quod
1536 3394 1813 3469 Hebraice

142 3485 612 3555 dicitur,nscnm
627 3485 990 3557 (Quasnam
1003 3486 1352 3573 ELomAqtan
1365 3469 1567 3572 ΠΜρὸ
1577 3468 1808 3571 Ἴτε-ιώ).

142 3572 246 3629 Pro
276 3574 596 3630 montibus
625 3591 860 3647 quoque
890 3574 991 3646 qui
1041 3572 1320 3631 Hebraice
1351 3574 1629 3630 dicuntur
1656 3574 1813 3629 Amm

141 3660 377 3735 (εηη),
423 3661 534 3718 soli
568 3662 951 3735 Septuaginta
1010 3661 1266 3738 βροντήν,
1293 3662 1351 3718 id
1404 3665 1512 3730 est,
1546 3663 1815 3717 tonitrum

142 3753 480 3808 verterunt.
511 3754 626 3807 Cur
644 3754 839 3808 autem
862 3750 945 3806 illi
965 3752 1243 3824 spiritum,
1270 3755 1327 3807 et
1357 3767 1462 3807 nos
1493 3750 1813 3807 dixerimus

138 3827 397 3907 ventum,
431 3839 535 3913 qui
568 3840 843 3896 Hebraice
871 3844 1112 3897 vocatur
1141 3856 1257 3896 RUA
1289 3840 1451 3913 (rm),
1479 3856 1659 3897 causa
1685 3854 1811 3896 ma-

138 3928 365 3986 nifesta
396 3932 509 3996 est,
535 3928 688 3986 2'18
712 3928 853 4001 quia
872 3928 981 3986 hoc
1009 3930 1184 3986 verbo
1204 3933 1262 3985 et
1278 3934 1472 3986 ventus
1501 3934 1559 3986 et
1584 3930 1814 3999 spiritus

138 4018 504 4092 appellatur.
526 4018 808 4090 Quodque
821 4019 1107 4091 sequitur,
1122 4020 1465 4075 annuntians
1481 4018 1695 4076 homini
1708 4017 1819 4074 elo-

135 4110 337 4178 quium
350 4106 881 4174 suum,cunctisita
891 4111 957 4163 ut
969 4124 1077 4165 nos
1091 4108 1370 4165 vertimus
1385 4108 1817 4181 interpretanti-

137 4196 271 4270 bus,
290 4194 417 4254 soli
432 4196 818 4269 Septuaginta
835 4196 1279 4270 transtulerunt,
1296 4199 1638 4254 annuntians
1656 4199 1715 4253 in
1730 4198 1820 4254 ho-

133 4286 816 4345 minesChristumsuum:
829 4285 985 4341 verbi
998 4286 1393 4343 similitudine
1405 4291 1461 4343 et
1473 4286 1822 4359 ambiguita—

139 4379 197 4431 te
218 4375 487 4448 decepti.
512 4374 570 4431 Si
595 4374 752 4431 enim
775 4374 1039 4448 legamus
1064 4375 1339 4432 Christum
1353 4392 1516 4431 suum
1538 4377 1693 4448 quod
1715 4375 1821 4432 He-

1919 456 2138 513 Deinde
2168 473 2282 529 sm,
2312 459 2432 526 IoD,
2462 477 2628 529 nera,
2681 461 2837 533 quod
2884 460 3136 534 legimus
3166 481 3255 520 SlA
3285 465 3474 536 (mw),
3505 468 3567 524 id

1919 549 2027 611 est,
2057 547 2354 618 eloquium.
2389 552 2434 604 Ο
2482 553 2677 605 autem
2733 550 2887 622 quod
2947 549 3221 607 scribitur
3250 570 3353 626 per
3383 554 3568 614 solam

1918 633 2172 690 litteram
2196 653 2327 705 VAU,
2348 634 2532 705 αότοό,
2559 638 2615 693 id
2637 642 2747 704 est,
2772 639 2910 711 ejus,
2934 639 3247 712 significat,
3271 641 3570 717 simulque

1918 723 2299 781 commixtum
2322 725 2534 799 legitur
2554 744 2732 783 MASIO
2754 728 3063 800 (intuma),
3086 748 3119 786 a
3140 730 3428 803 superiori
3448 750 3571 790 ver-

1917 812 1991 868 bo
2021 830 2093 868 ne
2123 815 2440 871 secundam
2471 815 2728 872 litteram
2751 816 2884 889 plus
2910 818 3153 876 habens.
3182 820 3263 876 De
3290 822 3569 879 varietate

1916 901 2414 974 interpretationis
2434 904 2710 972 diximus,
2730 922 2857 978 qua
2876 906 3123 964 molesta
3142 909 3254 965 erit
3273 910 3569 985 negligen-

1914 989 2095 1057 tibus,
2119 993 2398 1049 studiosis
2421 999 2589 1066 grata
2613 1011 2626 1049 :
2652 1012 2807 1050 nunc
2829 996 2900 1051 ad
2925 1013 3165 1053 sensum
3188 1013 3412 1067 eorum,
3438 1016 3566 1072 quzu

1916 1079 2132 1152 scripta
2159 1086 2317 1150 sunt,
2351 1087 2744 1140 transeamus.
2779 1085 2921 1140 Dedi
2961 1088 3260 1158 stuporem
3293 1088 3567 1146 dentibus

1913 1169 2143 1238 vestris,
2178 1174 2235 1226 et
2264 1188 2378 1227 non
2411 1172 2646 1229 redistis
2676 1174 2747 1229 ad
2779 1190 2892 1245 me,
2925 1173 3067 1230 dicit
3094 1175 3400 1233 Dominus.
3425 1181 3567 1234 Pro-

1914 1255 2078 1313 hibui
2103 1275 2136 1313 a
2155 1259 2318 1317 vobis
2341 1260 2612 1333 imbrem,
2636 1266 2691 1318 et
2713 1262 2832 1334 plui
2851 1278 3030 1335 super
3044 1263 3339 1321 civitatem
3362 1282 3565 1340 unam,

1914 1349 1971 1402 et
1998 1363 2177 1419 super
2206 1348 2448 1406 alteram
2481 1367 2597 1407 non
2627 1350 2772 1424 plui,
2804 1355 2862 1408 et
2889 1357 3172 1410 venerunt
3201 1355 3330 1410 dum
3361 1359 3418 1412 et
3446 1359 3567 1413 tres

1914 1436 2176 1493 civitates
2198 1438 2269 1493 ad
2293 1455 2473 1495 unam
2496 1443 2561 1495 ut
2581 1440 2841 1497 biberent
2864 1457 3070 1514 aquas,
3094 1446 3153 1499 et
3179 1459 3296 1499 non
3318 1449 3460 1501 sunt
3480 1462 3572 1503 sa-

1912 1526 2068 1582 tiatae
2093 1543 2106 1582 :
2130 1529 2187 1582 et
2206 1543 2311 1584 nec
2332 1528 2416 1583 sic
2437 1528 2672 1585 redistis
2698 1530 2771 1585 ad
2796 1546 2910 1598 me,
2938 1530 3078 1586 dicit
3097 1532 3404 1590 Dominus.
3427 1533 3571 1591 Per-

1915 1615 2071 1671 cussi
2092 1632 2197 1670 vos
2220 1615 2279 1672 in
2299 1621 2469 1673 vento
2490 1622 2717 1687 urente,
2744 1622 2801 1674 et
2822 1636 2892 1675 au
2902 1619 3108 1691 rugine
3127 1621 3329 1679 hortos
3342 1626 3570 1680 vestros

1914 1706 1972 1758 et
1997 1702 2194 1759 vineas
2221 1708 2278 1760 et
2306 1704 2516 1762 oliveta
2545 1711 2721 1780 atque
2772 1708 2962 1776 ﬁceta,
2994 1712 3051 1765 et
3080 1725 3195 1766 non
3226 1711 3463 1768 redistis
3493 1711 3568 1769 ad

1915 1808 2029 1858 me,
2053 1792 2195 1848 dicit
2217 1794 2517 1850 Dominus.
2541 1794 2673 1851 Misi
2697 1796 2755 1851 in
2778 1812 2878 1853 vos
2898 1801 3148 1853 mortem
3165 1798 3224 1854 in
3244 1799 3339 1855 via
3356 1799 3568 1874 Egyp-

1912 1880 1978 1952 ti,
2009 1884 2067 1936 et
2097 1882 2363 1953 percussi
2393 1882 2452 1937 in
2482 1884 2678 1955 gladio
2702 1885 2949 1956 juvenes
3005 1891 3253 1955 vestros,
3284 1892 3344 1944 et
3369 1903 3569 1946 ascen-

1913 1970 2050 2025 dere
2082 1970 2189 2026 feci
2221 1971 2592 2043 putredinem
2623 1977 2952 2030 castrorum
2983 1975 3375 2032 vestrorumin
3397 1991 3572 2033 nares

1910 2064 2154 2128 vestras,
2191 2064 2248 2116 et
2274 2078 2387 2117 non
2418 2062 2655 2119 redistis
2678 2063 2751 2119 ad
2783 2079 2894 2131 me,
2922 2063 3066 2120 dicit
3085 2064 3392 2121 Dominus.
3418 2066 3569 2123 Sub-

1910 2150 2055 2205 verti
2085 2166 2187 2205 vos
2219 2149 2373 2206 sicut
2402 2151 2689 2208 subvertit
2716 2152 3003 2209 Dominus
3032 2153 3351 2210 Sodomam
3373 2157 3432 2211 et
3456 2155 3569 2213 Go-

1914 2239 2234 2305 morrham,
2271 2242 2329 2294 et
2360 2239 2494 2295 facti
2526 2241 2674 2296 estia
2703 2241 2871 2312 quasi
2919 2242 3093 2298 torris
3144 2249 3348 2314 raptus
3377 2243 3448 2299 de
3478 2243 3570 2300 in-

1911 2326 2140 2393 cendio,
2174 2330 2231 2382 et
2256 2343 2371 2383 non
2394 2328 2630 2384 redistis
2652 2329 2723 2384 ad
2749 2344 2864 2399 me,
2888 2330 3030 2385 dicit
3056 2330 3361 2387 Dominus.
3396 2330 3572 2387 Idcir-

1914 2431 1979 2470 co
2011 2414 2136 2470 haec
2172 2414 2380 2470 faciam
2411 2415 2539 2482 tibi,
2570 2433 2602 2472 ο
2634 2416 2831 2487 Israel,
2879 2421 2945 2472 ut
2975 2417 3073 2489 qui
3105 2419 3401 2491 praterita
3427 2435 3568 2477 con-

1911 2502 2446 2575 tempsisti,saltem
2464 2505 2536 2560 ad
2555 2521 2623 2561 ea
2639 2521 2767 2577 quae
2782 2504 3058 2563 illaturus
3070 2506 3565 2584 sum,corrigaris.

1911 2590 2176 2663 Cumque
2210 2592 2438 2664 dixerit,
2470 2594 2583 2649 haec
2610 2596 2815 2666 faciam
2862 2595 2985 2664 tibi,
3021 2594 3163 2667 quid
3196 2595 3460 2653 facturus
3488 2596 3568 2654 sit

1909 2683 2081 2748 tacet,
2114 2680 2184 2753 (ο)
2213 2684 2277 2736 ut
2302 2682 2445 2737 dum
2471 2682 2542 2738 ad
2570 2683 2804 2756 singula
2825 2699 3128 2756 poenarum
3155 2699 3367 2758 genera
3387 2683 3567 2741 Israel

1911 2769 2125 2841 pendet
2183 2770 2441 2827 incertus
2488 2771 2639 2844 (quae
2670 2772 2823 2829 2'19
2856 2772 2985 2829 ideo
3020 2773 3373 2830 terribiliora
3401 2776 3562 2844 sunt,

1911 2858 2049 2931 quia
2066 2858 2265 2915 omnia
2279 2860 2841 2934 suspicantur),agat
2854 2861 3258 2934 pmnitentiam
3282 2878 3296 2917 :
3314 2879 3390 2919 ne
3408 2862 3565 2919 Deus

1908 2946 2121 3003 inferat
2151 2965 2278 3021 quis
2309 2949 2589 3006 minatur.
2641 2949 2960 3023 Postquam
3011 2954 3207 3007 autem
3239 2950 3424 3008 fecero
3453 2951 3563 3008 tibi

1910 3053 2037 3109 qua;
2068 3052 2161 3094 me
2192 3038 2480 3094 facturum
2514 3054 2643 3095 esse
2666 3043 2978 3112 contestor,
3009 3055 3337 3113 praeparare
3366 3040 3439 3097 ad
3468 3040 3563 3097 in-
3602 3104 3609 3107 ἡ

1913 3125 2240 3182 vocandum
2272 3126 2584 3183 Dominum
2619 3132 2799 3184 Deum
2828 3132 3014 3184 tuum.
3045 3128 3253 3186 Omnis
3280 3129 3436 3186 enim
3459 3128 3564 3203 qui

1918 3213 2269 3271 invocaverit
2298 3231 2512 3272 nomen
2542 3216 2999 3285 Domini,salvus
3028 3217 3139 3274 erit
3165 3218 3319 3291 (Joel.
3353 3220 3438 3292 II).
3471 3219 3562 3276 Si-

1917 3319 1984 3359 ve
2006 3320 2330 3376 praeparare
2359 3304 2419 3361 in
2442 3322 2750 3362 occursum
2776 3306 2877 3363 Dei
2904 3307 3010 3374 tui,
3042 3310 3110 3362 ut
3135 3307 3462 3365 venientem
3491 3308 3567 3366 ad

1918 3397 1975 3449 te
2003 3392 2336 3464 Dominum,
2368 3398 2490 3450 tota
2520 3395 2796 3452 aviditate
2842 3395 3153 3468 suscipias.
3204 3396 3318 3451 Iste
3345 3399 3435 3452 est
3465 3396 3570 3467 qui

1920 3481 2118 3536 firmat
2136 3483 2354 3538 tonitru
2364 3482 2611 3552 um,sive
2628 3487 2857 3540 montes
2872 3484 2951 3555 (ἀ)
2967 3483 3375 3552 conﬁrmat,ad
3397 3484 3570 3554 cujus
3674 3542 3697 3552 κ

1920 3585 2118 3625 vocem
2149 3569 2423 3627 caelorum
2445 3571 2712 3628 cardines
2737 3576 2793 3627 et
2821 3576 2987 3628 terra:
3011 3572 3396 3628 fundamenta
3425 3588 3569 3644 qua-

1920 3658 2147 3714 tiuntur
2176 3658 2346 3731 (Eccl.
2369 3659 2506 3731 xv1).
2539 3658 2652 3715 Iste
2674 3660 2773 3732 qui
2804 3664 2962 3716 creat
2981 3660 3277 3733 spiritum,
3310 3675 3487 3732 quem
3508 3658 3572 3716 in

1922 3746 2031 3803 hoc
2060 3747 2188 3804 loco
2218 3765 2333 3804 non
2363 3748 2646 3820 Spiritum
2678 3757 2969 3818 sanctum,
3004 3754 3070 3805 ut
3097 3748 3353 3805 heretici
3384 3747 3578 3823 suspi-

1923 3840 2169 3905 cantur;
2202 3837 2303 3892 sed
2322 3840 2564 3893 ventum
2588 3836 3007 3911 intelligimus,
3029 3837 3149 3895 sive
3177 3838 3456 3911 spiritum
3477 3837 3577 3896 ho-

1924 3925 2136 3982 minis:
2163 3926 2303 3998 quia
2323 3942 2495 3982 nemo
2517 3927 2627 3983 scit
2646 3944 2775 3999 qua
2797 3928 3010 3984 suntin
3033 3928 3293 3996 homine,
3315 3927 3433 3985 nisi
3455 3927 3576 4002 spi-

1925 4015 2074 4071 ritus
2103 4014 2204 4088 qui
2236 4019 2326 4071 est
2354 4016 2412 4071 in
2444 4032 2510 4072 eo
2538 4041 2553 4086 ;
2585 4020 2641 4072 et
2670 4017 2798 4089 ipse
2826 4017 3074 4091 spiritus
3115 4017 3448 4092 interpellat
3475 4034 3579 4091 pro

1925 4104 2095 4160 nobis
2126 4104 2443 4177 gemitibus
2472 4105 2865 4162 ineﬂ‘abilibus
2909 4107 3084 4179 (Rom.
3115 4108 3263 4180 vm).
3292 4106 3398 4165 Vel
3428 4110 3583 4164 certe

1926 4192 2220 4265 spiritum,
2265 4193 2524 4249 animam
2581 4195 2863 4251 debemus
2920 4196 3202 4270 accipere,
3252 4197 3583 4254 secundum

1927 4282 2072 4338 illud
2104 4284 2258 4354 quod
2278 4270 2559 4355 scriptum
2590 4288 2680 4341 est
2698 4302 2717 4340 :
2748 4285 2979 4357 Auferes
3007 4287 3268 4358 spiritum
3294 4301 3504 4354 eorum,
3530 4292 3584 4342 et
3631 4346 3640 4356 ,

1929 4371 2198 4443 deﬁcient,
2228 4376 2281 4428 ct
2308 4375 2369 4428 in
2410 4374 2694 4443 pulverem
2738 4392 2901 4431 suum
2945 4378 3285 4431 revertentur
3314 4376 3428 4446 (Ps,
3457 4389 3582 4442 cm,

136 4463 1827 4536 braicediciturmssroﬁmmgscribiturperhaslitteras
1856 4467 1903 4532 Ι)
1937 4461 2044 4533 19).
2076 4463 2176 4517 Et:
2208 4463 2393 4530 Patcr,
2425 4464 2486 4518 in
2537 4479 2735 4519 manus
2788 4466 2913 4518 tuas
2966 4462 3276 4520 commendo
3324 4464 3587 4531 spiritum

146 4571 301 4621 usus,
319 4569 451 4619 sm,
473 4569 588 4621 IOB,
606 4569 775 4619 nuru,
788 4557 845 4609 et
857 4568 994 4619 vau,
1010 4552 1164 4626 quod
1186 4552 1318 4608 LXX
1334 4556 1704 4625 putaverunt.
1724 4552 1824 4607 Sin

133 4648 346 4701 autem
364 4645 439 4698 ut
459 4642 519 4697 in
532 4641 776 4698 Hebrmo
796 4645 904 4713 est,
919 4642 1091 4714 juxta
1106 4640 1379 4713 Aquilam
1399 4641 1584 4714 (ὁ)τήν
1601 4636 1823 4712 ὁμιλίαν

139 4729 316 4787 αότοὖ
347 4750 363 4790 :
384 4732 560 4804 juxta
580 4729 1002 4806 Symmachum
1050 4729 1113 4783 τὸ
1139 4730 1379 4807 φώνημα
1428 4727 1592 4783 αὐτοῦ
1615 4748 1628 4785 :
1653 4730 1827 4801 juxta

138 4820 644 4886 Theodotionem,
668 4819 758 4873 τὸν
793 4815 959 4893 λόγον
987 4817 1151 4872 αὐτοῦ
1177 4835 1189 4875 :
1208 4820 1380 4890 juxta
1408 4818 1679 4891 quintam
1704 4817 1825 4874 edi-

142 4910 385 4968 tionem
405 4909 509 4978 τὴν
535 4904 863 4983 ἀδολεσχίαν
882 4905 1067 4976 αὐτοῦ,
1086 4923 1217 4979 quas
1233 4907 1431 4964 omnia
1448 4908 1829 4979 interpretan-

137 5002 262 5071 tur,
284 4998 458 5073 quod
480 4997 557 5055 sit
575 4998 850 5069 eloquium
867 4999 1002 5069 ejus,
1027 4996 1119 5053 his
1136 4994 1346 5053 litteris
1363 4995 1824 5065 scribeturmsm,

152 5271 162 5280 _
214 5196 304 5283 (ρ)
326 5194 631 5254 Hodierna
645 5194 929 5252 Hebraica
939 5193 1293 5266 exemplaria
1306 5202 1433 5283 pars
1450 5210 1585 5250 cum
1600 5209 1708 5250 vau
1723 5209 1826 5266 pro

139 5269 969 5409 tegiﬂnsinuawisterciensis
980 5335 1271 5409 msJectio
1281 5334 1587 5409 isthsecgcl;
1603 5331 1827 5409 ὁμιλίας

135 5407 323 5465 τιὐὲὀῦ
351 5408 443 5465 vel
464 5408 681 5476 ἑαυτοῦ,
710 5414 777 5465 ut
829 5408 889 5465 in
948 5409 1079 5465 aliis
1128 5413 1214 5465 est
1258 5407 1450 5475 libris,
1501 5407 1829 5465 rectissime

221 5496 339 5554 sua
362 5479 1152 5554 Aquilminterpretationem
1184 5480 1267 5537 ita
1291 5477 1674 5554 restitui'glcj,
1698 5478 1827 5553 ὁμι-

182 5551 245 5612 ῐα
276 5549 487 5625 αὕτοᾶ
518 5551 610 5610 vel
640 5549 855 5621 tau-:66,
882 5567 1009 5626 quae
1050 5555 1386 5614 conversatio
1428 5551 1570 5612 tua?
1599 5549 1671 5612 Et
1689 5549 1826 5615 vero

496 5680 767 5749 Panos.
811 5679 1004 5751 XXV.

1932 4555 2192 4619 meum,et
2220 4551 2319 4608 hoc
2336 4551 2520 4607 dicens
2536 4553 2837 4623 exspiravit
2852 4554 3008 4622 ]Luc.
3028 4551 3304 4623 unum).
3322 4554 3586 4622 Cumque

1935 4639 2214 4697 creaverit
2243 4640 2540 4712 spiritum,
2573 4641 2888 4696 annuntiat
2916 4640 3256 4697 hominibus
3284 4638 3585 4711 eloquium

1935 4745 2131 4797 suum,
2166 4728 2287 4784 sive
2317 4728 2630 4785 annuntiat
2685 4728 2908 4784 homini
2966 4728 3270 4802 eloquium
3298 4728 3451 4799 ejus,
3483 4726 3587 4801 qui

1934 4817 2353 4891 cogitationum
2384 4822 2606 4873 secreta
2634 4817 2954 4890 cognoscit,
2984 4821 3044 4873 et
3076 4816 3216 4889 quid
3248 4816 3435 4874 latens
3464 4815 3588 4873 ani-

1935 4921 2070 4960 mus
2099 4904 2273 4959 tacito
2304 4919 2572 4960 sermone
2614 4908 2842 4973 tractet,
2904 4903 3198 4978 intelligit,
3241 4905 3412 4978 juxta
3437 4903 3585 4962 illud

1937 4994 2092 5067 quod
2124 4994 2183 5049 in
2211 4992 2468 5050 Jeremia
2514 4993 2840 5051 secundum
2891 4992 3241 5051 Hebraicum
3288 4993 3585 5068 legimus:

1936 5194 2196 5246 Romana
2223 5191 2329 5242 τῶν
2357 5189 2497 5265 LXX
2518 5188 2695 5265 editio
2719 5188 2804 5265 sic
2834 5188 3046 5265 melius
3068 5207 3246 5263 quam
3268 5191 3424 5265 apud
3456 5189 3589 5249 Hie-

1936 5277 2269 5333 ronymum,
2301 5261 2524 5333 Aquilae
2553 5261 2731 5333 verba
2759 5261 2889 5333 ipsa
2916 5261 3142 5319 recitat.

2006 5279 2042 5318 n
2085 5278 2269 5325 mum,
2301 5278 2524 5333 aquius
2553 5278 2731 5316 verna
2759 5278 2889 5333 ipsa
2916 5278 3142 5319 recitat.

2006 5278 2082 5416 (ei
2098 5334 2313 5415 .Confer
2331 5332 2616 5416 euquui
2636 5333 2881 5389 Ruﬁnus
2904 5333 3090 5403 audit,
3113 5338 3171 5391 et
3193 5333 3252 5391 S.
3276 5333 3469 5392 Patris
3489 5347 3587 5392 ex-

1937 5403 2287 5479 positionem
2319 5403 2619 5479 suggillet.

2008 5476 2089 5553 (ἀ)
2118 5475 2479 5535 Inter-serunt
2505 5475 2601 5534 hic
2630 5476 2748 5537 duo
2780 5492 2922 5536 mss.
2955 5492 3148 5554 argue.

3184 5674 3275 5763 3.3
