3986 6190
387 239 545 303 1035
1636 249 1702 313 S.
1746 250 1961 314 EUSE'

2106 253 2548 321 HlERONYMl
3290 312 3295 313 κ
3562 272 3680 334 1036

383 376 635 432 Parnum
659 378 738 433 est
766 391 860 433 cor
886 377 1128 435 hominis
1158 379 1265 452 (At.
1297 383 1546 438 omnium
1572 387 1626 440 et
1655 384 1958 456 hominum)
1979 388 2030 440 et
2058 392 2113 457 Α
2142 389 2296 462 (Cap.
2329 391 2395 445 V.
2428 423 2496 432 -
2526 392 2668 449 Vere
2717 412 2757 462 ι,
2789 395 2866 467 2).
2927 393 3120 453 Audite
3169 397 3374 455 uerbum
3420 401 3558 468 istud,
3581 406 3686 475 quod

384 464 759 533 incrustabile,
792 467 914 556 quis
941 471 1219 537 c0gnoscet
1246 470 1430 526 illud?
1456 471 1568 542 Ego
1599 473 1862 528 Dominus
1885 490 2035 529 scru—
2143 477 2247 547 (Al.
2283 479 2407 551 quo)
2436 497 2533 552 ego
2564 482 2679 538 levo
2708 464 2872 555 super
2899 500 2989 541 vos
3034 485 3318 556 planctum.
3362 464 3687 548 Domus'lsrael

381 554 508 647 tuus
537 568 653 620 cor,
674 558 737 647 et
758 554 1005 647 probans
1032 574 1190 614 renes
1221 559 1356 630 (Jer.
1385 578 1523 626 xvn,
1553 562 1608 627 9,
1645 562 1750 633 10).
1784 562 1946 626 Quod
1979 566 2036 618 et
2144 566 2291 623 281
2327 570 2558 626 cecidit:
2590 589 2705 626 non
2753 554 2955 644 adjciet
2980 554 3046 629 ut
3095 580 3349 645 resurgat.
3407 579 3541 647 Virgo
3562 580 3691 636 Israel

382 639 444 696 in
470 642 788 700 centesimo
809 643 1104 703 tricesimo
1125 652 1325 705 octavo
1353 649 1579 722 psalmo
1601 649 1904 722 Scriptura
1923 653 2034 706 tes-
2136 660 2386 728 projecta
2415 668 2491 715 est
2520 661 2580 715 in
2600 670 2803 717 terram
2829 679 3007 735 suam,
3030 680 3140 720 non
3167 669 3239 720 est
3265 667 3353 737 qui
3376 668 3564 722 suscitet
3584 684 3691 736 eam,

382 732 579 787 tatur:
611 732 993 806 Imperfectum
1019 752 1203 793 meum
1255 738 1511 796 viderunt
1536 741 1683 796 oculi
1711 740 1813 795 tui.
1846 743 1916 795 Et
1945 743 2035 796 est
2144 744 2285 801 LXX
2315 763 2328 801 :
2363 748 2555 803 Audite
2584 751 2809 806 verbum
2837 732 3004 818 istud,
3037 753 3176 825 quod
3194 732 3285 822 ego
3308 770 3549 809 assumam
3572 732 3693 827 super

383 835 594 878 sensus
620 839 634 879 :
657 824 983 895 Antequam
1006 827 1652 900 conderer,priusquam
1675 828 2034 884 deformarer
2139 850 2230 889 vos
2255 837 2559 906 planctum.
2594 839 2789 894 Domus
2814 842 2987 896 Israel
3041 824 3244 909 cecidit,
3272 858 3376 897 non
3400 842 3587 914 adjiciet
3607 824 3693 897 am-

380 909 442 966 in
473 912 761 978 membra,
784 914 925 970 dum
948 913 1139 971 adhuc
1168 917 1227 972 in
1250 917 1473 973 semine
1492 918 1842 988 continerer,
1872 917 2030 974 vide-
2132 924 2285 994 ptius
2314 928 2372 979 ut
2399 936 2681 999 resurgat.
2741 930 2895 999 Virgo
2936 930 3105 987 Israel
3129 932 3354 1002 projecta
3373 940 3442 986 est
3457 909 3605 1003 super
3625 935 3699 987 ter-

380 1004 520 1057 runt
548 1016 642 1059 me
668 1002 822 1059 oculi
881 1004 988 1060 tui.
1020 1005 1091 1060 Et
1142 1005 1427 1063 Jeremias
1474 1007 1639 1063 audit
1668 1024 1702 1062 a
1746 1008 2026 1062 Domino:
2137 1028 2258 1067 ram
2286 1029 2465 1079 suam,
2496 1031 2607 1070 non
2635 1023 2713 1071 est
2746 1019 2842 1088 qui
2868 1020 3088 1074 suscitet
3112 1034 3246 1074 eam.
3279 1002 3542 1082 Quantum
3560 1019 3618 1073 ad
3635 1035 3699 1073 or-

377 1089 713 1163 Priusquam
732 1094 783 1147 te
799 1093 1100 1163 formarem
1126 1096 1188 1150 in
1215 1103 1388 1161 utero,
1419 1097 1548 1152 novi
1567 1104 1636 1163 te,
1658 1099 1710 1152 et
1729 1100 2032 1167 antequam
2139 1101 2194 1155 di
2207 1119 2336 1157 nem
2355 1102 2559 1159 litterae
2583 1106 2829 1176 pertinet
2848 1111 2904 1161 et
2923 1110 3168 1178 emptam
3187 1106 3423 1162 historiis
3439 1106 3699 1171 veritatem,

378 1178 566 1235 exires
590 1179 658 1235 de
682 1181 866 1253 vulva,
888 1183 1226 1254 sanctiﬁcan
1250 1188 1322 1255 te,
1353 1189 1407 1241 et
1422 1184 1737 1256 prophetam
1760 1185 1816 1239 in
1847 1184 2027 1256 genti-
2139 1191 2339 1245 decem
2362 1192 2572 1263 tribus,
2599 1210 2724 1266 quae
2746 1195 3117 1266 appellantur
3140 1194 3328 1264 Israel,
3350 1196 3516 1250 ductae
3536 1193 3586 1249 in
3599 1210 3700 1266 cap-

381 1276 479 1333 bus
502 1276 666 1347 posui
692 1279 743 1331 te
793 1276 1011 1344 (Jerem.
1039 1292 1078 1346 ι,
1109 1273 1186 1344 5).
1246 1274 1315 1328 Et
1345 1272 1739 1346 evangelista:
1802 1272 2025 1339 Videns,
2138 1278 2448 1348 tivitatem,
2483 1299 2855 1355 nequaquam
2888 1285 2947 1339 in
2978 1290 3190 1341 terram
3215 1299 3371 1340 suam
3404 1288 3578 1354 postea
3599 1288 3705 1337 sunt

380 1366 482 1433 ait,
512 1365 775 1422 Dominus
796 1364 1151 1435 cogitationes
1169 1378 1358 1418 eorum
1379 1362 1530 1434 (Lue.
1553 1379 1632 1430 x1,
1665 1362 1775 1434 l7).
1806 1362 1904 1417 Sin
1926 1379 2029 1417 au-
2139 1385 2398 1425 reversae.
2436 1370 2605 1443 Virgo
2655 1377 2852 1428 autem
2898 1374 3223 1446 appellatur
3275 1370 3506 1444 pOpulus
3532 1369 3704 1426 Israel:

379 1459 500 1512 tem
528 1453 864 1527 legerimus,
895 1453 1234 1508 annuntians
1288 1452 1500 1507 homini
1539 1452 1818 1523 eloquium
1844 1467 2028 1520 suum,
2139 1474 2254 1512 non
2285 1457 2424 1528 quia
2451 1458 2508 1513 in
2539 1458 2893 1531 virginitatis
2939 1462 3322 1531 permanserit
3367 1458 3607 1532 puritate,
3630 1457 3705 1513 sed

370 1547 543 1618 juxta
560 1544 832 1617 superius
850 1543 1075 1599 dictum
1098 1541 1530 1614 accipiendum,
1550 1541 1608 1595 in
1632 1557 1747 1613 quo
1770 1541 1850 1597 ait
1875 1557 1888 1595 :
1913 1542 2030 1596 Non
2140 1545 2278 1616 quia
2299 1548 2592 1618 quondam
2617 1548 2806 1604 instar
2823 1549 3068 1621 virginis
3089 1550 3168 1604 sit
3191 1547 3421 1605 Domino
3440 1544 3705 1619 copulatus.

374 1638 542 1709 faciet
567 1635 830 1691 Dominus
859 1633 999 1689 Deus
1017 1632 1264 1702 verbum,
1280 1631 1396 1685 nisi
1423 1631 1742 1686 revelaverit
1761 1634 2028 1685 secretum
2139 1633 2300 1690 Unde
2320 1639 2377 1691 et
2392 1635 2692 1708 planctum
2711 1654 2890 1709 super
2905 1654 3038 1694 eum
3060 1637 3339 1710 propheta
3348 1636 3566 1708 jubetur
3580 1649 3706 1689 assu-

374 1743 538 1783 suum
562 1727 733 1781 servis
761 1726 878 1780 suis
900 1721 1181 1794 prophetis
1209 1720 1431 1792 (Supra,
1466 1736 1551 1786 ΠΙ,
1581 1719 1657 1790 7).
1693 1719 1799 1785 Qui
1833 1723 2028 1774 autem
2060 1765 2105 1830 Β
2139 1740 2315 1795 mere,
2349 1726 2502 1796 quod
2536 1742 2909 1798 nequaquam
2966 1728 3025 1781 in
3078 1725 3380 1798 antiquum
3434 1722 3711 1780 restituatur

585 1814 622 1830 ιο
668 1818 679 1830 ι
754 1829 789 1830 ,,
818 1813 909 1830 Αιιν
935 1811 1116 1830 1',,,A_~
1149 1808 1404 1830 L-_-!__.'_
1461 1812 1509 1830 ,ι
1540 1808 1824 1830 -‘I-___Z--_.
1880 1809 2000 1830 -z---
2146 1828 2158 1830 μ
2261 1813 2275 1830 ἱ
2368 1829 2371 1830 ,
2443 1814 2481 1830 Λ
2613 1819 2622 1830 ι
2983 1815 2997 1830 ι
3037 1815 3048 1827 ο
3101 1819 3110 1830 ι
3159 1813 3213 1830 n-
3335 1814 3368 1830 ιο
3498 1829 3501 1830 ,
3553 1812 3563 1830 9
3597 1811 3681 1830 ξι---

374 1814 690 1873 annuntiat
739 1811 1119 1885 cogitationes
1149 1808 1427 1876 hominis,
1456 1812 1513 1864 et
1533 1808 1830 1879 eloquium
1876 1809 2026 1878 ejus,
2060 1808 2105 1830 ”
2137 1813 2406 1883 gradum.
2441 1814 2735 1878 Quantum
2766 1831 2897 1872 vero
2930 1815 3001 1870 ad
3033 1813 3462 1887 intelligentiam
3489 1811 3712 1884 spiritua-

374 1904 495 1962 sive
525 1918 724 1969 suum,
757 1902 884 1974 ipse
904 1903 994 1957 est
1013 1899 1113 1969 qui
1139 1898 1279 1954 facit
1309 1913 1579 1953 auroram
1612 1900 1670 1952 et
1698 1895 2024 1952 2800i1u-
2134 1899 2288 1955 lem:
2326 1900 2624 1973 planctum
2668 1920 2847 1975 super
2901 1919 3137 1959 omnem
3194 1901 3394 1995 Israel,
3437 1900 3529 1995 qui
3570 1898 3712 1995 Deurn

372 1992 598 2063 culum,
623 1995 680 2048 et
699 1990 953 2063 complet
972 1988 1231 2045 nubibus
1247 1987 1466 2054 omnia,
1492 1990 1548 2041 et
1566 1985 1832 2058 graditur
1852 2001 2028 2056 super
2136 1994 2331 2046 mente
2355 1991 2651 2062 cernebat,
2674 1996 2731 2046 et
2755 1996 2956 2064 postea
2975 1992 3025 2048 ei
3043 1992 3260 2048 servire
3280 1990 3494 2055 desivit,
3513 1985 3711 2043 assumit

373 2082 899 2141 excelsaterrarum
918 2079 1108 2150 ;cujus
1122 2093 1331 2132 nomen
1346 2074 1728 2131 estDominus
1741 2075 1893 2130 Deus
1907 2089 2026 2129 om-
2136 2079 2769 2151 propheta,secundum
2797 2080 2938 2136 illud
2973 2081 3129 2152 quod
3158 2078 3428 2136 Ezechieli
3445 2074 3715 2152 praecipitur

375 2172 667 2245 nipotens.
691 2169 799 2226 Pro
819 2184 934 2241 quo
958 2167 1016 2223 in
1039 2166 1114 2239 (a)
1139 2164 1521 2238 Septuaginta
1539 2163 1755 2236 legitur
1779 2164 2027 2219 :Annun-
2136 2169 2346 2240 (Ezech.
2372 2168 2457 2240 ιι).
2483 2173 2549 2224 ut
2568 2171 2801 2225 devoret
2821 2169 3059 2238 librum,
3083 2171 3145 2225 in
3168 2186 3282 2242 quo
3304 2173 3359 2225 et
3378 2169 3525 2222 intus
3543 2168 3593 2220 et
3608 2161 3710 2218 foris

375 2264 531 2319 tians
561 2262 624 2317 in
651 2260 897 2317 homines
919 2257 1192 2313 Christum
1211 2271 1416 2310 suum:
1447 2254 1556 2310 sub
1579 2269 1696 2325 qua
1723 2252 2027 2308 occasione
2135 2258 2420 2329 scriptum
2449 2263 2573 2314 erat
2599 2257 2965 2326 lamentatio,
2995 2264 3054 2315 et
3107 2275 3363 2327 carmen,
3393 2259 3448 2312 et
3471 2272 3562 2310 vae.
3590 2252 3713 2309 Intus

375 2349 655 2423 heretici,
683 2348 966 2422 Spiritum
996 2349 1266 2403 sanctum
1298 2347 1556 2399 creatum
1587 2340 1791 2398 volunt
1819 2340 2021 2397 ordine
2133 2345 2393 2419 intellige
2419 2346 2747 2403 Salomonis
2777 2347 3071 2403 canticum
3105 2364 3378 2420 sequens,
3408 2343 3501 2417 qui
3528 2342 3627 2398 ait:
3651 2340 3714 2394 In-

374 2442 693 2513 sequente:
729 2452 933 2494 creans
962 2433 1257 2507 spiritum,
1281 2434 1338 2488 et
1368 2430 1725 2487 annuntians
1751 2428 1810 2485 in
1837 2429 2022 2485 bomi-
2134 2434 2380 2491 traduxit
2408 2452 2493 2491 me
2518 2452 2618 2490 rex
2650 2438 2707 2491 in
2767 2436 3081 2491 cubiculum
3128 2453 3291 2492 suum
3328 2433 3496 2506 (Cant.
3525 2449 3561 2501 1,
3585 2429 3648 2501 3).
3669 2426 3722 2482 Et

374 2546 478 2587 nes
505 2528 801 2587 Christum
822 2540 998 2583 suum
1022 2541 1037 2580 :
1072 2527 1138 2578 ut
1156 2521 1254 2578 ille
1283 2524 1511 2577 creatus
1536 2519 1632 2585 sit,
1664 2518 1760 2574 hic
1793 2535 2025 2574 annun-
2134 2524 2648 2596 quadragesimum
2667 2528 2942 2596 quartum
2961 2525 3347 2598 psalmum,in
3365 2539 3473 2595 quo
3490 2518 3717 2589 scriptum

369 2618 550 2676 tietur
576 2617 637 2674 in
659 2614 914 2691 populis.
937 2613 1160 2678 Quibus
1182 2609 1670 2703 respondebimus
1692 2608 1863 2679 juxta
1892 2624 2023 2664 sen-
2133 2617 2222 2668 est
2246 2630 2258 2667 :
2294 2613 2482 2668 Omnis
2510 2614 2689 2703 gloria
2717 2614 2851 2684 ﬁliae
2897 2616 3041 2686 regis
3094 2616 3448 2703 intrinsecus.
3478 2606 3618 2703 Foris
3643 2620 3722 2703 ﬁt}:

376 2724 513 2766 sum
536 2722 761 2774 eorum,
786 2709 843 2761 et
859 2702 1173 2776 Vulgatam
1190 2699 1504 2755 editionem
1532 2697 1672 2767 ;Qui
1693 2700 1920 2753 creator
1938 2702 2027 2752 est
2132 2705 2249 2757 tem
2280 2707 2369 2758 est
2397 2702 2683 2774 quidquid
2741 2702 2800 2757 in
2845 2703 3042 2760 littera
3092 2702 3327 2776 legitur,
3383 2706 3437 2757 et
3460 2698 3656 2755 videtur
3676 2697 3720 2746 in

373 2796 664 2864 omnium,
693 2798 752 2851 et
779 2793 978 2849 ﬁrmat
1023 2788 1372 2852 tonitruum,
1422 2787 1543 2842 sive
1574 2785 1743 2858 ﬁngit
1770 2789 2023 2854 montes,
2132 2792 2364 2860 cortice,
2397 2796 2455 2847 et
2484 2790 2543 2845 in
2575 2791 2832 2848 medulla
2862 2792 3106 2865 spiritus
3150 2810 3273 2883 non
3296 2793 3533 2883 tenetur,
3563 2788 3721 2883 Itaque

373 2886 798 2957 consequenter
852 2878 1050 2937 educit
1105 2881 1306 2933 ventos
1335 2877 1407 2931 de
1463 2874 1759 2931 thesauris
1789 2873 1934 2940 suis,
1967 2878 2026 2928 et
2133 2883 2190 2934 et
2214 2881 2386 2951 juxta
2406 2879 2686 2947 litteram;
2712 2885 2769 2937 et
2790 2882 2960 2952 juxta
2990 2882 3397 2955 tropologiam,
3427 2879 3482 2933 in
3504 2873 3724 2932 omnibus

372 2973 543 3047 quasi
563 2968 967 3029 universitatia
985 2966 1268 3032 conditor,
1294 2964 1508 3020 Filium
1530 2980 1704 3020 suum
1726 2962 2020 3018 Christum
2130 2969 2546 3041 prophetarum
2576 2968 2744 3026 libris
2774 2971 3028 3043 scriptus
3056 2975 3149 3026 est
3190 2970 3454 3043 planctus
3476 2979 3629 3036 super
3650 2973 3724 3015 eos

371 3061 717 3120 hominibus
747 3054 1117 3132 repromittit.
1163 3058 1481 3126 Postquam
1529 3056 1721 3107 autem
1756 3051 2022 3108 Christus
2131 3059 2230 3130 qui
2252 3063 2385 3131 post
2404 3063 2641 3131 peccata
2660 3063 2844 3131 agunt
2866 3059 3273 3132 paenitentiam
3305 3076 3318 3114 :
3345 3062 3567 3113 Carmen
3586 3062 3726 3120 super

368 3152 547 3211 fuerit
562 3149 1034 3216 nuntiatus,tunc
1050 3143 1219 3200 nobis
1239 3142 1499 3198 veritatis
1524 3141 1722 3197 lumen
1741 3140 2017 3212 aperitur,
2050 3133 2092 3198 C
2132 3146 2263 3203 illos
2295 3147 2394 3218 qui
2426 3146 2583 3203 nulla
2620 3152 2989 3219 peccatorum
3020 3150 3194 3206 sorde
3235 3144 3520 3211 maculati,
3544 3136 3724 3197 cantico

371 3259 488 3301 non
519 3242 591 3297 ad
623 3238 945 3313 perfectum
969 3254 985 3302 ;
1018 3234 1159 3307 quia
1180 3232 1337 3288 hunc
1366 3248 1436 3288 ex
1465 3234 1628 3303 parte
1656 3229 1944 3323 videmus,
1967 3234 2025 3287 et
2132 3240 2189 3292 et
2216 3235 2387 3291 laude
2418 3240 2555 3292 sunt
2582 3237 2745 3309 digni
2769 3254 2780 3292 :
2819 3237 2909 3293 Vae
2970 3254 3150 3310 super
3178 3256 3279 3294 eos
3326 3236 3424 3309 qui
3453 3249 3556 3323 non
3583 3226 3726 3323 sguut

372 3347 442 3389 ex
461 3333 626 3404 parte
644 3325 1077 3401 cognoscimus,
1100 3327 1156 3379 et
1178 3338 1281 3395 per
1300 3320 1606 3394 speculum
1630 3324 1686 3375 et
1705 3318 2020 3392 imaginem
2132 3325 2537 3398 paenitentiam
2562 3326 2680 3393 ;sed
2691 3327 2861 3397 juxta
2878 3326 3160 3383 duritiam
3176 3327 3370 3383 cordis
3391 3323 3477 3381 sui
3493 3318 3725 3420 thesauri-

371 3438 440 3480 ea
471 3436 598 3493 qua
629 3422 875 3475 ventura
903 3417 1062 3482 sunt,
1121 3410 1588 3482 contemplamur
1636 3410 1681 3478 (Ι
1710 3412 1840 3466 Cor.
1871 3411 2020 3478 vm).
2131 3419 2266 3470 zant
2297 3414 2409 3470 sibi
2442 3414 2588 3470 iram
2620 3415 2681 3470 in
2713 3415 2806 3471 die
2846 3415 2965 3471 irae.
3027 3415 3083 3471 Si
3135 3421 3355 3486 autem,
3390 3419 3469 3508 _ut
3495 3410 3717 3508 diximus,

369 3490 534 3568 Unde
555 3506 824 3580 sequitur
842 3524 861 3560 :
882 3505 1097 3577 faciens
1111 3516 1274 3557 mane
1288 3509 1341 3556 et
1359 3500 1638 3566 nebulam,
1656 3506 1711 3555 et
1727 3498 2021 3554 ascendens
2131 3503 2403 3574 planctus
2432 3506 2524 3558 est
2551 3519 2730 3575 super
2759 3520 2857 3559 eos
2878 3503 2979 3575 qui
3033 3510 3220 3577 agunt
3252 3496 3652 3577 paenitentiam;
3678 3490 3724 3580 et

367 3612 538 3672 super
563 3576 778 3656 excelsa
796 3590 1257 3660 terrae,Excelsus
1275 3589 1432 3644 enim
1454 3588 1513 3643 in
1535 3586 1777 3643 excelsis
1802 3591 1893 3643 est
1912 3592 2019 3643 Do-
2130 3591 2533 3664 paenitentiam
2586 3592 2780 3648 reddit
2806 3591 3064 3648 vulneris
3082 3576 3415 3649 sanitatem
3440 3607 3452 3645 :
3490 3576 3721 3659 quomodo

367 3688 654 3757 minus,et
668 3702 784 3743 non
802 3683 1030 3741 habitat
1045 3682 1106 3737 in
1124 3677 1474 3743 humilibus,
1493 3676 1595 3748 qui
1613 3675 1878 3733 excelsus
1896 3681 2019 3739 est;
2120 3681 2293 3752 juxta
2323 3680 2703 3753 Septuaginta
2731 3681 2965 3737 dicitur.
2997 3683 3202 3739 Domus
3233 3681 3409 3739 Israel
3436 3673 3606 3740 cecidit,
3625 3680 3714 3720 am-

366 3779 469 3838 sed
493 3782 720 3835 creator
738 3774 1027 3832 montium
1051 3769 1316 3828 ascendit
1340 3767 1398 3822 in
1431 3770 1682 3834 montes,
1713 3764 1773 3821 in
1804 3765 1897 3820 his
1919 3764 2017 3837 qui
2123 3770 2276 3841 ptius
2305 3786 2415 3826 non
2442 3774 2711 3838 resurget.
2748 3773 2918 3841 Virgo
2947 3772 3117 3827 Israel
3159 3773 3374 3827 erravit
3400 3771 3458 3825 in
3481 3774 3601 3822 terra
3620 3769 3719 3819 εααο

367 3867 801 3939 municipatum
821 3861 1045 3919 habent
1063 3860 1121 3915 in
1144 3856 1501 3925 ccclestibus,
1525 3861 1584 3912 et
1614 3856 1673 3910 in
1700 3871 1873 3911 carne
1890 3870 2015 3910 am-
2126 3874 2238 3914 non
2266 3866 2343 3914 est
2369 3860 2467 3929 qui
2513 3861 2738 3914 suscitet
2792 3870 2917 3914 eam
2936 3863 2962 3912 γ
3014 3860 3177 3923 Quod
3241 3861 3328 3916 sic
3385 3853 3517 3913 solvi
3542 3845 3723 3943 ροὶθεξε

364 3936 639 4014 bulantes
667 3969 784 4009 non
814 3951 1017 4007 vivunt
1034 3947 1361 4005 secundum
1382 3961 1642 4011 carnem,
1674 3944 1775 4000 sed
1809 3960 2016 4000 secun-
2127 3948 2442 4019 Postquam
2475 3948 2689 4003 domus
2750 3947 2925 4004 Israel
2985 3965 3094 4004 sua
3151 3949 3453 4005 voluntate
3479 3936 3728 3997 consent,

366 4046 510 4101 dum
532 4041 829 4116 spiritum.
853 4039 1014 4105 Quod
1046 4036 1097 4094 si
1122 4036 1291 4108 juxta
1313 4033 1732 4106 Symmachum
1762 4036 1819 4089 et
1838 4032 2015 4104 Aqui-
2128 4052 2499 4108 nequaquam
2515 4036 2824 4107 pristinam
2840 4036 3442 4111 recipietdignitatem
3467 4033 3726 4121 pust‘lmfm

367 4134 487 4191 lam
517 4130 871 4204 legerimus:
905 4128 1017 4183 hac
1069 4126 1277 4198 faciam
1333 4123 1452 4190 tibi,
1512 4123 1701 4191 Israel,
1727 4125 1932 4194 postea,
1964 4125 2017 4177 et
2126 4124 2284 4198 virgo
2317 4124 2494 4180 Israel
2524 4124 2801 4180 erraverit
2854 4125 2914 4180 in
2944 4129 3099 4182 terra
3151 4143 3284 4194 sua,
3334 4123 3492 4181 ultra
3518 4119 3732 4174 invenire

366 4237 492 4280 cum
519 4220 633 4277 haec
659 4225 836 4291 fecero
865 4216 970 4272 tibi
990 4214 1067 4287 (ὁ)
1092 4228 1352 4286 praepara
1381 4215 1434 4267 te
1462 4210 1746 4267 adversari
1770 4211 1876 4267 Deo
1900 4215 2013 4279 tuo,
2124 4230 2236 4269 non
2254 4212 2962 4286 poteritsuscitantem.Et
2982 4215 3296 4271 considera
3315 4212 3606 4300 verborum
3624 4214 3731 4300 ρει)-

367 4310 454 4368 sic
488 4306 937 4382 intelligendum
967 4309 1091 4361 est:
1129 4302 1257 4359 Feci
1289 4306 1355 4357 ut
1394 4304 1451 4357 te
1481 4300 1852 4390 corrigerem,
1885 4316 2013 4390 quae
2126 4303 2422 4374 prietates.
2479 4301 2588 4367 Qui
2619 4303 2772 4360 282
2803 4304 3016 4359 domus
3060 4309 3174 4373 est,
3235 4308 3295 4359 et
3351 4297 3666 4390 numeratur
3687 4297 3734 4385 tn

350 4374 712 4475 'prtsteritus.
728 4412 921 4453 sermo
946 4391 1348 4466 descripsit,et
1368 4390 1508 4462 quia
1533 4388 1775 4446 noluisti
1808 4388 2012 4445 reverti
2124 4393 2316 4460 turba,
2348 4391 2553 4448 cadere
2583 4391 2821 4448 dicitur.
2863 4391 2970 4457 Qui
3002 4395 3200 4448 autem
3235 4391 3309 4447 de
3337 4400 3571 4445 numero
3596 4374 3733 4475 yiPSi‘

366 4469 440 4549 ad
469 4504 587 4557 me,
619 4485 830 4543 faciam
861 4482 990 4551 tibi,
1026 4498 1153 4554 quas
1203 4495 1333 4536 meo
1375 4477 1749 4535 continentur
1777 4492 2009 4533 arcano.
2044 4502 2090 4566 Ι)
2124 4499 2285 4551 num,
2320 4480 2371 4537 si
2402 4481 2783 4548 erraverit,ob
2814 4479 2936 4536 leve
2962 4496 3199 4553 quoque
3229 4469 3615 4551 (Equodque)
3636 4479 3739 4540 Ρθο-

367 4575 644 4638 Occidisti
673 4588 890 4641 servos,
925 4588 1072 4645 quos
1094 4570 1167 4626 ad
1212 4574 1269 4625 te
1301 4567 1614 4624 miseram:
1645 4568 1879 4623 mittam
1909 4583 2012 4622 no-
2123 4576 2321 4627 catum
2374 4586 2489 4625 non
2539 4569 2753 4642 poterit
2808 4568 3121 4636 suscitari:
3177 4585 3299 4625 non
3358 4582 3473 4639 quo
3501 4576 3604 4618 non
3631 4569 3738 4645 sus:-

362 4669 604 4728 vissime
633 4665 845 4724 Filium
868 4638 1103 4719 meum:
1134 4663 1198 4716 tu
1220 4663 1415 4716 autem
1440 4659 1611 4730 juxta
1638 4655 2013 4712 consuetudi-
2123 4661 2351 4728 citetur,
2386 4660 2489 4715 sed
2547 4675 2919 4731 nequaquam
2980 4658 3305 4714 suscitetur
3360 4654 3519 4727 virgo
3572 4638 3740 4705 Israel.

366 4775 500 4817 nem
529 4763 716 4824 tuam,
748 4770 864 4826 qua
893 4763 1126 4826 semper
1151 4746 1437 4804 voluntati
1470 4744 1700 4802 Domini
1728 4741 2011 4810 restitisti,
2121 4757 2178 4805 et
2207 4765 2577 4821 nequaquam
2633 4751 2899 4820 resurget
2955 4746 3248 4803 Dominus
3304 4741 3505 4802 Israel.
3537 4731 3741 4826 Νοῐι-θεί

366 4864 630 4925 praepara
653 4820 711 4902 te
741 4820 808 4900 ut
852 4820 1219 4898 contradicas
1275 4842 1332 4892 et
1370 4836 1439 4891 ad
1452 4833 1693 4925 versaris
1728 4837 1839 4925 Deo
1871 4836 2009 4925 tuo:
2120 4839 2277 4896 enim
2304 4820 2510 4894 eadem
2535 4836 2719 4910 gloria
2741 4837 2868 4907 ejus
2891 4836 2990 4908 qui
3023 4851 3263 4925 semper
3286 4830 3629 4925 secutus‘est

359 4915 529 5013 juxta
556 4935 701 4992 illud
734 4932 888 5006 quod
922 4927 1206 5001 scriptum
1254 4929 1381 4981 est:
1414 4926 1547 4979 Ecce
1590 4924 1680 4978 hic
1702 4923 1908 4994 positus
1935 4924 2013 4977 est
2122 4928 2373 4994 minum,
2405 4931 2463 4982 et
2491 4927 2619 4998 ejus
2647 4925 2747 4997 qui
2792 4924 3144 4981 aberraverit
3173 4941 3209 4980 a
3269 4938 3466 5013 grege,
3497 4922 3551 4975 et
3577 4915 3740 5013 ροξξθδ

342 4999 424 5087 'in
444 4999 825 5091 ruinam,et-in
845 4999 1295 5077 resurrectionem
1308 5014 1628 5079 multorum,
1646 5013 1773 5067 etin
1790 5013 2013 5081 signum
2120 5017 2255 5073 boni
2282 5014 2534 5088 pastoris
2563 5017 2893 5087 reportatus
2925 5018 3015 5069 est
3044 5013 3313 5069 humeris
3342 5012 3493 5085 (Luc.
3520 5003 3628 5077 xv).
3649 4999 3735 5057 Un-

363 5119 458 5177 cui
485 5113 893 5174 contradicetur
920 5109 1073 5181 (Luc.
1108 5116 1172 5173 Il,
1196 5105 1305 5177 34).
1340 5104 1409 5159 Et
1434 5103 1541 5158 hoc
1564 5101 1723 5167 dicit,
1760 5118 1870 5157 non
1896 5117 2010 5173 quo
2121 5108 2191 5162 de
2219 5111 2276 5161 et
2307 5122 2408 5177 per
2436 5104 2617 5160 alium
2650 5103 2988 5176 prcphetam
3025 5104 3312 5158 Dominus
3347 5100 3464 5156 ait:
3494 5094 3621 5152 Malo
3640 5099 3735 5181 pf-

364 5171 665 5280 preeoipiat
685 5200 827 5275 quid
852 5171 1040 5256 facere
1059 5171 1409 5263 debeatqsed
1432 5200 1564 5248 ante
1584 5189 1844 5262 praedicit
1867 5171 2008 5261 quid
2117 5171 2413 5251 nitentium
2432 5171 2939 5265 peccatoris—quum
2961 5195 3190 5280 mortem
3221 5188 3442 5262 (Ezech.
3472 5198 3624 5280 XXIII:

365 5268 573 5370 sponte
601 5268 862 5349 facturus
891 5288 989 5352 sit,
1024 5284 1193 5358 quasi
1225 5283 1532 5355 increpans
1562 5284 1620 5370 et
1649 5294 1923 5351 arguens,
1946 5282 2010 5334 ut
2118 5282 2519 5338 Pamitentiam
2552 5280 2991 5370 nonsanctitati
3041 5277 3378 5352 purissimae
3426 5268 3735 5370 et-Ecclestf

364 5346 571 5443 [£11313
601 5346 903 5453 correptus
933 5346 1061 5433 non.
1081 5375 1256 5431 faciat
1275 5346 1428 5445 quod
1452 5346 1795 5443 praedictum
1828 5371 1936 5436 est,
2118 5371 2329 5428 Christi
2360 5371 2505 5445 (quae
2530 5386 2645 5425 non
2674 5368 2850 5424 habet
2869 5346 3075 5441 rugam
3098 5382 3291 5438 neque
3312 5359 3635 5426 maculam),
3653 5346 3734 5408 εθά

434 5529 513 5606 (a)
543 5531 654 5587 Pro
683 5526 745 5583 in
772 5521 1153 5599 Septuaginta,
1203 5517 1521 5594 praeferunt
1563 5533 1706 5575 mss.
1740 5519 1801 5576 in
1830 5517 2009 5576 Eccle-
2158 5515 2267 5606 (ἐξ)
2292 5512 2718 5606 ρίειθτςξᾳρβλ,
2740 5528 3092 5589 praeparare:
3125 5516 3255 5571 tum
3305 5504 3553 5587 Palatini
3574 5498 3726 5569 θάνεν·

1203 5584 1225 5594 ’
2117 5584 2265 5650 santi
2290 5594 2402 5649 Pro
2432 5584 2734 5649 adversari.
