  <div class='ocr_page' id='page_1' title='image "/cluster/home/n/w/nwhite01/storage/ocr_20150623/25/hvd.32044096580493/524.png"; bbox 0 0 3988 6170; ppageno 0'>
   <div class='ocr_carea' id='block_1_1' title="bbox 215 321 371 385">
    <p class='ocr_par' dir='ltr' id='par_1_1' title="bbox 215 321 371 385">
     <span class='ocr_line' id='line_1_1' title="bbox 215 321 371 385; baseline 0.013 -2"><span class='ocrx_word' id='word_1_1' title='bbox 215 321 371 385; x_wconf 78' lang='grc'><strong>1037</strong></span> 
     </span>
    </p>
   </div>
   <div class='ocr_carea' id='block_1_2' title="bbox 1023 323 2816 391">
    <p class='ocr_par' dir='ltr' id='par_1_2' title="bbox 1023 323 2816 391">
     <span class='ocr_line' id='line_1_2' title="bbox 1023 323 2816 391; baseline -0.002 0"><span class='ocrx_word' id='word_1_2' title='bbox 1023 326 1772 391; x_wconf 80' lang='lat' dir='ltr'><strong>COMMENTARIORUM</strong></span> <span class='ocrx_word' id='word_1_3' title='bbox 1814 325 1895 389; x_wconf 85' lang='lat' dir='ltr'><strong>IN</strong></span> <span class='ocrx_word' id='word_1_4' title='bbox 1937 323 2153 388; x_wconf 83' lang='lat' dir='ltr'><strong>AMOS</strong></span> <span class='ocrx_word' id='word_1_5' title='bbox 2197 326 2348 388; x_wconf 85' lang='lat' dir='ltr'><strong>LIB.</strong></span> <span class='ocrx_word' id='word_1_6' title='bbox 2393 324 2472 388; x_wconf 91' lang='lat' dir='ltr'><strong>II.</strong></span> <span class='ocrx_word' id='word_1_7' title='bbox 2520 327 2693 388; x_wconf 86' lang='lat' dir='ltr'><strong>CAP.</strong></span> <span class='ocrx_word' id='word_1_8' title='bbox 2740 328 2816 391; x_wconf 82' lang='lat' dir='ltr'><strong>V.</strong></span> 
     </span>
    </p>
   </div>
   <div class='ocr_carea' id='block_1_3' title="bbox 3463 324 3622 389">
    <p class='ocr_par' dir='ltr' id='par_1_3' title="bbox 3463 324 3622 389">
     <span class='ocr_line' id='line_1_3' title="bbox 3463 324 3622 389; baseline 0.006 -4"><span class='ocrx_word' id='word_1_9' title='bbox 3463 324 3622 389; x_wconf 75' lang='lat'><strong>1038</strong></span> 
     </span>
    </p>
   </div>
   <div class='ocr_carea' id='block_1_4' title="bbox 212 456 3621 533">
    <p class='ocr_par' dir='ltr' id='par_1_4' title="bbox 212 456 3621 533">
     <span class='ocr_line' id='line_1_4' title="bbox 212 456 3621 533; baseline -0 -20"><span class='ocrx_word' id='word_1_10' title='bbox 212 456 383 513; x_wconf 99' lang='lat' dir='ltr'><strong>morti</strong></span> <span class='ocrx_word' id='word_1_11' title='bbox 410 459 467 513; x_wconf 92' lang='lat' dir='ltr'><strong>et</strong></span> <span class='ocrx_word' id='word_1_12' title='bbox 485 456 689 513; x_wconf 84' lang='lat' dir='ltr'><strong>inferis</strong></span> <span class='ocrx_word' id='word_1_13' title='bbox 718 462 1053 531; x_wconf 91' lang='lat' dir='ltr'><strong>comparata</strong></span> <span class='ocrx_word' id='word_1_14' title='bbox 1081 461 1148 516; x_wconf 84' lang='lat' dir='ltr'><strong>ﬁt</strong></span> <span class='ocrx_word' id='word_1_15' title='bbox 1168 460 1391 518; x_wconf 87' lang='lat' dir='ltr'><strong>melior.</strong></span> <span class='ocrx_word' id='word_1_16' title='bbox 1424 466 1554 517; x_wconf 83' lang='lat' dir='ltr'><strong>Haec</strong></span> <span class='ocrx_word' id='word_1_17' title='bbox 1584 461 1857 533; x_wconf 87' lang='lat' dir='ltr'><strong>dicimus,</strong></span> <span class='ocrx_word' id='word_1_18' title='bbox 1890 462 1945 528; x_wconf 75' lang='grc' dir='ltr'><strong>Α</strong></span> <span class='ocrx_word' id='word_1_19' title='bbox 1974 459 2067 514; x_wconf 86' lang='lat' dir='ltr'><strong>tiae</strong></span> <span class='ocrx_word' id='word_1_20' title='bbox 2098 458 2346 530; x_wconf 90' lang='lat' dir='ltr'><strong>septimo</strong></span> <span class='ocrx_word' id='word_1_21' title='bbox 2378 475 2622 515; x_wconf 88' lang='lat' dir='ltr'><strong>numero</strong></span> <span class='ocrx_word' id='word_1_22' title='bbox 2651 460 3090 532; x_wconf 84' lang='lat' dir='ltr'><strong>conquiescant.</strong></span> <span class='ocrx_word' id='word_1_23' title='bbox 3119 456 3379 531; x_wconf 87' lang='lat' dir='ltr'><strong>Denique</strong></span> <span class='ocrx_word' id='word_1_24' title='bbox 3400 461 3457 512; x_wconf 90' lang='lat' dir='ltr'><strong>et</strong></span> <span class='ocrx_word' id='word_1_25' title='bbox 3486 475 3621 531; x_wconf 90' lang='lat' dir='ltr'><strong>cap-</strong></span> 
     </span>
    </p>
   </div>
   <div class='ocr_carea' id='block_1_5' title="bbox 212 546 1858 623">
    <p class='ocr_par' dir='ltr' id='par_1_5' title="bbox 212 546 1858 623">
     <span class='ocr_line' id='line_1_5' title="bbox 212 546 1858 623; baseline 0.003 -23"><span class='ocrx_word' id='word_1_26' title='bbox 212 561 323 601; x_wconf 89' lang='lat' dir='ltr'><strong>non</strong></span> <span class='ocrx_word' id='word_1_27' title='bbox 347 561 463 617; x_wconf 90' lang='lat' dir='ltr'><strong>quo</strong></span> <span class='ocrx_word' id='word_1_28' title='bbox 478 546 650 617; x_wconf 82' lang='lat' dir='ltr'><strong>juxta</strong></span> <span class='ocrx_word' id='word_1_29' title='bbox 673 551 951 603; x_wconf 91' lang='lat' dir='ltr'><strong>novatum</strong></span> <span class='ocrx_word' id='word_1_30' title='bbox 983 548 1262 605; x_wconf 91' lang='lat' dir='ltr'><strong>tollamus</strong></span> <span class='ocrx_word' id='word_1_31' title='bbox 1288 566 1452 622; x_wconf 89' lang='lat' dir='ltr'><strong>spem</strong></span> <span class='ocrx_word' id='word_1_32' title='bbox 1484 548 1858 623; x_wconf 71' lang='lat' dir='ltr'><strong>pmnitentiae,</strong></span> 
     </span>
    </p>
   </div>
   <div class='ocr_carea' id='block_1_6' title="bbox 209 635 1859 710">
    <p class='ocr_par' dir='ltr' id='par_1_6' title="bbox 209 635 1859 710">
     <span class='ocr_line' id='line_1_6' title="bbox 209 635 1859 710; baseline 0.002 -20"><span class='ocrx_word' id='word_1_33' title='bbox 209 636 310 690; x_wconf 87' lang='lat' dir='ltr'><strong>sed</strong></span> <span class='ocrx_word' id='word_1_34' title='bbox 342 651 458 707; x_wconf 91' lang='lat' dir='ltr'><strong>quo</strong></span> <span class='ocrx_word' id='word_1_35' title='bbox 491 635 821 692; x_wconf 84' lang='lat' dir='ltr'><strong>timidiores</strong></span> <span class='ocrx_word' id='word_1_36' title='bbox 852 637 1135 694; x_wconf 87' lang='lat' dir='ltr'><strong>faciamus</strong></span> <span class='ocrx_word' id='word_1_37' title='bbox 1165 655 1283 710; x_wconf 87' lang='lat' dir='ltr'><strong>eos,</strong></span> <span class='ocrx_word' id='word_1_38' title='bbox 1315 644 1372 694; x_wconf 91' lang='lat' dir='ltr'><strong>et</strong></span> <span class='ocrx_word' id='word_1_39' title='bbox 1400 638 1615 694; x_wconf 90' lang='lat' dir='ltr'><strong>idcirco</strong></span> <span class='ocrx_word' id='word_1_40' title='bbox 1646 637 1859 694; x_wconf 90' lang='lat' dir='ltr'><strong>sollici-</strong></span> 
     </span>
    </p>
   </div>
   <div class='ocr_carea' id='block_1_7' title="bbox 207 723 1861 800">
    <p class='ocr_par' dir='ltr' id='par_1_7' title="bbox 207 723 1861 800">
     <span class='ocr_line' id='line_1_7' title="bbox 207 723 1861 800; baseline 0.002 -22"><span class='ocrx_word' id='word_1_41' title='bbox 207 726 319 790; x_wconf 90' lang='lat' dir='ltr'><strong>tos,</strong></span> <span class='ocrx_word' id='word_1_42' title='bbox 352 723 454 795; x_wconf 89' lang='lat' dir='ltr'><strong>qui</strong></span> <span class='ocrx_word' id='word_1_43' title='bbox 488 728 691 796; x_wconf 90' lang='lat' dir='ltr'><strong>aperta</strong></span> <span class='ocrx_word' id='word_1_44' title='bbox 719 726 898 797; x_wconf 84' lang='lat' dir='ltr'><strong>ianua</strong></span> <span class='ocrx_word' id='word_1_45' title='bbox 924 726 1298 799; x_wconf 71' lang='lat' dir='ltr'><strong>pmnitentiaz,</strong></span> <span class='ocrx_word' id='word_1_46' title='bbox 1330 729 1473 783; x_wconf 91' lang='lat' dir='ltr'><strong>dum</strong></span> <span class='ocrx_word' id='word_1_47' title='bbox 1505 728 1861 800; x_wconf 85' lang='lat' dir='ltr'><strong>sperantlu-</strong></span> 
     </span>
    </p>
   </div>
   <div class='ocr_carea' id='block_1_8' title="bbox 205 812 1857 889">
    <p class='ocr_par' dir='ltr' id='par_1_8' title="bbox 205 812 1857 889">
     <span class='ocr_line' id='line_1_8' title="bbox 205 812 1857 889; baseline 0.004 -24"><span class='ocrx_word' id='word_1_48' title='bbox 205 816 360 882; x_wconf 90' lang='lat' dir='ltr'><strong>tura,</strong></span> <span class='ocrx_word' id='word_1_49' title='bbox 393 812 646 884; x_wconf 89' lang='lat' dir='ltr'><strong>perdunt</strong></span> <span class='ocrx_word' id='word_1_50' title='bbox 675 816 1004 885; x_wconf 72' lang='lat' dir='ltr'><strong>praesentia,</strong></span> <span class='ocrx_word' id='word_1_51' title='bbox 1038 820 1095 872; x_wconf 92' lang='lat' dir='ltr'><strong>et</strong></span> <span class='ocrx_word' id='word_1_52' title='bbox 1125 815 1225 889; x_wconf 88' lang='lat' dir='ltr'><strong>qui</strong></span> <span class='ocrx_word' id='word_1_53' title='bbox 1258 817 1478 889; x_wconf 83' lang='lat' dir='ltr'><strong>absque</strong></span> <span class='ocrx_word' id='word_1_54' title='bbox 1499 816 1735 872; x_wconf 87' lang='lat' dir='ltr'><strong>vulnere</strong></span> <span class='ocrx_word' id='word_1_55' title='bbox 1757 833 1857 888; x_wconf 89' lang='lat' dir='ltr'><strong>po-</strong></span> 
     </span>
    </p>
   </div>
   <div class='ocr_carea' id='block_1_9' title="bbox 203 903 1860 978">
    <p class='ocr_par' dir='ltr' id='par_1_9' title="bbox 203 903 1860 978">
     <span class='ocr_line' id='line_1_9' title="bbox 203 903 1860 978; baseline 0.004 -23"><span class='ocrx_word' id='word_1_56' title='bbox 203 904 395 955; x_wconf 78' lang='lat' dir='ltr'><strong>terant</strong></span> <span class='ocrx_word' id='word_1_57' title='bbox 413 917 775 972; x_wconf 89' lang='lat' dir='ltr'><strong>permanere,</strong></span> <span class='ocrx_word' id='word_1_58' title='bbox 802 903 1023 959; x_wconf 86' lang='lat' dir='ltr'><strong>incauti</strong></span> <span class='ocrx_word' id='word_1_59' title='bbox 1046 905 1256 961; x_wconf 87' lang='lat' dir='ltr'><strong>vulnus</strong></span> <span class='ocrx_word' id='word_1_60' title='bbox 1282 905 1598 978; x_wconf 89' lang='lat' dir='ltr'><strong>accipiunt,</strong></span> <span class='ocrx_word' id='word_1_61' title='bbox 1623 908 1687 961; x_wconf 92' lang='lat' dir='ltr'><strong>ut</strong></span> <span class='ocrx_word' id='word_1_62' title='bbox 1706 909 1860 977; x_wconf 89' lang='lat' dir='ltr'><strong>post-</strong></span> 
     </span>
    </p>
   </div>
   <div class='ocr_carea' id='block_1_10' title="bbox 202 988 1856 1066">
    <p class='ocr_par' dir='ltr' id='par_1_10' title="bbox 202 988 1856 1066">
     <span class='ocr_line' id='line_1_10' title="bbox 202 988 1856 1066; baseline 0.004 -23"><span class='ocrx_word' id='word_1_63' title='bbox 202 1004 269 1044; x_wconf 90' lang='lat' dir='ltr'><strong>ea</strong></span> <span class='ocrx_word' id='word_1_64' title='bbox 298 988 497 1045; x_wconf 87' lang='lat' dir='ltr'><strong>dolore</strong></span> <span class='ocrx_word' id='word_1_65' title='bbox 525 990 875 1046; x_wconf 77' lang='lat' dir='ltr'><strong>crucientur.</strong></span> <span class='ocrx_word' id='word_1_66' title='bbox 924 993 1115 1048; x_wconf 75' lang='lat' dir='ltr'><strong>Multae</strong></span> <span class='ocrx_word' id='word_1_67' title='bbox 1165 995 1502 1050; x_wconf 87' lang='lat' dir='ltr'><strong>mansiones</strong></span> <span class='ocrx_word' id='word_1_68' title='bbox 1532 998 1673 1049; x_wconf 89' lang='lat' dir='ltr'><strong>sunt</strong></span> <span class='ocrx_word' id='word_1_69' title='bbox 1701 994 1856 1066; x_wconf 91' lang='lat' dir='ltr'><strong>apud</strong></span> 
     </span>
    </p>
   </div>
   <div class='ocr_carea' id='block_1_11' title="bbox 200 1077 1857 1153">
    <p class='ocr_par' dir='ltr' id='par_1_11' title="bbox 200 1077 1857 1153">
     <span class='ocr_line' id='line_1_11' title="bbox 200 1077 1857 1153; baseline 0.004 -21"><span class='ocrx_word' id='word_1_70' title='bbox 200 1077 427 1134; x_wconf 85' lang='lat' dir='ltr'><strong>Patrem</strong></span> <span class='ocrx_word' id='word_1_71' title='bbox 460 1095 657 1135; x_wconf 88' lang='lat' dir='ltr'><strong>meum</strong></span> <span class='ocrx_word' id='word_1_72' title='bbox 690 1082 869 1151; x_wconf 87' lang='lat' dir='ltr'><strong>(Joan.</strong></span> <span class='ocrx_word' id='word_1_73' title='bbox 895 1082 1042 1153; x_wconf 76' lang='lat' dir='ltr'><strong>XIV),</strong></span> <span class='ocrx_word' id='word_1_74' title='bbox 1066 1086 1124 1138; x_wconf 90' lang='lat' dir='ltr'><strong>et</strong></span> <span class='ocrx_word' id='word_1_75' title='bbox 1144 1081 1316 1139; x_wconf 84' lang='lat' dir='ltr'><strong>stella</strong></span> <span class='ocrx_word' id='word_1_76' title='bbox 1336 1100 1370 1139; x_wconf 94' lang='lat' dir='ltr'><strong>a</strong></span> <span class='ocrx_word' id='word_1_77' title='bbox 1390 1083 1560 1139; x_wconf 86' lang='lat' dir='ltr'><strong>stella</strong></span> <span class='ocrx_word' id='word_1_78' title='bbox 1585 1083 1778 1139; x_wconf 83' lang='lat' dir='ltr'><strong>differt</strong></span> <span class='ocrx_word' id='word_1_79' title='bbox 1796 1082 1857 1138; x_wconf 91' lang='lat' dir='ltr'><strong>in</strong></span> 
     </span>
    </p>
   </div>
   <div class='ocr_carea' id='block_1_12' title="bbox 201 1165 1854 1243">
    <p class='ocr_par' dir='ltr' id='par_1_12' title="bbox 201 1165 1854 1243">
     <span class='ocr_line' id='line_1_12' title="bbox 201 1165 1854 1243; baseline 0.004 -21"><span class='ocrx_word' id='word_1_80' title='bbox 201 1165 463 1223; x_wconf 80' lang='lat' dir='ltr'><strong>claritate</strong></span> <span class='ocrx_word' id='word_1_81' title='bbox 489 1185 501 1223; x_wconf 92' lang='lat'><strong>:</strong></span> <span class='ocrx_word' id='word_1_82' title='bbox 537 1167 619 1223; x_wconf 89' lang='lat' dir='ltr'><strong>ita</strong></span> <span class='ocrx_word' id='word_1_83' title='bbox 650 1173 707 1224; x_wconf 92' lang='lat' dir='ltr'><strong>et</strong></span> <span class='ocrx_word' id='word_1_84' title='bbox 736 1170 1083 1226; x_wconf 85' lang='lat' dir='ltr'><strong>resurrectio</strong></span> <span class='ocrx_word' id='word_1_85' title='bbox 1115 1179 1479 1227; x_wconf 87' lang='lat' dir='ltr'><strong>mortuorum</strong></span> <span class='ocrx_word' id='word_1_86' title='bbox 1509 1172 1552 1240; x_wconf 90' lang='grc' dir='ltr'><strong>(Ι</strong></span> <span class='ocrx_word' id='word_1_87' title='bbox 1580 1171 1704 1228; x_wconf 83' lang='lat' dir='ltr'><strong>Cor.</strong></span> <span class='ocrx_word' id='word_1_88' title='bbox 1726 1171 1854 1243; x_wconf 85' lang='lat' dir='ltr'><strong>xv):</strong></span> 
     </span>
    </p>
   </div>
   <div class='ocr_carea' id='block_1_13' title="bbox 203 1256 1855 1333">
    <p class='ocr_par' dir='ltr' id='par_1_13' title="bbox 203 1256 1855 1333">
     <span class='ocr_line' id='line_1_13' title="bbox 203 1256 1855 1333; baseline 0.002 -22"><span class='ocrx_word' id='word_1_89' title='bbox 203 1256 426 1311; x_wconf 84' lang='lat' dir='ltr'><strong>sanctis</strong></span> <span class='ocrx_word' id='word_1_90' title='bbox 448 1256 896 1329; x_wconf 87' lang='lat' dir='ltr'><strong>splendentibus</strong></span> <span class='ocrx_word' id='word_1_91' title='bbox 919 1259 1071 1314; x_wconf 90' lang='lat' dir='ltr'><strong>sicut</strong></span> <span class='ocrx_word' id='word_1_92' title='bbox 1091 1260 1178 1316; x_wconf 92' lang='lat' dir='ltr'><strong>sol</strong></span> <span class='ocrx_word' id='word_1_93' title='bbox 1202 1265 1259 1315; x_wconf 90' lang='lat' dir='ltr'><strong>et</strong></span> <span class='ocrx_word' id='word_1_94' title='bbox 1277 1259 1438 1326; x_wconf 89' lang='lat' dir='ltr'><strong>luna,</strong></span> <span class='ocrx_word' id='word_1_95' title='bbox 1462 1276 1668 1333; x_wconf 86' lang='lat' dir='ltr'><strong>vesper</strong></span> <span class='ocrx_word' id='word_1_96' title='bbox 1692 1265 1745 1316; x_wconf 92' lang='lat' dir='ltr'><strong>et</strong></span> <span class='ocrx_word' id='word_1_97' title='bbox 1766 1259 1855 1315; x_wconf 88' lang='lat' dir='ltr'><strong>lu-</strong></span> 
     </span>
    </p>
   </div>
   <div class='ocr_carea' id='block_1_14' title="bbox 200 1344 1854 1423">
    <p class='ocr_par' dir='ltr' id='par_1_14' title="bbox 200 1344 1854 1423">
     <span class='ocr_line' id='line_1_14' title="bbox 200 1344 1854 1423; baseline 0.003 -24"><span class='ocrx_word' id='word_1_98' title='bbox 200 1344 360 1401; x_wconf 83' lang='lat' dir='ltr'><strong>cifer.</strong></span> <span class='ocrx_word' id='word_1_99' title='bbox 376 1346 484 1411; x_wconf 86' lang='lat' dir='ltr'><strong>Qui</strong></span> <span class='ocrx_word' id='word_1_100' title='bbox 501 1350 696 1402; x_wconf 88' lang='lat' dir='ltr'><strong>autem</strong></span> <span class='ocrx_word' id='word_1_101' title='bbox 716 1353 850 1419; x_wconf 89' lang='lat' dir='ltr'><strong>post</strong></span> <span class='ocrx_word' id='word_1_102' title='bbox 865 1352 1166 1420; x_wconf 90' lang='lat' dir='ltr'><strong>peccatum</strong></span> <span class='ocrx_word' id='word_1_103' title='bbox 1186 1348 1408 1420; x_wconf 83' lang='lat' dir='ltr'><strong>egerint</strong></span> <span class='ocrx_word' id='word_1_104' title='bbox 1428 1349 1854 1423; x_wconf 76' lang='lat' dir='ltr'><strong>pmnitentiam,</strong></span> 
     </span>
    </p>
   </div>
   <div class='ocr_carea' id='block_1_15' title="bbox 199 1434 1855 1510">
    <p class='ocr_par' dir='ltr' id='par_1_15' title="bbox 199 1434 1855 1510">
     <span class='ocr_line' id='line_1_15' title="bbox 199 1434 1855 1510; baseline 0.003 -22"><span class='ocrx_word' id='word_1_105' title='bbox 199 1434 388 1505; x_wconf 92' lang='lat' dir='ltr'><strong>pro(a)</strong></span> <span class='ocrx_word' id='word_1_106' title='bbox 401 1434 735 1491; x_wconf 86' lang='lat' dir='ltr'><strong>diversitate</strong></span> <span class='ocrx_word' id='word_1_107' title='bbox 751 1437 1093 1493; x_wconf 88' lang='lat' dir='ltr'><strong>meritorum</strong></span> <span class='ocrx_word' id='word_1_108' title='bbox 1108 1437 1290 1493; x_wconf 87' lang='lat' dir='ltr'><strong>stellis</strong></span> <span class='ocrx_word' id='word_1_109' title='bbox 1304 1437 1435 1495; x_wconf 91' lang='lat' dir='ltr'><strong>aliis</strong></span> <span class='ocrx_word' id='word_1_110' title='bbox 1449 1438 1855 1510; x_wconf 66' lang='lat' dir='ltr'><strong>mquabuntur.</strong></span> 
     </span>
    </p>
   </div>
   <div class='ocr_carea' id='block_1_16' title="bbox 269 1522 1857 1595">
    <p class='ocr_par' dir='ltr' id='par_1_16' title="bbox 269 1522 1857 1595">
     <span class='ocr_line' id='line_1_16' title="bbox 269 1522 1857 1595; baseline 0.003 -17"><span class='ocrx_word' id='word_1_111' title='bbox 269 1522 450 1593; x_wconf 85' lang='lat' dir='ltr'><strong>(Vers.</strong></span> <span class='ocrx_word' id='word_1_112' title='bbox 495 1523 573 1595; x_wconf 90' lang='lat'><strong>3.)</strong></span> <span class='ocrx_word' id='word_1_113' title='bbox 620 1524 757 1592; x_wconf 86' lang='lat' dir='ltr'><strong>Quia</strong></span> <span class='ocrx_word' id='word_1_114' title='bbox 805 1525 923 1582; x_wconf 61' lang='lat' dir='ltr'><strong>haec</strong></span> <span class='ocrx_word' id='word_1_115' title='bbox 958 1525 1091 1581; x_wconf 80' lang='lat' dir='ltr'><strong>dicit</strong></span> <span class='ocrx_word' id='word_1_116' title='bbox 1121 1527 1384 1582; x_wconf 79' lang='lat' dir='ltr'><strong>Dominus</strong></span> <span class='ocrx_word' id='word_1_117' title='bbox 1412 1528 1552 1583; x_wconf 87' lang='lat' dir='ltr'><strong>Deus</strong></span> <span class='ocrx_word' id='word_1_118' title='bbox 1576 1545 1594 1582; x_wconf 89' lang='lat'><strong>:</strong></span> <span class='ocrx_word' id='word_1_119' title='bbox 1629 1528 1761 1583; x_wconf 92' lang='lat' dir='ltr'><strong>Urbs</strong></span> <span class='ocrx_word' id='word_1_120' title='bbox 1790 1527 1857 1582; x_wconf 91' lang='lat' dir='ltr'><strong>de</strong></span> 
     </span>
    </p>
   </div>
   <div class='ocr_carea' id='block_1_17' title="bbox 194 1611 1851 1686">
    <p class='ocr_par' dir='ltr' id='par_1_17' title="bbox 194 1611 1851 1686">
     <span class='ocr_line' id='line_1_17' title="bbox 194 1611 1851 1686; baseline 0.003 -19"><span class='ocrx_word' id='word_1_121' title='bbox 194 1627 304 1682; x_wconf 86' lang='lat' dir='ltr'><strong>qua</strong></span> <span class='ocrx_word' id='word_1_122' title='bbox 325 1611 749 1683; x_wconf 76' lang='lat' dir='ltr'><strong>egrediebantur</strong></span> <span class='ocrx_word' id='word_1_123' title='bbox 766 1614 941 1680; x_wconf 86' lang='lat' dir='ltr'><strong>mille,</strong></span> <span class='ocrx_word' id='word_1_124' title='bbox 968 1615 1351 1686; x_wconf 77' lang='lat' dir='ltr'><strong>relinquentur</strong></span> <span class='ocrx_word' id='word_1_125' title='bbox 1373 1618 1433 1671; x_wconf 88' lang='lat' dir='ltr'><strong>in</strong></span> <span class='ocrx_word' id='word_1_126' title='bbox 1459 1633 1519 1671; x_wconf 89' lang='lat' dir='ltr'><strong>ea</strong></span> <span class='ocrx_word' id='word_1_127' title='bbox 1541 1620 1777 1681; x_wconf 81' lang='lat' dir='ltr'><strong>centum,</strong></span> <span class='ocrx_word' id='word_1_128' title='bbox 1801 1618 1851 1672; x_wconf 88' lang='lat' dir='ltr'><strong>et</strong></span> 
     </span>
    </p>
   </div>
   <div class='ocr_carea' id='block_1_18' title="bbox 1974 545 3622 621">
    <p class='ocr_par' dir='ltr' id='par_1_18' title="bbox 1974 545 3622 621">
     <span class='ocr_line' id='line_1_18' title="bbox 1974 545 3622 621; baseline 0.001 -20"><span class='ocrx_word' id='word_1_129' title='bbox 1974 547 2164 602; x_wconf 89' lang='lat' dir='ltr'><strong>tivitas</strong></span> <span class='ocrx_word' id='word_1_130' title='bbox 2194 547 2394 620; x_wconf 89' lang='lat' dir='ltr'><strong>populi</strong></span> <span class='ocrx_word' id='word_1_131' title='bbox 2426 548 2625 617; x_wconf 89' lang='lat' dir='ltr'><strong>Israel,</strong></span> <span class='ocrx_word' id='word_1_132' title='bbox 2668 548 2993 621; x_wconf 88' lang='lat' dir='ltr'><strong>templique</strong></span> <span class='ocrx_word' id='word_1_133' title='bbox 3023 545 3343 614; x_wconf 90' lang='lat' dir='ltr'><strong>subversio,</strong></span> <span class='ocrx_word' id='word_1_134' title='bbox 3386 550 3622 618; x_wconf 85' lang='lat' dir='ltr'><strong>septua-</strong></span> 
     </span>
    </p>
   </div>
   <div class='ocr_carea' id='block_1_19' title="bbox 1968 635 3620 709">
    <p class='ocr_par' dir='ltr' id='par_1_19' title="bbox 1968 635 3620 709">
     <span class='ocr_line' id='line_1_19' title="bbox 1968 635 3620 709; baseline -0.001 -17"><span class='ocrx_word' id='word_1_135' title='bbox 1968 635 2191 708; x_wconf 89' lang='lat' dir='ltr'><strong>gesimo</strong></span> <span class='ocrx_word' id='word_1_136' title='bbox 2249 653 2399 693; x_wconf 87' lang='lat' dir='ltr'><strong>anno</strong></span> <span class='ocrx_word' id='word_1_137' title='bbox 2455 637 2832 693; x_wconf 88' lang='lat' dir='ltr'><strong>desolationis</strong></span> <span class='ocrx_word' id='word_1_138' title='bbox 2862 637 3103 709; x_wconf 87' lang='lat' dir='ltr'><strong>impleta</strong></span> <span class='ocrx_word' id='word_1_139' title='bbox 3130 641 3238 703; x_wconf 89' lang='lat' dir='ltr'><strong>est,</strong></span> <span class='ocrx_word' id='word_1_140' title='bbox 3289 641 3345 691; x_wconf 89' lang='lat' dir='ltr'><strong>et</strong></span> <span class='ocrx_word' id='word_1_141' title='bbox 3394 639 3620 708; x_wconf 88' lang='lat' dir='ltr'><strong>septem</strong></span> 
     </span>
    </p>
   </div>
   <div class='ocr_carea' id='block_1_20' title="bbox 1970 723 3616 798">
    <p class='ocr_par' dir='ltr' id='par_1_20' title="bbox 1970 723 3616 798">
     <span class='ocr_line' id='line_1_20' title="bbox 1970 723 3616 798; baseline -0.001 -19"><span class='ocrx_word' id='word_1_142' title='bbox 1970 730 2128 779; x_wconf 89' lang='lat' dir='ltr'><strong>astra</strong></span> <span class='ocrx_word' id='word_1_143' title='bbox 2149 727 2318 795; x_wconf 83' lang='lat' dir='ltr'><strong>juxta</strong></span> <span class='ocrx_word' id='word_1_144' title='bbox 2344 742 2655 781; x_wconf 89' lang='lat' dir='ltr'><strong>numerum</strong></span> <span class='ocrx_word' id='word_1_145' title='bbox 2689 727 2916 782; x_wconf 86' lang='lat' dir='ltr'><strong>dierum</strong></span> <span class='ocrx_word' id='word_1_146' title='bbox 2942 727 3221 782; x_wconf 91' lang='lat' dir='ltr'><strong>dicuntur</strong></span> <span class='ocrx_word' id='word_1_147' title='bbox 3241 724 3311 798; x_wconf 91' lang='lat' dir='ltr'><strong>(e)</strong></span> <span class='ocrx_word' id='word_1_148' title='bbox 3338 723 3616 781; x_wconf 88' lang='lat' dir='ltr'><strong>errantia.</strong></span> 
     </span>
    </p>
   </div>
   <div class='ocr_carea' id='block_1_21' title="bbox 1968 811 3622 887">
    <p class='ocr_par' dir='ltr' id='par_1_21' title="bbox 1968 811 3622 887">
     <span class='ocr_line' id='line_1_21' title="bbox 1968 811 3622 887; baseline 0 -19"><span class='ocrx_word' id='word_1_149' title='bbox 1968 814 2048 869; x_wconf 94' lang='lat' dir='ltr'><strong>De</strong></span> <span class='ocrx_word' id='word_1_150' title='bbox 2080 815 2248 886; x_wconf 81' lang='lat' dir='ltr'><strong>cujus</strong></span> <span class='ocrx_word' id='word_1_151' title='bbox 2282 815 2509 871; x_wconf 90' lang='lat' dir='ltr'><strong>numeri</strong></span> <span class='ocrx_word' id='word_1_152' title='bbox 2540 815 2924 872; x_wconf 88' lang='lat' dir='ltr'><strong>sacramentis</strong></span> <span class='ocrx_word' id='word_1_153' title='bbox 2967 815 3026 870; x_wconf 90' lang='lat' dir='ltr'><strong>in</strong></span> <span class='ocrx_word' id='word_1_154' title='bbox 3068 814 3355 887; x_wconf 90' lang='lat' dir='ltr'><strong>Scipionis</strong></span> <span class='ocrx_word' id='word_1_155' title='bbox 3394 811 3622 870; x_wconf 88' lang='lat' dir='ltr'><strong>somnio</strong></span> 
     </span>
    </p>
   </div>
   <div class='ocr_carea' id='block_1_22' title="bbox 1968 901 3621 974">
    <p class='ocr_par' dir='ltr' id='par_1_22' title="bbox 1968 901 3621 974">
     <span class='ocr_line' id='line_1_22' title="bbox 1968 901 3621 974; baseline 0.001 -18"><span class='ocrx_word' id='word_1_156' title='bbox 1968 903 2202 974; x_wconf 89' lang='lat' dir='ltr'><strong>plenius</strong></span> <span class='ocrx_word' id='word_1_157' title='bbox 2234 909 2432 959; x_wconf 89' lang='lat' dir='ltr'><strong>narrat</strong></span> <span class='ocrx_word' id='word_1_158' title='bbox 2462 904 2690 960; x_wconf 90' lang='lat' dir='ltr'><strong>Tullius</strong></span> <span class='ocrx_word' id='word_1_159' title='bbox 2724 921 2737 958; x_wconf 91' lang='lat'><strong>:</strong></span> <span class='ocrx_word' id='word_1_160' title='bbox 2783 908 2839 961; x_wconf 92' lang='lat' dir='ltr'><strong>et</strong></span> <span class='ocrx_word' id='word_1_161' title='bbox 2869 903 3329 960; x_wconf 86' lang='lat' dir='ltr'><strong>obscurissimus</strong></span> <span class='ocrx_word' id='word_1_162' title='bbox 3358 901 3621 958; x_wconf 84' lang='lat' dir='ltr'><strong>Platonis</strong></span> 
     </span>
    </p>
   </div>
   <div class='ocr_carea' id='block_1_23' title="bbox 1965 991 3621 1065">
    <p class='ocr_par' dir='ltr' id='par_1_23' title="bbox 1965 991 3621 1065">
     <span class='ocr_line' id='line_1_23' title="bbox 1965 991 3621 1065; baseline -0.001 -18"><span class='ocrx_word' id='word_1_163' title='bbox 1965 991 2218 1047; x_wconf 69' lang='lat' dir='ltr'><strong>Timaeus</strong></span> <span class='ocrx_word' id='word_1_164' title='bbox 2242 993 2309 1065; x_wconf 73' lang='grc' dir='ltr'><strong>(Γ)</strong></span> <span class='ocrx_word' id='word_1_165' title='bbox 2341 991 2487 1049; x_wconf 91' lang='lat' dir='ltr'><strong>liber</strong></span> <span class='ocrx_word' id='word_1_166' title='bbox 2508 996 2613 1061; x_wconf 91' lang='lat' dir='ltr'><strong>est,</strong></span> <span class='ocrx_word' id='word_1_167' title='bbox 2644 993 2743 1064; x_wconf 91' lang='lat' dir='ltr'><strong>qui</strong></span> <span class='ocrx_word' id='word_1_168' title='bbox 2772 1009 2843 1049; x_wconf 89' lang='lat' dir='ltr'><strong>ne</strong></span> <span class='ocrx_word' id='word_1_169' title='bbox 2868 992 3159 1050; x_wconf 90' lang='lat' dir='ltr'><strong>Ciceronis</strong></span> <span class='ocrx_word' id='word_1_170' title='bbox 3186 992 3424 1064; x_wconf 88' lang='lat' dir='ltr'><strong>quidem</strong></span> <span class='ocrx_word' id='word_1_171' title='bbox 3445 1006 3621 1046; x_wconf 91' lang='lat' dir='ltr'><strong>aureo</strong></span> 
     </span>
    </p>
   </div>
   <div class='ocr_carea' id='block_1_24' title="bbox 1968 1080 3621 1155">
    <p class='ocr_par' dir='ltr' id='par_1_24' title="bbox 1968 1080 3621 1155">
     <span class='ocr_line' id='line_1_24' title="bbox 1968 1080 3621 1155; baseline -0.002 -18"><span class='ocrx_word' id='word_1_172' title='bbox 1968 1097 2065 1137; x_wconf 91' lang='lat' dir='ltr'><strong>ore</strong></span> <span class='ocrx_word' id='word_1_173' title='bbox 2096 1083 2169 1153; x_wconf 85' lang='lat' dir='ltr'><strong>(g)</strong></span> <span class='ocrx_word' id='word_1_174' title='bbox 2200 1082 2265 1137; x_wconf 82' lang='lat' dir='ltr'><strong>ﬁt</strong></span> <span class='ocrx_word' id='word_1_175' title='bbox 2286 1080 2533 1153; x_wconf 87' lang='lat' dir='ltr'><strong>planior.</strong></span> <span class='ocrx_word' id='word_1_176' title='bbox 2558 1082 2725 1137; x_wconf 88' lang='lat' dir='ltr'><strong>Sicut</strong></span> <span class='ocrx_word' id='word_1_177' title='bbox 2746 1082 2923 1155; x_wconf 85' lang='lat' dir='ltr'><strong>igitur</strong></span> <span class='ocrx_word' id='word_1_178' title='bbox 2944 1080 3315 1154; x_wconf 87' lang='lat' dir='ltr'><strong>Septenarius</strong></span> <span class='ocrx_word' id='word_1_179' title='bbox 3338 1095 3621 1135; x_wconf 90' lang='lat' dir='ltr'><strong>numerus</strong></span> 
     </span>
    </p>
   </div>
   <div class='ocr_carea' id='block_1_25' title="bbox 1967 1168 3623 1239">
    <p class='ocr_par' dir='ltr' id='par_1_25' title="bbox 1967 1168 3623 1239">
     <span class='ocr_line' id='line_1_25' title="bbox 1967 1168 3623 1239; baseline 0 -16"><span class='ocrx_word' id='word_1_180' title='bbox 1967 1168 2143 1224; x_wconf 86' lang='lat' dir='ltr'><strong>habet</strong></span> <span class='ocrx_word' id='word_1_181' title='bbox 2173 1175 2607 1226; x_wconf 81' lang='lat' dir='ltr'><strong>sacramentum</strong></span> <span class='ocrx_word' id='word_1_182' title='bbox 2658 1188 2855 1236; x_wconf 88' lang='lat' dir='ltr'><strong>suum,</strong></span> <span class='ocrx_word' id='word_1_183' title='bbox 2906 1171 2990 1225; x_wconf 90' lang='lat' dir='ltr'><strong>sic</strong></span> <span class='ocrx_word' id='word_1_184' title='bbox 3020 1169 3416 1225; x_wconf 86' lang='lat' dir='ltr'><strong>sanctiﬁcatus</strong></span> <span class='ocrx_word' id='word_1_185' title='bbox 3447 1170 3623 1239; x_wconf 89' lang='lat' dir='ltr'><strong>atque</strong></span> 
     </span>
    </p>
   </div>
   <div class='ocr_carea' id='block_1_26' title="bbox 1966 1252 3624 1329">
    <p class='ocr_par' dir='ltr' id='par_1_26' title="bbox 1966 1252 3624 1329">
     <span class='ocr_line' id='line_1_26' title="bbox 1966 1252 3624 1329; baseline -0.002 -16"><span class='ocrx_word' id='word_1_186' title='bbox 1966 1259 2275 1329; x_wconf 90' lang='lat' dir='ltr'><strong>perfectus,</strong></span> <span class='ocrx_word' id='word_1_187' title='bbox 2309 1263 2365 1314; x_wconf 89' lang='lat' dir='ltr'><strong>et</strong></span> <span class='ocrx_word' id='word_1_188' title='bbox 2397 1264 2460 1314; x_wconf 91' lang='lat' dir='ltr'><strong>ut</strong></span> <span class='ocrx_word' id='word_1_189' title='bbox 2491 1259 2571 1314; x_wconf 90' lang='lat' dir='ltr'><strong>ita</strong></span> <span class='ocrx_word' id='word_1_190' title='bbox 2600 1259 2816 1325; x_wconf 91' lang='lat' dir='ltr'><strong>dicam,</strong></span> <span class='ocrx_word' id='word_1_191' title='bbox 2848 1276 3019 1315; x_wconf 90' lang='lat' dir='ltr'><strong>verus</strong></span> <span class='ocrx_word' id='word_1_192' title='bbox 3049 1262 3138 1315; x_wconf 89' lang='lat' dir='ltr'><strong>est</strong></span> <span class='ocrx_word' id='word_1_193' title='bbox 3169 1274 3472 1324; x_wconf 90' lang='lat' dir='ltr'><strong>numerus,</strong></span> <span class='ocrx_word' id='word_1_194' title='bbox 3520 1252 3624 1326; x_wconf 91' lang='lat' dir='ltr'><strong>qui</strong></span> 
     </span>
    </p>
   </div>
   <div class='ocr_carea' id='block_1_27' title="bbox 1967 1344 3624 1419">
    <p class='ocr_par' dir='ltr' id='par_1_27' title="bbox 1967 1344 3624 1419">
     <span class='ocr_line' id='line_1_27' title="bbox 1967 1344 3624 1419; baseline -0.001 -18"><span class='ocrx_word' id='word_1_195' title='bbox 1967 1347 2183 1402; x_wconf 89' lang='lat' dir='ltr'><strong>unione</strong></span> <span class='ocrx_word' id='word_1_196' title='bbox 2206 1348 2507 1417; x_wconf 89' lang='lat' dir='ltr'><strong>retinetur,</strong></span> <span class='ocrx_word' id='word_1_197' title='bbox 2524 1352 2580 1404; x_wconf 90' lang='lat' dir='ltr'><strong>et</strong></span> <span class='ocrx_word' id='word_1_198' title='bbox 2603 1348 2779 1404; x_wconf 89' lang='lat' dir='ltr'><strong>unius</strong></span> <span class='ocrx_word' id='word_1_199' title='bbox 2802 1348 2897 1404; x_wconf 91' lang='lat' dir='ltr'><strong>Dei</strong></span> <span class='ocrx_word' id='word_1_200' title='bbox 2926 1349 3231 1419; x_wconf 88' lang='lat' dir='ltr'><strong>majestate</strong></span> <span class='ocrx_word' id='word_1_201' title='bbox 3252 1344 3624 1403; x_wconf 90' lang='lat' dir='ltr'><strong>concluditur</strong></span> 
     </span>
    </p>
   </div>
   <div class='ocr_carea' id='block_1_28' title="bbox 1967 1435 3624 1508">
    <p class='ocr_par' dir='ltr' id='par_1_28' title="bbox 1967 1435 3624 1508">
     <span class='ocr_line' id='line_1_28' title="bbox 1967 1435 3624 1508; baseline -0.001 -17"><span class='ocrx_word' id='word_1_202' title='bbox 1967 1436 2076 1507; x_wconf 78' lang='grc' dir='ltr'><strong>[Αἱ.</strong></span> <span class='ocrx_word' id='word_1_203' title='bbox 2110 1435 2471 1508; x_wconf 89' lang='lat' dir='ltr'><strong>recluditur].</strong></span> <span class='ocrx_word' id='word_1_204' title='bbox 2506 1436 2669 1493; x_wconf 89' lang='lat' dir='ltr'><strong>Unde</strong></span> <span class='ocrx_word' id='word_1_205' title='bbox 2699 1437 2840 1493; x_wconf 89' lang='lat' dir='ltr'><strong>dicit</strong></span> <span class='ocrx_word' id='word_1_206' title='bbox 2868 1436 3084 1493; x_wconf 90' lang='lat' dir='ltr'><strong>Filius:</strong></span> <span class='ocrx_word' id='word_1_207' title='bbox 3124 1437 3231 1508; x_wconf 85' lang='lat' dir='ltr'><strong>Ego</strong></span> <span class='ocrx_word' id='word_1_208' title='bbox 3263 1438 3325 1491; x_wconf 89' lang='lat' dir='ltr'><strong>in</strong></span> <span class='ocrx_word' id='word_1_209' title='bbox 3353 1437 3537 1502; x_wconf 87' lang='lat' dir='ltr'><strong>Patre,</strong></span> <span class='ocrx_word' id='word_1_210' title='bbox 3568 1435 3624 1490; x_wconf 80' lang='lat' dir='ltr'><strong>et</strong></span> 
     </span>
    </p>
   </div>
   <div class='ocr_carea' id='block_1_29' title="bbox 1966 1525 3620 1598">
    <p class='ocr_par' dir='ltr' id='par_1_29' title="bbox 1966 1525 3620 1598">
     <span class='ocr_line' id='line_1_29' title="bbox 1966 1525 3620 1598; baseline -0.001 -19"><span class='ocrx_word' id='word_1_211' title='bbox 1966 1526 2130 1581; x_wconf 89' lang='lat' dir='ltr'><strong>Pater</strong></span> <span class='ocrx_word' id='word_1_212' title='bbox 2148 1528 2204 1581; x_wconf 86' lang='lat' dir='ltr'><strong>in</strong></span> <span class='ocrx_word' id='word_1_213' title='bbox 2228 1542 2314 1581; x_wconf 89' lang='lat' dir='ltr'><strong>me</strong></span> <span class='ocrx_word' id='word_1_214' title='bbox 2344 1525 2531 1598; x_wconf 76' lang='lat' dir='ltr'><strong>(Joan.</strong></span> <span class='ocrx_word' id='word_1_215' title='bbox 2561 1544 2677 1594; x_wconf 72' lang='lat' dir='ltr'><strong>xxv,</strong></span> <span class='ocrx_word' id='word_1_216' title='bbox 2702 1528 2789 1598; x_wconf 87' lang='grc'><strong>11)</strong></span> <span class='ocrx_word' id='word_1_217' title='bbox 2814 1544 2826 1582; x_wconf 89' lang='lat'><strong>:</strong></span> <span class='ocrx_word' id='word_1_218' title='bbox 2863 1527 3181 1597; x_wconf 90' lang='lat' dir='ltr'><strong>volensque</strong></span> <span class='ocrx_word' id='word_1_219' title='bbox 3203 1539 3408 1581; x_wconf 91' lang='lat' dir='ltr'><strong>omnes</strong></span> <span class='ocrx_word' id='word_1_220' title='bbox 3433 1537 3620 1578; x_wconf 88' lang='lat' dir='ltr'><strong>unum</strong></span> 
     </span>
    </p>
   </div>
   <div class='ocr_carea' id='block_1_30' title="bbox 1964 1612 3619 1687">
    <p class='ocr_par' dir='ltr' id='par_1_30' title="bbox 1964 1612 3619 1687">
     <span class='ocr_line' id='line_1_30' title="bbox 1964 1612 3619 1687; baseline -0.001 -18"><span class='ocrx_word' id='word_1_221' title='bbox 1964 1630 2092 1669; x_wconf 91' lang='lat' dir='ltr'><strong>esse</strong></span> <span class='ocrx_word' id='word_1_222' title='bbox 2123 1631 2259 1670; x_wconf 89' lang='lat' dir='ltr'><strong>cum</strong></span> <span class='ocrx_word' id='word_1_223' title='bbox 2290 1614 2479 1682; x_wconf 85' lang='lat' dir='ltr'><strong>Patre,</strong></span> <span class='ocrx_word' id='word_1_224' title='bbox 2509 1613 2770 1687; x_wconf 91' lang='lat' dir='ltr'><strong>loquitur</strong></span> <span class='ocrx_word' id='word_1_225' title='bbox 2800 1615 2869 1669; x_wconf 89' lang='lat' dir='ltr'><strong>ad</strong></span> <span class='ocrx_word' id='word_1_226' title='bbox 2903 1630 3037 1669; x_wconf 89' lang='lat' dir='ltr'><strong>eum</strong></span> <span class='ocrx_word' id='word_1_227' title='bbox 3064 1632 3076 1670; x_wconf 90' lang='lat'><strong>:</strong></span> <span class='ocrx_word' id='word_1_228' title='bbox 3106 1616 3292 1683; x_wconf 84' lang='lat' dir='ltr'><strong>Pater,</strong></span> <span class='ocrx_word' id='word_1_229' title='bbox 3314 1613 3405 1681; x_wconf 89' lang='lat' dir='ltr'><strong>da,</strong></span> <span class='ocrx_word' id='word_1_230' title='bbox 3434 1612 3619 1667; x_wconf 85' lang='lat' dir='ltr'><strong>utsic-</strong></span> 
     </span>
    </p>
   </div>
   <div class='ocr_carea' id='block_1_31' title="bbox 189 1699 3622 1776">
    <p class='ocr_par' dir='ltr' id='par_1_31' title="bbox 189 1699 3622 1776">
     <span class='ocr_line' id='line_1_31' title="bbox 189 1699 3622 1776; baseline -0.001 -19"><span class='ocrx_word' id='word_1_231' title='bbox 189 1699 260 1757; x_wconf 79' lang='lat' dir='ltr'><strong>de</strong></span> <span class='ocrx_word' id='word_1_232' title='bbox 280 1716 388 1773; x_wconf 87' lang='lat' dir='ltr'><strong>qua</strong></span> <span class='ocrx_word' id='word_1_233' title='bbox 406 1700 827 1771; x_wconf 79' lang='lat' dir='ltr'><strong>egrediebantur</strong></span> <span class='ocrx_word' id='word_1_234' title='bbox 847 1706 1082 1771; x_wconf 80' lang='lat' dir='ltr'><strong>centum,</strong></span> <span class='ocrx_word' id='word_1_235' title='bbox 1106 1705 1488 1776; x_wconf 82' lang='lat' dir='ltr'><strong>relinquentur</strong></span> <span class='ocrx_word' id='word_1_236' title='bbox 1510 1706 1569 1759; x_wconf 88' lang='lat' dir='ltr'><strong>in</strong></span> <span class='ocrx_word' id='word_1_237' title='bbox 1588 1721 1651 1761; x_wconf 91' lang='lat' dir='ltr'><strong>ea</strong></span> <span class='ocrx_word' id='word_1_238' title='bbox 1672 1704 1856 1761; x_wconf 88' lang='lat' dir='ltr'><strong>decem</strong></span> <span class='ocrx_word' id='word_1_239' title='bbox 1960 1706 2022 1757; x_wconf 89' lang='lat' dir='ltr'><strong>ut</strong></span> <span class='ocrx_word' id='word_1_240' title='bbox 2048 1718 2144 1771; x_wconf 89' lang='lat' dir='ltr'><strong>ego</strong></span> <span class='ocrx_word' id='word_1_241' title='bbox 2173 1707 2223 1758; x_wconf 91' lang='lat' dir='ltr'><strong>et</strong></span> <span class='ocrx_word' id='word_1_242' title='bbox 2250 1707 2311 1758; x_wconf 86' lang='lat' dir='ltr'><strong>tu</strong></span> <span class='ocrx_word' id='word_1_243' title='bbox 2340 1720 2515 1758; x_wconf 87' lang='lat' dir='ltr'><strong>unum</strong></span> <span class='ocrx_word' id='word_1_244' title='bbox 2542 1720 2751 1770; x_wconf 85' lang='lat' dir='ltr'><strong>sumus,</strong></span> <span class='ocrx_word' id='word_1_245' title='bbox 2772 1705 2849 1758; x_wconf 86' lang='lat' dir='ltr'><strong>sic</strong></span> <span class='ocrx_word' id='word_1_246' title='bbox 2871 1706 2922 1759; x_wconf 89' lang='lat' dir='ltr'><strong>et</strong></span> <span class='ocrx_word' id='word_1_247' title='bbox 2944 1704 3036 1757; x_wconf 82' lang='lat' dir='ltr'><strong>isti</strong></span> <span class='ocrx_word' id='word_1_248' title='bbox 3059 1704 3119 1758; x_wconf 84' lang='lat' dir='ltr'><strong>in</strong></span> <span class='ocrx_word' id='word_1_249' title='bbox 3138 1702 3294 1759; x_wconf 89' lang='lat' dir='ltr'><strong>nobis</strong></span> <span class='ocrx_word' id='word_1_250' title='bbox 3314 1718 3489 1757; x_wconf 89' lang='lat' dir='ltr'><strong>unum</strong></span> <span class='ocrx_word' id='word_1_251' title='bbox 3506 1702 3622 1756; x_wconf 83' lang='lat' dir='ltr'><strong>sint</strong></span> 
     </span>
    </p>
   </div>
   <div class='ocr_carea' id='block_1_32' title="bbox 189 1786 3620 1900">
    <p class='ocr_par' dir='ltr' id='par_1_32' title="bbox 189 1786 3620 1900">
     <span class='ocr_line' id='line_1_32' title="bbox 189 1786 3620 1900; baseline 0 -57"><span class='ocrx_word' id='word_1_252' title='bbox 189 1790 256 1843; x_wconf 82' lang='lat' dir='ltr'><strong>in</strong></span> <span class='ocrx_word' id='word_1_253' title='bbox 305 1786 466 1844; x_wconf 86' lang='lat' dir='ltr'><strong>domo</strong></span> <span class='ocrx_word' id='word_1_254' title='bbox 516 1789 683 1844; x_wconf 86' lang='lat' dir='ltr'><strong>Israel</strong></span> <span class='ocrx_word' id='word_1_255' title='bbox 712 1789 794 1860; x_wconf 88' lang='lat' dir='ltr'><strong>(b)</strong></span> <span class='ocrx_word' id='word_1_256' title='bbox 845 1789 985 1845; x_wconf 87' lang='lat' dir='ltr'><strong>LXX</strong></span> <span class='ocrx_word' id='word_1_257' title='bbox 1033 1791 1323 1848; x_wconf 86' lang='lat' dir='ltr'><strong>similiter.</strong></span> <span class='ocrx_word' id='word_1_258' title='bbox 1374 1792 1595 1848; x_wconf 88' lang='lat' dir='ltr'><strong>Causas</strong></span> <span class='ocrx_word' id='word_1_259' title='bbox 1635 1793 1853 1865; x_wconf 88' lang='lat' dir='ltr'><strong>quibus</strong></span> <span class='ocrx_word' id='word_1_260' title='bbox 1883 1835 1930 1900; x_wconf 81' lang='grc' dir='ltr'>Β</span> <span class='ocrx_word' id='word_1_261' title='bbox 1961 1790 2125 1858; x_wconf 87' lang='lat' dir='ltr'><strong>(Ibid.</strong></span> <span class='ocrx_word' id='word_1_262' title='bbox 2158 1808 2295 1860; x_wconf 83' lang='lat' dir='ltr'><strong>xvn,</strong></span> <span class='ocrx_word' id='word_1_263' title='bbox 2339 1792 2453 1863; x_wconf 85' lang='grc'><strong>21).</strong></span> <span class='ocrx_word' id='word_1_264' title='bbox 2504 1791 2699 1847; x_wconf 87' lang='lat' dir='ltr'><strong>Prima</strong></span> <span class='ocrx_word' id='word_1_265' title='bbox 2748 1807 2884 1865; x_wconf 91' lang='lat' dir='ltr'><strong>ergo</strong></span> <span class='ocrx_word' id='word_1_266' title='bbox 2933 1790 3229 1847; x_wconf 90' lang='lat' dir='ltr'><strong>beatitudo</strong></span> <span class='ocrx_word' id='word_1_267' title='bbox 3280 1794 3528 1900; x_wconf 74' lang='lat' dir='ltr'><strong>estesse</strong></span> <span class='ocrx_word' id='word_1_268' title='bbox 3559 1789 3620 1890; x_wconf 76' lang='lat' dir='ltr'><strong>in</strong></span> 
     </span>
    </p>
   </div>
   <div class='ocr_carea' id='block_1_33' title="bbox 189 1876 3621 1955">
    <p class='ocr_par' dir='ltr' id='par_1_33' title="bbox 189 1876 3621 1955">
     <span class='ocr_line' id='line_1_33' title="bbox 189 1876 3621 1955; baseline 0 -22"><span class='ocrx_word' id='word_1_269' title='bbox 189 1878 408 1934; x_wconf 89' lang='lat' dir='ltr'><strong>domus</strong></span> <span class='ocrx_word' id='word_1_270' title='bbox 442 1876 617 1933; x_wconf 90' lang='lat' dir='ltr'><strong>Israel</strong></span> <span class='ocrx_word' id='word_1_271' title='bbox 648 1894 925 1934; x_wconf 90' lang='lat' dir='ltr'><strong>corruens</strong></span> <span class='ocrx_word' id='word_1_272' title='bbox 956 1895 1072 1935; x_wconf 89' lang='lat' dir='ltr'><strong>non</strong></span> <span class='ocrx_word' id='word_1_273' title='bbox 1102 1884 1390 1954; x_wconf 83' lang='lat' dir='ltr'><strong>resurgat,</strong></span> <span class='ocrx_word' id='word_1_274' title='bbox 1416 1884 1472 1937; x_wconf 90' lang='lat' dir='ltr'><strong>et</strong></span> <span class='ocrx_word' id='word_1_275' title='bbox 1493 1880 1653 1955; x_wconf 89' lang='lat' dir='ltr'><strong>virgo</strong></span> <span class='ocrx_word' id='word_1_276' title='bbox 1676 1880 1852 1938; x_wconf 88' lang='lat' dir='ltr'><strong>Israel</strong></span> <span class='ocrx_word' id='word_1_277' title='bbox 1884 1876 1930 1900; x_wconf 83' lang='lat'>”</span> <span class='ocrx_word' id='word_1_278' title='bbox 1964 1880 2154 1951; x_wconf 89' lang='lat' dir='ltr'><strong>primo</strong></span> <span class='ocrx_word' id='word_1_279' title='bbox 2187 1896 2452 1948; x_wconf 90' lang='lat' dir='ltr'><strong>numero,</strong></span> <span class='ocrx_word' id='word_1_280' title='bbox 2506 1880 2604 1952; x_wconf 91' lang='lat' dir='ltr'><strong>qui</strong></span> <span class='ocrx_word' id='word_1_281' title='bbox 2646 1897 2800 1936; x_wconf 89' lang='lat' dir='ltr'><strong>unus</strong></span> <span class='ocrx_word' id='word_1_282' title='bbox 2835 1883 2892 1935; x_wconf 91' lang='lat' dir='ltr'><strong>et</strong></span> <span class='ocrx_word' id='word_1_283' title='bbox 2916 1896 3087 1935; x_wconf 92' lang='lat' dir='ltr'><strong>verus</strong></span> <span class='ocrx_word' id='word_1_284' title='bbox 3119 1884 3241 1948; x_wconf 89' lang='lat' dir='ltr'><strong>est;</strong></span> <span class='ocrx_word' id='word_1_285' title='bbox 3270 1879 3531 1943; x_wconf 89' lang='lat' dir='ltr'><strong>secunda</strong></span> <span class='ocrx_word' id='word_1_286' title='bbox 3559 1878 3621 1933; x_wconf 90' lang='lat' dir='ltr'><strong>in</strong></span> 
     </span>
    </p>
   </div>
   <div class='ocr_carea' id='block_1_34' title="bbox 190 1964 1854 2038">
    <p class='ocr_par' dir='ltr' id='par_1_34' title="bbox 190 1964 1854 2038">
     <span class='ocr_line' id='line_1_34' title="bbox 190 1964 1854 2038; baseline 0.001 -16"><span class='ocrx_word' id='word_1_287' title='bbox 190 1981 419 2031; x_wconf 78' lang='lat' dir='ltr'><strong>errans,</strong></span> <span class='ocrx_word' id='word_1_288' title='bbox 449 1964 539 2021; x_wconf 91' lang='lat' dir='ltr'><strong>vel</strong></span> <span class='ocrx_word' id='word_1_289' title='bbox 571 1967 832 2038; x_wconf 81' lang='lat' dir='ltr'><strong>projecta</strong></span> <span class='ocrx_word' id='word_1_290' title='bbox 860 1967 919 2023; x_wconf 89' lang='lat' dir='ltr'><strong>in</strong></span> <span class='ocrx_word' id='word_1_291' title='bbox 950 1972 1189 2037; x_wconf 90' lang='lat' dir='ltr'><strong>terram,</strong></span> <span class='ocrx_word' id='word_1_292' title='bbox 1245 1987 1361 2025; x_wconf 92' lang='lat' dir='ltr'><strong>non</strong></span> <span class='ocrx_word' id='word_1_293' title='bbox 1411 1970 1621 2026; x_wconf 88' lang='lat' dir='ltr'><strong>habeat</strong></span> <span class='ocrx_word' id='word_1_294' title='bbox 1664 1970 1854 2027; x_wconf 85' lang='lat' dir='ltr'><strong>susci-</strong></span> 
     </span>
    </p>
   </div>
   <div class='ocr_carea' id='block_1_35' title="bbox 189 2054 1856 2131">
    <p class='ocr_par' dir='ltr' id='par_1_35' title="bbox 189 2054 1856 2131">
     <span class='ocr_line' id='line_1_35' title="bbox 189 2054 1856 2131; baseline 0.005 -22"><span class='ocrx_word' id='word_1_295' title='bbox 189 2058 441 2125; x_wconf 85' lang='lat' dir='ltr'><strong>tantem,</strong></span> <span class='ocrx_word' id='word_1_296' title='bbox 473 2054 665 2112; x_wconf 86' lang='lat' dir='ltr'><strong>reddit</strong></span> <span class='ocrx_word' id='word_1_297' title='bbox 697 2072 889 2113; x_wconf 90' lang='lat' dir='ltr'><strong>sermo</strong></span> <span class='ocrx_word' id='word_1_298' title='bbox 920 2057 1153 2114; x_wconf 90' lang='lat' dir='ltr'><strong>divinus</strong></span> <span class='ocrx_word' id='word_1_299' title='bbox 1183 2076 1196 2115; x_wconf 89' lang='lat'><strong>:</strong></span> <span class='ocrx_word' id='word_1_300' title='bbox 1233 2059 1390 2128; x_wconf 86' lang='lat' dir='ltr'><strong>Urbs,</strong></span> <span class='ocrx_word' id='word_1_301' title='bbox 1441 2059 1735 2131; x_wconf 91' lang='lat' dir='ltr'><strong>inquiens,</strong></span> <span class='ocrx_word' id='word_1_302' title='bbox 1789 2059 1856 2116; x_wconf 87' lang='lat' dir='ltr'><strong>de</strong></span> 
     </span>
    </p>
   </div>
   <div class='ocr_carea' id='block_1_36' title="bbox 189 2143 1851 2219">
    <p class='ocr_par' dir='ltr' id='par_1_36' title="bbox 189 2143 1851 2219">
     <span class='ocr_line' id='line_1_36' title="bbox 189 2143 1851 2219; baseline 0.004 -21"><span class='ocrx_word' id='word_1_303' title='bbox 189 2159 303 2215; x_wconf 88' lang='lat' dir='ltr'><strong>qua</strong></span> <span class='ocrx_word' id='word_1_304' title='bbox 338 2143 760 2215; x_wconf 45' lang='lat' dir='ltr'><strong>gradiebantur</strong></span> <span class='ocrx_word' id='word_1_305' title='bbox 784 2147 959 2214; x_wconf 84' lang='lat' dir='ltr'><strong>mille,</strong></span> <span class='ocrx_word' id='word_1_306' title='bbox 992 2146 1382 2219; x_wconf 81' lang='lat' dir='ltr'><strong>relinquentur</strong></span> <span class='ocrx_word' id='word_1_307' title='bbox 1412 2150 1473 2203; x_wconf 87' lang='lat' dir='ltr'><strong>in</strong></span> <span class='ocrx_word' id='word_1_308' title='bbox 1501 2165 1566 2204; x_wconf 89' lang='lat' dir='ltr'><strong>ea</strong></span> <span class='ocrx_word' id='word_1_309' title='bbox 1592 2153 1810 2205; x_wconf 85' lang='lat' dir='ltr'><strong>centum</strong></span> <span class='ocrx_word' id='word_1_310' title='bbox 1837 2167 1851 2204; x_wconf 90' lang='lat'><strong>:</strong></span> 
     </span>
    </p>
   </div>
   <div class='ocr_carea' id='block_1_37' title="bbox 192 2233 1857 2310">
    <p class='ocr_par' dir='ltr' id='par_1_37' title="bbox 192 2233 1857 2310">
     <span class='ocr_line' id='line_1_37' title="bbox 192 2233 1857 2310; baseline 0.003 -22"><span class='ocrx_word' id='word_1_311' title='bbox 192 2239 249 2288; x_wconf 88' lang='lat' dir='ltr'><strong>et</strong></span> <span class='ocrx_word' id='word_1_312' title='bbox 272 2233 345 2288; x_wconf 89' lang='lat' dir='ltr'><strong>de</strong></span> <span class='ocrx_word' id='word_1_313' title='bbox 372 2249 483 2305; x_wconf 86' lang='lat' dir='ltr'><strong>qua</strong></span> <span class='ocrx_word' id='word_1_314' title='bbox 511 2233 929 2302; x_wconf 84' lang='lat' dir='ltr'><strong>egrediebantur</strong></span> <span class='ocrx_word' id='word_1_315' title='bbox 962 2242 1204 2304; x_wconf 83' lang='lat' dir='ltr'><strong>centum,</strong></span> <span class='ocrx_word' id='word_1_316' title='bbox 1253 2238 1639 2310; x_wconf 81' lang='lat' dir='ltr'><strong>relinquentur</strong></span> <span class='ocrx_word' id='word_1_317' title='bbox 1682 2241 1741 2293; x_wconf 89' lang='lat' dir='ltr'><strong>in</strong></span> <span class='ocrx_word' id='word_1_318' title='bbox 1788 2254 1857 2293; x_wconf 89' lang='lat' dir='ltr'><strong>ea</strong></span> 
     </span>
    </p>
   </div>
   <div class='ocr_carea' id='block_1_38' title="bbox 197 2321 1855 2397">
    <p class='ocr_par' dir='ltr' id='par_1_38' title="bbox 197 2321 1855 2397">
     <span class='ocr_line' id='line_1_38' title="bbox 197 2321 1855 2397; baseline 0.003 -20"><span class='ocrx_word' id='word_1_319' title='bbox 197 2321 384 2377; x_wconf 74' lang='lat' dir='ltr'><strong>decem</strong></span> <span class='ocrx_word' id='word_1_320' title='bbox 411 2323 473 2376; x_wconf 87' lang='lat' dir='ltr'><strong>in</strong></span> <span class='ocrx_word' id='word_1_321' title='bbox 499 2321 659 2378; x_wconf 88' lang='lat' dir='ltr'><strong>domo</strong></span> <span class='ocrx_word' id='word_1_322' title='bbox 688 2324 899 2380; x_wconf 84' lang='lat' dir='ltr'><strong>Israel:</strong></span> <span class='ocrx_word' id='word_1_323' title='bbox 931 2328 999 2380; x_wconf 93' lang='lat' dir='ltr'><strong>ut</strong></span> <span class='ocrx_word' id='word_1_324' title='bbox 1028 2324 1129 2381; x_wconf 89' lang='lat' dir='ltr'><strong>ubi</strong></span> <span class='ocrx_word' id='word_1_325' title='bbox 1162 2326 1458 2397; x_wconf 90' lang='lat' dir='ltr'><strong>quondam</strong></span> <span class='ocrx_word' id='word_1_326' title='bbox 1492 2327 1682 2382; x_wconf 85' lang='lat' dir='ltr'><strong>fuerat</strong></span> <span class='ocrx_word' id='word_1_327' title='bbox 1711 2326 1855 2382; x_wconf 91' lang='lat' dir='ltr'><strong>mul-</strong></span> 
     </span>
    </p>
   </div>
   <div class='ocr_carea' id='block_1_39' title="bbox 194 2409 1857 2487">
    <p class='ocr_par' dir='ltr' id='par_1_39' title="bbox 194 2409 1857 2487">
     <span class='ocr_line' id='line_1_39' title="bbox 194 2409 1857 2487; baseline 0.005 -23"><span class='ocrx_word' id='word_1_328' title='bbox 194 2409 411 2481; x_wconf 89' lang='lat' dir='ltr'><strong>titudo,</strong></span> <span class='ocrx_word' id='word_1_329' title='bbox 445 2414 684 2482; x_wconf 90' lang='lat' dir='ltr'><strong>propter</strong></span> <span class='ocrx_word' id='word_1_330' title='bbox 727 2410 969 2468; x_wconf 86' lang='lat' dir='ltr'><strong>nimiam</strong></span> <span class='ocrx_word' id='word_1_331' title='bbox 998 2414 1355 2487; x_wconf 87' lang='lat' dir='ltr'><strong>vastitatem,</strong></span> <span class='ocrx_word' id='word_1_332' title='bbox 1386 2415 1479 2471; x_wconf 88' lang='lat' dir='ltr'><strong>vix</strong></span> <span class='ocrx_word' id='word_1_333' title='bbox 1508 2415 1735 2471; x_wconf 90' lang='lat' dir='ltr'><strong>decima</strong></span> <span class='ocrx_word' id='word_1_334' title='bbox 1763 2432 1857 2472; x_wconf 90' lang='lat' dir='ltr'><strong>re-</strong></span> 
     </span>
    </p>
   </div>
   <div class='ocr_carea' id='block_1_40' title="bbox 196 2498 1855 2572">
    <p class='ocr_par' dir='ltr' id='par_1_40' title="bbox 196 2498 1855 2572">
     <span class='ocr_line' id='line_1_40' title="bbox 196 2498 1855 2572; baseline 0.004 -18"><span class='ocrx_word' id='word_1_335' title='bbox 196 2502 438 2555; x_wconf 84' lang='lat' dir='ltr'><strong>maneat</strong></span> <span class='ocrx_word' id='word_1_336' title='bbox 467 2516 621 2571; x_wconf 90' lang='lat' dir='ltr'><strong>pars.</strong></span> <span class='ocrx_word' id='word_1_337' title='bbox 673 2498 742 2555; x_wconf 89' lang='lat' dir='ltr'><strong>Et</strong></span> <span class='ocrx_word' id='word_1_338' title='bbox 770 2517 843 2555; x_wconf 92' lang='lat' dir='ltr'><strong>ne</strong></span> <span class='ocrx_word' id='word_1_339' title='bbox 871 2502 1112 2557; x_wconf 89' lang='lat' dir='ltr'><strong>omnino</strong></span> <span class='ocrx_word' id='word_1_340' title='bbox 1150 2502 1433 2560; x_wconf 68' lang='lat' dir='ltr'><strong>haerentes</strong></span> <span class='ocrx_word' id='word_1_341' title='bbox 1481 2503 1710 2572; x_wconf 83' lang='lat' dir='ltr'><strong>litterae,</strong></span> <span class='ocrx_word' id='word_1_342' title='bbox 1762 2520 1855 2560; x_wconf 90' lang='lat' dir='ltr'><strong>sa-</strong></span> 
     </span>
    </p>
   </div>
   <div class='ocr_carea' id='block_1_41' title="bbox 197 2589 1860 2664">
    <p class='ocr_par' dir='ltr' id='par_1_41' title="bbox 197 2589 1860 2664">
     <span class='ocr_line' id='line_1_41' title="bbox 197 2589 1860 2664; baseline 0.003 -21"><span class='ocrx_word' id='word_1_343' title='bbox 197 2592 508 2644; x_wconf 87' lang='lat' dir='ltr'><strong>cramenta</strong></span> <span class='ocrx_word' id='word_1_344' title='bbox 535 2605 916 2645; x_wconf 87' lang='lat' dir='ltr'><strong>numerorum</strong></span> <span class='ocrx_word' id='word_1_345' title='bbox 946 2589 1349 2663; x_wconf 90' lang='lat' dir='ltr'><strong>relinquamus</strong></span> <span class='ocrx_word' id='word_1_346' title='bbox 1381 2592 1600 2648; x_wconf 91' lang='lat' dir='ltr'><strong>intacta</strong></span> <span class='ocrx_word' id='word_1_347' title='bbox 1627 2610 1640 2648; x_wconf 91' lang='lat'><strong>:</strong></span> <span class='ocrx_word' id='word_1_348' title='bbox 1674 2597 1860 2664; x_wconf 91' lang='lat' dir='ltr'><strong>septe-</strong></span> 
     </span>
    </p>
   </div>
   <div class='ocr_carea' id='block_1_42' title="bbox 197 2676 1859 2747">
    <p class='ocr_par' dir='ltr' id='par_1_42' title="bbox 197 2676 1859 2747">
     <span class='ocr_line' id='line_1_42' title="bbox 197 2676 1859 2747; baseline 0.003 -15"><span class='ocrx_word' id='word_1_349' title='bbox 197 2676 438 2733; x_wconf 88' lang='lat' dir='ltr'><strong>narium</strong></span> <span class='ocrx_word' id='word_1_350' title='bbox 489 2694 803 2734; x_wconf 87' lang='lat' dir='ltr'><strong>numerum</strong></span> <span class='ocrx_word' id='word_1_351' title='bbox 844 2694 972 2735; x_wconf 86' lang='lat' dir='ltr'><strong>esse</strong></span> <span class='ocrx_word' id='word_1_352' title='bbox 1002 2685 1293 2747; x_wconf 89' lang='lat' dir='ltr'><strong>sanctum,</strong></span> <span class='ocrx_word' id='word_1_353' title='bbox 1341 2682 1516 2737; x_wconf 89' lang='lat' dir='ltr'><strong>etiam</strong></span> <span class='ocrx_word' id='word_1_354' title='bbox 1548 2681 1859 2737; x_wconf 87' lang='lat' dir='ltr'><strong>sabbatum</strong></span> 
     </span>
    </p>
   </div>
   <div class='ocr_carea' id='block_1_43' title="bbox 198 2766 1859 2843">
    <p class='ocr_par' dir='ltr' id='par_1_43' title="bbox 198 2766 1859 2843">
     <span class='ocr_line' id='line_1_43' title="bbox 198 2766 1859 2843; baseline 0.002 -21"><span class='ocrx_word' id='word_1_355' title='bbox 198 2766 436 2839; x_wconf 87' lang='lat' dir='ltr'><strong>probat,</strong></span> <span class='ocrx_word' id='word_1_356' title='bbox 468 2766 528 2821; x_wconf 93' lang='lat' dir='ltr'><strong>in</strong></span> <span class='ocrx_word' id='word_1_357' title='bbox 561 2783 675 2838; x_wconf 90' lang='lat' dir='ltr'><strong>quo</strong></span> <span class='ocrx_word' id='word_1_358' title='bbox 707 2768 993 2839; x_wconf 88' lang='lat' dir='ltr'><strong>requievit</strong></span> <span class='ocrx_word' id='word_1_359' title='bbox 1017 2769 1171 2826; x_wconf 89' lang='lat' dir='ltr'><strong>Deus</strong></span> <span class='ocrx_word' id='word_1_360' title='bbox 1193 2769 1266 2825; x_wconf 92' lang='lat' dir='ltr'><strong>ab</strong></span> <span class='ocrx_word' id='word_1_361' title='bbox 1288 2770 1564 2827; x_wconf 89' lang='lat' dir='ltr'><strong>omnibus</strong></span> <span class='ocrx_word' id='word_1_362' title='bbox 1585 2770 1859 2843; x_wconf 90' lang='lat' dir='ltr'><strong>operibus</strong></span> 
     </span>
    </p>
   </div>
   <div class='ocr_carea' id='block_1_44' title="bbox 197 2852 1859 2931">
    <p class='ocr_par' dir='ltr' id='par_1_44' title="bbox 197 2852 1859 2931">
     <span class='ocr_line' id='line_1_44' title="bbox 197 2852 1859 2931; baseline 0.002 -21"><span class='ocrx_word' id='word_1_363' title='bbox 197 2854 328 2931; x_wconf 87' lang='lat' dir='ltr'><strong>suis</strong></span> <span class='ocrx_word' id='word_1_364' title='bbox 378 2852 587 2926; x_wconf 82' lang='lat' dir='ltr'><strong>(Genes.</strong></span> <span class='ocrx_word' id='word_1_365' title='bbox 640 2859 722 2925; x_wconf 86' lang='lat' dir='ltr'><strong>II).</strong></span> <span class='ocrx_word' id='word_1_366' title='bbox 768 2859 837 2911; x_wconf 85' lang='lat' dir='ltr'><strong>Et</strong></span> <span class='ocrx_word' id='word_1_367' title='bbox 858 2856 1030 2927; x_wconf 91' lang='lat' dir='ltr'><strong>jubet</strong></span> <span class='ocrx_word' id='word_1_368' title='bbox 1058 2874 1132 2913; x_wconf 91' lang='lat' dir='ltr'><strong>ne</strong></span> <span class='ocrx_word' id='word_1_369' title='bbox 1160 2857 1299 2928; x_wconf 89' lang='lat' dir='ltr'><strong>quid</strong></span> <span class='ocrx_word' id='word_1_370' title='bbox 1330 2857 1390 2913; x_wconf 89' lang='lat' dir='ltr'><strong>in</strong></span> <span class='ocrx_word' id='word_1_371' title='bbox 1419 2874 1485 2915; x_wconf 94' lang='lat' dir='ltr'><strong>eo</strong></span> <span class='ocrx_word' id='word_1_372' title='bbox 1515 2859 1707 2931; x_wconf 90' lang='lat' dir='ltr'><strong>operis</strong></span> <span class='ocrx_word' id='word_1_373' title='bbox 1738 2875 1859 2914; x_wconf 86' lang='lat' dir='ltr'><strong>ser-</strong></span> 
     </span>
    </p>
   </div>
   <div class='ocr_carea' id='block_1_45' title="bbox 194 2930 1857 3019">
    <p class='ocr_par' dir='ltr' id='par_1_45' title="bbox 194 2930 1857 3019">
     <span class='ocr_line' id='line_1_45' title="bbox 194 2930 1857 3019; baseline 0.003 -22"><span class='ocrx_word' id='word_1_374' title='bbox 194 2930 336 2998; x_wconf 79' lang='lat' dir='ltr'><strong>vilis</strong></span> <span class='ocrx_word' id='word_1_375' title='bbox 366 2942 488 3013; x_wconf 79' lang='lat' dir='ltr'><strong>fiat,</strong></span> <span class='ocrx_word' id='word_1_376' title='bbox 521 2943 635 2999; x_wconf 90' lang='lat' dir='ltr'><strong>nisi</strong></span> <span class='ocrx_word' id='word_1_377' title='bbox 657 2960 725 2999; x_wconf 89' lang='lat' dir='ltr'><strong>ea</strong></span> <span class='ocrx_word' id='word_1_378' title='bbox 744 2948 974 3000; x_wconf 90' lang='lat' dir='ltr'><strong>tantum</strong></span> <span class='ocrx_word' id='word_1_379' title='bbox 998 2961 1124 3017; x_wconf 59' lang='lat' dir='ltr'><strong>qua;</strong></span> <span class='ocrx_word' id='word_1_380' title='bbox 1147 2946 1219 3002; x_wconf 91' lang='lat' dir='ltr'><strong>ad</strong></span> <span class='ocrx_word' id='word_1_381' title='bbox 1246 2947 1504 3002; x_wconf 90' lang='lat' dir='ltr'><strong>animam</strong></span> <span class='ocrx_word' id='word_1_382' title='bbox 1533 2930 1857 3019; x_wconf 80' lang='lat' dir='ltr'><strong>pertinent:</strong></span> 
     </span>
    </p>
   </div>
   <div class='ocr_carea' id='block_1_46' title="bbox 1963 1966 3622 2040">
    <p class='ocr_par' dir='ltr' id='par_1_46' title="bbox 1963 1966 3622 2040">
     <span class='ocr_line' id='line_1_46' title="bbox 1963 1966 3622 2040; baseline -0.001 -16"><span class='ocrx_word' id='word_1_383' title='bbox 1963 1969 2242 2040; x_wconf 90' lang='lat' dir='ltr'><strong>secundo,</strong></span> <span class='ocrx_word' id='word_1_384' title='bbox 2296 1969 2354 2024; x_wconf 93' lang='lat' dir='ltr'><strong>id</strong></span> <span class='ocrx_word' id='word_1_385' title='bbox 2396 1973 2503 2040; x_wconf 88' lang='lat' dir='ltr'><strong>est,</strong></span> <span class='ocrx_word' id='word_1_386' title='bbox 2536 1969 2597 2025; x_wconf 88' lang='lat' dir='ltr'><strong>in</strong></span> <span class='ocrx_word' id='word_1_387' title='bbox 2629 1969 2875 2037; x_wconf 89' lang='lat' dir='ltr'><strong>decade;</strong></span> <span class='ocrx_word' id='word_1_388' title='bbox 2907 1968 3079 2024; x_wconf 89' lang='lat' dir='ltr'><strong>tertia</strong></span> <span class='ocrx_word' id='word_1_389' title='bbox 3106 1968 3167 2023; x_wconf 89' lang='lat' dir='ltr'><strong>in</strong></span> <span class='ocrx_word' id='word_1_390' title='bbox 3197 1967 3390 2035; x_wconf 90' lang='lat' dir='ltr'><strong>tertio,</strong></span> <span class='ocrx_word' id='word_1_391' title='bbox 3419 1966 3479 2021; x_wconf 88' lang='lat' dir='ltr'><strong>id</strong></span> <span class='ocrx_word' id='word_1_392' title='bbox 3512 1968 3622 2036; x_wconf 89' lang='lat' dir='ltr'><strong>est,</strong></span> 
     </span>
    </p>
   </div>
   <div class='ocr_carea' id='block_1_47' title="bbox 1964 2055 3621 2116">
    <p class='ocr_par' dir='ltr' id='par_1_47' title="bbox 1964 2055 3621 2116">
     <span class='ocr_line' id='line_1_47' title="bbox 1964 2055 3621 2116; baseline -0.001 -4"><span class='ocrx_word' id='word_1_393' title='bbox 1964 2057 2023 2112; x_wconf 91' lang='lat' dir='ltr'><strong>in</strong></span> <span class='ocrx_word' id='word_1_394' title='bbox 2054 2056 2460 2114; x_wconf 90' lang='lat' dir='ltr'><strong>hecatontade.</strong></span> <span class='ocrx_word' id='word_1_395' title='bbox 2511 2058 2672 2114; x_wconf 90' lang='lat' dir='ltr'><strong>Sicut</strong></span> <span class='ocrx_word' id='word_1_396' title='bbox 2719 2059 2876 2116; x_wconf 90' lang='lat' dir='ltr'><strong>enim</strong></span> <span class='ocrx_word' id='word_1_397' title='bbox 2924 2060 3097 2114; x_wconf 88' lang='lat' dir='ltr'><strong>decas</strong></span> <span class='ocrx_word' id='word_1_398' title='bbox 3146 2058 3373 2113; x_wconf 90' lang='lat' dir='ltr'><strong>decima</strong></span> <span class='ocrx_word' id='word_1_399' title='bbox 3402 2055 3621 2112; x_wconf 90' lang='lat' dir='ltr'><strong>unione</strong></span> 
     </span>
    </p>
   </div>
   <div class='ocr_carea' id='block_1_48' title="bbox 1964 2145 3623 2218">
    <p class='ocr_par' dir='ltr' id='par_1_48' title="bbox 1964 2145 3623 2218">
     <span class='ocr_line' id='line_1_48' title="bbox 1964 2145 3623 2218; baseline -0.001 -17"><span class='ocrx_word' id='word_1_400' title='bbox 1964 2146 2309 2218; x_wconf 90' lang='lat' dir='ltr'><strong>completur,</strong></span> <span class='ocrx_word' id='word_1_401' title='bbox 2378 2147 2461 2202; x_wconf 93' lang='lat' dir='ltr'><strong>sic</strong></span> <span class='ocrx_word' id='word_1_402' title='bbox 2518 2147 2859 2204; x_wconf 89' lang='lat' dir='ltr'><strong>heeatontas</strong></span> <span class='ocrx_word' id='word_1_403' title='bbox 2918 2164 2986 2203; x_wconf 88' lang='lat' dir='ltr'><strong>ex</strong></span> <span class='ocrx_word' id='word_1_404' title='bbox 3044 2147 3245 2202; x_wconf 90' lang='lat' dir='ltr'><strong>decem</strong></span> <span class='ocrx_word' id='word_1_405' title='bbox 3302 2145 3623 2201; x_wconf 90' lang='lat' dir='ltr'><strong>decadibus</strong></span> 
     </span>
    </p>
   </div>
   <div class='ocr_carea' id='block_1_49' title="bbox 1965 2232 3622 2307">
    <p class='ocr_par' dir='ltr' id='par_1_49' title="bbox 1965 2232 3622 2307">
     <span class='ocr_line' id='line_1_49' title="bbox 1965 2232 3622 2307; baseline -0.001 -17"><span class='ocrx_word' id='word_1_406' title='bbox 1965 2234 2233 2290; x_wconf 89' lang='lat' dir='ltr'><strong>struitur.</strong></span> <span class='ocrx_word' id='word_1_407' title='bbox 2285 2236 2537 2299; x_wconf 89' lang='lat' dir='ltr'><strong>Quartus</strong></span> <span class='ocrx_word' id='word_1_408' title='bbox 2588 2252 2890 2307; x_wconf 89' lang='lat' dir='ltr'><strong>numerus,</strong></span> <span class='ocrx_word' id='word_1_409' title='bbox 2942 2235 3097 2292; x_wconf 73' lang='lat'><strong>284</strong></span> <span class='ocrx_word' id='word_1_410' title='bbox 3144 2234 3243 2306; x_wconf 92' lang='lat' dir='ltr'><strong>qui</strong></span> <span class='ocrx_word' id='word_1_411' title='bbox 3290 2232 3622 2289; x_wconf 89' lang='lat' dir='ltr'><strong>millenario</strong></span> 
     </span>
    </p>
   </div>
   <div class='ocr_carea' id='block_1_50' title="bbox 1966 2322 3620 2395">
    <p class='ocr_par' dir='ltr' id='par_1_50' title="bbox 1966 2322 3620 2395">
     <span class='ocr_line' id='line_1_50' title="bbox 1966 2322 3620 2395; baseline -0.001 -16"><span class='ocrx_word' id='word_1_412' title='bbox 1966 2323 2315 2395; x_wconf 87' lang='lat' dir='ltr'><strong>continetur,</strong></span> <span class='ocrx_word' id='word_1_413' title='bbox 2347 2324 2418 2379; x_wconf 93' lang='lat' dir='ltr'><strong>de</strong></span> <span class='ocrx_word' id='word_1_414' title='bbox 2448 2324 2646 2380; x_wconf 89' lang='lat' dir='ltr'><strong>decem</strong></span> <span class='ocrx_word' id='word_1_415' title='bbox 2679 2328 2911 2380; x_wconf 90' lang='lat' dir='ltr'><strong>constat</strong></span> <span class='ocrx_word' id='word_1_416' title='bbox 2938 2322 3445 2379; x_wconf 88' lang='lat' dir='ltr'><strong>hecatontadibus.</strong></span> <span class='ocrx_word' id='word_1_417' title='bbox 3476 2324 3620 2377; x_wconf 89' lang='lat' dir='ltr'><strong>Cum</strong></span> 
     </span>
    </p>
   </div>
   <div class='ocr_carea' id='block_1_51' title="bbox 1966 2408 3623 2485">
    <p class='ocr_par' dir='ltr' id='par_1_51' title="bbox 1966 2408 3623 2485">
     <span class='ocr_line' id='line_1_51' title="bbox 1966 2408 3623 2485; baseline -0.001 -19"><span class='ocrx_word' id='word_1_418' title='bbox 1966 2412 2146 2485; x_wconf 82' lang='lat' dir='ltr'><strong>igitur</strong></span> <span class='ocrx_word' id='word_1_419' title='bbox 2174 2413 2307 2484; x_wconf 91' lang='lat' dir='ltr'><strong>quis</strong></span> <span class='ocrx_word' id='word_1_420' title='bbox 2335 2411 2517 2484; x_wconf 88' lang='lat' dir='ltr'><strong>egerit</strong></span> <span class='ocrx_word' id='word_1_421' title='bbox 2563 2413 2987 2485; x_wconf 74' lang='lat' dir='ltr'><strong>paenitentiam,</strong></span> <span class='ocrx_word' id='word_1_422' title='bbox 3047 2412 3118 2468; x_wconf 93' lang='lat' dir='ltr'><strong>de</strong></span> <span class='ocrx_word' id='word_1_423' title='bbox 3176 2408 3504 2466; x_wconf 90' lang='lat' dir='ltr'><strong>millenario</strong></span> <span class='ocrx_word' id='word_1_424' title='bbox 3564 2412 3623 2465; x_wconf 92' lang='lat' dir='ltr'><strong>et</strong></span> 
     </span>
    </p>
   </div>
   <div class='ocr_carea' id='block_1_52' title="bbox 1968 2497 3623 2572">
    <p class='ocr_par' dir='ltr' id='par_1_52' title="bbox 1968 2497 3623 2572">
     <span class='ocr_line' id='line_1_52' title="bbox 1968 2497 3623 2572; baseline -0.001 -17"><span class='ocrx_word' id='word_1_425' title='bbox 1968 2504 2175 2572; x_wconf 89' lang='lat' dir='ltr'><strong>quarto</strong></span> <span class='ocrx_word' id='word_1_426' title='bbox 2233 2517 2477 2557; x_wconf 89' lang='lat' dir='ltr'><strong>numero</strong></span> <span class='ocrx_word' id='word_1_427' title='bbox 2523 2501 2617 2556; x_wconf 88' lang='lat' dir='ltr'><strong>vix</strong></span> <span class='ocrx_word' id='word_1_428' title='bbox 2665 2500 2973 2557; x_wconf 85' lang='lat' dir='ltr'><strong>revertitur</strong></span> <span class='ocrx_word' id='word_1_429' title='bbox 3015 2500 3087 2556; x_wconf 89' lang='lat' dir='ltr'><strong>ad</strong></span> <span class='ocrx_word' id='word_1_430' title='bbox 3132 2497 3532 2556; x_wconf 88' lang='lat' dir='ltr'><strong>centenarium</strong></span> <span class='ocrx_word' id='word_1_431' title='bbox 3564 2499 3623 2555; x_wconf 85' lang='lat' dir='ltr'><strong>et</strong></span> 
     </span>
    </p>
   </div>
   <div class='ocr_carea' id='block_1_53' title="bbox 1965 2586 3621 2661">
    <p class='ocr_par' dir='ltr' id='par_1_53' title="bbox 1965 2586 3621 2661">
     <span class='ocr_line' id='line_1_53' title="bbox 1965 2586 3621 2661; baseline -0.002 -17"><span class='ocrx_word' id='word_1_432' title='bbox 1965 2589 2208 2659; x_wconf 82' lang='lat' dir='ltr'><strong>tertium</strong></span> <span class='ocrx_word' id='word_1_433' title='bbox 2259 2607 2591 2646; x_wconf 88' lang='lat' dir='ltr'><strong>numerum.</strong></span> <span class='ocrx_word' id='word_1_434' title='bbox 2636 2590 2892 2647; x_wconf 82' lang='lat' dir='ltr'><strong>Rursum</strong></span> <span class='ocrx_word' id='word_1_435' title='bbox 2927 2589 3026 2661; x_wconf 91' lang='lat' dir='ltr'><strong>qui</strong></span> <span class='ocrx_word' id='word_1_436' title='bbox 3057 2589 3117 2644; x_wconf 89' lang='lat' dir='ltr'><strong>in</strong></span> <span class='ocrx_word' id='word_1_437' title='bbox 3148 2586 3479 2644; x_wconf 90' lang='lat' dir='ltr'><strong>centenario</strong></span> <span class='ocrx_word' id='word_1_438' title='bbox 3511 2588 3621 2654; x_wconf 88' lang='lat' dir='ltr'><strong>est,</strong></span> 
     </span>
    </p>
   </div>
   <div class='ocr_carea' id='block_1_54' title="bbox 1967 2678 3618 2751">
    <p class='ocr_par' dir='ltr' id='par_1_54' title="bbox 1967 2678 3618 2751">
     <span class='ocr_line' id='line_1_54' title="bbox 1967 2678 3618 2751; baseline -0.002 -17"><span class='ocrx_word' id='word_1_439' title='bbox 1967 2679 2062 2734; x_wconf 85' lang='lat' dir='ltr'><strong>vix</strong></span> <span class='ocrx_word' id='word_1_440' title='bbox 2090 2679 2241 2734; x_wconf 85' lang='lat' dir='ltr'><strong>redit</strong></span> <span class='ocrx_word' id='word_1_441' title='bbox 2270 2680 2342 2734; x_wconf 91' lang='lat' dir='ltr'><strong>ad</strong></span> <span class='ocrx_word' id='word_1_442' title='bbox 2388 2679 2714 2735; x_wconf 90' lang='lat' dir='ltr'><strong>secundum</strong></span> <span class='ocrx_word' id='word_1_443' title='bbox 2767 2679 2967 2751; x_wconf 62' lang='lat' dir='ltr'><strong>prima:</strong></span> <span class='ocrx_word' id='word_1_444' title='bbox 3015 2678 3253 2733; x_wconf 90' lang='lat' dir='ltr'><strong>decadis</strong></span> <span class='ocrx_word' id='word_1_445' title='bbox 3282 2692 3618 2743; x_wconf 91' lang='lat' dir='ltr'><strong>numerum,</strong></span> 
     </span>
    </p>
   </div>
   <div class='ocr_carea' id='block_1_55' title="bbox 1968 2766 3621 2839">
    <p class='ocr_par' dir='ltr' id='par_1_55' title="bbox 1968 2766 3621 2839">
     <span class='ocr_line' id='line_1_55' title="bbox 1968 2766 3621 2839; baseline -0.003 -16"><span class='ocrx_word' id='word_1_446' title='bbox 1968 2772 2145 2839; x_wconf 90' lang='lat' dir='ltr'><strong>atque</strong></span> <span class='ocrx_word' id='word_1_447' title='bbox 2177 2767 2259 2822; x_wconf 88' lang='lat' dir='ltr'><strong>ita</strong></span> <span class='ocrx_word' id='word_1_448' title='bbox 2302 2768 2368 2821; x_wconf 85' lang='lat' dir='ltr'><strong>ﬁt</strong></span> <span class='ocrx_word' id='word_1_449' title='bbox 2401 2771 2465 2822; x_wconf 91' lang='lat' dir='ltr'><strong>ut</strong></span> <span class='ocrx_word' id='word_1_450' title='bbox 2493 2767 2705 2823; x_wconf 91' lang='lat' dir='ltr'><strong>domus</strong></span> <span class='ocrx_word' id='word_1_451' title='bbox 2734 2766 2911 2823; x_wconf 91' lang='lat' dir='ltr'><strong>Israel</strong></span> <span class='ocrx_word' id='word_1_452' title='bbox 2960 2783 3086 2838; x_wconf 69' lang='lat' dir='ltr'><strong>qum</strong></span> <span class='ocrx_word' id='word_1_453' title='bbox 3136 2768 3451 2832; x_wconf 90' lang='lat' dir='ltr'><strong>corruerat,</strong></span> <span class='ocrx_word' id='word_1_454' title='bbox 3504 2779 3621 2819; x_wconf 90' lang='lat' dir='ltr'><strong>non</strong></span> 
     </span>
    </p>
   </div>
   <div class='ocr_carea' id='block_1_56' title="bbox 1969 2850 3621 2928">
    <p class='ocr_par' dir='ltr' id='par_1_56' title="bbox 1969 2850 3621 2928">
     <span class='ocr_line' id='line_1_56' title="bbox 1969 2850 3621 2928; baseline -0.003 -17"><span class='ocrx_word' id='word_1_455' title='bbox 1969 2855 2159 2928; x_wconf 90' lang='lat' dir='ltr'><strong>possit</strong></span> <span class='ocrx_word' id='word_1_456' title='bbox 2205 2872 2529 2928; x_wconf 88' lang='lat' dir='ltr'><strong>resurgere,</strong></span> <span class='ocrx_word' id='word_1_457' title='bbox 2572 2860 2629 2911; x_wconf 90' lang='lat' dir='ltr'><strong>et</strong></span> <span class='ocrx_word' id='word_1_458' title='bbox 2655 2855 2812 2926; x_wconf 83' lang='lat' dir='ltr'><strong>virgo</strong></span> <span class='ocrx_word' id='word_1_459' title='bbox 2847 2854 3022 2911; x_wconf 88' lang='lat' dir='ltr'><strong>Israel</strong></span> <span class='ocrx_word' id='word_1_460' title='bbox 3053 2871 3179 2926; x_wconf 74' lang='lat' dir='ltr'><strong>qua:</strong></span> <span class='ocrx_word' id='word_1_461' title='bbox 3209 2858 3514 2923; x_wconf 81' lang='lat' dir='ltr'><strong>erraverat,</strong></span> <span class='ocrx_word' id='word_1_462' title='bbox 3559 2850 3621 2908; x_wconf 90' lang='lat' dir='ltr'><strong>in</strong></span> 
     </span>
    </p>
   </div>
   <div class='ocr_carea' id='block_1_57' title="bbox 1966 2938 3622 3016">
    <p class='ocr_par' dir='ltr' id='par_1_57' title="bbox 1966 2938 3622 3016">
     <span class='ocr_line' id='line_1_57' title="bbox 1966 2938 3622 3016; baseline -0.003 -15"><span class='ocrx_word' id='word_1_463' title='bbox 1966 2948 2123 3001; x_wconf 90' lang='lat' dir='ltr'><strong>terra</strong></span> <span class='ocrx_word' id='word_1_464' title='bbox 2154 2962 2268 3000; x_wconf 88' lang='lat' dir='ltr'><strong>non</strong></span> <span class='ocrx_word' id='word_1_465' title='bbox 2300 2944 2514 3000; x_wconf 88' lang='lat' dir='ltr'><strong>habeat</strong></span> <span class='ocrx_word' id='word_1_466' title='bbox 2543 2944 2965 3000; x_wconf 83' lang='lat' dir='ltr'><strong>suscitantem:</strong></span> <span class='ocrx_word' id='word_1_467' title='bbox 2999 2943 3140 3016; x_wconf 89' lang='lat' dir='ltr'><strong>quia</strong></span> <span class='ocrx_word' id='word_1_468' title='bbox 3182 2942 3280 3014; x_wconf 93' lang='lat' dir='ltr'><strong>qui</strong></span> <span class='ocrx_word' id='word_1_469' title='bbox 3326 2939 3507 2998; x_wconf 89' lang='lat' dir='ltr'><strong>semel</strong></span> <span class='ocrx_word' id='word_1_470' title='bbox 3550 2938 3622 2996; x_wconf 88' lang='lat' dir='ltr'><strong>ab</strong></span> 
     </span>
    </p>
   </div>
   <div class='ocr_carea' id='block_1_58' title="bbox 200 3028 3622 3107">
    <p class='ocr_par' dir='ltr' id='par_1_58' title="bbox 200 3028 3622 3107">
     <span class='ocr_line' id='line_1_58' title="bbox 200 3028 3622 3107; baseline -0.001 -20"><span class='ocrx_word' id='word_1_471' title='bbox 200 3035 266 3087; x_wconf 88' lang='lat' dir='ltr'><strong>et</strong></span> <span class='ocrx_word' id='word_1_472' title='bbox 294 3046 372 3087; x_wconf 90' lang='lat' dir='ltr'><strong>ne</strong></span> <span class='ocrx_word' id='word_1_473' title='bbox 398 3032 459 3085; x_wconf 89' lang='lat' dir='ltr'><strong>in</strong></span> <span class='ocrx_word' id='word_1_474' title='bbox 488 3047 553 3087; x_wconf 88' lang='lat' dir='ltr'><strong>eo</strong></span> <span class='ocrx_word' id='word_1_475' title='bbox 582 3048 760 3088; x_wconf 90' lang='lat' dir='ltr'><strong>onera</strong></span> <span class='ocrx_word' id='word_1_476' title='bbox 789 3037 1090 3104; x_wconf 86' lang='lat' dir='ltr'><strong>portemus</strong></span> <span class='ocrx_word' id='word_1_477' title='bbox 1132 3035 1315 3107; x_wconf 88' lang='lat' dir='ltr'><strong>(Num.</strong></span> <span class='ocrx_word' id='word_1_478' title='bbox 1347 3039 1443 3104; x_wconf 87' lang='lat' dir='ltr'><strong>xv)</strong></span> <span class='ocrx_word' id='word_1_479' title='bbox 1492 3035 1655 3091; x_wconf 90' lang='lat' dir='ltr'><strong>Unde</strong></span> <span class='ocrx_word' id='word_1_480' title='bbox 1705 3036 1858 3092; x_wconf 74' lang='lat'><strong>288</strong></span> <span class='ocrx_word' id='word_1_481' title='bbox 1969 3034 2185 3090; x_wconf 90' lang='lat' dir='ltr'><strong>unione</strong></span> <span class='ocrx_word' id='word_1_482' title='bbox 2216 3033 2571 3100; x_wconf 88' lang='lat' dir='ltr'><strong>discesserit,</strong></span> <span class='ocrx_word' id='word_1_483' title='bbox 2618 3037 2675 3089; x_wconf 93' lang='lat' dir='ltr'><strong>et</strong></span> <span class='ocrx_word' id='word_1_484' title='bbox 2712 3032 2876 3088; x_wconf 89' lang='lat' dir='ltr'><strong>illam</strong></span> <span class='ocrx_word' id='word_1_485' title='bbox 2908 3032 3238 3104; x_wconf 69' lang='lat' dir='ltr'><strong>purissimae</strong></span> <span class='ocrx_word' id='word_1_486' title='bbox 3266 3028 3622 3103; x_wconf 88' lang='lat' dir='ltr'><strong>virginitatis</strong></span> 
     </span>
    </p>
   </div>
   <div class='ocr_carea' id='block_1_59' title="bbox 202 3117 3627 3198">
    <p class='ocr_par' dir='ltr' id='par_1_59' title="bbox 202 3117 3627 3198">
     <span class='ocr_line' id='line_1_59' title="bbox 202 3117 3627 3198; baseline -0.001 -21"><span class='ocrx_word' id='word_1_487' title='bbox 202 3124 266 3177; x_wconf 88' lang='lat' dir='ltr'><strong>et</strong></span> <span class='ocrx_word' id='word_1_488' title='bbox 295 3119 359 3175; x_wconf 90' lang='lat' dir='ltr'><strong>in</strong></span> <span class='ocrx_word' id='word_1_489' title='bbox 405 3118 718 3177; x_wconf 88' lang='lat' dir='ltr'><strong>solitudine</strong></span> <span class='ocrx_word' id='word_1_490' title='bbox 755 3123 855 3193; x_wconf 90' lang='lat' dir='ltr'><strong>qui</strong></span> <span class='ocrx_word' id='word_1_491' title='bbox 898 3122 992 3179; x_wconf 91' lang='lat' dir='ltr'><strong>die</strong></span> <span class='ocrx_word' id='word_1_492' title='bbox 1040 3124 1267 3179; x_wconf 89' lang='lat' dir='ltr'><strong>sabbati</strong></span> <span class='ocrx_word' id='word_1_493' title='bbox 1318 3123 1479 3197; x_wconf 89' lang='lat' dir='ltr'><strong>ligna</strong></span> <span class='ocrx_word' id='word_1_494' title='bbox 1525 3124 1857 3198; x_wconf 86' lang='lat' dir='ltr'><strong>collegerat,</strong></span> <span class='ocrx_word' id='word_1_495' title='bbox 1971 3123 2293 3196; x_wconf 86' lang='lat' dir='ltr'><strong>perdiderit</strong></span> <span class='ocrx_word' id='word_1_496' title='bbox 2324 3121 2572 3194; x_wconf 87' lang='lat' dir='ltr'><strong>gloriam</strong></span> <span class='ocrx_word' id='word_1_497' title='bbox 2618 3122 2713 3191; x_wconf 91' lang='lat' dir='ltr'><strong>(de</strong></span> <span class='ocrx_word' id='word_1_498' title='bbox 2757 3139 2873 3193; x_wconf 92' lang='lat' dir='ltr'><strong>qua</strong></span> <span class='ocrx_word' id='word_1_499' title='bbox 2901 3121 3215 3193; x_wconf 90' lang='lat' dir='ltr'><strong>Apostolus</strong></span> <span class='ocrx_word' id='word_1_500' title='bbox 3264 3119 3449 3175; x_wconf 89' lang='lat' dir='ltr'><strong>dicit:</strong></span> <span class='ocrx_word' id='word_1_501' title='bbox 3500 3117 3627 3175; x_wconf 87' lang='lat' dir='ltr'><strong>Zeto</strong></span> 
     </span>
    </p>
   </div>
   <div class='ocr_carea' id='block_1_60' title="bbox 199 3202 3625 3283">
    <p class='ocr_par' dir='ltr' id='par_1_60' title="bbox 199 3202 3625 3283">
     <span class='ocr_line' id='line_1_60' title="bbox 199 3202 3625 3283; baseline 0 -20"><span class='ocrx_word' id='word_1_502' title='bbox 199 3225 335 3282; x_wconf 67' lang='lat' dir='ltr'><strong>quae</strong></span> <span class='ocrx_word' id='word_1_503' title='bbox 368 3223 575 3265; x_wconf 87' lang='lat' dir='ltr'><strong>arsura</strong></span> <span class='ocrx_word' id='word_1_504' title='bbox 617 3215 776 3278; x_wconf 90' lang='lat' dir='ltr'><strong>sunt,</strong></span> <span class='ocrx_word' id='word_1_505' title='bbox 823 3211 1115 3268; x_wconf 88' lang='lat' dir='ltr'><strong>sententia</strong></span> <span class='ocrx_word' id='word_1_506' title='bbox 1144 3214 1373 3269; x_wconf 89' lang='lat' dir='ltr'><strong>Domini</strong></span> <span class='ocrx_word' id='word_1_507' title='bbox 1412 3214 1856 3269; x_wconf 90' lang='lat' dir='ltr'><strong>condemnatur.</strong></span> <span class='ocrx_word' id='word_1_508' title='bbox 1892 3202 1935 3269; x_wconf 86' lang='lat' dir='ltr'><strong>C</strong></span> <span class='ocrx_word' id='word_1_509' title='bbox 1973 3215 2123 3269; x_wconf 86' lang='lat' dir='ltr'><strong>enim</strong></span> <span class='ocrx_word' id='word_1_510' title='bbox 2150 3228 2244 3267; x_wconf 83' lang='lat' dir='ltr'><strong>vos</strong></span> <span class='ocrx_word' id='word_1_511' title='bbox 2273 3212 2388 3267; x_wconf 64' lang='lat' dir='ltr'><strong>zelo</strong></span> <span class='ocrx_word' id='word_1_512' title='bbox 2420 3213 2541 3283; x_wconf 90' lang='lat' dir='ltr'><strong>Dei,</strong></span> <span class='ocrx_word' id='word_1_513' title='bbox 2572 3220 2623 3267; x_wconf 90' lang='lat' dir='ltr'><strong>et</strong></span> <span class='ocrx_word' id='word_1_514' title='bbox 2648 3214 2825 3266; x_wconf 82' lang='lat' dir='ltr'><strong>statui</strong></span> <span class='ocrx_word' id='word_1_515' title='bbox 2842 3228 2933 3266; x_wconf 84' lang='lat' dir='ltr'><strong>vos</strong></span> <span class='ocrx_word' id='word_1_516' title='bbox 2961 3211 3063 3265; x_wconf 89' lang='lat' dir='ltr'><strong>uni</strong></span> <span class='ocrx_word' id='word_1_517' title='bbox 3080 3212 3196 3265; x_wconf 87' lang='lat' dir='ltr'><strong>viro</strong></span> <span class='ocrx_word' id='word_1_518' title='bbox 3216 3210 3487 3281; x_wconf 86' lang='lat' dir='ltr'><strong>virginem</strong></span> <span class='ocrx_word' id='word_1_519' title='bbox 3510 3223 3625 3264; x_wconf 87' lang='lat' dir='ltr'><strong>cas-</strong></span> 
     </span>
    </p>
   </div>
   <div class='ocr_carea' id='block_1_61' title="bbox 201 3297 3622 3375">
    <p class='ocr_par' dir='ltr' id='par_1_61' title="bbox 201 3297 3622 3375">
     <span class='ocr_line' id='line_1_61' title="bbox 201 3297 3622 3375; baseline -0.001 -22"><span class='ocrx_word' id='word_1_520' title='bbox 201 3300 274 3354; x_wconf 85' lang='lat' dir='ltr'><strong>Et</strong></span> <span class='ocrx_word' id='word_1_521' title='bbox 302 3302 532 3370; x_wconf 87' lang='lat' dir='ltr'><strong>septem</strong></span> <span class='ocrx_word' id='word_1_522' title='bbox 563 3297 961 3356; x_wconf 80' lang='lat' dir='ltr'><strong>hebdomadas</strong></span> <span class='ocrx_word' id='word_1_523' title='bbox 992 3301 1286 3375; x_wconf 88' lang='lat' dir='ltr'><strong>complent</strong></span> <span class='ocrx_word' id='word_1_524' title='bbox 1314 3319 1626 3359; x_wconf 90' lang='lat' dir='ltr'><strong>numerum</strong></span> <span class='ocrx_word' id='word_1_525' title='bbox 1649 3309 1861 3360; x_wconf 65' lang='lat' dir='ltr'><strong>sanctae</strong></span> <span class='ocrx_word' id='word_1_526' title='bbox 1969 3307 2083 3357; x_wconf 89' lang='lat' dir='ltr'><strong>tam</strong></span> <span class='ocrx_word' id='word_1_527' title='bbox 2112 3302 2368 3357; x_wconf 72' lang='lat' dir='ltr'><strong>exhibere</strong></span> <span class='ocrx_word' id='word_1_528' title='bbox 2397 3300 2606 3357; x_wconf 83' lang='lat' dir='ltr'><strong>Christo</strong></span> <span class='ocrx_word' id='word_1_529' title='bbox 2636 3300 2708 3369; x_wconf 89' lang='lat' dir='ltr'><strong>(Il</strong></span> <span class='ocrx_word' id='word_1_530' title='bbox 2739 3302 2859 3355; x_wconf 77' lang='lat' dir='ltr'><strong>Cor.</strong></span> <span class='ocrx_word' id='word_1_531' title='bbox 2892 3303 2993 3368; x_wconf 79' lang='grc' dir='ltr'><strong>χι),</strong></span> <span class='ocrx_word' id='word_1_532' title='bbox 3026 3299 3085 3353; x_wconf 90' lang='lat' dir='ltr'><strong>in</strong></span> <span class='ocrx_word' id='word_1_533' title='bbox 3110 3315 3227 3369; x_wconf 93' lang='lat' dir='ltr'><strong>qua</strong></span> <span class='ocrx_word' id='word_1_534' title='bbox 3247 3314 3363 3353; x_wconf 89' lang='lat' dir='ltr'><strong>non</strong></span> <span class='ocrx_word' id='word_1_535' title='bbox 3386 3300 3476 3351; x_wconf 87' lang='lat' dir='ltr'><strong>est</strong></span> <span class='ocrx_word' id='word_1_536' title='bbox 3497 3312 3622 3352; x_wconf 90' lang='lat' dir='ltr'><strong>ma-</strong></span> 
     </span>
    </p>
   </div>
   <div class='ocr_carea' id='block_1_62' title="bbox 201 3383 3625 3462">
    <p class='ocr_par' dir='ltr' id='par_1_62' title="bbox 201 3383 3625 3462">
     <span class='ocr_line' id='line_1_62' title="bbox 201 3383 3625 3462; baseline -0.001 -20"><span class='ocrx_word' id='word_1_537' title='bbox 201 3387 621 3443; x_wconf 89' lang='lat' dir='ltr'><strong>Pentecostes:</strong></span> <span class='ocrx_word' id='word_1_538' title='bbox 662 3392 719 3443; x_wconf 91' lang='lat' dir='ltr'><strong>et</strong></span> <span class='ocrx_word' id='word_1_539' title='bbox 746 3388 1030 3446; x_wconf 65' lang='lat' dir='ltr'><strong>Jubilaeus</strong></span> <span class='ocrx_word' id='word_1_540' title='bbox 1073 3407 1264 3446; x_wconf 87' lang='lat' dir='ltr'><strong>annus</strong></span> <span class='ocrx_word' id='word_1_541' title='bbox 1294 3392 1661 3448; x_wconf 82' lang='lat' dir='ltr'><strong>remissionis</strong></span> <span class='ocrx_word' id='word_1_542' title='bbox 1689 3394 1865 3449; x_wconf 84' lang='lat' dir='ltr'><strong>tuba-</strong></span> <span class='ocrx_word' id='word_1_543' title='bbox 1972 3389 2104 3447; x_wconf 90' lang='lat' dir='ltr'><strong>cula</strong></span> <span class='ocrx_word' id='word_1_544' title='bbox 2134 3406 2322 3462; x_wconf 91' lang='lat' dir='ltr'><strong>neque</strong></span> <span class='ocrx_word' id='word_1_545' title='bbox 2352 3393 2541 3461; x_wconf 90' lang='lat' dir='ltr'><strong>ruga),</strong></span> <span class='ocrx_word' id='word_1_546' title='bbox 2575 3387 2890 3461; x_wconf 88' lang='lat' dir='ltr'><strong>pristinum</strong></span> <span class='ocrx_word' id='word_1_547' title='bbox 2909 3390 3129 3442; x_wconf 90' lang='lat' dir='ltr'><strong>statum</strong></span> <span class='ocrx_word' id='word_1_548' title='bbox 3156 3390 3213 3441; x_wconf 89' lang='lat' dir='ltr'><strong>et</strong></span> <span class='ocrx_word' id='word_1_549' title='bbox 3232 3384 3466 3441; x_wconf 91' lang='lat' dir='ltr'><strong>unionis</strong></span> <span class='ocrx_word' id='word_1_550' title='bbox 3488 3383 3625 3439; x_wconf 91' lang='lat' dir='ltr'><strong>bea-</strong></span> 
     </span>
    </p>
   </div>
   <div class='ocr_carea' id='block_1_63' title="bbox 201 3471 3623 3554">
    <p class='ocr_par' dir='ltr' id='par_1_63' title="bbox 201 3471 3623 3554">
     <span class='ocr_line' id='line_1_63' title="bbox 201 3471 3623 3554; baseline -0.001 -23"><span class='ocrx_word' id='word_1_551' title='bbox 201 3491 462 3548; x_wconf 75' lang='lat' dir='ltr'><strong>tumque</strong></span> <span class='ocrx_word' id='word_1_552' title='bbox 493 3475 887 3549; x_wconf 87' lang='lat' dir='ltr'><strong>clangentium</strong></span> <span class='ocrx_word' id='word_1_553' title='bbox 920 3478 1026 3534; x_wconf 87' lang='lat' dir='ltr'><strong>hoc</strong></span> <span class='ocrx_word' id='word_1_554' title='bbox 1055 3496 1299 3536; x_wconf 90' lang='lat' dir='ltr'><strong>numero</strong></span> <span class='ocrx_word' id='word_1_555' title='bbox 1332 3480 1567 3537; x_wconf 84' lang='lat' dir='ltr'><strong>texitur.</strong></span> <span class='ocrx_word' id='word_1_556' title='bbox 1618 3482 1682 3536; x_wconf 89' lang='lat' dir='ltr'><strong>In</strong></span> <span class='ocrx_word' id='word_1_557' title='bbox 1728 3498 1864 3554; x_wconf 91' lang='lat' dir='ltr'><strong>sep-</strong></span> <span class='ocrx_word' id='word_1_558' title='bbox 1972 3478 2284 3534; x_wconf 88' lang='lat' dir='ltr'><strong>titudinem</strong></span> <span class='ocrx_word' id='word_1_559' title='bbox 2309 3478 2565 3549; x_wconf 89' lang='lat' dir='ltr'><strong>recipere</strong></span> <span class='ocrx_word' id='word_1_560' title='bbox 2587 3493 2701 3531; x_wconf 90' lang='lat' dir='ltr'><strong>non</strong></span> <span class='ocrx_word' id='word_1_561' title='bbox 2724 3474 2965 3531; x_wconf 88' lang='lat' dir='ltr'><strong>valebit:</strong></span> <span class='ocrx_word' id='word_1_562' title='bbox 2993 3478 3051 3530; x_wconf 89' lang='lat' dir='ltr'><strong>et</strong></span> <span class='ocrx_word' id='word_1_563' title='bbox 3067 3474 3162 3529; x_wconf 86' lang='lat' dir='ltr'><strong>vix</strong></span> <span class='ocrx_word' id='word_1_564' title='bbox 3176 3473 3226 3529; x_wconf 90' lang='lat' dir='ltr'><strong>ei</strong></span> <span class='ocrx_word' id='word_1_565' title='bbox 3254 3471 3623 3539; x_wconf 87' lang='lat' dir='ltr'><strong>concedetur,</strong></span> 
     </span>
    </p>
   </div>
   <div class='ocr_carea' id='block_1_64' title="bbox 199 3558 3627 3641">
    <p class='ocr_par' dir='ltr' id='par_1_64' title="bbox 199 3558 3627 3641">
     <span class='ocr_line' id='line_1_64' title="bbox 199 3558 3627 3641; baseline -0.002 -21"><span class='ocrx_word' id='word_1_566' title='bbox 199 3565 355 3620; x_wconf 87' lang='lat' dir='ltr'><strong>timo</strong></span> <span class='ocrx_word' id='word_1_567' title='bbox 409 3581 645 3637; x_wconf 89' lang='lat' dir='ltr'><strong>quoque</strong></span> <span class='ocrx_word' id='word_1_568' title='bbox 694 3581 895 3622; x_wconf 90' lang='lat' dir='ltr'><strong>mense</strong></span> <span class='ocrx_word' id='word_1_569' title='bbox 942 3567 1207 3641; x_wconf 85' lang='lat' dir='ltr'><strong>figuntur</strong></span> <span class='ocrx_word' id='word_1_570' title='bbox 1244 3568 1641 3641; x_wconf 90' lang='lat' dir='ltr'><strong>tabernacula,</strong></span> <span class='ocrx_word' id='word_1_571' title='bbox 1672 3574 1729 3626; x_wconf 89' lang='lat' dir='ltr'><strong>et</strong></span> <span class='ocrx_word' id='word_1_572' title='bbox 1757 3570 1865 3626; x_wconf 85' lang='lat' dir='ltr'><strong>He-</strong></span> <span class='ocrx_word' id='word_1_573' title='bbox 1975 3570 2053 3622; x_wconf 68' lang='lat' dir='ltr'><strong>ut‘</strong></span> <span class='ocrx_word' id='word_1_574' title='bbox 2069 3568 2140 3622; x_wconf 92' lang='lat' dir='ltr'><strong>de</strong></span> <span class='ocrx_word' id='word_1_575' title='bbox 2170 3566 2329 3622; x_wconf 89' lang='lat' dir='ltr'><strong>mille</strong></span> <span class='ocrx_word' id='word_1_576' title='bbox 2357 3569 2677 3622; x_wconf 85' lang='lat' dir='ltr'><strong>revertatur</strong></span> <span class='ocrx_word' id='word_1_577' title='bbox 2708 3565 2780 3620; x_wconf 91' lang='lat' dir='ltr'><strong>ad</strong></span> <span class='ocrx_word' id='word_1_578' title='bbox 2812 3567 3068 3626; x_wconf 89' lang='lat' dir='ltr'><strong>centum,</strong></span> <span class='ocrx_word' id='word_1_579' title='bbox 3102 3565 3159 3618; x_wconf 92' lang='lat' dir='ltr'><strong>et</strong></span> <span class='ocrx_word' id='word_1_580' title='bbox 3187 3562 3260 3617; x_wconf 90' lang='lat' dir='ltr'><strong>de</strong></span> <span class='ocrx_word' id='word_1_581' title='bbox 3291 3564 3527 3617; x_wconf 90' lang='lat' dir='ltr'><strong>centum</strong></span> <span class='ocrx_word' id='word_1_582' title='bbox 3552 3558 3627 3615; x_wconf 88' lang='lat' dir='ltr'><strong>ad</strong></span> 
     </span>
    </p>
   </div>
   <div class='ocr_carea' id='block_1_65' title="bbox 200 3640 3627 3731">
    <p class='ocr_par' dir='ltr' id='par_1_65' title="bbox 200 3640 3627 3731">
     <span class='ocr_line' id='line_1_65' title="bbox 200 3640 3627 3731; baseline -0.002 -22"><span class='ocrx_word' id='word_1_583' title='bbox 200 3655 428 3719; x_wconf 72' lang='lat' dir='ltr'><strong>brzeus,</strong></span> <span class='ocrx_word' id='word_1_584' title='bbox 454 3669 591 3709; x_wconf 88' lang='lat' dir='ltr'><strong>cum</strong></span> <span class='ocrx_word' id='word_1_585' title='bbox 621 3670 722 3710; x_wconf 87' lang='lat' dir='ltr'><strong>sex</strong></span> <span class='ocrx_word' id='word_1_586' title='bbox 751 3655 921 3712; x_wconf 89' lang='lat' dir='ltr'><strong>annis</strong></span> <span class='ocrx_word' id='word_1_587' title='bbox 943 3656 1226 3723; x_wconf 87' lang='lat' dir='ltr'><strong>servierit,</strong></span> <span class='ocrx_word' id='word_1_588' title='bbox 1250 3675 1403 3714; x_wconf 90' lang='lat' dir='ltr'><strong>anno</strong></span> <span class='ocrx_word' id='word_1_589' title='bbox 1434 3640 1683 3730; x_wconf 75' lang='lat' dir='ltr'><strong>septimo</strong></span> <span class='ocrx_word' id='word_1_590' title='bbox 1705 3659 1773 3731; x_wconf 80' lang='grc' dir='ltr'><strong>(ε)</strong></span> <span class='ocrx_word' id='word_1_591' title='bbox 1796 3658 1865 3713; x_wconf 88' lang='lat' dir='ltr'><strong>1i-</strong></span> <span class='ocrx_word' id='word_1_592' title='bbox 1978 3656 2177 3711; x_wconf 91' lang='lat' dir='ltr'><strong>decem</strong></span> <span class='ocrx_word' id='word_1_593' title='bbox 2236 3654 2451 3710; x_wconf 89' lang='lat' dir='ltr'><strong>redeat.</strong></span> <span class='ocrx_word' id='word_1_594' title='bbox 2509 3654 2639 3708; x_wconf 62' lang='lat' dir='ltr'><strong>Haec</strong></span> <span class='ocrx_word' id='word_1_595' title='bbox 2672 3651 2917 3708; x_wconf 89' lang='lat' dir='ltr'><strong>breviter</strong></span> <span class='ocrx_word' id='word_1_596' title='bbox 2947 3668 3080 3707; x_wconf 91' lang='lat' dir='ltr'><strong>sum</strong></span> <span class='ocrx_word' id='word_1_597' title='bbox 3111 3649 3367 3717; x_wconf 88' lang='lat' dir='ltr'><strong>locutus,</strong></span> <span class='ocrx_word' id='word_1_598' title='bbox 3399 3664 3471 3703; x_wconf 93' lang='lat' dir='ltr'><strong>ne</strong></span> <span class='ocrx_word' id='word_1_599' title='bbox 3501 3663 3627 3703; x_wconf 88' lang='lat' dir='ltr'><strong>om-</strong></span> 
     </span>
    </p>
   </div>
   <div class='ocr_carea' id='block_1_66' title="bbox 200 3734 3626 3819">
    <p class='ocr_par' dir='ltr' id='par_1_66' title="bbox 200 3734 3626 3819">
     <span class='ocr_line' id='line_1_66' title="bbox 200 3734 3626 3819; baseline -0.002 -20"><span class='ocrx_word' id='word_1_600' title='bbox 200 3740 534 3799; x_wconf 81' lang='lat' dir='ltr'><strong>berabitur.</strong></span> <span class='ocrx_word' id='word_1_601' title='bbox 587 3742 757 3799; x_wconf 90' lang='lat' dir='ltr'><strong>Novit</strong></span> <span class='ocrx_word' id='word_1_602' title='bbox 802 3747 861 3800; x_wconf 95' lang='lat' dir='ltr'><strong>et</strong></span> <span class='ocrx_word' id='word_1_603' title='bbox 905 3744 1015 3800; x_wconf 91' lang='lat' dir='ltr'><strong>hoc</strong></span> <span class='ocrx_word' id='word_1_604' title='bbox 1060 3744 1356 3801; x_wconf 77' lang='lat' dir='ltr'><strong>saecularis</strong></span> <span class='ocrx_word' id='word_1_605' title='bbox 1386 3745 1778 3819; x_wconf 89' lang='lat' dir='ltr'><strong>philosophia,</strong></span> <span class='ocrx_word' id='word_1_606' title='bbox 1812 3751 1870 3802; x_wconf 91' lang='lat' dir='ltr'><strong>et</strong></span> <span class='ocrx_word' id='word_1_607' title='bbox 1977 3744 2115 3800; x_wconf 89' lang='lat' dir='ltr'><strong>nino</strong></span> <span class='ocrx_word' id='word_1_608' title='bbox 2146 3744 2203 3798; x_wconf 90' lang='lat' dir='ltr'><strong>in</strong></span> <span class='ocrx_word' id='word_1_609' title='bbox 2235 3744 2344 3799; x_wconf 90' lang='lat' dir='ltr'><strong>hoc</strong></span> <span class='ocrx_word' id='word_1_610' title='bbox 2374 3741 2629 3815; x_wconf 89' lang='lat' dir='ltr'><strong>capitulo</strong></span> <span class='ocrx_word' id='word_1_611' title='bbox 2662 3745 2899 3814; x_wconf 88' lang='lat' dir='ltr'><strong>propter</strong></span> <span class='ocrx_word' id='word_1_612' title='bbox 2944 3755 3325 3795; x_wconf 88' lang='lat' dir='ltr'><strong>numerorum</strong></span> <span class='ocrx_word' id='word_1_613' title='bbox 3368 3734 3626 3793; x_wconf 78' lang='lat' dir='ltr'><strong>difficul-</strong></span> 
     </span>
    </p>
   </div>
   <div class='ocr_carea' id='block_1_67' title="bbox 199 3828 3093 3905">
    <p class='ocr_par' dir='ltr' id='par_1_67' title="bbox 199 3828 3093 3905">
     <span class='ocr_line' id='line_1_67' title="bbox 199 3828 3093 3905; baseline -0.001 -18"><span class='ocrx_word' id='word_1_614' title='bbox 199 3831 580 3887; x_wconf 86' lang='lat' dir='ltr'><strong>medicorum</strong></span> <span class='ocrx_word' id='word_1_615' title='bbox 611 3831 769 3899; x_wconf 92' lang='lat' dir='ltr'><strong>libri,</strong></span> <span class='ocrx_word' id='word_1_616' title='bbox 790 3849 1041 3904; x_wconf 90' lang='lat' dir='ltr'><strong>quorum</strong></span> <span class='ocrx_word' id='word_1_617' title='bbox 1061 3834 1315 3891; x_wconf 90' lang='lat' dir='ltr'><strong>Galenus</strong></span> <span class='ocrx_word' id='word_1_618' title='bbox 1337 3834 1766 3892; x_wconf 89' lang='lat' dir='ltr'><strong>disertissimus</strong></span> <span class='ocrx_word' id='word_1_619' title='bbox 1788 3845 1870 3892; x_wconf 86' lang='lat' dir='ltr'><strong>at-</strong></span> <span class='ocrx_word' id='word_1_620' title='bbox 1977 3838 2157 3890; x_wconf 87' lang='lat' dir='ltr'><strong>tatem</strong></span> <span class='ocrx_word' id='word_1_621' title='bbox 2184 3832 2405 3905; x_wconf 85' lang='lat' dir='ltr'><strong>fugisse</strong></span> <span class='ocrx_word' id='word_1_622' title='bbox 2432 3832 2659 3887; x_wconf 91' lang='lat' dir='ltr'><strong>viderer</strong></span> <span class='ocrx_word' id='word_1_623' title='bbox 2688 3828 3093 3902; x_wconf 89' lang='lat' dir='ltr'><strong>tropologiam.</strong></span> 
     </span>
    </p>
   </div>
   <div class='ocr_carea' id='block_1_68' title="bbox 200 3914 3634 3997">
    <p class='ocr_par' dir='ltr' id='par_1_68' title="bbox 200 3914 3634 3997">
     <span class='ocr_line' id='line_1_68' title="bbox 200 3914 3634 3997; baseline -0.002 -20"><span class='ocrx_word' id='word_1_624' title='bbox 200 3937 323 3993; x_wconf 86' lang='lat' dir='ltr'><strong>que</strong></span> <span class='ocrx_word' id='word_1_625' title='bbox 343 3920 728 3977; x_wconf 89' lang='lat' dir='ltr'><strong>doclissimus</strong></span> <span class='ocrx_word' id='word_1_626' title='bbox 749 3922 983 3995; x_wconf 89' lang='lat' dir='ltr'><strong>scripsit</strong></span> <span class='ocrx_word' id='word_1_627' title='bbox 1001 3927 1197 3980; x_wconf 88' lang='lat' dir='ltr'><strong>ternos</strong></span> <span class='ocrx_word' id='word_1_628' title='bbox 1220 3923 1400 3981; x_wconf 88' lang='lat' dir='ltr'><strong>libros</strong></span> <span class='ocrx_word' id='word_1_629' title='bbox 1422 3925 1500 3997; x_wconf 86' lang='lat' dir='ltr'><strong>(d(</strong></span> <span class='ocrx_word' id='word_1_630' title='bbox 1520 3924 1749 3997; x_wconf 78' lang='grc' dir='ltr'><strong>κρίσεων</strong></span> <span class='ocrx_word' id='word_1_631' title='bbox 1779 3924 1870 3978; x_wconf 79' lang='grc' dir='ltr'>καὶ</span> <span class='ocrx_word' id='word_1_632' title='bbox 2050 3921 2235 3994; x_wconf 92' lang='lat' dir='ltr'><strong>(Vers.</strong></span> <span class='ocrx_word' id='word_1_633' title='bbox 2267 3922 2321 3992; x_wconf 75' lang='lat' dir='ltr'><strong>li,</strong></span> <span class='ocrx_word' id='word_1_634' title='bbox 2352 3920 2433 3993; x_wconf 88' lang='lat'><strong>5.)</strong></span> <span class='ocrx_word' id='word_1_635' title='bbox 2482 3921 2622 3989; x_wconf 87' lang='lat' dir='ltr'><strong>Quia</strong></span> <span class='ocrx_word' id='word_1_636' title='bbox 2669 3919 2787 3976; x_wconf 71' lang='lat' dir='ltr'><strong>haec</strong></span> <span class='ocrx_word' id='word_1_637' title='bbox 2830 3918 2965 3974; x_wconf 88' lang='lat' dir='ltr'><strong>dicit</strong></span> <span class='ocrx_word' id='word_1_638' title='bbox 3003 3919 3263 3973; x_wconf 89' lang='lat' dir='ltr'><strong>Dominus</strong></span> <span class='ocrx_word' id='word_1_639' title='bbox 3311 3914 3503 3971; x_wconf 87' lang='lat' dir='ltr'><strong>domui</strong></span> <span class='ocrx_word' id='word_1_640' title='bbox 3546 3914 3634 3970; x_wconf 77' lang='lat' dir='ltr'><strong>Is-</strong></span> 
     </span>
    </p>
   </div>
   <div class='ocr_carea' id='block_1_69' title="bbox 196 4001 1857 4086">
    <p class='ocr_par' dir='ltr' id='par_1_69' title="bbox 196 4010 1857 4086">
     <span class='ocr_line' id='line_1_69' title="bbox 196 4010 1857 4086; baseline 0.003 -22"><span class='ocrx_word' id='word_1_641' title='bbox 196 4012 319 4064; x_wconf 78' lang='grc' dir='ltr'><strong>τῶν</strong></span> <span class='ocrx_word' id='word_1_642' title='bbox 353 4011 617 4084; x_wconf 69' lang='grc' dir='ltr'>κριτικῶν</span> <span class='ocrx_word' id='word_1_643' title='bbox 648 4010 920 4085; x_wconf 78' lang='grc' dir='ltr'><strong>ήμερῶν,,</strong></span> <span class='ocrx_word' id='word_1_644' title='bbox 954 4011 1013 4068; x_wconf 91' lang='lat' dir='ltr'><strong>in</strong></span> <span class='ocrx_word' id='word_1_645' title='bbox 1046 4012 1262 4085; x_wconf 90' lang='lat' dir='ltr'><strong>quibus</strong></span> <span class='ocrx_word' id='word_1_646' title='bbox 1292 4014 1607 4086; x_wconf 88' lang='lat' dir='ltr'><strong>septenarii</strong></span> <span class='ocrx_word' id='word_1_647' title='bbox 1640 4015 1857 4070; x_wconf 69' lang='lat' dir='ltr'><strong>numeri</strong></span> 
     </span>
    </p>
   </div>
   <div class='ocr_carea' id='block_1_70' title="bbox 1987 4001 3633 4086">
    <p class='ocr_par' dir='ltr' id='par_1_70' title="bbox 1987 4001 3633 4082">
     <span class='ocr_line' id='line_1_70' title="bbox 1987 4001 3633 4082; baseline -0.005 -16"><span class='ocrx_word' id='word_1_648' title='bbox 1987 4011 2097 4066; x_wconf 84' lang='lat' dir='ltr'><strong>rael</strong></span> <span class='ocrx_word' id='word_1_649' title='bbox 2122 4026 2134 4065; x_wconf 93' lang='lat'><strong>:</strong></span> <span class='ocrx_word' id='word_1_650' title='bbox 2168 4011 2399 4082; x_wconf 71' lang='lat' dir='ltr'><strong>quaerite</strong></span> <span class='ocrx_word' id='word_1_651' title='bbox 2424 4025 2530 4074; x_wconf 87' lang='lat' dir='ltr'><strong>me,</strong></span> <span class='ocrx_word' id='word_1_652' title='bbox 2561 4014 2613 4064; x_wconf 89' lang='lat' dir='ltr'><strong>et</strong></span> <span class='ocrx_word' id='word_1_653' title='bbox 2644 4009 2853 4077; x_wconf 87' lang='lat' dir='ltr'><strong>vivetis,</strong></span> <span class='ocrx_word' id='word_1_654' title='bbox 2885 4015 2939 4063; x_wconf 92' lang='lat' dir='ltr'><strong>et</strong></span> <span class='ocrx_word' id='word_1_655' title='bbox 2966 4008 3139 4062; x_wconf 82' lang='lat' dir='ltr'><strong>nolite</strong></span> <span class='ocrx_word' id='word_1_656' title='bbox 3166 4020 3410 4078; x_wconf 71' lang='lat' dir='ltr'><strong>quaerere</strong></span> <span class='ocrx_word' id='word_1_657' title='bbox 3427 4001 3633 4071; x_wconf 87' lang='lat' dir='ltr'><strong>Bethel,</strong></span> 
     </span>
    </p>
   </div>
   <div class='ocr_carea' id='block_1_71' title="bbox 200 4096 3637 4176">
    <p class='ocr_par' dir='ltr' id='par_1_71' title="bbox 200 4096 3637 4176">
     <span class='ocr_line' id='line_1_71' title="bbox 200 4096 3637 4176; baseline -0.002 -21"><span class='ocrx_word' id='word_1_658' title='bbox 200 4098 538 4156; x_wconf 75' lang='lat' dir='ltr'><strong>ostendens</strong></span> <span class='ocrx_word' id='word_1_659' title='bbox 567 4100 912 4170; x_wconf 85' lang='lat' dir='ltr'><strong>potentiam,</strong></span> <span class='ocrx_word' id='word_1_660' title='bbox 946 4101 1392 4158; x_wconf 89' lang='lat' dir='ltr'><strong>ardentissimas</strong></span> <span class='ocrx_word' id='word_1_661' title='bbox 1415 4103 1600 4159; x_wconf 86' lang='lat' dir='ltr'><strong>febres</strong></span> <span class='ocrx_word' id='word_1_662' title='bbox 1621 4103 1873 4176; x_wconf 91' lang='lat' dir='ltr'><strong>septimo</strong></span> <span class='ocrx_word' id='word_1_663' title='bbox 1981 4103 2033 4155; x_wconf 88' lang='lat' dir='ltr'><strong>et</strong></span> <span class='ocrx_word' id='word_1_664' title='bbox 2062 4100 2121 4154; x_wconf 86' lang='lat' dir='ltr'><strong>in</strong></span> <span class='ocrx_word' id='word_1_665' title='bbox 2152 4098 2376 4170; x_wconf 85' lang='lat' dir='ltr'><strong>Galgala</strong></span> <span class='ocrx_word' id='word_1_666' title='bbox 2404 4098 2576 4153; x_wconf 87' lang='lat' dir='ltr'><strong>nolite</strong></span> <span class='ocrx_word' id='word_1_667' title='bbox 2620 4100 2852 4164; x_wconf 88' lang='lat' dir='ltr'><strong>intrare,</strong></span> <span class='ocrx_word' id='word_1_668' title='bbox 2898 4099 2947 4153; x_wconf 86' lang='lat' dir='ltr'><strong>et</strong></span> <span class='ocrx_word' id='word_1_669' title='bbox 2976 4098 3037 4152; x_wconf 89' lang='lat' dir='ltr'><strong>in</strong></span> <span class='ocrx_word' id='word_1_670' title='bbox 3067 4096 3329 4153; x_wconf 88' lang='lat' dir='ltr'><strong>Bersabee</strong></span> <span class='ocrx_word' id='word_1_671' title='bbox 3356 4110 3426 4149; x_wconf 85' lang='lat' dir='ltr'><strong>ne</strong></span> <span class='ocrx_word' id='word_1_672' title='bbox 3454 4101 3637 4149; x_wconf 86' lang='lat' dir='ltr'><strong>trans-</strong></span> 
     </span>
    </p>
   </div>
   <div class='ocr_carea' id='block_1_72' title="bbox 198 4180 3639 4264">
    <p class='ocr_par' dir='ltr' id='par_1_72' title="bbox 198 4180 3639 4264">
     <span class='ocr_line' id='line_1_72' title="bbox 198 4180 3639 4264; baseline -0.003 -20"><span class='ocrx_word' id='word_1_673' title='bbox 198 4187 371 4244; x_wconf 85' lang='lat' dir='ltr'><strong>dicit</strong></span> <span class='ocrx_word' id='word_1_674' title='bbox 393 4186 541 4243; x_wconf 87' lang='lat' dir='ltr'><strong>solvi</strong></span> <span class='ocrx_word' id='word_1_675' title='bbox 564 4186 657 4243; x_wconf 91' lang='lat' dir='ltr'><strong>die</strong></span> <span class='ocrx_word' id='word_1_676' title='bbox 681 4205 694 4244; x_wconf 91' lang='lat'><strong>:</strong></span> <span class='ocrx_word' id='word_1_677' title='bbox 718 4192 822 4244; x_wconf 86' lang='lat' dir='ltr'><strong>aut</strong></span> <span class='ocrx_word' id='word_1_678' title='bbox 846 4187 896 4245; x_wconf 89' lang='lat' dir='ltr'><strong>si</strong></span> <span class='ocrx_word' id='word_1_679' title='bbox 918 4193 1081 4245; x_wconf 87' lang='lat' dir='ltr'><strong>tanta</strong></span> <span class='ocrx_word' id='word_1_680' title='bbox 1100 4190 1365 4247; x_wconf 91' lang='lat' dir='ltr'><strong>humoris</strong></span> <span class='ocrx_word' id='word_1_681' title='bbox 1388 4192 1544 4247; x_wconf 83' lang='lat' dir='ltr'><strong>noxii</strong></span> <span class='ocrx_word' id='word_1_682' title='bbox 1567 4196 1624 4247; x_wconf 93' lang='lat' dir='ltr'><strong>et</strong></span> <span class='ocrx_word' id='word_1_683' title='bbox 1653 4192 1874 4264; x_wconf 61' lang='lat' dir='ltr'><strong>pituita;</strong></span> <span class='ocrx_word' id='word_1_684' title='bbox 1984 4190 2164 4244; x_wconf 88' lang='lat' dir='ltr'><strong>ieritis</strong></span> <span class='ocrx_word' id='word_1_685' title='bbox 2191 4204 2203 4241; x_wconf 91' lang='lat'><strong>:</strong></span> <span class='ocrx_word' id='word_1_686' title='bbox 2238 4189 2496 4259; x_wconf 87' lang='lat' dir='ltr'><strong>quoniam</strong></span> <span class='ocrx_word' id='word_1_687' title='bbox 2542 4185 2736 4259; x_wconf 85' lang='lat' dir='ltr'><strong>[Vulg.</strong></span> <span class='ocrx_word' id='word_1_688' title='bbox 2769 4202 2877 4242; x_wconf 85' lang='lat' dir='ltr'><strong>non</strong></span> <span class='ocrx_word' id='word_1_689' title='bbox 2929 4186 3256 4255; x_wconf 83' lang='lat' dir='ltr'><strong>transibitis,</strong></span> <span class='ocrx_word' id='word_1_690' title='bbox 3305 4184 3454 4255; x_wconf 91' lang='lat' dir='ltr'><strong>quia]</strong></span> <span class='ocrx_word' id='word_1_691' title='bbox 3505 4180 3639 4236; x_wconf 89' lang='lat' dir='ltr'><strong>Gal-</strong></span> 
     </span>
    </p>
   </div>
   <div class='ocr_carea' id='block_1_73' title="bbox 200 4274 1876 4353">
    <p class='ocr_par' dir='ltr' id='par_1_73' title="bbox 200 4274 1876 4353">
     <span class='ocr_line' id='line_1_73' title="bbox 200 4274 1876 4353; baseline 0.002 -21"><span class='ocrx_word' id='word_1_692' title='bbox 200 4274 399 4332; x_wconf 85' lang='lat' dir='ltr'><strong>fuerit</strong></span> <span class='ocrx_word' id='word_1_693' title='bbox 415 4276 854 4349; x_wconf 90' lang='lat' dir='ltr'><strong>magnitudo,ut</strong></span> <span class='ocrx_word' id='word_1_694' title='bbox 874 4277 1076 4350; x_wconf 69' lang='lat' dir='ltr'><strong>primae</strong></span> <span class='ocrx_word' id='word_1_695' title='bbox 1098 4278 1482 4336; x_wconf 90' lang='lat' dir='ltr'><strong>hebdomadis</strong></span> <span class='ocrx_word' id='word_1_696' title='bbox 1502 4296 1876 4353; x_wconf 90' lang='lat' dir='ltr'><strong>nequaquam</strong></span> 
     </span>
    </p>
   </div>
   <div class='ocr_carea' id='block_1_74' title="bbox 198 4366 1878 4438">
    <p class='ocr_par' dir='ltr' id='par_1_74' title="bbox 198 4366 1878 4438">
     <span class='ocr_line' id='line_1_74' title="bbox 198 4366 1878 4438; baseline 0.001 -17"><span class='ocrx_word' id='word_1_697' title='bbox 198 4367 446 4423; x_wconf 81' lang='lat' dir='ltr'><strong>fervore</strong></span> <span class='ocrx_word' id='word_1_698' title='bbox 496 4372 847 4438; x_wconf 89' lang='lat' dir='ltr'><strong>consumpta</strong></span> <span class='ocrx_word' id='word_1_699' title='bbox 877 4366 975 4435; x_wconf 89' lang='lat' dir='ltr'><strong>sit,</strong></span> <span class='ocrx_word' id='word_1_700' title='bbox 1024 4368 1293 4424; x_wconf 64' lang='lat' dir='ltr'><strong>secundae</strong></span> <span class='ocrx_word' id='word_1_701' title='bbox 1325 4369 1710 4425; x_wconf 90' lang='lat' dir='ltr'><strong>hebdomadis</strong></span> <span class='ocrx_word' id='word_1_702' title='bbox 1739 4368 1878 4424; x_wconf 91' lang='lat' dir='ltr'><strong>ulti-</strong></span> 
     </span>
    </p>
   </div>
   <div class='ocr_carea' id='block_1_75' title="bbox 200 4454 1877 4530">
    <p class='ocr_par' dir='ltr' id='par_1_75' title="bbox 200 4454 1877 4530">
     <span class='ocr_line' id='line_1_75' title="bbox 200 4454 1877 4530; baseline 0.002 -20"><span class='ocrx_word' id='word_1_703' title='bbox 200 4470 352 4511; x_wconf 85' lang='lat' dir='ltr'><strong>mus</strong></span> <span class='ocrx_word' id='word_1_704' title='bbox 409 4457 783 4526; x_wconf 81' lang='lat' dir='ltr'><strong>exspectatur</strong></span> <span class='ocrx_word' id='word_1_705' title='bbox 830 4454 977 4524; x_wconf 88' lang='lat' dir='ltr'><strong>dies,</strong></span> <span class='ocrx_word' id='word_1_706' title='bbox 1032 4456 1091 4511; x_wconf 91' lang='lat' dir='ltr'><strong>id</strong></span> <span class='ocrx_word' id='word_1_707' title='bbox 1141 4462 1249 4525; x_wconf 89' lang='lat' dir='ltr'><strong>est,</strong></span> <span class='ocrx_word' id='word_1_708' title='bbox 1303 4463 1547 4530; x_wconf 89' lang='lat' dir='ltr'><strong>quartus</strong></span> <span class='ocrx_word' id='word_1_709' title='bbox 1593 4457 1877 4514; x_wconf 91' lang='lat' dir='ltr'><strong>decimus.</strong></span> 
     </span>
    </p>
   </div>
   <div class='ocr_carea' id='block_1_76' title="bbox 196 4540 1879 4619">
    <p class='ocr_par' dir='ltr' id='par_1_76' title="bbox 196 4540 1879 4619">
     <span class='ocr_line' id='line_1_76' title="bbox 196 4540 1879 4619; baseline 0 -21"><span class='ocrx_word' id='word_1_710' title='bbox 196 4543 384 4608; x_wconf 84' lang='lat' dir='ltr'><strong>Quod</strong></span> <span class='ocrx_word' id='word_1_711' title='bbox 420 4541 472 4597; x_wconf 92' lang='lat' dir='ltr'><strong>si</strong></span> <span class='ocrx_word' id='word_1_712' title='bbox 501 4540 679 4611; x_wconf 88' lang='lat' dir='ltr'><strong>hunc,</strong></span> <span class='ocrx_word' id='word_1_713' title='bbox 730 4546 795 4598; x_wconf 91' lang='lat' dir='ltr'><strong>ut</strong></span> <span class='ocrx_word' id='word_1_714' title='bbox 824 4543 995 4614; x_wconf 83' lang='lat' dir='ltr'><strong>juxta</strong></span> <span class='ocrx_word' id='word_1_715' title='bbox 1023 4543 1432 4618; x_wconf 88' lang='lat' dir='ltr'><strong>Hippocratem</strong></span> <span class='ocrx_word' id='word_1_716' title='bbox 1463 4545 1690 4619; x_wconf 92' lang='lat' dir='ltr'><strong>loquar,</strong></span> <span class='ocrx_word' id='word_1_717' title='bbox 1721 4543 1879 4606; x_wconf 84' lang='grc' dir='ltr'>νόσος</span> 
     </span>
    </p>
   </div>
   <div class='ocr_carea' id='block_1_77' title="bbox 192 4630 1882 4707">
    <p class='ocr_par' dir='ltr' id='par_1_77' title="bbox 192 4630 1882 4707">
     <span class='ocr_line' id='line_1_77' title="bbox 192 4630 1882 4707; baseline 0.002 -20"><span class='ocrx_word' id='word_1_718' title='bbox 192 4630 445 4699; x_wconf 79' lang='lat' dir='ltr'><strong>vicerit,</strong></span> <span class='ocrx_word' id='word_1_719' title='bbox 475 4634 781 4687; x_wconf 88' lang='lat' dir='ltr'><strong>transeunt</strong></span> <span class='ocrx_word' id='word_1_720' title='bbox 809 4632 881 4687; x_wconf 88' lang='lat' dir='ltr'><strong>ad</strong></span> <span class='ocrx_word' id='word_1_721' title='bbox 910 4632 1248 4690; x_wconf 84' lang='lat' dir='ltr'><strong>vicesimam</strong></span> <span class='ocrx_word' id='word_1_722' title='bbox 1280 4635 1531 4707; x_wconf 90' lang='lat' dir='ltr'><strong>primam</strong></span> <span class='ocrx_word' id='word_1_723' title='bbox 1560 4635 1739 4705; x_wconf 90' lang='lat' dir='ltr'><strong>diem,</strong></span> <span class='ocrx_word' id='word_1_724' title='bbox 1771 4634 1882 4691; x_wconf 91' lang='lat' dir='ltr'><strong>hoc</strong></span> 
     </span>
    </p>
   </div>
   <div class='ocr_carea' id='block_1_78' title="bbox 194 4718 1880 4787">
    <p class='ocr_par' dir='ltr' id='par_1_78' title="bbox 194 4718 1880 4787">
     <span class='ocr_line' id='line_1_78' title="bbox 194 4718 1880 4787; baseline 0.001 -9"><span class='ocrx_word' id='word_1_725' title='bbox 194 4724 328 4787; x_wconf 81' lang='lat' dir='ltr'><strong>est,</strong></span> <span class='ocrx_word' id='word_1_726' title='bbox 391 4718 471 4774; x_wconf 80' lang='lat' dir='ltr'><strong>ad</strong></span> <span class='ocrx_word' id='word_1_727' title='bbox 530 4718 707 4775; x_wconf 85' lang='lat' dir='ltr'><strong>finem</strong></span> <span class='ocrx_word' id='word_1_728' title='bbox 763 4720 946 4776; x_wconf 63' lang='lat' dir='ltr'><strong>tertias</strong></span> <span class='ocrx_word' id='word_1_729' title='bbox 1002 4721 1431 4778; x_wconf 87' lang='lat' dir='ltr'><strong>hebdomadis:</strong></span> <span class='ocrx_word' id='word_1_730' title='bbox 1481 4722 1565 4779; x_wconf 90' lang='lat' dir='ltr'><strong>ita</strong></span> <span class='ocrx_word' id='word_1_731' title='bbox 1613 4723 1685 4779; x_wconf 90' lang='lat' dir='ltr'><strong>ab</strong></span> <span class='ocrx_word' id='word_1_732' title='bbox 1714 4723 1880 4779; x_wconf 89' lang='lat' dir='ltr'><strong>initio</strong></span> 
     </span>
    </p>
   </div>
   <div class='ocr_carea' id='block_1_79' title="bbox 194 4806 1884 4878">
    <p class='ocr_par' dir='ltr' id='par_1_79' title="bbox 194 4806 1884 4878">
     <span class='ocr_line' id='line_1_79' title="bbox 194 4806 1884 4878; baseline 0.002 -12"><span class='ocrx_word' id='word_1_733' title='bbox 194 4806 438 4866; x_wconf 82' lang='lat' dir='ltr'><strong>mundi</strong></span> <span class='ocrx_word' id='word_1_734' title='bbox 467 4806 677 4864; x_wconf 90' lang='lat' dir='ltr'><strong>diebus</strong></span> <span class='ocrx_word' id='word_1_735' title='bbox 707 4809 980 4878; x_wconf 89' lang='lat' dir='ltr'><strong>conditis,</strong></span> <span class='ocrx_word' id='word_1_736' title='bbox 1015 4814 1080 4866; x_wconf 91' lang='lat' dir='ltr'><strong>ut</strong></span> <span class='ocrx_word' id='word_1_737' title='bbox 1098 4826 1302 4867; x_wconf 90' lang='lat' dir='ltr'><strong>omnes</strong></span> <span class='ocrx_word' id='word_1_738' title='bbox 1333 4810 1560 4868; x_wconf 89' lang='lat' dir='ltr'><strong>labores</strong></span> <span class='ocrx_word' id='word_1_739' title='bbox 1590 4817 1648 4868; x_wconf 92' lang='lat' dir='ltr'><strong>et</strong></span> <span class='ocrx_word' id='word_1_740' title='bbox 1676 4812 1884 4869; x_wconf 91' lang='lat' dir='ltr'><strong>moles-</strong></span> 
     </span>
    </p>
   </div>
   <div class='ocr_carea' id='block_1_80' title="bbox 190 4931 1883 5087">
    <p class='ocr_par' dir='ltr' id='par_1_80' title="bbox 190 4931 1883 5087">
     <span class='ocr_line' id='line_1_80' title="bbox 280 4931 1882 5060; baseline 0.005 -74"><span class='ocrx_word' id='word_1_741' title='bbox 280 4932 369 5060; x_wconf 44' lang='grc' dir='ltr'><strong>(ἃ</strong></span> <span class='ocrx_word' id='word_1_742' title='bbox 404 4931 535 4987; x_wconf 89' lang='lat' dir='ltr'><strong>Duo</strong></span> <span class='ocrx_word' id='word_1_743' title='bbox 582 4932 829 4989; x_wconf 90' lang='lat' dir='ltr'><strong>Palatini</strong></span> <span class='ocrx_word' id='word_1_744' title='bbox 870 4950 1012 4991; x_wconf 90' lang='lat' dir='ltr'><strong>mss.</strong></span> <span class='ocrx_word' id='word_1_745' title='bbox 1060 4936 1560 5006; x_wconf 89' lang='lat' dir='ltr'><strong>quemadmodum</strong></span> <span class='ocrx_word' id='word_1_746' title='bbox 1592 4940 1647 4993; x_wconf 92' lang='lat' dir='ltr'><strong>et</strong></span> <span class='ocrx_word' id='word_1_747' title='bbox 1674 4937 1735 4992; x_wconf 90' lang='lat' dir='ltr'><strong>in</strong></span> <span class='ocrx_word' id='word_1_748' title='bbox 1766 4954 1882 4994; x_wconf 91' lang='lat' dir='ltr'><strong>uno</strong></span> 
     </span>
     <span class='ocr_line' id='line_1_81' title="bbox 190 5003 1883 5087; baseline 0.002 -26"><span class='ocrx_word' id='word_1_749' title='bbox 190 5008 258 5061; x_wconf 92' lang='lat' dir='ltr'><strong>S.</strong></span> <span class='ocrx_word' id='word_1_750' title='bbox 354 5003 553 5087; x_wconf 37' lang='lat' dir='ltr'><strong>.artini</strong></span> <span class='ocrx_word' id='word_1_751' title='bbox 585 5004 892 5087; x_wconf 70' lang='lat' dir='ltr'><strong>acampis.</strong></span> <span class='ocrx_word' id='word_1_752' title='bbox 942 5006 1315 5063; x_wconf 69' lang='lat' dir='ltr'><strong>Martianaaus</strong></span> <span class='ocrx_word' id='word_1_753' title='bbox 1364 5006 1602 5079; x_wconf 87' lang='lat' dir='ltr'><strong>invenit,</strong></span> <span class='ocrx_word' id='word_1_754' title='bbox 1648 5025 1748 5080; x_wconf 87' lang='lat' dir='ltr'><strong>pro</strong></span> <span class='ocrx_word' id='word_1_755' title='bbox 1797 5009 1883 5065; x_wconf 89' lang='lat' dir='ltr'><strong>di-</strong></span> 
     </span>
    </p>
   </div>
   <div class='ocr_carea' id='block_1_81' title="bbox 188 5076 922 5134">
    <p class='ocr_par' dir='ltr' id='par_1_81' title="bbox 188 5076 922 5134">
     <span class='ocr_line' id='line_1_82' title="bbox 188 5076 922 5134; baseline -0.004 0"><span class='ocrx_word' id='word_1_756' title='bbox 188 5077 487 5134; x_wconf 80' lang='lat' dir='ltr'><strong>versitate</strong></span> <span class='ocrx_word' id='word_1_757' title='bbox 524 5076 922 5131; x_wconf 72' lang='lat' dir='ltr'><strong>haereticorum.</strong></span> 
     </span>
    </p>
   </div>
   <div class='ocr_carea' id='block_1_82' title="bbox 280 5147 1882 5222">
    <p class='ocr_par' dir='ltr' id='par_1_82' title="bbox 280 5147 1882 5222">
     <span class='ocr_line' id='line_1_83' title="bbox 280 5147 1882 5222; baseline 0.002 -20"><span class='ocrx_word' id='word_1_758' title='bbox 280 5148 373 5219; x_wconf 71' lang='grc' dir='ltr'><strong>(ὁ)</strong></span> <span class='ocrx_word' id='word_1_759' title='bbox 397 5147 639 5222; x_wconf 75' lang='lat' dir='ltr'><strong>_Verba,_</strong></span> <span class='ocrx_word' id='word_1_760' title='bbox 655 5148 781 5202; x_wconf 83' lang='lat' dir='ltr'><strong>LXX</strong></span> <span class='ocrx_word' id='word_1_761' title='bbox 805 5148 1089 5218; x_wconf 85' lang='lat' dir='ltr'><strong>similiter,</strong></span> <span class='ocrx_word' id='word_1_762' title='bbox 1115 5164 1241 5220; x_wconf 68' lang='lat' dir='ltr'><strong>qua:</strong></span> <span class='ocrx_word' id='word_1_763' title='bbox 1264 5148 1325 5205; x_wconf 91' lang='lat' dir='ltr'><strong>in</strong></span> <span class='ocrx_word' id='word_1_764' title='bbox 1346 5149 1601 5222; x_wconf 89' lang='lat' dir='ltr'><strong>vulgatis</strong></span> <span class='ocrx_word' id='word_1_765' title='bbox 1622 5150 1882 5220; x_wconf 89' lang='lat' dir='ltr'><strong>deerant,</strong></span> 
     </span>
    </p>
   </div>
   <div class='ocr_carea' id='block_1_83' title="bbox 196 5217 774 5276">
    <p class='ocr_par' dir='ltr' id='par_1_83' title="bbox 196 5217 774 5276">
     <span class='ocr_line' id='line_1_84' title="bbox 196 5217 774 5276; baseline -0.002 -1"><span class='ocrx_word' id='word_1_766' title='bbox 196 5217 416 5276; x_wconf 80' lang='lat' dir='ltr'><strong>nostri</strong></span> <span class='ocrx_word' id='word_1_767' title='bbox 451 5217 774 5275; x_wconf 84' lang='lat' dir='ltr'><strong>sufﬁciunt.</strong></span> 
     </span>
    </p>
   </div>
   <div class='ocr_carea' id='block_1_84' title="bbox 280 5288 1886 5362">
    <p class='ocr_par' dir='ltr' id='par_1_84' title="bbox 280 5288 1886 5362">
     <span class='ocr_line' id='line_1_85' title="bbox 280 5288 1886 5362; baseline 0.001 -18"><span class='ocrx_word' id='word_1_768' title='bbox 280 5291 368 5362; x_wconf 65' lang='grc' dir='ltr'><strong>(ο)</strong></span> <span class='ocrx_word' id='word_1_769' title='bbox 389 5288 692 5362; x_wconf 63' lang='lat' dir='ltr'><strong>Victorius</strong></span> <span class='ocrx_word' id='word_1_770' title='bbox 714 5290 786 5345; x_wconf 92' lang='lat' dir='ltr'><strong>ad</strong></span> <span class='ocrx_word' id='word_1_771' title='bbox 802 5288 1165 5362; x_wconf 86' lang='lat' dir='ltr'><strong>Florentiuos</strong></span> <span class='ocrx_word' id='word_1_772' title='bbox 1181 5290 1348 5346; x_wconf 90' lang='lat' dir='ltr'><strong>codd.</strong></span> <span class='ocrx_word' id='word_1_773' title='bbox 1366 5291 1573 5347; x_wconf 89' lang='lat' dir='ltr'><strong>maluit</strong></span> <span class='ocrx_word' id='word_1_774' title='bbox 1592 5292 1886 5348; x_wconf 83' lang='lat' dir='ltr'><strong>liberatur.</strong></span> 
     </span>
    </p>
   </div>
   <div class='ocr_carea' id='block_1_85' title="bbox 278 5359 1891 5448">
    <p class='ocr_par' dir='ltr' id='par_1_85' title="bbox 278 5359 1891 5448">
     <span class='ocr_line' id='line_1_86' title="bbox 278 5359 1891 5448; baseline 0.004 -34"><span class='ocrx_word' id='word_1_775' title='bbox 278 5359 374 5444; x_wconf 55' lang='lat' dir='ltr'><strong>(Si)</strong></span> <span class='ocrx_word' id='word_1_776' title='bbox 401 5359 650 5448; x_wconf 65' lang='lat' dir='ltr'><strong>Videtur</strong></span> <span class='ocrx_word' id='word_1_777' title='bbox 676 5361 1066 5448; x_wconf 59' lang='lat' dir='ltr'><strong>praeponenda</strong></span> <span class='ocrx_word' id='word_1_778' title='bbox 1087 5362 1420 5448; x_wconf 64' lang='lat' dir='ltr'><strong>praepositio</strong></span> <span class='ocrx_word' id='word_1_779' title='bbox 1442 5363 1666 5448; x_wconf 48' lang='grc' dir='ltr'><strong>ςπξρῇρι</strong></span> <span class='ocrx_word' id='word_1_780' title='bbox 1685 5368 1741 5421; x_wconf 90' lang='lat' dir='ltr'><strong>et</strong></span> <span class='ocrx_word' id='word_1_781' title='bbox 1763 5363 1891 5448; x_wconf 64' lang='grc' dir='ltr'><strong>Υἱο-</strong></span> 
     </span>
    </p>
   </div>
   <div class='ocr_carea' id='block_1_86' title="bbox 192 5430 1889 5505">
    <p class='ocr_par' dir='ltr' id='par_1_86' title="bbox 192 5430 1889 5505">
     <span class='ocr_line' id='line_1_87' title="bbox 192 5430 1889 5505; baseline 0.001 -15"><span class='ocrx_word' id='word_1_782' title='bbox 192 5430 360 5490; x_wconf 72' lang='lat' dir='ltr'><strong>tor-ii</strong></span> <span class='ocrx_word' id='word_1_783' title='bbox 390 5430 597 5500; x_wconf 87' lang='lat' dir='ltr'><strong>editio,</strong></span> <span class='ocrx_word' id='word_1_784' title='bbox 651 5430 707 5489; x_wconf 75' lang='lat' dir='ltr'><strong>et</strong></span> <span class='ocrx_word' id='word_1_785' title='bbox 750 5430 1292 5505; x_wconf 25' lang='lat' dir='ltr'><strong>ipsepraefert‘ej’us</strong></span> <span class='ocrx_word' id='word_1_786' title='bbox 1325 5433 1456 5490; x_wconf 91' lang='lat' dir='ltr'><strong>libri</strong></span> <span class='ocrx_word' id='word_1_787' title='bbox 1490 5430 1717 5492; x_wconf 83' lang='lat' dir='ltr'><strong>titulus.</strong></span> <span class='ocrx_word' id='word_1_788' title='bbox 1770 5438 1889 5491; x_wconf 71' lang='lat' dir='ltr'><strong>Ca3-</strong></span> 
     </span>
    </p>
   </div>
   <div class='ocr_carea' id='block_1_87' title="bbox 194 5502 1743 5582">
    <p class='ocr_par' dir='ltr' id='par_1_87' title="bbox 194 5502 1743 5582">
     <span class='ocr_line' id='line_1_88' title="bbox 194 5502 1743 5582; baseline 0 0"><span class='ocrx_word' id='word_1_789' title='bbox 194 5510 442 5582; x_wconf 66' lang='grc' dir='ltr'><strong>ιειτιιω,</strong></span> <span class='ocrx_word' id='word_1_790' title='bbox 459 5519 562 5582; x_wconf 68' lang='lat' dir='ltr'><strong>Pro</strong></span> <span class='ocrx_word' id='word_1_791' title='bbox 593 5502 847 5582; x_wconf 58' lang='grc' dir='ltr'><strong>κρέτξιεῖδν</strong></span> <span class='ocrx_word' id='word_1_792' title='bbox 889 5502 948 5582; x_wconf 60' lang='lat' dir='ltr'><strong>in</strong></span> <span class='ocrx_word' id='word_1_793' title='bbox 976 5502 1111 5582; x_wconf 55' lang='lat' dir='ltr'><strong>alii?</strong></span> <span class='ocrx_word' id='word_1_794' title='bbox 1139 5502 1305 5582; x_wconf 52' lang='lat' dir='ltr'><strong>libris</strong></span> <span class='ocrx_word' id='word_1_795' title='bbox 1334 5517 1424 5582; x_wconf 59' lang='lat' dir='ltr'><strong>est</strong></span> <span class='ocrx_word' id='word_1_796' title='bbox 1450 5507 1743 5582; x_wconf 74' lang='grc' dir='ltr'>κρισίμωνε</span> 
     </span>
    </p>
   </div>
   <div class='ocr_carea' id='block_1_88' title="bbox 278 5572 1892 5650">
    <p class='ocr_par' dir='ltr' id='par_1_88' title="bbox 278 5572 1892 5650">
     <span class='ocr_line' id='line_1_89' title="bbox 278 5572 1892 5650; baseline 0.004 -21"><span class='ocrx_word' id='word_1_797' title='bbox 278 5576 367 5650; x_wconf 72' lang='lat' dir='ltr'><strong>(e)</strong></span> <span class='ocrx_word' id='word_1_798' title='bbox 402 5572 867 5650; x_wconf 56' lang='lat' dir='ltr'><strong>Petrus&#39;Petitus</strong></span> <span class='ocrx_word' id='word_1_799' title='bbox 887 5575 948 5631; x_wconf 92' lang='lat' dir='ltr'><strong>in</strong></span> <span class='ocrx_word' id='word_1_800' title='bbox 976 5572 1142 5650; x_wconf 79' lang='lat' dir='ltr'><strong>libris</strong></span> <span class='ocrx_word' id='word_1_801' title='bbox 1166 5572 1673 5650; x_wconf 60' lang='lat' dir='ltr'><strong>Miscellanearu&#39;m</strong></span> <span class='ocrx_word' id='word_1_802' title='bbox 1695 5578 1892 5650; x_wconf 88' lang='lat' dir='ltr'><strong>obser-</strong></span> 
     </span>
    </p>
   </div>
   <div class='ocr_carea' id='block_1_89' title="bbox 197 5645 1921 5727">
    <p class='ocr_par' dir='ltr' id='par_1_89' title="bbox 197 5645 1921 5727">
     <span class='ocr_line' id='line_1_90' title="bbox 197 5645 1921 5727; baseline 0.004 -19"><span class='ocrx_word' id='word_1_803' title='bbox 197 5645 538 5711; x_wconf 78' lang='lat' dir='ltr'><strong>vationum</strong></span> <span class='ocrx_word' id='word_1_804' title='bbox 566 5645 670 5710; x_wconf 86' lang='lat' dir='ltr'><strong>lib.</strong></span> <span class='ocrx_word' id='word_1_805' title='bbox 718 5661 805 5723; x_wconf 77' lang='lat' dir='ltr'><strong>tu,</strong></span> <span class='ocrx_word' id='word_1_806' title='bbox 856 5663 985 5725; x_wconf 83' lang='lat' dir='ltr'><strong>cap.</strong></span> <span class='ocrx_word' id='word_1_807' title='bbox 1014 5645 1071 5721; x_wconf 88' lang='lat'><strong>3,</strong></span> <span class='ocrx_word' id='word_1_808' title='bbox 1116 5645 1432 5727; x_wconf 78' lang='lat' dir='ltr'><strong>legendum</strong></span> <span class='ocrx_word' id='word_1_809' title='bbox 1460 5650 1557 5715; x_wconf 84' lang='lat' dir='ltr'><strong>hic</strong></span> <span class='ocrx_word' id='word_1_810' title='bbox 1588 5649 1921 5715; x_wconf 73' lang='lat' dir='ltr'><strong>oontendit~</strong></span> 
     </span>
    </p>
   </div>
   <div class='ocr_carea' id='block_1_90' title="bbox 1984 4270 3642 4351">
    <p class='ocr_par' dir='ltr' id='par_1_90' title="bbox 1984 4270 3642 4351">
     <span class='ocr_line' id='line_1_91' title="bbox 1984 4270 3642 4351; baseline -0.005 -19"><span class='ocrx_word' id='word_1_811' title='bbox 1984 4278 2120 4351; x_wconf 91' lang='lat' dir='ltr'><strong>gala</strong></span> <span class='ocrx_word' id='word_1_812' title='bbox 2140 4278 2353 4348; x_wconf 88' lang='lat' dir='ltr'><strong>captiva</strong></span> <span class='ocrx_word' id='word_1_813' title='bbox 2372 4275 2622 4345; x_wconf 80' lang='lat' dir='ltr'><strong>ducetur,</strong></span> <span class='ocrx_word' id='word_1_814' title='bbox 2636 4278 2686 4331; x_wconf 89' lang='lat' dir='ltr'><strong>et</strong></span> <span class='ocrx_word' id='word_1_815' title='bbox 2710 4276 2893 4331; x_wconf 82' lang='lat' dir='ltr'><strong>Bethel</strong></span> <span class='ocrx_word' id='word_1_816' title='bbox 2914 4276 3019 4330; x_wconf 88' lang='lat' dir='ltr'><strong>erit</strong></span> <span class='ocrx_word' id='word_1_817' title='bbox 3038 4274 3275 4330; x_wconf 87' lang='lat' dir='ltr'><strong>inutilis.</strong></span> <span class='ocrx_word' id='word_1_818' title='bbox 3293 4270 3434 4326; x_wconf 84' lang='lat' dir='ltr'><strong>LXX</strong></span> <span class='ocrx_word' id='word_1_819' title='bbox 3461 4286 3475 4325; x_wconf 94' lang='lat'><strong>:</strong></span> <span class='ocrx_word' id='word_1_820' title='bbox 3499 4270 3642 4338; x_wconf 85' lang='lat' dir='ltr'><strong>Quia</strong></span> 
     </span>
    </p>
   </div>
   <div class='ocr_carea' id='block_1_91' title="bbox 1988 4362 3643 4433">
    <p class='ocr_par' dir='ltr' id='par_1_91' title="bbox 1988 4362 3643 4433">
     <span class='ocr_line' id='line_1_92' title="bbox 1988 4362 3643 4433; baseline -0.007 -10"><span class='ocrx_word' id='word_1_821' title='bbox 1988 4368 2109 4424; x_wconf 70' lang='lat' dir='ltr'><strong>haec</strong></span> <span class='ocrx_word' id='word_1_822' title='bbox 2136 4366 2268 4421; x_wconf 83' lang='lat' dir='ltr'><strong>dicit</strong></span> <span class='ocrx_word' id='word_1_823' title='bbox 2299 4367 2562 4421; x_wconf 88' lang='lat' dir='ltr'><strong>Dominus</strong></span> <span class='ocrx_word' id='word_1_824' title='bbox 2590 4364 2662 4420; x_wconf 89' lang='lat' dir='ltr'><strong>ad</strong></span> <span class='ocrx_word' id='word_1_825' title='bbox 2689 4364 2909 4421; x_wconf 88' lang='lat' dir='ltr'><strong>domum</strong></span> <span class='ocrx_word' id='word_1_826' title='bbox 2951 4363 3121 4418; x_wconf 85' lang='lat' dir='ltr'><strong>Israel</strong></span> <span class='ocrx_word' id='word_1_827' title='bbox 3144 4379 3157 4417; x_wconf 90' lang='lat'><strong>:</strong></span> <span class='ocrx_word' id='word_1_828' title='bbox 3189 4362 3424 4433; x_wconf 66' lang='lat' dir='ltr'><strong>quaerite</strong></span> <span class='ocrx_word' id='word_1_829' title='bbox 3450 4373 3560 4428; x_wconf 89' lang='lat' dir='ltr'><strong>me,</strong></span> <span class='ocrx_word' id='word_1_830' title='bbox 3590 4364 3643 4413; x_wconf 83' lang='lat' dir='ltr'><strong>et</strong></span> 
     </span>
    </p>
   </div>
   <div class='ocr_carea' id='block_1_92' title="bbox 1987 4445 3640 4527">
    <p class='ocr_par' dir='ltr' id='par_1_92' title="bbox 1987 4445 3640 4527">
     <span class='ocr_line' id='line_1_93' title="bbox 1987 4445 3640 4527; baseline -0.007 -16"><span class='ocrx_word' id='word_1_831' title='bbox 1987 4457 2195 4527; x_wconf 86' lang='lat' dir='ltr'><strong>vivetis,</strong></span> <span class='ocrx_word' id='word_1_832' title='bbox 2230 4463 2281 4510; x_wconf 88' lang='lat' dir='ltr'><strong>et</strong></span> <span class='ocrx_word' id='word_1_833' title='bbox 2306 4454 2474 4509; x_wconf 86' lang='lat' dir='ltr'><strong>nolite</strong></span> <span class='ocrx_word' id='word_1_834' title='bbox 2504 4469 2750 4524; x_wconf 63' lang='lat' dir='ltr'><strong>quwrere</strong></span> <span class='ocrx_word' id='word_1_835' title='bbox 2777 4452 2987 4520; x_wconf 86' lang='lat' dir='ltr'><strong>Bethel,</strong></span> <span class='ocrx_word' id='word_1_836' title='bbox 3021 4459 3072 4507; x_wconf 90' lang='lat' dir='ltr'><strong>et</strong></span> <span class='ocrx_word' id='word_1_837' title='bbox 3102 4452 3158 4506; x_wconf 91' lang='lat' dir='ltr'><strong>in</strong></span> <span class='ocrx_word' id='word_1_838' title='bbox 3192 4447 3420 4519; x_wconf 80' lang='lat' dir='ltr'><strong>Galgala</strong></span> <span class='ocrx_word' id='word_1_839' title='bbox 3447 4462 3517 4501; x_wconf 89' lang='lat' dir='ltr'><strong>ne</strong></span> <span class='ocrx_word' id='word_1_840' title='bbox 3546 4445 3640 4500; x_wconf 87' lang='lat' dir='ltr'><strong>in-</strong></span> 
     </span>
    </p>
   </div>
   <div class='ocr_carea' id='block_1_93' title="bbox 1915 4533 3640 4634">
    <p class='ocr_par' dir='ltr' id='par_1_93' title="bbox 1915 4533 3640 4634">
     <span class='ocr_line' id='line_1_94' title="bbox 1915 4533 3640 4634; baseline -0.007 -34"><span class='ocrx_word' id='word_1_841' title='bbox 1915 4569 1957 4634; x_wconf 81' lang='lat' dir='ltr'><strong>D</strong></span> <span class='ocrx_word' id='word_1_842' title='bbox 1986 4544 2349 4616; x_wconf 86' lang='lat' dir='ltr'><strong>grediamini,</strong></span> <span class='ocrx_word' id='word_1_843' title='bbox 2368 4547 2423 4598; x_wconf 82' lang='lat' dir='ltr'><strong>et</strong></span> <span class='ocrx_word' id='word_1_844' title='bbox 2445 4559 2609 4614; x_wconf 81' lang='lat' dir='ltr'><strong>super</strong></span> <span class='ocrx_word' id='word_1_845' title='bbox 2624 4546 2856 4634; x_wconf 81' lang='lat' dir='ltr'><strong>puteum</strong></span> <span class='ocrx_word' id='word_1_846' title='bbox 2866 4540 3178 4634; x_wconf 71' lang='lat' dir='ltr'><strong>juramenti</strong></span> <span class='ocrx_word' id='word_1_847' title='bbox 3192 4533 3640 4634; x_wconf 39' lang='lat' dir='ltr'><strong>nonhtranse-atis,</strong></span> 
     </span>
    </p>
   </div>
   <div class='ocr_carea' id='block_1_94' title="bbox 1987 4625 3646 4705">
    <p class='ocr_par' dir='ltr' id='par_1_94' title="bbox 1987 4625 3646 4705">
     <span class='ocr_line' id='line_1_95' title="bbox 1987 4625 3646 4705; baseline -0.007 -17"><span class='ocrx_word' id='word_1_848' title='bbox 1987 4636 2122 4705; x_wconf 88' lang='lat' dir='ltr'><strong>quia</strong></span> <span class='ocrx_word' id='word_1_849' title='bbox 2149 4633 2383 4701; x_wconf 87' lang='lat' dir='ltr'><strong>Galgala</strong></span> <span class='ocrx_word' id='word_1_850' title='bbox 2410 4633 2633 4703; x_wconf 84' lang='lat' dir='ltr'><strong>captiva</strong></span> <span class='ocrx_word' id='word_1_851' title='bbox 2662 4630 2915 4699; x_wconf 87' lang='lat' dir='ltr'><strong>ducetur,</strong></span> <span class='ocrx_word' id='word_1_852' title='bbox 2950 4636 3000 4684; x_wconf 87' lang='lat' dir='ltr'><strong>et</strong></span> <span class='ocrx_word' id='word_1_853' title='bbox 3022 4627 3205 4684; x_wconf 81' lang='lat' dir='ltr'><strong>Bethel</strong></span> <span class='ocrx_word' id='word_1_854' title='bbox 3225 4628 3329 4682; x_wconf 88' lang='lat' dir='ltr'><strong>erit</strong></span> <span class='ocrx_word' id='word_1_855' title='bbox 3353 4625 3515 4696; x_wconf 87' lang='lat' dir='ltr'><strong>quasi</strong></span> <span class='ocrx_word' id='word_1_856' title='bbox 3532 4637 3646 4678; x_wconf 90' lang='lat' dir='ltr'><strong>non</strong></span> 
     </span>
    </p>
   </div>
   <div class='ocr_carea' id='block_1_95' title="bbox 1989 4710 3641 4791">
    <p class='ocr_par' dir='ltr' id='par_1_95' title="bbox 1989 4710 3641 4791">
     <span class='ocr_line' id='line_1_96' title="bbox 1989 4710 3641 4791; baseline -0.007 -13"><span class='ocrx_word' id='word_1_857' title='bbox 1989 4725 2081 4778; x_wconf 89' lang='lat' dir='ltr'><strong>sit.</strong></span> <span class='ocrx_word' id='word_1_858' title='bbox 2129 4720 2306 4776; x_wconf 87' lang='lat' dir='ltr'><strong>Moris</strong></span> <span class='ocrx_word' id='word_1_859' title='bbox 2355 4720 2461 4791; x_wconf 80' lang='lat' dir='ltr'><strong>[AL</strong></span> <span class='ocrx_word' id='word_1_860' title='bbox 2497 4724 2658 4791; x_wconf 79' lang='lat' dir='ltr'><strong>mos)</strong></span> <span class='ocrx_word' id='word_1_861' title='bbox 2690 4724 2779 4775; x_wconf 92' lang='lat' dir='ltr'><strong>est</strong></span> <span class='ocrx_word' id='word_1_862' title='bbox 2808 4717 3244 4790; x_wconf 89' lang='lat' dir='ltr'><strong>Scripturarum</strong></span> <span class='ocrx_word' id='word_1_863' title='bbox 3277 4728 3509 4784; x_wconf 91' lang='lat' dir='ltr'><strong>semper</strong></span> <span class='ocrx_word' id='word_1_864' title='bbox 3538 4710 3641 4768; x_wconf 90' lang='lat' dir='ltr'><strong>ad-</strong></span> 
     </span>
    </p>
   </div>
   <div class='ocr_carea' id='block_1_96' title="bbox 1990 4799 3645 4880">
    <p class='ocr_par' dir='ltr' id='par_1_96' title="bbox 1990 4799 3645 4880">
     <span class='ocr_line' id='line_1_97' title="bbox 1990 4799 3645 4880; baseline -0.007 -12"><span class='ocrx_word' id='word_1_865' title='bbox 1990 4808 2173 4868; x_wconf 91' lang='lat' dir='ltr'><strong>versis</strong></span> <span class='ocrx_word' id='word_1_866' title='bbox 2219 4808 2351 4865; x_wconf 79' lang='lat' dir='ltr'><strong>laeta</strong></span> <span class='ocrx_word' id='word_1_867' title='bbox 2393 4808 2770 4880; x_wconf 90' lang='lat' dir='ltr'><strong>subjungere,</strong></span> <span class='ocrx_word' id='word_1_868' title='bbox 2821 4811 2880 4863; x_wconf 89' lang='lat' dir='ltr'><strong>et</strong></span> <span class='ocrx_word' id='word_1_869' title='bbox 2923 4809 3234 4879; x_wconf 91' lang='lat' dir='ltr'><strong>postquam</strong></span> <span class='ocrx_word' id='word_1_870' title='bbox 3265 4802 3461 4859; x_wconf 88' lang='lat' dir='ltr'><strong>tristia</strong></span> <span class='ocrx_word' id='word_1_871' title='bbox 3490 4799 3645 4858; x_wconf 88' lang='lat' dir='ltr'><strong>Deus</strong></span> 
     </span>
    </p>
   </div>
   <div class='ocr_carea' id='block_1_97' title="bbox 1992 4932 3620 5009">
    <p class='ocr_par' dir='ltr' id='par_1_97' title="bbox 1992 4932 3620 5009">
     <span class='ocr_line' id='line_1_98' title="bbox 1992 4932 3620 5009; baseline 0.006 -20"><span class='ocrx_word' id='word_1_872' title='bbox 1992 4932 2336 5009; x_wconf 67' lang='lat' dir='ltr'><strong>hebdomada</strong></span> <span class='ocrx_word' id='word_1_873' title='bbox 2362 4933 2762 5009; x_wconf 73' lang='lat' dir='ltr'><strong>proerrantia.</strong></span> <span class='ocrx_word' id='word_1_874' title='bbox 2937 5004 2950 5009; x_wconf 86' lang='lat'>_</span> <span class='ocrx_word' id='word_1_875' title='bbox 3138 5002 3148 5009; x_wconf 90' lang='lat'>_</span> <span class='ocrx_word' id='word_1_876' title='bbox 3216 5001 3226 5009; x_wconf 88' lang='lat'>_</span> <span class='ocrx_word' id='word_1_877' title='bbox 3402 4998 3518 5009; x_wconf 50' lang='lat'><strong>__,</strong></span> <span class='ocrx_word' id='word_1_878' title='bbox 3610 4998 3620 5009; x_wconf 84' lang='grc'><em>,</em></span> 
     </span>
    </p>
   </div>
   <div class='ocr_carea' id='block_1_98' title="bbox 2066 4998 3648 5077">
    <p class='ocr_par' dir='ltr' id='par_1_98' title="bbox 2066 4998 3648 5077">
     <span class='ocr_line' id='line_1_99' title="bbox 2066 4998 3648 5077; baseline -0.004 -17"><span class='ocrx_word' id='word_1_879' title='bbox 2066 5005 2131 5077; x_wconf 79' lang='lat' dir='ltr'><strong>(l)</strong></span> <span class='ocrx_word' id='word_1_880' title='bbox 2165 5004 2324 5060; x_wconf 89' lang='lat' dir='ltr'><strong>Idem</strong></span> <span class='ocrx_word' id='word_1_881' title='bbox 2357 4998 2439 5077; x_wconf 73' lang='lat' dir='ltr'><strong>sic</strong></span> <span class='ocrx_word' id='word_1_882' title='bbox 2470 5003 2584 5077; x_wconf 90' lang='lat' dir='ltr'><strong>legi</strong></span> <span class='ocrx_word' id='word_1_883' title='bbox 2611 5003 2755 5077; x_wconf 81' lang='lat' dir='ltr'><strong>vult,</strong></span> <span class='ocrx_word' id='word_1_884' title='bbox 2806 5008 2863 5059; x_wconf 91' lang='lat' dir='ltr'><strong>et</strong></span> <span class='ocrx_word' id='word_1_885' title='bbox 2898 5001 3348 5077; x_wconf 72' lang='lat' dir='ltr'><strong>obscurrissimus</strong></span> <span class='ocrx_word' id='word_1_886' title='bbox 3392 4998 3648 5054; x_wconf 77' lang='lat' dir='ltr'><strong>Platonis</strong></span> 
     </span>
    </p>
   </div>
   <div class='ocr_carea' id='block_1_99' title="bbox 2001 5072 3576 5152">
    <p class='ocr_par' dir='ltr' id='par_1_99' title="bbox 2001 5072 3576 5152">
     <span class='ocr_line' id='line_1_100' title="bbox 2001 5072 3576 5152; baseline -0.005 -20"><span class='ocrx_word' id='word_1_887' title='bbox 2001 5072 2257 5152; x_wconf 48' lang='lat' dir='ltr'><strong>Timaeus,</strong></span> <span class='ocrx_word' id='word_1_888' title='bbox 2283 5077 2377 5152; x_wconf 88' lang='lat' dir='ltr'><strong>q_ui</strong></span> <span class='ocrx_word' id='word_1_889' title='bbox 2405 5072 2953 5152; x_wconf 67' lang='lat' dir='ltr'><strong>libeF_ne__(._&#39;iceronis</strong></span> <span class='ocrx_word' id='word_1_890' title='bbox 2982 5072 3222 5152; x_wconf 66' lang='lat' dir='ltr'><strong>quidem,</strong></span> <span class='ocrx_word' id='word_1_891' title='bbox 3255 5076 3365 5152; x_wconf 66' lang='lat' dir='ltr'><strong>etc.</strong></span> <span class='ocrx_word' id='word_1_892' title='bbox 3405 5143 3415 5152; x_wconf 38' lang='lat'>.</span> <span class='ocrx_word' id='word_1_893' title='bbox 3565 5139 3576 5152; x_wconf 44' lang='lat'><strong><em>.</em></strong></span> 
     </span>
    </p>
   </div>
   <div class='ocr_carea' id='block_1_100' title="bbox 2066 5143 3648 5220">
    <p class='ocr_par' dir='ltr' id='par_1_100' title="bbox 2066 5143 3648 5220">
     <span class='ocr_line' id='line_1_101' title="bbox 2066 5143 3648 5220; baseline -0.006 -16"><span class='ocrx_word' id='word_1_894' title='bbox 2066 5149 2143 5220; x_wconf 89' lang='lat' dir='ltr'><strong>(g)</strong></span> <span class='ocrx_word' id='word_1_895' title='bbox 2173 5147 2268 5203; x_wconf 91' lang='lat' dir='ltr'><strong>Sic</strong></span> <span class='ocrx_word' id='word_1_896' title='bbox 2293 5143 2524 5202; x_wconf 81' lang='lat' dir='ltr'><strong>Praefat.</strong></span> <span class='ocrx_word' id='word_1_897' title='bbox 2556 5147 2618 5220; x_wconf 77' lang='lat' dir='ltr'><strong>in</strong></span> <span class='ocrx_word' id='word_1_898' title='bbox 2648 5146 2780 5220; x_wconf 83' lang='lat' dir='ltr'><strong>libr.</strong></span> <span class='ocrx_word' id='word_1_899' title='bbox 2799 5143 3253 5220; x_wconf 31' lang='lat' dir='ltr'><strong>_xu_in‘lsaiam,</strong></span> <span class='ocrx_word' id='word_1_900' title='bbox 3276 5143 3541 5220; x_wconf 83' lang='lat' dir='ltr'><strong>Denique,</strong></span> <span class='ocrx_word' id='word_1_901' title='bbox 3561 5143 3648 5195; x_wconf 89' lang='lat' dir='ltr'><strong>in-</strong></span> 
     </span>
    </p>
   </div>
   <div class='ocr_carea' id='block_1_101' title="bbox 1997 5216 3675 5292">
    <p class='ocr_par' dir='ltr' id='par_1_101' title="bbox 1997 5216 3675 5292">
     <span class='ocr_line' id='line_1_102' title="bbox 1997 5216 3675 5292; baseline -0.005 -18"><span class='ocrx_word' id='word_1_902' title='bbox 1997 5216 2166 5292; x_wconf 50' lang='lat' dir='ltr'><strong>qu&#39;ii&#39;t,</strong></span> <span class='ocrx_word' id='word_1_903' title='bbox 2225 5220 2484 5275; x_wconf 59' lang='lat' dir='ltr'><strong>Timaeum</strong></span> <span class='ocrx_word' id='word_1_904' title='bbox 2533 5218 2599 5292; x_wconf 84' lang='lat' dir='ltr'><strong>de</strong></span> <span class='ocrx_word' id='word_1_905' title='bbox 2647 5216 2836 5273; x_wconf 75' lang='lat' dir='ltr'><strong>Mundi</strong></span> <span class='ocrx_word' id='word_1_906' title='bbox 2893 5217 3217 5292; x_wconf 72' lang='lat' dir='ltr'><strong>harmonia,</strong></span> <span class='ocrx_word' id='word_1_907' title='bbox 3264 5217 3675 5292; x_wconf 60' lang='lat' dir='ltr'><strong>astrorumque</strong></span> 
     </span>
    </p>
   </div>
   <div class='ocr_carea' id='block_1_102' title="bbox 1994 5287 3647 5367">
    <p class='ocr_par' dir='ltr' id='par_1_102' title="bbox 1994 5287 3647 5367">
     <span class='ocr_line' id='line_1_103' title="bbox 1994 5287 3647 5367; baseline -0.004 -22"><span class='ocrx_word' id='word_1_908' title='bbox 1994 5287 2166 5367; x_wconf 63' lang='lat' dir='ltr'><strong>cursu</strong></span> <span class='ocrx_word' id='word_1_909' title='bbox 2187 5300 2242 5367; x_wconf 87' lang='lat' dir='ltr'><strong>e_t_</strong></span> <span class='ocrx_word' id='word_1_910' title='bbox 2260 5292 2512 5367; x_wconf 79' lang='lat' dir='ltr'><strong>numeris</strong></span> <span class='ocrx_word' id='word_1_911' title='bbox 2543 5289 2934 5367; x_wconf 64' lang='lat' dir='ltr'><strong>disputantem,</strong></span> <span class='ocrx_word' id='word_1_912' title='bbox 2978 5288 3218 5367; x_wconf 80' lang='lat' dir='ltr'><strong>ipse_qui</strong></span> <span class='ocrx_word' id='word_1_913' title='bbox 3255 5287 3647 5367; x_wconf 61' lang='lat' dir='ltr'><strong>interpretatus</strong></span> 
     </span>
    </p>
   </div>
   <div class='ocr_carea' id='block_1_103' title="bbox 1998 5357 3652 5431">
    <p class='ocr_par' dir='ltr' id='par_1_103' title="bbox 1998 5357 3652 5431">
     <span class='ocr_line' id='line_1_104' title="bbox 1998 5357 3652 5431; baseline -0.005 -13"><span class='ocrx_word' id='word_1_914' title='bbox 1998 5368 2076 5418; x_wconf 88' lang='lat' dir='ltr'><strong>est</strong></span> <span class='ocrx_word' id='word_1_915' title='bbox 2127 5362 2355 5431; x_wconf 88' lang='lat' dir='ltr'><strong>Tullius,</strong></span> <span class='ocrx_word' id='word_1_916' title='bbox 2404 5378 2462 5417; x_wconf 90' lang='lat' dir='ltr'><strong>se</strong></span> <span class='ocrx_word' id='word_1_917' title='bbox 2500 5377 2610 5417; x_wconf 86' lang='lat' dir='ltr'><strong>non</strong></span> <span class='ocrx_word' id='word_1_918' title='bbox 2628 5357 2948 5431; x_wconf 74' lang='lat' dir='ltr'><strong>intelligere</strong></span> <span class='ocrx_word' id='word_1_919' title='bbox 2973 5357 3278 5428; x_wconf 73' lang='lat' dir='ltr'><strong>conﬁtetur.</strong></span> <span class='ocrx_word' id='word_1_920' title='bbox 3330 5357 3493 5431; x_wconf 79' lang='lat' dir='ltr'><strong>Quin</strong></span> <span class='ocrx_word' id='word_1_921' title='bbox 3524 5357 3652 5427; x_wconf 90' lang='lat' dir='ltr'><strong>ipse</strong></span> 
     </span>
    </p>
   </div>
   <div class='ocr_carea' id='block_1_104' title="bbox 1998 5426 3656 5501">
    <p class='ocr_par' dir='ltr' id='par_1_104' title="bbox 1998 5426 3656 5501">
     <span class='ocr_line' id='line_1_105' title="bbox 1998 5426 3656 5501; baseline -0.005 -12"><span class='ocrx_word' id='word_1_922' title='bbox 1998 5433 2172 5489; x_wconf 91' lang='lat' dir='ltr'><strong>etiam</strong></span> <span class='ocrx_word' id='word_1_923' title='bbox 2205 5426 2423 5500; x_wconf 84' lang='lat' dir='ltr'><strong>Cicero,</strong></span> <span class='ocrx_word' id='word_1_924' title='bbox 2471 5449 2549 5488; x_wconf 80' lang='lat' dir='ltr'><strong>vn</strong></span> <span class='ocrx_word' id='word_1_925' title='bbox 2582 5433 2652 5488; x_wconf 92' lang='lat' dir='ltr'><strong>ad</strong></span> <span class='ocrx_word' id='word_1_926' title='bbox 2686 5426 2861 5487; x_wconf 69' lang='lat' dir='ltr'><strong>Attia.</strong></span> <span class='ocrx_word' id='word_1_927' title='bbox 2916 5431 3017 5486; x_wconf 84' lang='lat' dir='ltr'><strong>l3:</strong></span> <span class='ocrx_word' id='word_1_928' title='bbox 3052 5426 3308 5501; x_wconf 52' lang='lat' dir='ltr'><strong>{Enigma</strong></span> <span class='ocrx_word' id='word_1_929' title='bbox 3355 5426 3656 5501; x_wconf 76' lang='lat' dir='ltr'><strong>Oppiorum</strong></span> 
     </span>
    </p>
   </div>
   <div class='ocr_carea' id='block_1_105' title="bbox 1998 5498 3643 5577">
    <p class='ocr_par' dir='ltr' id='par_1_105' title="bbox 1998 5498 3643 5577">
     <span class='ocr_line' id='line_1_106' title="bbox 1998 5498 3643 5577; baseline -0.002 -16"><span class='ocrx_word' id='word_1_930' title='bbox 1998 5522 2068 5561; x_wconf 79' lang='lat' dir='ltr'><strong>ea:</strong></span> <span class='ocrx_word' id='word_1_931' title='bbox 2104 5505 2247 5577; x_wconf 81' lang='lat' dir='ltr'><strong>Velia</strong></span> <span class='ocrx_word' id='word_1_932' title='bbox 2274 5520 2389 5560; x_wconf 87' lang='lat' dir='ltr'><strong>non</strong></span> <span class='ocrx_word' id='word_1_933' title='bbox 2412 5498 2586 5577; x_wconf 73' lang='lat' dir='ltr'><strong>plane</strong></span> <span class='ocrx_word' id='word_1_934' title='bbox 2632 5504 2886 5563; x_wconf 71' lang='lat' dir='ltr'><strong>intellexi</strong></span> <span class='ocrx_word' id='word_1_935' title='bbox 2910 5518 2932 5567; x_wconf 83' lang='lat'><em>;</em></span> <span class='ocrx_word' id='word_1_936' title='bbox 2963 5505 3042 5560; x_wconf 85' lang='lat' dir='ltr'><strong>est</strong></span> <span class='ocrx_word' id='word_1_937' title='bbox 3077 5498 3227 5560; x_wconf 79' lang='lat' dir='ltr'><strong>enim</strong></span> <span class='ocrx_word' id='word_1_938' title='bbox 3252 5498 3481 5558; x_wconf 73' lang='lat' dir='ltr'><strong>numero</strong></span> <span class='ocrx_word' id='word_1_939' title='bbox 3510 5498 3643 5558; x_wconf 82' lang='lat' dir='ltr'><strong>Pla-</strong></span> 
     </span>
    </p>
   </div>
   <div class='ocr_carea' id='block_1_106' title="bbox 1998 5575 2475 5637">
    <p class='ocr_par' dir='ltr' id='par_1_106' title="bbox 1998 5575 2475 5637">
     <span class='ocr_line' id='line_1_107' title="bbox 1998 5575 2475 5637; baseline 0.002 -3"><span class='ocrx_word' id='word_1_940' title='bbox 1998 5578 2144 5636; x_wconf 84' lang='lat' dir='ltr'><strong>tonis</strong></span> <span class='ocrx_word' id='word_1_941' title='bbox 2178 5575 2475 5637; x_wconf 81' lang='lat' dir='ltr'><strong>obscurior.</strong></span> 
     </span>
    </p>
   </div>
  </div>
