3986 6190
397 364 424 423 1
435 360 553 428 039

1639 359 1707 422 S.
1751 354 2065 426 EUSEBII
2109 359 2548 428 HIERONYMI

3593 364 3724 438 ωηο

393 496 568 552 fuerit
596 493 1008 558 comminatus,
1055 494 1127 549 ad
1179 492 1580 566 pcenitentiam
1621 510 1720 549 eos
1751 510 1898 566 quos
1928 500 2038 550 ter-
2068 497 2127 564 Α
2155 495 2323 567 galis,
2357 496 2456 568 qui
2488 500 2620 568 post
2660 496 2973 552 adventum
3017 493 3228 553 Christi
3267 513 3488 553 rursum
3524 499 3726 569 cupiunt

393 585 531 655 ruit,
565 589 858 658 provocat,
900 584 1069 656 juxta
1113 583 1259 638 illud
1294 583 1448 655 quod
1483 584 1539 637 in
1574 583 1723 639 Isaia
1755 583 2040 652 legimus:

399 673 500 740 Vae,
523 687 654 741 gens
672 675 978 744 peccatrix,
990 674 1225 746 papulus
1242 673 1440 742 plenus
1462 672 1704 739 delictis,
1722 688 1904 727 semen
1919 687 2043 743 pes-

390 764 614 831 simum,
659 763 796 832 ﬁllii
843 763 1026 833 iniqui
1072 762 1221 832 (Isai.
1272 779 1307 830 ι,
1341 761 1416 833 lt).
1470 761 1732 832 Cumque
1779 760 2042 830 dixisset,

389 855 539 908 terra
571 860 746 907 vestra
774 850 1004 919 deserta,
1038 852 1281 906 civitates
1310 853 1499 906 vestrm
1529 852 1655 918 igne
1684 858 2039 921 consumptae,

390 942 638 1010 regiones
667 945 871 996 vestras
913 956 1096 996 coram
1123 942 1270 995 vobis
1300 939 1409 1010 [ΑΙ.
1443 941 1503 994 in
1532 942 1817 1010 conspectu
1850 940 2038 1006 vestro]

390 1030 568 1085 alieni
586 1031 888 1100 comedent,
903 1029 1164 1101 loquitur
1186 1029 1255 1082 ad
1279 1045 1376 1084 eos
1399 1026 1642 1082 meliora
1660 1027 2036 1098 promittens:

388 1120 706 1186 Lavamini,
738 1117 933 1172 mundi
961 1121 1130 1174 estote
1157 1136 1169 1172 :
1224 1120 1435 1187 auferte
1463 1117 1710 1170 malitias
1737 1118 1941 1169 vestras
1972 1114 2038 1168 ab

388 1209 593 1262 animis
621 1208 832 1262 vestris.
865 1207 1075 1263 Discite
1105 1207 1417 1277 benefacere
1447 1204 1553 1276 [AL
1579 1205 1778 1259 bonum
1807 1205 2033 1272 facere]:

387 1298 623 1368 quaerite
653 1296 942 1364 iudicium,
956 1295 1201 1366 judicate
1217 1295 1449 1365 pupillo,
1467 1295 1762 1364 justiﬁcate
1782 1291 2032 1348 viduam:

387 1387 435 1440 et
468 1386 667 1450 venite,
697 1385 1057 1455 disputemus,
1111 1383 1245 1438 dicit
1274 1384 1537 1438 Dominus
1583 1381 1744 1450 (Ibid.
1777 1399 1888 1452 xvn,
1927 1382 2033 1451 17).

383 1473 684 1536 Quomodo
705 1489 841 1544 ergo
872 1472 932 1527 in
965 1472 1134 1539 Isaia,
1168 1488 1315 1543 quos
1346 1488 1546 1526 severa
1568 1487 1703 1526 voce
1728 1474 2032 1538 terruerat,

383 1560 602 1617 blanda
629 1559 888 1618 oratione
920 1565 1247 1616 sustentat:
1284 1561 1364 1615 ita
1395 1565 1450 1616 et
1485 1560 1633 1616 285
1669 1559 1728 1613 in
1762 1560 1870 1614 hoc
1901 1575 2033 1630 pro-

381 1649 578 1721 pheta,
610 1649 827 1721 quibus
852 1649 1075 1705 dixerat
1100 1667 1111 1705 :
1145 1651 1347 1705 Domus
1369 1650 1536 1704 Israel
1557 1648 1773 1712 cecidit,
1794 1665 1905 1702 non
1931 1647 2036 1701 ad-

373 1738 534 1809 jiciet
562 1746 625 1793 ut
649 1747 936 1810 resurgat:
970 1740 1130 1811 virgo
1159 1739 1327 1793 Israet
1353 1739 1565 1792 erravit
1614 1739 1673 1791 in
1723 1745 1890 1800 terra,
1925 1752 2033 1790 non

380 1834 458 1882 est
486 1828 586 1898 qui
611 1829 827 1882 suscitet
867 1843 1005 1882 eam.
1057 1827 1182 1881 Non
1214 1826 1476 1898 loquitur
1506 1827 1575 1881 ad
1609 1842 1730 1891 eos,
1760 1830 1816 1880 et
1845 1824 1986 1878 dicit
2015 1841 2028 1878 :

382 1914 460 1987 (a)
487 1915 688 1971 Domus
717 1917 906 1985 Israel,
938 1915 996 1969 id
1029 1921 1138 1982 est,
1165 1915 1364 1970 decem
1387 1915 1596 1979 tribus,
1628 1915 1858 1984 quaerite
1883 1929 1967 1966 me
1986 1915 2036 1966 et

381 2005 614 2064 vinetis:
649 2005 928 2076 quoniam
959 2005 1017 2059 in
1050 2020 1114 2059 eo
1147 2005 1302 2076 quod
1335 2021 1427 2059 me
1448 2020 1562 2058 non
1590 2001 1869 2074 quaeritis,
1895 2001 2036 2056 estis

384 2093 620 2148 mortui.
644 2093 906 2164 Cumque
929 2093 1298 2164 quaesieritis,
1332 2091 1638 2146 invenietis
1663 2107 1675 2144 :
1709 2095 1765 2146 et
1795 2107 1926 2144 cum
1951 2089 2035 2144 in-

380 2182 677 2244 veneritis,
708 2182 932 2237 vivetis.
965 2182 1036 2237 Et
1067 2180 1246 2236 nolite
1279 2197 1536 2253 quaarere
1573 2177 1790 2249 Bethel,
1826 2179 1883 2232 in
1917 2195 2034 2249 qua

379 2275 504 2327 erat
529 2270 750 2327 vitulus
781 2288 1017 2341 aureus,
1047 2275 1105 2326 et
1131 2268 1431 2342 Galgalam
1455 2268 1646 2324 locum
1670 2267 2028 2333 idololatriae,

378 2361 449 2415 de
479 2377 593 2432 quo
625 2364 683 2415 et
712 2377 892 2432 supra
928 2359 1046 2414 dixi
1071 2377 1083 2414 :
1121 2360 1308 2414 Omnis
1336 2359 1553 2413 malitia
1580 2374 1773 2413 eorum
1801 2358 1860 2411 in
1894 2357 2028 2413 Gal-

377 2450 522 2518 galis
570 2448 725 2520 (Osee
757 2467 834 2516 1x,
872 2449 976 2520 15).
1028 2449 1097 2503 Et
1126 2447 1184 2502 in
1221 2447 1502 2503 Bersabee
1534 2463 1646 2502 non
1681 2445 2024 2501 transibitis.

376 2538 625 2596 Pulchre
653 2537 712 2593 in
747 2538 1050 2608 Bersabee,
1085 2537 1294 2608 inquit,
1331 2535 1438 2592 hoc
1459 2540 1548 2591 est
1573 2536 1642 2590 ad
1673 2535 2026 2607 puteumju-

376 2627 646 2695 ramenti,
699 2644 814 2682 non
863 2627 1240 2682 transibitis:
1292 2625 1392 2681 ubi
1423 2625 1472 2681 si
1512 2625 1746 2696 quando
1796 2623 2028 2679 errabat

375 2716 567 2772 tribus
594 2717 625 2772 J
635 2716 771 2783 uda,
823 2716 976 2771 idola
1007 2716 1248 2771 adorare
1277 2719 1674 2769 consueverat.
1728 2714 2023 2768 Intantum

377 2811 573 2862 autem
596 2804 1048 2862 simulacrorum
1070 2803 1227 2860 cultu
1253 2803 1480 2859 furebat
1501 2801 1696 2869 Israel,
1723 2806 1785 2857 ut
1807 2819 2025 2874 nequa-

377 2912 554 2968 quam
603 2898 911 2950 contentus
959 2893 1132 2950 idolis
1182 2894 1328 2958 suis,
1383 2893 1455 2948 ad
1502 2891 1690 2947 aliena
1729 2890 2022 2946 transiret.

379 2985 642 3057 Denique
692 2983 946 3054 Galgala,
993 2982 1205 3054 inquit,
1245 2983 1460 3053 captiva
1487 2980 1731 3045 ducetur,
1762 2984 1812 3034 et
1843 2979 2025 3035 Bethel

377 3076 485 3131 erit
514 3072 760 3141 inutilis,
793 3074 915 3128 sive
944 3071 1177 3146 penitus
1209 3088 1324 3126 non
1347 3070 1696 3134 subsistens,
1718 3085 1850 3122 cum
1874 3067 2028 3124 idola

381 3166 441 3220 in
473 3181 542 3221 ea
571 3164 852 3220 subversa
882 3161 1117 3217 fuerint.
1143 3160 1222 3215 De
1250 3159 1532 3214 Bersabee
1553 3157 1789 3213 omnino
1811 3159 2021 3226 tacuit,

2156 584 2516 640 circumcidi.
2552 585 2612 638 In
2645 583 2899 656 Galgalis
2931 584 3086 639 enim
3118 585 3362 640 secundo
3390 585 3614 658 populus
3637 587 3726 642 cir-

2155 673 2450 728 cumcisus
2481 673 2761 728 est.Unde
2795 680 2850 729 et
2879 674 3002 744 ipse
3026 673 3186 730 locus
3207 691 3407 730 nomen
3428 676 3651 746 accepit:
3677 691 3727 732 eo

2153 763 2307 834 quod
2339 761 2644 818 abstulerit
2676 762 2958 818 Dominus
2981 763 3349 834 opprobrium
3369 764 3572 836 Egypti
3592 763 3651 818 ab
3667 764 3730 822 eis

2152 851 2290 920 (Jos.
2324 854 2401 918 v).
2435 853 2499 905 Et
2546 854 2605 905 in
2636 852 2916 918 Bersabee,
2951 851 3162 922 inquit,
3212 851 3326 906 sive
3354 852 3420 906 ad
3443 861 3640 922 puteum
3658 854 3732 923 ju-

2150 942 2392 995 ramenti
2436 956 2546 995 non
2591 941 2942 996 transibitis:
2996 957 3066 996 ne
3109 939 3238 995 illos
3273 940 3475 1012 putetis
3502 941 3734 996 terminos

2147 1029 2383 1094 Judazze,
2399 1046 2546 1100 quos
2563 1028 2703 1084 olim
2727 1030 3054 1084 secundum
3083 1028 3332 1084 litteram
3354 1028 3625 1100 Scriptura
3638 1046 3734 1101 pro-

2149 1119 2388 1174 miserat
2418 1136 2451 1172 a
2484 1123 2599 1174 Dan
2635 1135 2820 1189 usque
2852 1119 3131 1173 Bersabee
3163 1134 3175 1172 :
3231 1133 3332 1172 nec
3380 1117 3567 1172 dicatis
3613 1117 3736 1173 ultra

2148 1225 2282 1261 cum
2347 1207 2674 1278 propheta:
2730 1211 2905 1262 Notus
2959 1209 3020 1261 in
3067 1207 3265 1264 Iudaea
3308 1208 3460 1274 Deus,
3508 1208 3561 1261 in
3603 1208 3736 1262 Israel

2145 1313 2409 1364 magnum
2467 1312 2662 1351 nomen
2717 1297 2832 1366 ejus
2885 1296 3054 1366 (Psal.
3106 1312 3230 1361 LXX,
3287 1296 3374 1367 l);
3432 1294 3526 1350 sed
3578 1295 3737 1350 audite

2145 1401 2279 1439 cum
2304 1384 2585 1455 apostolis
2610 1401 2620 1440 ε
2656 1386 2719 1440 In
2740 1401 2957 1440 omnem
2977 1394 3180 1440 terram
3200 1386 3368 1439 exivit
3384 1399 3538 1440 sonus
3553 1399 3730 1440 eorum:

2143 1478 2191 1528 et
2226 1476 2284 1528 in
2315 1474 2449 1543 ﬁnes
2478 1475 2624 1528 orbis
2653 1476 2818 1530 terra:
2847 1473 3005 1529 verba
3037 1489 3226 1528 eorum
3273 1473 3436 1544 (Psal.
3485 1489 3627 1542 xvui,
3660 1473 3735 1544 li);

2145 1563 2283 1632 quia
2311 1561 2568 1634 Galgala,
2594 1563 2647 1616 id
2672 1571 2782 1627 est,
2804 1563 2998 1618 carnis
3022 1561 3407 1627 circumcisio,
3428 1561 3629 1633 captiva
3650 1560 3732 1615 du-

2143 1656 2308 1706 cetur
2337 1668 2371 1705 a
2402 1667 2534 1706 vera
2566 1649 3012 1706 circumcisione
3034 1650 3227 1706 cordis
3255 1666 3266 1704 :
3300 1655 3355 1704 et
3373 1648 3570 1717 Bethel,
3593 1664 3735 1720 quam

2143 1739 2365 1811 putatis
2395 1738 2637 1794 domum
2675 1740 2791 1804 Dei,
2827 1756 2942 1794 non
2976 1738 3281 1805 subsistet,
3313 1737 3447 1806 sive,
3478 1742 3537 1792 ut
3563 1735 3733 1792 melius

2147 1828 2416 1894 arbitror,
2450 1828 2562 1882 erit
2592 1826 2841 1892 inutilis,
2873 1827 2931 1881 id
2963 1832 3070 1893 est,
3102 1845 3251 1884 aves
3273 1827 3455 1911 (11R):
3486 1831 3544 1880 ut
3564 1840 3740 1896 nequa-

2149 1932 2323 1985 quam
2382 1915 2708 1986 appelletur
2763 1916 2957 1972 domus
3015 1918 3131 1987 Dei,
3183 1917 3283 1972 sed
3325 1920 3544 1970 vocetur
3585 1913 3736 1968 domus

2148 2005 2386 2069 inutilis,
2422 2004 2539 2060 sive
2573 2005 2725 2060 idoli.
2757 2005 2937 2060 Aliter
2970 2022 2983 2060 :
3037 2006 3254 2072 Quaerit
3283 2003 3492 2073 Bethel,
3526 2002 3612 2075 qui
3635 2007 3738 2058 tan-

2145 2095 2273 2148 tum
2305 2092 2559 2148 litteram
2589 2093 2854 2164 sequitur
2875 2094 3259 2161 occidentem,
3289 2110 3391 2149 nec
3416 2109 3644 2156 sensum,
3663 2090 3737 2162 qui

2148 2187 2295 2237 Deus
2329 2185 2434 2248 est,
2469 2182 2676 2252 quazrit
2699 2181 2756 2236 in
2778 2181 2971 2237 verbis
3001 2199 3012 2237 :
3043 2187 3100 2237 et
3125 2183 3304 2237 intrat
3327 2182 3386 2236 in
3406 2179 3636 2252 Galgala,
3655 2176 3736 2248 qui

2143 2271 2214 2326 ad
2250 2271 2501 2340 majores
2534 2270 2778 2324 enititur
2809 2269 3216 2338 revelationes,
3261 2285 3623 2343 supernorum
3649 2265 3733 2322 sibi

2139 2359 2444 2415 scientiam
2481 2359 3180 2431 repromittens,transitq
3193 2377 3280 2424 ue,
3304 2358 3415 2416 sive
3435 2355 3662 2414 ascendit
3678 2353 3732 2408 ad

2138 2455 2405 2521 puteum,
2437 2449 2506 2503 de
2531 2466 2644 2519 quo
2671 2449 3037 2504 Samaritana
3059 2449 3295 2505 haurire
3315 2447 3540 2520 cupiens
3559 2459 3722 2517 aquas,

2136 2556 2262 2609 quae
2295 2538 2454 2593 sitim
2487 2538 2700 2593 satiare
2733 2555 2846 2593 noa
2878 2543 3137 2610 possent,
3195 2538 3490 2611 ignorabat
3515 2551 3646 2596 eum,
3671 2533 3724 2588 de

2135 2629 2306 2698 cujus
2339 2631 2532 2682 ventre
2583 2629 2906 2698 procedunt
2948 2627 3194 2683 ﬂumina
3226 2626 3480 2683 salientis
3506 2640 3656 2696 aequis
3677 2619 3722 2674 in

2132 2717 2310 2771 vitam
2344 2721 2617 2771 aeternam
2651 2716 2870 2786 (Joann'.
2906 2717 3004 2787 Iv).

2206 2805 2390 2878 (Vers.
2407 2805 2485 2872 6.)
2508 2805 2749 2872 Quaerite
2775 2805 3150 2871 Dominum,et
3173 2807 3335 2861 vivite
3362 2823 3374 2860 :
3397 2820 3460 2859 ne
3479 2804 3598 2875 [orte
3616 2814 3726 2856 com-

2135 2896 2364 2950 burat-ur
2392 2902 2450 2950 ut
2480 2895 2622 2963 ignis
2651 2893 2838 2948 domus
2866 2895 3059 2965 Joseph
3093 2912 3104 2948 :
3160 2903 3213 2950 et
3238 2894 3521 2957 devorabit,
3565 2894 3607 2945 et
3640 2904 3723 2943 non

2133 2985 2203 3038 sit
2234 2982 2428 3055 [Vulg
2459 2983 2585 3052 erit]
2614 2984 2713 3053 qui
2739 2984 3055 3054 exstinguat
3088 2983 3294 3038 Bethel.
3329 2981 3491 3038 LXX:
3529 2977 3722 3048 Quaerite

2134 3073 2444 3142 Dominum,
2475 3081 2525 3127 et
2548 3073 2712 3127 vivite
2738 3088 2749 3126 :
2783 3087 2852 3127 ne
2867 3075 3007 3143 forte
3033 3072 3390 3128 succendatur
3415 3076 3470 3126 ut
3509 3069 3628 3140 ignis
3649 3065 3719 3120 do-

2135 3178 2257 3215 mus
2285 3161 2478 3232 Joseph
2503 3177 2515 3215 :
2547 3165 2596 3214 et
2625 3160 2841 3216 devoret
2867 3177 3011 3228 eam,
3044 3165 3093 3216 et
3126 3177 3241 3216 non
3269 3163 3341 3216 sit
3371 3161 3462 3232 qui
3485 3158 3717 3223 extinguat

378 3253 518 3326 quia
544 3251 713 3308 victis
743 3251 940 3307 decem
970 3249 1266 3314 tribubus,
1297 3248 1438 3301 urbs
1465 3245 1699 3301 nomine
1721 3245 2023 3312 Bersabee,
2055 3227 2098 3295 (ἶ
2133 3249 2353 3304 domum
2400 3249 2586 3304 Israel,
2638 3249 2936 3312 Quomodo
2986 3265 3055 3303 ex
3104 3266 3355 3320 persona
3379 3227 3488 3303 'Doi
3514 3244 3714 3300 dicitur:

382 3358 511 3413 quae
542 3344 664 3396 erat
697 3340 758 3394 in
796 3339 954 3394 tribu
985 3337 1139 3393 Juda
1168 3335 1268 3390 illo
1299 3339 1692 3406 tempore,nec
1722 3337 1890 3404 capta
1919 3349 2024 3388 nec

375 3430 675 3486 destructa
703 3433 810 3484 est.
859 3425 1164 3498 Simulque
1213 3422 1816 3486 animadvertendum,
1866 3421 2021 3493 quod

371 3517 752 3592 Septuaginta
799 3517 1143 3587 interpretes
1190 3512 1249 3567 in
1298 3511 1567 3584 praesenti
1625 3509 1750 3566 loco
1809 3527 2021 3565 nomen

369 3609 632 3664 Bersabee
652 3604 1014 3678 interpretati
1035 3601 1456 3668 sint,dicentes,
1464 3605 1686 3666 puteum
1703 3601 1722 3666 ᾔ
1729 3601 2018 3666 uramenti,

370 3702 428 3753 et
456 3697 514 3751 in
547 3694 968 3768 posterioribus
1009 3692 1204 3764 ipsum
1239 3707 1452 3746 nomen
1484 3694 1805 3761 posuerunt
1834 3705 1847 3744 :
1883 3690 2025 3744 Vivit

371 3791 518 3842 Deus
565 3793 690 3842 tuus
737 3785 858 3838 Dan
890 3799 902 3836 :
953 3791 1002 3840 et
1033 3783 1163 3837 vivit
1189 3782 1280 3836 via
1309 3779 1598 3834 Bersabee.
1633 3777 1793 3834 Viam
1825 3782 2020 3832 autem

371 3875 654 3934 Bersabee
701 3877 1041 3946 posuerunt,
1095 3871 1251 3943 quod
1283 3871 1354 3925 de
1387 3868 1562 3924 Israel
1594 3867 1767 3940 longo
1816 3867 2022 3922 itinere

370 3966 691 4040 pergebant
718 3963 790 4019 ad
822 3961 1060 4017 ultimos
1093 3962 1374 4016 terminos
1405 3958 1593 4028 Judae,
1635 3956 1736 4028 qui
1766 3960 1931 4011 erant
1960 3955 2020 4010 in

371 4054 626 4119 Geraris,
649 4057 706 4107 et
723 4051 995 4124 [Egyptiae
1018 4049 1320 4106 solitudini
1337 4047 1760 4120 jungebantur,
1784 4050 1848 4099 ut
1868 4043 2024 4099 idola

372 4140 646 4197 colerent.
663 4141 764 4195 Est
785 4144 983 4195 autem
1000 4137 1164 4194 locus
1185 4137 1242 4191 in
1267 4153 1382 4208 quo
1404 4133 2016 4190 habitavitAbraham:

373 4236 430 4286 et
457 4245 528 4287 ex
555 4245 622 4284 eo
653 4229 809 4301 quod
831 4245 964 4284 cum
988 4225 1347 4295 Abimelech,
1372 4225 1524 4280 datis
1547 4228 1767 4296 septem
1795 4223 2022 4292 ovibus,

371 4324 436 4380 in
465 4321 652 4379 foedus
673 4323 947 4376 mutuum
970 4319 1335 4390 juraverunt,
1365 4313 1690 4387 appellatus
1712 4315 1800 4368 est
1824 4321 2024 4384 puteus

363 4411 694 4486 juramenti,
748 4409 869 4465 sive
912 4410 1108 4479 puteus
1149 4406 1388 4475 septimi,
1446 4407 1680 4474 propter
1710 4417 2020 4456 numerum

372 4507 596 4576 septem
618 4500 812 4556 ovium
833 4496 1041 4566 (Cenes.
1065 4494 1231 4565 xxv):
1256 4511 1395 4550 sses
1419 4494 1594 4565 (mw)
1621 4491 1774 4546 enim
1799 4495 2022 4545 utrum-

2131 3340 2382 3408 Quat’rite
2401 3355 2504 3405 me,
2529 3340 2578 3392 et
2603 3339 2809 3405 vivetis,
2831 3337 2910 3392 ita
2931 3337 3218 3410 propheta
3237 3339 3306 3395 de
3330 3335 3553 3393 Domino
3570 3329 3716 3401 loqui-

2132 3433 2248 3492 tur,
2282 3432 2346 3481 ut
2376 3430 2638 3498 quaerant
2667 3443 2822 3496 eum,
2870 3431 2928 3481 et
2971 3426 3187 3482 vivant.
3227 3430 3288 3482 In
3321 3444 3384 3482 eo
3414 3424 3554 3481 enim
3593 3415 3712 3492 quod

2132 3521 2403 3588 quierunt
2425 3514 2760 3580 Dominum,
2775 3515 2961 3570 vivere
2984 3515 3310 3588 incipiunt:
3336 3515 3424 3569 sin
3443 3515 3607 3568 autem
3625 3520 3710 3561 non

2132 3604 2467 3675 quaesierint
2487 3620 2642 3670 eum,
2668 3607 2724 3658 et
2751 3603 2965 3658 idcirco
2988 3619 3101 3659 non
3124 3604 3394 3669 vixerint,
3425 3600 3591 3658 statim
3606 3609 3708 3650 suc-

2131 3693 2412 3748 cendetur
2441 3697 2505 3746 ut
2535 3692 2688 3763 ignis
2720 3693 2930 3747 domus
2959 3691 3202 3763 Joseph,
3236 3709 3408 3764 quam
3430 3681 3700 3762 pmpterJo-

2132 3783 2392 3848 roboam,
2443 3781 2544 3852 qui
2575 3781 2646 3836 de
2676 3781 2831 3837 tribu
2864 3780 3141 3852 Ephraim
3173 3787 3232 3837 et
3261 3783 3332 3837 de
3361 3781 3512 3836 domo
3534 3766 3702 3840 Ioseph

2132 3872 2263 3939 fuit,
2313 3872 2509 3926 decem
2563 3869 2753 3925 tribus
2787 3871 3002 3925 sentire
3033 3870 3340 3936 debemus,
3373 3885 3488 3941 qus:
3511 3857 3708 3935 appella-

2131 3961 2344 4016 bantur
2397 3958 2592 4025 Israel,
2641 3963 2698 4014 et
2745 3976 2813 4014 ex
2859 3959 3080 4029 majore
3131 3959 3332 4032 populi
3378 3960 3525 4030 parte
3548 3961 3711 4006 nomen

2133 4049 2445 4120 pristinum
2468 4047 2867 4119 possidebant.
2892 4047 3027 4102 Duae
3051 4053 3248 4103 autem
3275 4047 3457 4103 tribus
3472 4058 3580 4114 quae
3597 4049 3712 4106 rege-

2133 4140 2344 4193 bantur
2371 4154 2405 4192 a
2433 4137 2615 4208 stirpe
2645 4136 2848 4207 David,
2882 4137 2980 4208 qui
3012 4137 3082 4192 de
3114 4137 3272 4192 tribu
3293 4135 3440 4191 Juda
3460 4130 3586 4188 281
3615 4122 3715 4188 fuit.

2130 4231 2343 4282 vocata:
2366 4229 2506 4281 sunt
2525 4225 2556 4280 J
2567 4225 2730 4292 udas,
2747 4229 2804 4280 et
2825 4225 3204 4296 possidebant
3223 4217 3609 4288 Jerusalem,in
3630 4224 3716 4283 qut

2131 4321 2256 4372 erat
2284 4314 2568 4387 templum
2602 4314 2720 4370 Dei.
2758 4313 3021 4386 Cumque
3052 4330 3337 4369 succensa
3366 4308 3527 4367 fuerit
3551 4306 3716 4361 domus

2128 4404 2366 4476 Joseph,
2402 4404 2700 4459 devorabit
2730 4407 2904 4474 atque
2936 4408 3243 4458 consumet
3272 4399 3482 4466 Bethel,
3529 4396 3597 4482 de,
3631 4402 3717 4482 qut

2131 4493 2402 4566 superius
2432 4492 2548 4547 dixi
2576 4509 2588 4547 :
2622 4493 2797 4548 Nolite
2825 4507 3068 4564 quaerere
3096 4491 3301 4556 Bethel,
3333 4494 3513 4547 etnon
3533 4481 3715 4548 eritqui

373 4570 486 4664 quo
510 4588 822 4664 signiﬁcat.
856 4584 1120 4657 Praecipit
1141 4588 1334 4638 autem
1362 4582 1684 4637 secundum
1707 4579 1864 4651 leges
1885 4577 2021 4634 alle-
2051 4599 2096 4663 D
2129 4583 2448 4654 extinguat,
2496 4597 2630 4636 cum
2677 4598 2710 4636 a
2751 4581 2986 4652 regibus
3016 4580 3141 4637 suis
3175 4579 3348 4636 tuerit
3380 4579 3610 4632 incensa.
3635 4570 3716 4660 Pro

369 4681 544 4756 gerite
574 4677 777 4735 domui
812 4675 1010 4741 Israel,
1038 4673 1093 4728 id
1121 4676 1230 4738 est,
1254 4671 1346 4726 his
1369 4670 1466 4742 qui
1493 4667 1602 4724 sibi
1629 4668 1895 4722 notitiam
1919 4666 2019 4756 Dei
2129 4672 2315 4727 Bethet
2346 4672 2403 4726 in
2437 4669 2576 4725 LXX
2609 4669 2821 4742 legitur
2847 4670 3035 4724 domus
3073 4669 3265 4736 Israel,
3318 4678 3543 4723 sensum
3570 4665 3716 4725 maglﬂ

370 4755 742 4843 pollicentur,
791 4772 854 4821 ut
907 4781 1021 4819 non
1071 4766 1336 4834 quaerant
1382 4757 1600 4825 Bethel,
1659 4760 1716 4813 et
1766 4773 1876 4811 non
1929 4755 2015 4810 in-

367 4863 596 4916 troeant
617 4858 674 4912 in
697 4853 1018 4928 Galgalam,
1043 4857 1099 4908 et
1119 4869 1233 4907 non
1255 4855 1576 4916 transeant,
1595 4847 1679 4902 vel
1703 4846 2021 4902 ascendant

371 4950 444 5005 ad
465 4941 1044 5020 puteumjuramenti
1070 4959 1082 5008 ;
1116 4941 1216 4996 sed
1243 4938 1430 5010 magis
1454 4940 1717 5009 quaerant
1740 4940 1940 5002 Deum,
1964 4938 2021 4989 et

369 5037 564 5093 vivant
577 5038 635 5090 in
649 5037 1013 5100 eo.Quzerunt
1026 5026 1589 5097 autemBethel,quod
1604 5025 2021 5096 interpretatur

368 5129 560 5186 domus
581 5127 696 5196 Dei,
720 5123 821 5196 qui
842 5123 1046 5177 dicunt
1076 5137 1088 5176 :
1123 5117 1433 5190 Templum
1455 5114 1705 5179 Domini,
1730 5112 2018 5184 templum

370 5216 642 5274 Domini:
676 5219 734 5270 et
761 5211 1064 5268 confidunt
1092 5210 1148 5264 in
1190 5207 1469 5276 aediliciis,
1521 5205 1591 5259 de
1634 5204 1851 5275 quibus
1900 5202 2018 5258 Do-

371 5305 570 5361 minus
592 5303 663 5359 ad
686 5300 1005 5372 discipulos
1027 5298 1374 5370 loquebatur
1399 5312 1410 5349 :
1448 5295 1663 5350 Venient
1696 5293 1849 5348 286
1879 5291 2015 5358 dies,

368 5397 432 5450 in
461 5394 657 5464 quibus
686 5408 797 5448 non
824 5391 1168 5460 relinguetur
1186 5388 1327 5458 lapis
1350 5400 1510 5456 super
1531 5381 1769 5454 lapidem
1793 5383 1888 5452 qui
1908 5397 2017 5437 non

368 5482 686 5539 destruatur
736 5482 886 5552 (Luc.
938 5495 1053 5547 xxx,
1107 5479 1183 5547 6).
1242 5477 1309 5532 Et
1350 5472 1759 5548 ingrediuntur
1790 5471 1848 5526 in
1882 5469 2017 5528 Gal-

439 5693 666 5772 (a)Tres
693 5709 840 5758 mss.
871 5695 1066 5755 Domui
1093 5694 1280 5770 Israel,
1312 5693 1375 5752 id
1401 5695 1499 5768 est,
1531 5691 1713 5754 decem
1735 5689 2007 5758 tribubus.

2129 4777 2306 4832 quam
2338 4760 2580 4815 verbum
2604 4758 3144 4829 interpretantibus,
3172 4763 3254 4825 ut,
3279 4752 3715 4812 succedenterege

2125 4850 2455 4916 Jeroboam,
2490 4852 2546 4902 et
2577 4846 2801 4902 cunctis
2833 4846 3106 4917 deinceps
3129 4847 3363 4918 regibus
3393 4839 3487 4914 qui
3505 4837 3550 4894 ei
3575 4835 3713 4918 impe-

2129 4938 2212 4992 rio
2245 4939 2674 5000 successerunt,
2704 4935 2947 4990 ardeant
2973 4915 3172 4990 decem
3197 4915 3406 5001 tribus,
3433 4943 3547 5000 quae
3565 4915 3712 4993 appel-

2127 5025 2323 5082 lantur
2370 5023 2563 5079 Israel.
2619 5024 2730 5078 Iste
2773 5028 2861 5077 est
2902 5021 3053 5094 ignis
3085 5022 3183 5094 qui
3216 5017 3585 5076 succenditur,
3621 5005 3708 5062 si"!

2129 5115 2458 5186 resplendet
2486 5116 2542 5167 et
2569 5112 2897 5167 inﬂammat
2929 5112 3165 5166 domum
3197 5107 3431 5181 Joseph,
3461 5109 3519 5160 ut
3543 5107 3706 5186 consu-

2128 5181 2323 5259 matur
2354 5200 2570 5266 Bethel,
2606 5202 2676 5256 de
2706 5217 2820 5271 quo
2854 5200 2990 5255 alibi
3025 5200 3275 5256 dicitur:
3308 5188 3632 5276 Ambulatein

2125 5295 2273 5348 mine
2294 5292 2438 5362 ignis
2461 5291 2645 5360 vestri,
2666 5293 2718 5344 et
2735 5291 2792 5343 in
2811 5291 3038 5359 ﬂamma
3060 5305 3223 5360 quam
3248 5273 3700 5362 succendistis(l:_di-

2128 5401 2176 5447 L,
2226 5358 2333 5451 ll):
2383 5380 2452 5433 Et
2480 5378 2614 5448 quia
2632 5358 2844 5432 crebro
2876 5358 3116 5432 domum
3147 5373 3357 5446 Joseph
3387 5369 3613 5443 (propter
3631 5358 3699 5454 If:

2126 5445 2387 5542 roboam,
2418 5445 2519 5544 qui
2547 5483 2581 5522 a
2611 5466 2791 5545 stirpe
2822 5466 2998 5523 David
3031 5464 3306 5547 populum
3328 5461 3423 5524 Dei
3449 5445 3693 5532 sapam“:
