3986 6190
215 327 380 397 me

1027 329 1775 401 COMMENTARIORUM
1815 332 1898 398 IN
1941 329 2156 398 AMOS
2198 332 2351 397 LIB.
2395 333 2472 398 ll.
2519 334 2689 400 CAP.
2736 334 2814 401 ν.

3461 338 3619 406 10150

214 464 350 524 ritis
379 464 624 531 malum,
655 464 865 524 deinde
892 467 1135 541 diligitis
1165 469 1403 526 bonum.
1449 469 1583 526 Odit
1613 469 1857 538 malum,
1889 471 1944 538 Α
1973 467 2278 540 fient,quia
2292 469 2675 541 pertransibo,
2699 469 2912 544 inquit,
2934 470 2994 528 in
3012 472 3205 531 medio
3226 474 3332 532 tui.
3355 473 3615 535 Verbum

217 555 322 628 qui
354 571 470 611 non
501 555 694 611 solum
725 556 1018 629 voluptate
1083 575 1199 614 non
1266 559 1540 629 vincitur,
1611 560 1710 616 sed
1745 559 1868 615 odit

215 660 399 718 opera
425 643 776 718 voluptatis:
809 652 865 702 et
893 647 1086 719 diligit
1113 648 1463 719 bonum,qui
1487 664 1600 704 non
1629 649 1864 716 invitus,

217 739 326 790 aut
359 734 698 790 necessitate
727 739 830 790 aut
860 741 1018 792 metu
1047 736 1243 808 legum
1276 737 1416 792 facit
1446 739 1598 809 qued
1648 739 1866 794 bonum

217 827 345 890 est;
369 824 471 879 sed
502 823 718 880 idcirco
741 824 880 896 quia
901 825 1120 881 bonum
1144 830 1252 896 est,
1277 831 1342 882 ut
1371 827 1698 882 mercedem
1732 828 1867 883 boni

217 912 416 985 operis
445 913 658 968 habeat
685 914 1101 971 conscientiam
1133 931 1301 970 suam
1363 916 1468 986 [Αἱ.
1515 916 1872 972 conscientia

216 1002 375 1072 sua],
407 1006 466 1057 et
493 1000 867 1058 dilectionem
902 1020 1079 1075 quam
1122 1019 1259 1075 erga
1317 1004 1536 1059 bonum
1587 1005 1866 1076 possidet.

217 1090 387 1147 Unde
406 1095 463 1146 et
483 1090 821 1162 apostolus:
849 1093 1113 1158 Hilarem,
1149 1092 1357 1164 inquit,
1388 1093 1630 1149 datorem
1679 1094 1873 1166 diligit

212 1182 361 1236 Deus
381 1180 459 1251 (II
479 1181 608 1237 Cor.
640 1181 866 1251 Ix).Non
891 1181 1045 1236 enim
1069 1182 1260 1243 omnis
1281 1181 1648 1255 eleemosyna
1689 1182 1875 1253 placet

215 1269 480 1336 Deo,nisi
501 1285 628 1340 quea
649 1287 783 1326 cum
807 1270 1100 1326 hilaritate
1128 1271 1712 1343 profertur.Cumque
1742 1273 1874 1327 ode-

215 1357 351 1413 ritis
381 1357 628 1422 malum,
655 1362 712 1413 et
742 1357 1060 1414 dilexeritis
1126 1361 1368 1425 bonum,
1437 1361 1773 1416 constituite
1812 1361 1871 1416 in

215 1447 409 1520 portis
431 1445 746 1517 judicium,
781 1448 852 1503 de
883 1464 998 1519 quo
1029 1465 1209 1520 supra
1244 1449 1466 1505 dictum
1499 1454 1608 1514 est,
1644 1453 1728 1515 ut,
1762 1450 1870 1504 ini-

213 1535 447 1608 quitate
475 1535 738 1608 expulsa,
766 1536 977 1592 veritas
1007 1538 1220 1593 redeat.
1255 1539 1324 1592 Et
1353 1540 1401 1593 si
1461 1538 1710 1594 feceritis
1742 1539 1869 1609 hoc,

215 1624 470 1680 forsitan
491 1625 870 1681 miserebitur
899 1625 1180 1682 Dominus
1203 1627 1357 1682 Deus
1383 1627 1753 1699 omnipotens
1785 1645 1872 1684 rc-

215 1713 414 1770 siduis
443 1713 658 1784 Joseph
691 1714 767 1785 (a)
798 1715 870 1769 de
900 1714 1055 1769 tribu
1085 1715 1358 1787 Ephraim
1381 1719 1437 1770 et
1462 1716 1532 1771 de
1553 1717 1753 1771 decem
1775 1716 1874 1771 tri-

217 1802 440 1869 bubus,
471 1805 530 1857 et
559 1803 955 1873 captivitatem
988 1804 1228 1858 evadere
1250 1809 1543 1876 poterunt.
1577 1805 1711 1868 Quae
1742 1822 1868 1860 om-

217 1889 324 1946 nia
342 1895 595 1962 possunt
622 1895 678 1947 et
700 1891 984 1948 haereticis
1006 1892 1284 1964 coaptari,
1321 1897 1386 1948 ut
1409 1893 1634 1949 deserto
1656 1909 1873 1966 errore,

215 1995 404 2050 quem
435 1979 748 2048 ﬂuxerunt,
783 1981 1024 2036 redeant
1052 1981 1124 2036 ad
1157 1980 1496 2047 Ecclesiam,
1551 1986 1607 2037 et
1649 1984 1878 2038 oderint

214 2068 420 2142 priora
447 2068 744 2142 dogmata,
776 2068 1139 2142 diligantque
1160 2071 1219 2125 in
1243 2070 1502 2126 Ecclesia
1531 2071 1766 2127 Domini
1785 2089 1877 2128 ve-

215 2157 480 2226 ritatem,
513 2162 572 2214 et
593 2158 887 2228 judicium
919 2175 1120 2214 verum
1153 2163 1459 2216 exerceant
1488 2160 1548 2215 in
1582 2162 1770 2232 portis
1797 2162 1876 2217 vi-

215 2247 440 2302 tiorum
471 2250 529 2302 et
555 2246 864 2315 virtutum,
896 2247 1291 2319 relinquentes
1324 2248 1475 2316 illas,
1534 2253 1590 2305 et
1647 2250 1719 2305 ad
1769 2250 1877 2307 has

215 2340 621 2402 transeuntes,
645 2341 702 2392 et
731 2340 966 2408 sperent
997 2336 1460 2393 misericordiam
1493 2337 1593 2410 qui
1650 2355 1719 2394 ex
1749 2339 1875 2395 fau-

218 2424 399 2481 cibus
423 2424 639 2480 diaboli
669 2425 910 2480 evadere
941 2424 1254 2497 quiverint.
1285 2426 1464 2481 Juxta
1513 2427 1648 2482 LXX
1680 2432 1876 2484 autem

219 2514 435 2570 ordine
463 2517 845 2581 commutato,
877 2514 961 2570 sic
992 2514 1336 2570 manfestior
1364 2515 1532 2572 lectio
1575 2517 1877 2588 presentis

217 2602 472 2675 capituli
503 2603 667 2658 reddi
702 2607 929 2674 potest:
965 2604 1266 2669 Quomodo
1295 2604 1548 2671 dixistis,
1607 2606 1738 2662 odio
1771 2607 1877 2662 ha-

214 2692 469 2748 buimus
498 2691 675 2760 mala,
709 2697 764 2748 et
795 2692 1108 2748 dileximns
1140 2693 1312 2761 bona,
1346 2694 1430 2750 sic
1486 2695 1727 2766 quaerite
1775 2697 1877 2752 bo-

213 2797 372 2836 num
404 2784 461 2836 et
491 2798 604 2836 non
648 2773 893 2847 malum,
926 2786 990 2836 ut
1017 2781 1247 2847 vivatis,
1297 2786 1353 2838 et
1411 2783 1564 2840 sicut
1593 2785 1877 2842 Dominus

215 2870 386 2927 Deus
416 2870 788 2941 omnipotens
819 2869 1141 2937 vobiscum,
1175 2875 1232 2925 et
1260 2871 1484 2927 reddite
1512 2872 1572 2927 in
1595 2874 1777 2944 portis
1785 2876 1879 2945 ju-

214 2959 452 3026 dicum,
487 2963 546 3013 ut
579 2959 928 3015 misereatur
984 2959 1269 3015 Dominus
1321 2965 1474 3016 Deus
1506 2962 1879 3035 omnipotens

215 3047 495 3120 reliquiis
523 3048 764 3120 Joseph.

1974 557 2348 624 Hebraicum,
2377 562 2739 630 pertransibo,
2773 577 2888 633 quo
2919 579 3120 618 eorum
3161 564 3362 637 lingua
3402 567 3616 624 dicitur

1975 663 2162 702 ssnon
2192 648 2412 720 (1.1m),
2447 650 2674 720 quoties
2706 649 2766 706 in
2798 652 3118 724 Scripturis
3149 655 3366 711 sanctis
3387 672 3456 712 ex
3486 674 3613 729 per-

1979 751 2122 791 sona
2143 737 2237 791 Dei
2263 738 2627 810 ponitur,pro
2652 757 2823 811 paena
2851 741 3276 813 accipiendum,
3301 750 3366 800 ut
3394 762 3621 818 nequa-

1978 841 2156 896 quam
2215 827 2368 896 apud
2401 843 2499 882 eos
2533 833 2810 890 maneat;
2835 831 2934 885 sed
2962 835 3326 903 pertranseat
3346 851 3411 890 ac
3442 835 3618 892 relin-

1979 917 2139 983 quat.
2177 913 2340 970 Unde
2370 915 2500 970 etin
2527 915 2658 970 aliis
2681 916 2824 972 locis
2845 921 3168 976 secundum
3191 921 3615 995 interpretatio-

1982 1016 2116 1056 nem
2147 1002 2390 1072 Aquilze,
2424 1005 2950 1074 quandoirascitur
2978 1009 3148 1075 Deus,
3173 1011 3423 1067 furorem
3444 1031 3618 1070 suum

1981 1089 2195 1144 etiram
2218 1090 2594 1163 ἀνυπεροεσίαν
2622 1095 2696 1164 (b)
2714 1099 3032 1167 vocat,quae
3047 1098 3244 1154 omnia
3267 1101 3464 1158 referri
3488 1119 3618 1173 pos-

1981 1180 2207 1234 suntad
2234 1179 2627 1246 haereticos,ut
2647 1182 2787 1253 quia
2807 1183 2906 1238 illa
2936 1189 2992 1240 et
3012 1184 3111 1241 illa
3133 1189 3435 1259 qumjusta
3463 1197 3620 1261 sunt,

1982 1268 2170 1323 facere
2195 1269 2530 1338 noluerunt,
2566 1271 2641 1325 sit
2662 1271 2721 1326 in
2743 1272 3017 1329 omnibus
3040 1274 3248 1346 plateis
3278 1293 3481 1334 eorum
3505 1280 3624 1336 luc-

1985 1358 2254 1413 tus.Lata
2275 1360 2429 1414 enim
2453 1364 2510 1416 et
2531 1362 2790 1430 spatiosa
2819 1362 2911 1417 via
2933 1379 3060 1435 quae
3083 1366 3244 1422 ducit
3274 1369 3346 1424 ad
3381 1374 3627 1427 mortem

1983 1447 2199 1516 (Matth.
2231 1451 2373 1515 vn):
2406 1449 2740 1524 singulique
2772 1451 3172 1509 hareticorum
3233 1460 3291 1511 et
3319 1457 3627 1529 gentilium

1980 1533 2040 1588 in
2064 1535 2283 1591 sabulis
2300 1538 2424 1593 suis
2437 1544 2609 1612 atque
2627 1541 2920 1612 ﬁgmentis
2931 1541 3146 1598 habent
3159 1543 3626 1618 plateas,quibus

1981 1629 2406 1695 consequenter
2437 1627 2720 1684 infertur:
2747 1630 2815 1683 Et
2845 1631 2904 1684 in
2933 1634 3146 1686 cunctis
3171 1649 3296 1704 quae
3321 1637 3460 1706 foris
3494 1641 3624 1693 sunt

1981 1711 2209 1779 dtcetur,
2229 1729 2334 1783 vae,
2359 1716 2572 1780 vze.Qui
2595 1717 2751 1772 enim
2774 1718 2834 1772 in
2857 1718 3114 1776 Ecclesia
3139 1721 3496 1790 fuerint,non
3519 1743 3622 1782 au-

1984 1800 2146 1856 dient
2165 1819 2264 1870 vae,
2291 1804 2444 1874 quod
2471 1821 2773 1876 pmnarum
2805 1806 3078 1863 ultimum
3111 1815 3201 1866 est
3228 1829 3240 1879 ;
3274 1813 3374 1868 sed
3399 1813 3450 1869 si
3481 1814 3626 1872 forte

1984 1891 2368 1960 peccaverint,
2404 1898 2671 1949 sumetur
2700 1911 2876 1966 super
2889 1913 2987 1952 eos
3009 1897 3354 1956 lamentum.
3381 1902 3512 1960 ideo
3531 1921 3629 1960 au-

1982 1983 2100 2035 tem
2135 1979 2276 2058 foris
2301 1981 2420 2037 sive
2439 1981 2497 2036 in
2523 1983 2800 2039 omnibus
2823 1984 2930 2040 viis
2952 1986 3198 2054 dicetur,
3229 2004 3418 2055 navie
3442 2007 3454 2045 :
3491 1993 3631 2064 quia

1983 2084 2100 2123 non
2133 2068 2351 2125 habent
2379 2087 2556 2126 unam
2587 2071 2739 2127 viam
2773 2090 2898 2145 quae
2933 2075 3095 2131 ducit
3116 2078 3186 2132 ad
3204 2078 3406 2146 vitam,
3425 2083 3482 2136 et
3502 2095 3626 2152 quas

1982 2156 2076 2212 via
2104 2158 2264 2230 regia
2286 2163 2393 2226 est,
2426 2161 2526 2228 sed
2555 2177 2762 2232 pravas
2794 2167 2967 2234 atque
2993 2180 3313 2236 perversas,
3347 2172 3405 2224 et
3454 2170 3628 2226 decli-

1986 2250 2193 2302 nantes
2215 2247 2286 2302 ad
2307 2248 2601 2304 dexteram
2625 2266 2691 2304 ac
2719 2250 3192 2316 sinistram,dum
3211 2257 3360 2314 295
3388 2275 3502 2313 non
3525 2276 3628 2315 au—

1985 2334 2158 2389 diunt
2181 2335 2490 2390 Dominum
2511 2337 2798 2393 dicentem
2823 2355 2836 2394 :
2867 2341 2945 2395 Ne
2957 2343 3032 2396 sis
3051 2344 3234 2412 justus
3254 2346 3508 2401 multum.
3531 2348 3627 2403 Et:

1987 2429 2263 2480 Perverste
2292 2432 2422 2480 sunt
2445 2428 2568 2493 vise,
2603 2442 2728 2498 quae
2755 2445 2786 2482 a
2817 2430 3058 2485 sinistris
3087 2436 3232 2486 sunt.
3286 2433 3627 2492 Incurrunt-

1987 2529 2101 2584 que
2126 2513 2185 2568 in
2217 2513 2430 2585 duplex
2460 2532 2562 2581 vas,
2595 2517 2789 2572 carnis
2829 2521 2887 2572 et
2916 2518 3180 2590 spiritus,
3205 2523 3506 2592 praesentis
3529 2541 3630 2580 sae-

1987 2601 2102 2656 culi
2135 2606 2309 2674 atque
2340 2602 2544 2658 futuri.
2578 2604 2722 2659 Cum
2758 2607 3082 2664 econtrario
3113 2608 3486 2667 ecclesiastici
3527 2629 3629 2668 au-

1989 2691 2188 2747 diant:
2224 2692 2476 2759 Gaudete,
2510 2694 2708 2748 iterum
2731 2695 2869 2765 dico,
2897 2697 3127 2764 gaudete
3184 2699 3412 2771 (Philip.
3447 2718 3520 2772 Iv,
3554 2702 3627 2773 4).

1987 2778 2100 2835 Sed
2123 2784 2181 2836 et
2201 2780 2455 2852 agricola
2475 2787 2714 2838 vocatur
2736 2784 2807 2838 ad
2825 2783 3047 2840 luctum
3072 2786 3310 2854 (habent
3338 2790 3493 2845 enim
3524 2790 3637 2845 ha:-

1988 2869 2151 2924 retici
2169 2869 2456 2942 agricolas
2479 2873 2703 2935 suos,in
2727 2889 2975 2944 quorum
2990 2875 3141 2930 arvis
3162 2877 3363 2932 tribuli
3378 2895 3630 2935 nascun-

1987 2961 2085 3013 tur
2112 2962 2170 3014 et
2200 2957 2425 3029 spinas),
2458 2963 2514 3014 et
2545 2961 2614 3014 ad
2649 2959 2947 3031 planctum
2975 2967 3254 3020 vocantur
3282 2965 3381 3037 qui
3415 2971 3633 3024 norunt

1987 3045 2283 3118 plangere,
2315 3047 2404 3102 vel
2430 3064 2558 3118 sua,
2581 3048 2668 3103 vel
2691 3048 2882 3105 aliena
2901 3055 3176 3122 peccata;
3207 3070 3542 3126 quanquam
3575 3059 3632 3112 et

294 3136 484 3206 (Vers.
522 3137 608 3207 l6,
641 3137 754 3208 17.)
785 3138 1081 3208 Propterea
1111 3136 1226 3193 haec
1253 3137 1388 3193 dicit
1415 3139 1680 3196 Dominus
1737 3143 1879 3198 Deus
1920 3208 1951 3214 _
1990 3136 2109 3190 hzec
2133 3136 2187 3190 in
2223 3136 2437 3190 bonam
2471 3140 2694 3208 partem
2729 3139 3028 3209 possimus
3059 3141 3412 3214 accipere,ut
3441 3143 3530 3198 vir
3547 3161 3632 3200 ec-

217 3227 584 3283 eaercituum
612 3225 959 3282 dominator:
991 3227 1053 3281 In
1081 3227 1332 3282 omnibus
1357 3228 1559 3299 plateis
1601 3229 1875 3301 planctus,
1911 3208 1952 3275 C
1991 3224 2355 3280 clesiasticus
2387 3230 2444 3280 et
2474 3231 2680 3297 potens
2728 3208 2802 3282 ad
2833 3208 3238 3298 paenitentiam
3300 3249 3629 3304 provocare,

212 3323 275 3372 et
305 3317 367 3370 in
396 3317 609 3372 cunctis
637 3329 756 3386 quae
783 3317 928 3386 foris
955 3324 1079 3371 sunt
1101 3316 1314 3371 dicetur
1339 3331 1443 3385 vae,
1476 3333 1579 3374 vae.
1617 3322 1680 3375 Et
1726 3337 1878 3376 voca-

214 3405 363 3461 bunt
383 3404 692 3476 agricolam
715 3403 784 3458 ad
804 3405 1088 3471 luctum,et
1109 3404 1178 3459 ad
1197 3406 1478 3476 planctum
1498 3423 1584 3461 eos
1594 3410 1692 3479 qui
1699 3409 1879 3464 sciunt

211 3495 507 3566 plangere.
530 3495 607 3549 Et
625 3495 683 3548 in
701 3494 951 3549 omnibus
969 3495 1148 3549 vineis
1171 3496 1276 3549 erit
1295 3496 1547 3567 planctus
1572 3499 1730 3567 :quia
1746 3514 1877 3569 per-

209 3583 467 3639 ἐνατιείὺο
490 3584 550 3638 in
572 3583 752 3638 medio
774 3584 875 3649 tui,
902 3583 1036 3664 dicit
1063 3585 1346 3638 Dominus.
1400 3583 1541 3639 LXX
1565 3602 1584 3639 :
1613 3587 1734 3640 Ideo
1763 3587 1880 3643 haec

212 3671 362 3728 dicit
392 3673 658 3727 Dominus
689 3672 828 3727 Deus
883 3673 1249 3744 omnipotens:
1310 3674 1371 3728 In
1431 3675 1636 3728 cunctis
1683 3674 1878 3744 plateis

206 3761 520 3833 planctus:
551 3763 602 3816 et
635 3763 694 3816 in
724 3761 981 3816 omnibus
1003 3763 1107 3817 viis
1124 3761 1338 3818 dicetur
1359 3777 1570 3829 vae,vae.
1596 3763 1882 3819 Vocabitur

215 3850 472 3920 agricola
491 3849 558 3905 ad
578 3851 807 3919 luctum,
839 3854 891 3906 et
922 3851 992 3906 ad
1013 3851 1300 3922 planctum
1330 3850 1390 3905 hi
1417 3853 1515 3922 qui
1569 3853 1749 3908 sciunt
1790 3854 1874 3908 la-

210 3940 633 4008 mentationem,
668 3939 820 3996 298
854 3941 986 3996 etin
1015 3939 1266 3996 omnibus
1294 3941 1400 3995 viis
1420 3941 1714 4011 plan-ctus:
1747 3944 1878 4013 quia

209 4027 572 4100 ρετιναωὶὸο
625 4044 728 4100 per
753 4028 997 4084 medium
1024 4031 1111 4084 tui
1137 4028 1270 4084 dicit
1297 4030 1578 4084 Dominus.
1630 4030 1878 4102 Prmcepi

217 4120 296 4173 ut
333 4116 675 4188 quaereretis
708 4118 953 4186 bonum,
985 4121 1039 4172 et
1074 4134 1189 4173 non
1221 4117 1466 4187 malum,
1501 4122 1566 4173 ut
1591 4118 1878 4191 viveretis,

215 4208 498 4276 essetque
528 4205 816 4261 Dominus
846 4205 1170 4262 vobiscum.
1205 4207 1275 4261 Et
1306 4207 1517 4263 iterum
1575 4208 1745 4264 intuli
1782 4211 1878 4280 (ne

215 4293 410 4351 semel
435 4297 666 4350 tantum
693 4311 795 4351 vos
825 4295 1080 4352 monitos
1111 4295 1401 4369 diceretis)
1431 4313 1443 4352 :
1491 4297 1634 4353 0dio
1668 4297 1876 4354 habete

215 4381 475 4454 malum,
507 4386 566 4438 et
605 4381 834 4455 diligite
864 4383 1086 4440 bonum
1118 4389 1176 4440 et
1198 4385 1793 4457 restituitejudicium
1818 4387 1876 4442 in

216 4471 433 4544 portis,
466 4471 566 4542 qui
597 4471 730 4527 odio
762 4472 1052 4530 habuistis
1081 4474 1140 4528 in
1172 4478 1338 4544 porta
1362 4474 1792 4546 corripientem,
1813 4481 1878 4531 ut

219 4559 578 4617 misereatur
601 4561 880 4618 Dominus
899 4561 1163 4634 reliquiis
1180 4562 1397 4634 Joseph
1424 4581 1437 4618 :
1461 4567 1517 4618 et
1533 4563 1672 4634 quia
1692 4564 1877 4620 facere
1908 4577 1956 4641 Ι)

219 4649 662 4720 noluistis,mea
677 4654 967 4723 praecepta
995 4651 1369 4719 calcantes,et
1400 4652 1656 4708 vertistis
1679 4654 1749 4707 ad
1784 4670 1878 4709 me

216 4737 532 4810 scapulam
555 4739 921 4795 recedentem
948 4739 1096 4795 :ideo
1110 4739 1232 4794 haec
1253 4739 1396 4795 dicit
1416 4739 1704 4796 Dominus
1725 4740 1878 4798 Deus

216 4827 621 4899 omnipotens,
655 4827 758 4899 qui
788 4831 878 4884 est
905 4827 1266 4884 exercituum
1298 4828 1585 4884 Dominus
1613 4845 1624 4884 :
1659 4829 1878 4902 ubique

218 4914 520 4988 planctus,
552 4916 772 4988 ubique
787 4917 1081 4974 mmstitia.
1113 4917 1392 4989 Agricolas
1423 4918 1787 4974 vocabuntur
1805 4919 1876 4974 ad

219 5003 476 5072 luctum,
508 5010 565 5061 et
597 5005 695 5077 qui
729 5006 926 5062 sciunt
955 5023 1118 5062 more
1140 5007 1449 5079 provinciae
1471 5007 1782 5079 praecinere
1804 5009 1876 5065 ad

220 5093 608 5150 concitandas
638 5094 927 5168 lacrymas
951 5095 1407 5164 vocabuntur,ut
1429 5111 1800 5168 nequaquam
1817 5098 1875 5152 in

221 5181 506 5238 omnibus
536 5183 766 5254 plateis,
800 5184 952 5240 sicut
983 5201 1162 5256 supra
1191 5185 1412 5240 dictum
1443 5190 1551 5252 est,
1587 5186 1685 5241 sed
1721 5186 1778 5242 in
1800 5185 1879 5241 vi-

221 5271 357 5328 neis
383 5270 460 5326 sit
477 5271 747 5343 planctus
771 5279 945 5346 atque
966 5273 1160 5328 luctus
1182 5273 1303 5341 ;ubi
1322 5273 1618 5344 quondam
1634 5273 1876 5330 t’uitma-

220 5360 377 5417 teris.
401 5358 631 5428 laetitia,
663 5363 743 5418 sit
772 5363 935 5435 origo
967 5362 1379 5435 lacrymarum.
1413 5363 1482 5417 Et
1512 5361 1632 5418 haec
1678 5363 1880 5418 omnia

184 5523 188 5525 ‘
297 5520 972 5598 (_a)_Cist_erciens.juncto
995 5522 1174 5579 altero
1202 5522 1611 5598 Palatin._ms.:
1662 5525 1876 5598 Joseph,

219 5593 732 5668 qui_de__tribu,stc.
758 5593 785 5668 ζ
804 5600 864 5652 et
891 5613 1044 5664 mox,
1074 5597 1355 5668 potuerint
1381 5613 1395 5663 ;
1419 5594 1520 5662 al.,
1543 5598 1802 5668 poterint.

300 5664 373 5736 (ὸ)
402 5663 693 5724 Victorius
723 5665 825 5739 ait,
858 5668 918 5726 id
947 5663 1054 5740 est,
1074 5663 1405 5725 dilationem
1427 5663 1876 5740 :respondstque

1987 3313 2253 3368 imitetur
2270 3314 2582 3370 Dominum
2599 3331 2774 3370 suum
2798 3315 3085 3374 dicentem
3103 3323 3636 3378 :Lamentatisumus

1987 3411 2167 3458 etnon
2183 3404 2485 3474 planxistis
2504 3405 2652 3473 (Luc.
2696 3421 2797 3469 VII,
2829 3407 2940 3476 32),
2973 3411 3031 3461 et
3063 3406 3301 3479 plangat
3332 3408 3634 3466 haereticos

1992 3493 2092 3558 [Αι.
2129 3491 2509 3560 haereticum],
2543 3492 2694 3546 sicut
2723 3492 2956 3548 Saulem
2989 3511 3182 3566 regem
3210 3495 3386 3551 Israel
3416 3497 3639 3568 planxit

1988 3581 2281 3650 quondam
2315 3579 2548 3635 Samuel
2572 3581 2616 3650 (Ι
2648 3583 2776 3648 Reg.
2805 3582 2918 3651 xv).
2953 3583 3022 3636 Et
3074 3583 3388 3655 Apostolus
3437 3584 3636 3657 lugere

1988 3685 2052 3724 se
2080 3668 2222 3724 dicit
2247 3684 2424 3739 super
2453 3685 2550 3723 eos
2582 3669 2682 3740 qui
2716 3686 2831 3724 non
2861 3675 3105 3740 egerunt
3135 3671 3531 3742 paenitentiam
3563 3673 3633 3746 (Il

1990 3758 2109 3813 Cor.
2137 3757 2260 3827 xu).
2298 3758 2359 3811 ln
2392 3757 2665 3812 omnibus
2697 3773 2932 3829 quoque
2977 3759 3163 3815 vineis
3197 3761 3307 3816 erit
3336 3760 3632 3832 planctus,

1987 3847 2128 3918 quia
2151 3847 2330 3900 vineae
2371 3845 2755 3901 Sodomorum
2807 3847 2984 3901 vineae
3009 3862 3233 3902 eorum.
3272 3849 3341 3904 Et
3367 3865 3470 3921 pro
3499 3851 3634 3906 vino

1988 3935 2382 4006 laetitiae,quod
2403 3933 2656 3989 laititicat
2684 3951 2781 3990 cor
2803 3935 3413 4008 hominis,attulerunt
3432 3938 3631 3995 vinum

1987 4027 2307 4081 draconum
2339 4026 2396 4078 et
2425 4023 2678 4079 furorem
2706 4025 2975 4096 aspidum
2999 4025 3484 4084 insanabilem.Et
3512 4028 3633 4084 haec

1987 4114 2259 4170 universa
2289 4111 2582 4184 patientur
2609 4129 2621 4179 ;
2655 4114 2796 4184 quia
2837 4115 3216 4186 pertransihit
3243 4130 3346 4187 per
3375 4116 3634 4174 medium

1987 4219 2190 4259 eorum
2227 4201 2526 4269 Dominus,
2560 4206 2627 4257 ut
2657 4219 2771 4257 non
2827 4202 3048 4259 habitet
3079 4204 3230 4260 inter
3257 4221 3378 4272 eos,
3412 4223 3516 4262 nec
3547 4207 3633 4262 di-

1987 4298 2113 4348 cat:
2139 4291 2410 4346 llabitabo
2442 4293 2501 4345 in
2530 4293 2686 4361 eis,et
2708 4293 3086 4349 inambulabo.
3117 4294 3187 4348 Et
3212 4311 3224 4348 :
3257 4298 3392 4351 Ecce
3413 4311 3507 4366 ego
3537 4313 3634 4352 υο-

1989 4383 2195 4438 biscum
2212 4397 2335 4436 sum
2351 4382 2602 4436 omnibus
2621 4380 2812 4437 diebus
2831 4399 3002 4455 usque
3018 4382 3088 4438 ad
3107 4387 3635 4441 consummationem

1984 4472 2180 4529 saeculi
2207 4471 2416 4541 (Matth.
2447 4488 2653 4539 XXVIII,
2685 4472 2797 4541 20).

2058 4561 2244 4632 (Vers.
2299 4561 2502 4631 18-20.)
2539 4563 2647 4617 .l’ae
2694 4560 3128 4615 desiderantibus
3185 4562 3335 4617 diem
3395 4563 3630 4631 Domini,

1984 4653 2043 4707 ut
2074 4649 2250 4722 [vulg.
2283 4650 2373 4720 ad]
2405 4649 2534 4720 quid
2561 4666 2683 4704 eam
2712 4649 2859 4704 vobis
2880 4652 2904 4701 ?
2944 4650 3067 4704 Dies
3110 4650 3332 4706 Domini
3359 4653 3459 4706 iste
3481 4655 3633 4708 tene-

1987 4743 2177 4806 brae,et
2202 4757 2314 4794 non
2340 4739 2440 4793 tua:
2463 4755 2476 4792 :
2502 4738 2764 4809 quomodo
2786 4740 2838 4793 si
2864 4739 3045 4808 fugiat
3086 4741 3173 4793 vir
3209 4756 3244 4793 a
3262 4741 3406 4810 facie
3437 4740 3630 4808 leonis,

1985 4833 2036 4885 et
2066 4835 2313 4885 occurrat
2341 4830 2395 4883 ei
2414 4835 2649 4894 ursus,et
2671 4825 3019 4895 ingrediatur
3033 4827 3327 4894 domum,et
3359 4829 3636 4884 innitatur

1985 4934 2159 4973 manu
2186 4933 2290 4972 sua
2317 4931 2478 4988 super
2503 4917 2788 4986 parietem,
2850 4923 2900 4971 et
2946 4915 3191 4972 mordeat
3220 4932 3344 4972 eum
3390 4918 3629 4972 coluber.

1986 5005 2259 5077 Numquid
2278 5022 2385 5060 non
2409 5005 2645 5061 tenebrae
2664 5004 2776 5058 dies
2795 5005 3032 5076 Domini,
3065 5014 3119 5060 et
3147 5021 3257 5061 non
3275 5006 3374 5060 tua:
3393 5009 3418 5059 .9
3434 5007 3631 5078 caligo,

1985 5100 2037 5153 et
2066 5112 2175 5151 non
2204 5093 2460 5166 splendor
2478 5095 2539 5148 in
2568 5110 2632 5149 ea
2651 5093 2677 5147 ‘2
2701 5093 2837 5148 LXX
2863 5109 2875 5148 :
2922 5095 3007 5149 V'e
3032 5094 3470 5150 desiderantibus
3489 5095 3632 5150 diem

1985 5186 2226 5252 Domini,
2259 5191 2321 5239 ut
2347 5183 2478 5254 quid
2509 5184 2648 5237 hanc
2675 5182 2821 5237 vobis
2841 5183 2986 5237 diem
3016 5184 3281 5238 Domini?
3321 5187 3393 5239 Et
3437 5201 3509 5240 ea
3555 5192 3635 5240 est

1988 5276 2246 5340 tenebrz,
2277 5280 2328 5329 et
2354 5288 2461 5327 non
2495 5273 2614 5326 lux.
2649 5271 2918 5339 Quomodo
2946 5273 2998 5326 si
3024 5272 3213 5346 fugiat
3242 5273 3397 5329 homo
3421 5290 3457 5328 a
3491 5275 3635 5344 facie

1989 5366 2181 5434 leonis,
2212 5367 2263 5420 et
2285 5361 2497 5419 incidat
2528 5363 2588 5415 in
2615 5376 2741 5415 eum
2764 5377 2943 5426 ursus,
2965 5370 3019 5416 et
3047 5364 3283 5417 introeat
3311 5363 3371 5416 in
3413 5361 3634 5419 domum

1987 5519 2486 5595 hiecsigniﬁcatio
2507 5499 2880 5595 verbojnyn‘,
2914 5521 3180 5580 transibo.
3214 5522 3366 5595 quod
3399 5538 3631 5595 poenam

1988 5591 2372 5668 signiﬁcat,eo
2395 5593 2551 5668 quod
2574 5591 2660 5647 ira
2681 5592 2784 5647 Dei
2805 5609 2919 5668 non
2943 5591 3353 5668 per‘maneatin
3368 5591 3433 5651 eo
3456 5610 3629 5668 quem

1984 5663 2191 5737 tangit;
2229 5663 2329 5720 sed
2362 5667 2746 5737 pertranseat,
2778 5681 2846 5722 ac
2878 5663 3262 5738 derelinquat.
