3988 6170
129 236 286 306 1053

935 239 1684 313 GOMMENTARIORUM
1727 237 1806 304 IN
1848 237 2060 308 AMOS
2106 245 2255 310 LIB.
2301 245 2381 311 II.
2427 248 2597 311 CAP.
2643 247 2718 313 V.

3374 250 3534 312 1054

128 390 260 430 rum
295 387 406 430 non
427 373 739 446 respiciam.
767 375 936 431 LXX:
991 376 1121 434 0dio
1149 378 1315 433 habui
1345 383 1395 434 et
1414 380 1598 450 reputt
1616 381 1772 451 festz-
1801 375 1858 442 Α
1887 380 1943 434 et
1970 378 2165 448 vidua,
2201 398 2327 453 quae
2357 381 2417 437 in
2452 381 2756 457 Evangelio
2787 382 2938 455 (Luc.
2970 382 3087 455 xxx)
3116 382 3174 438 in
3207 383 3526 440 corbonam

123 465 318 519 vitatas
349 461 459 534 [AL
491 464 880 536 solemnitates]
903 470 1128 531 vestras,
1159 483 1260 522 nec
1283 467 1547 524 odorabor
1571 471 1630 524 in
1651 485 1777 524 con-

124 551 473 608 ventionibus
502 555 717 608 vestris.
750 554 881 608 Etsi
909 554 1216 610 obtuleritis
1237 556 1378 610 mihi
1397 558 1707 613 holocausta
1727 563 1777 614 et

119 638 424 708 sacriﬁcia,
457 655 563 695 non
577 642 892 712 suscipiam,
913 647 964 697 et
995 644 1238 700 salutare
1259 647 1572 716 praesentiae
1586 656 1779 705 vestra

123 745 240 786 non
269 731 605 800 respiciam;
637 730 871 800 Proprie
892 730 999 786 hoc
1029 737 1231 788 contra
1263 735 1482 790 tribum
1514 736 1667 791 Juda
1697 737 1778 792 di-

116 818 296 882 citur,
333 821 390 873 et
420 834 519 874 eos
551 819 648 889 qui
679 835 747 874 ex
777 819 954 875 Israel
982 821 1052 876 ad
1085 822 1183 878 Dei
1208 825 1584 880 caeremonias
1615 842 1771 880 com-

115 905 467 978 migrarent,
491 911 548 960 et
578 905 965 964 nihilominus
987 925 1101 964 non
1125 912 1474 967 recedebant
1507 914 1576 968 de
1596 913 1777 969 excel-

115 995 228 1060 sis,
265 993 648 1064 colebantque
678 995 854 1060 idola,
886 1003 942 1052 et
969 1004 1338 1067 peccatorum
1375 1003 1777 1074 magnitudine

116 1082 224 1139 Dei
253 1083 542 1139 sacriﬁcia
570 1082 927 1154 polluebant.
945 1085 1280 1158 Numquam
1301 1089 1457 1144 enim
1472 1107 1601 1146 reor
1620 1091 1774 1163 quod

115 1173 191 1228 de
226 1171 624 1228 oblationibus
659 1172 996 1241 vitulorum,
1033 1192 1179 1247 quas
1210 1177 1530 1236 offerebant
1560 1179 1619 1234 in
1652 1180 1775 1235 Dan

115 1263 174 1316 et
206 1261 434 1328 Betbel,
464 1260 708 1316 dixerit:
743 1264 794 1316 si
819 1263 1126 1320 obtuleritis
1153 1265 1777 1324 mihiholocauslomata

115 1358 170 1405 et
206 1365 450 1405 munera
475 1357 672 1420 vestra,
706 1366 813 1405 non
836 1353 1154 1423 suscipiam.
1180 1353 1312 1410 Odit
1328 1359 1525 1410 autem
1549 1357 1701 1413 Deus
1720 1363 1778 1413 et

114 1455 240 1494 non
275 1437 468 1494 solum
494 1437 618 1493 odit
645 1456 658 1505 ;
694 1439 794 1494 sed
827 1444 884 1494 et
914 1441 1159 1511 projecit
1190 1443 1532 1499 festivitates
1551 1461 1773 1514 eorum,

113 1527 221 1600 qui
260 1526 494 1600 fugiunt
521 1526 751 1584 leonem
768 1533 825 1584 et
845 1528 1231 1586 incurruntin
1254 1549 1483 1601 ursum,
1509 1539 1565 1589 et
1586 1534 1775 1607 ingre-

111 1617 373 1672 diuntur
393 1617 657 1684 domum,
690 1620 746 1672 et
762 1634 796 1672 a
824 1622 1094 1689 serpente
1114 1621 1476 1692 mordentur,
1502 1624 1641 1694 quia
1664 1640 1776 1679 non

111 1704 420 1761 celebrant
450 1705 790 1804 festivitates
819 1705 942 1773 Dei,
977 1708 1077 1761 sed
1111 1707 1454 1765 festivitates
1497 1728 1655 1782 suas,
1690 1712 1775 1767 di-
1808 1745 1857 1810 Β

111 1797 288 1850 cente
317 1792 602 1848 Domino:
653 1793 765 1849 Odi
797 1801 850 1849 et
875 1795 1087 1867 projeci
1113 1799 1433 1867 festivitates
1453 1809 1678 1856 vestras.
1712 1801 1779 1856 Et

111 1882 541 1955 hujuscemodi
569 1881 876 1938 hominum
909 1888 1256 1940 conventum
1289 1888 1642 1960 odoremque
1663 1906 1778 1945 non

113 1970 406 2043 suscepit,
442 1987 547 2026 nec
576 1971 753 2026 habet
790 1971 846 2027 in
882 1973 1119 2028 odorem
1152 1975 1313 2030 bonae
1346 1976 1701 2050 fragrantia,
1725 1982 1783 2034 et

116 2059 326 2116 omnia
355 2075 558 2114 eorum
605 2076 849 2116 munera
895 2061 1234 2133 detestatur,
1288 2068 1344 2119 et
1391 2066 1782 2137 pinguissima

115 2153 262 2203 vota
292 2165 411 2204 non
453 2148 708 2219 respicit.
761 2149 923 2212 Quod
957 2150 1197 2221 quidem
1229 2169 1344 2208 non
1397 2153 1589 2210 solum
1622 2155 1781 2211 illius

118 2237 414 2309 temporis
443 2236 810 2304 hominibus,
844 2239 943 2293 sed
977 2243 1035 2295 et
1064 2240 1234 2296 nobis
1274 2242 1514 2309 accidet,
1544 2243 1593 2298 si
1624 2244 1783 2299 simi-

113 2326 201 2381 lia
214 2325 657 2398 delinquamus,
672 2330 728 2382 et
739 2327 808 2382 de
822 2327 1046 2399 rapinis
1063 2333 1122 2384 et
1137 2331 1409 2401 perjuriis
1433 2331 1783 2389 sceleribus-

116 2431 241 2488 que
273 2414 542 2486 quaesita,
592 2419 708 2470 Deo
740 2432 845 2471 nos
880 2422 1155 2487 putemus
1204 2419 1430 2487 offerre,
1481 2425 1536 2476 et
1585 2426 1784 2477 nostra

113 2508 370 2577 peccata
399 2503 707 2574 redimere,
763 2521 897 2560 cum
929 2504 1245 2577 legerimus
1275 2507 1581 2564 Zachaeum
1612 2511 1780 2582 quid-

113 2593 268 2664 quid
303 2598 582 2665 rapuerat
614 2592 671 2647 in
703 2594 1099 2666 quadruplum
1129 2596 1479 2663 reddidisse,
1508 2604 1565 2654 et
1596 2599 1666 2654 de
1688 2599 1781 2655 his

112 2699 252 2754 qua;
286 2682 436 2737 bene
451 2681 779 2754 quaesierat,
798 2683 1054 2738 mediam
1074 2683 1360 2741 obtulisse
1384 2688 1779 2744 substantiam

112 2771 277 2843 (Luc.
311 2771 452 2842 xix).
484 2774 683 2841 Neque
704 2769 862 2825 enim
886 2772 1041 2842 quod
1066 2773 1217 2828 male
1239 2775 1552 2845 quaesitum
1576 2782 1700 2833 erat
1721 2778 1779 2833 in

107 2859 219 2916 Dei
259 2859 506 2915 donaria
535 2863 762 2931 poterat
791 2860 1018 2926 offerre,
1043 2862 1157 2916 nisi
1187 2862 1350 2934 prius
1374 2865 1632 2922 dominis
1655 2869 1780 2924 suis

110 2949 422 3012 redderet,
456 2953 510 3004 et
558 2954 758 3020 postea
807 2948 1080 3021 impleret
1129 2952 1282 3022 quod
1324 2953 1609 3025 scriptum
1656 2961 1776 3012 est:

114 3041 359 3095 Honora
389 3039 675 3093 Dominum
718 3040 786 3094 de
807 3040 978 3110 justis
1008 3042 1120 3094 tuis
1169 3041 1448 3098 laboribus
1481 3045 1663 3115 (Prov.
1693 3063 1776 3112 III,

1887 467 2001 526 duo
2033 468 2261 526 minuta
2307 471 2565 540 miserat,
2599 472 2872 528 omnibus
2905 490 2950 546 a.
2978 472 3271 528 Salvatore
3301 475 3532 545 praefer-

1886 560 2002 623 tur,
2030 558 2127 629 qui
2160 563 2290 615 vota
2321 561 2712 634 pinguissima
2742 566 2798 616 et
2830 561 3055 617 hostias
3087 561 3439 618 medullatas
3472 580 3534 619 se

1889 647 2091 702 offerre
2121 649 2452 718 credebant,
2473 651 2542 706 de
2567 650 2751 706 multo
2776 652 2980 706 dantes
3002 668 3208 721 parum
3237 667 3249 705 :
3279 667 3411 706 cum
3436 651 3537 706 illa

1886 739 2073 790 totum
2106 739 2261 807 quod
2291 739 3252 806 habuit,obtulisset.Manifestius
3277 745 3333 795 et
3347 741 3534 796 verius

1886 823 2007 879 haec
2025 830 2155 896 post
2185 828 2252 881 ad
2266 833 2501 883 ventum
2525 829 2755 884 Domini
2779 829 3053 883 dicuntur
3074 827 3286 899 populo
3306 830 3533 884 Judaao-

1888 929 2039 981 rum,
2074 915 2174 986 qui
2206 917 2500 972 destructo
2530 917 2751 990 templo
2783 922 2838 973 et
2859 917 3046 988 altari,
3073 917 3295 972 hostias
3329 919 3535 974 offerre

1887 1019 1949 1057 se
1979 1005 2279 1060 credunt?
2310 1023 2562 1077 quorum
2594 1011 2745 1062 Deus
2776 1007 2898 1061 odit
2927 1011 2984 1061 et
3012 1007 3242 1077 projicit
3263 1007 3537 1062 festivita-

1886 1094 1994 1161 tes,
2029 1097 2083 1147 et
2115 1109 2226 1147 non
2248 1094 2402 1165 capit
2430 1095 2666 1149 odorem
2692 1099 2874 1150 cmtus
2896 1111 3115 1161 eorum,
3141 1097 3376 1166 quando
3399 1112 3533 1152 con-

1887 1180 2109 1252 gregati
2167 1181 2411 1236 dicunt:
2478 1183 2758 1254 Cruci/ige,
2819 1185 3079 1253 cruci/ige
3133 1185 3299 1238 talem
3355 1185 3530 1256 (Joan.

1885 1286 2002 1334 xxx,
2031 1271 2126 1340 6);
2178 1275 2264 1326 et:
2323 1273 2561 1342 Sanguis
2608 1273 2725 1344 ejus
2758 1288 2923 1343 super
2951 1289 3049 1328 nos
3099 1276 3147 1327 et
3177 1289 3339 1344 super
3385 1274 3528 1344 ﬁlios

1892 1361 2108 1414 nostros
2137 1361 2669 1432 (Matth.xxvn,‘25).
2689 1362 2759 1415 Et
2789 1362 2837 1416 si
2861 1361 3176 1417 obtulerint
3191 1362 3534 1418 holocausta

1898 1445 1957 1500 in
1986 1448 2381 1521 synagogis,et
2410 1466 2654 1504 munera
2686 1449 2744 1503 in
2767 1449 3028 1505 conciliis
3059 1456 3301 1518 satanas,
3325 1455 3384 1506 et
3404 1454 3538 1507 vota

1888 1534 2296 1608 pinguissima,
2351 1555 2465 1593 non
2519 1554 2586 1593 ea
2611 1539 2846 1609 respicit
2896 1538 3198 1608 Dominus,
3231 1538 3384 1594 sicut
3415 1556 3528 1594 non

1886 1625 2142 1694 respexit
2173 1642 2416 1681 munera
2441 1626 2578 1681 Cain
2611 1625 2820 1697 (Genes.
2847 1631 2944 1693 Iv).
2970 1627 3078 1691 Qui
3111 1627 3256 1682 bene
3288 1627 3530 1697 quidem

1886 1728 2071 1768 unum
2102 1714 2286 1769 Deum
2332 1715 2548 1782 colunt,
2582 1719 2639 1770 et
2686 1720 2837 1770 recte
2869 1715 3155 1782 offerunt;
3213 1716 3314 1770 sed
3363 1717 3423 1771 in
3470 1733 3535 1772 eo

1891 1818 2007 1857 non
2041 1803 2454 1875 respiciuntur,
2488 1803 2628 1875 quia
2658 1820 2771 1857 non
2804 1802 3073 1857 dividunt
3099 1804 3159 1858 in
3190 1804 3440 1874 Patrem,
3480 1809 3538 1861 et

1890 1891 2099 1948 Filium
2131 1896 2188 1947 et
2218 1891 2505 1964 Spiritum
2547 1895 2816 1948 sanctum
2843 1891 3292 1947 confessionem.
3326 1893 3536 1948 Nostra

1890 1987 2087 2037 autem
2119 1997 2385 2048 munera,
2418 1980 2476 2035 id
2510 1985 2618 2046 est,
2652 1979 2938 2047 Ecclesiae,
2971 1997 3099 2052 quae
3131 1981 3432 2036 offerimus
3463 1983 3535 2037 de

1891 2069 2203 2142 primitivis
2252 2069 2488 2136 nostris,
2549 2069 2787 2140 respicit
2844 2069 3016 2136 Deus,
3067 2067 3220 2122 sicut
3286 2066 3541 2140 respexit

1891 2157 2188 2228 quondam
2211 2157 2501 2212 sacriﬁcia
2530 2156 2695 2212 Abel.

1962 2246 2117 2301 304
2147 2245 2334 2316 (Vere.
2368 2245 2480 2315 23.)
2512 2245 2684 2317 Aufer
2723 2260 2756 2298 a
2785 2259 2870 2299 me
2900 2245 3197 2299 tumultum
3226 2247 3540 2300 carminum

1890 2341 2130 2399 tuorum,
2189 2340 2240 2388 et
2265 2335 2479 2388 cantica
2527 2333 2661 2403 lyra:
2715 2335 2830 2388 tum
2884 2348 2996 2388 non
3053 2333 3298 2387 audiam.
3360 2333 3536 2391 LXX:

1892 2424 2150 2492 Transfer
2172 2439 2206 2477 α
2235 2439 2321 2477 me
2333 2423 2580 2477 sonitum
2602 2422 3166 2487 carminumtuorum,
3194 2425 3243 2476 ct
3266 2426 3539 2492 psalmum

1888 2526 2225 2578 organorum
2252 2513 2472 2564 tuorum
2500 2525 2608 2564 non
2641 2509 2886 2564 audiam.
2912 2508 3160 2563 Pulchra
3178 2507 3406 2564 cantica
3433 2509 3537 2564 Le-

1890 2599 2162 2664 vitarum,
2197 2600 2412 2670 quibus
2443 2598 2764 2653 laudabant
2787 2603 2990 2666 Deum,
3019 2595 3340 2652 tumultum
3370 2602 3538 2652 vocat

1889 2689 2267 2759 sonitumque
2299 2689 2646 2755 confusum;
2681 2687 3049 2757 quianonest
3065 2685 3534 2757 pulchralauda-

1885 2776 1970 2832 tio
2000 2776 2056 2831 in
2090 2794 2187 2833 ore
2235 2776 2572 2848 peccatoris,
2606 2779 2663 2830 et
2710 2775 2831 2830 haec
2862 2776 3064 2830 eadem
3115 2774 3285 2830 idolis
3334 2775 3539 2830 offerre

1888 2882 2121 2938 quoque
2152 2868 2574 2920 consueverant
2603 2862 2821 2934 (Eccles.
2874 2864 2987 2936 xv).
3022 2863 3360 2918 Judazorum
3393 2878 3538 2934 quo-

1888 2971 2001 3026 que
2033 2954 2216 3009 oratio
2249 2959 2306 3008 et
2336 2953 2570 3025 psalmi,
2606 2969 2753 3024 quos
2787 2952 2845 3006 in
2876 2952 3188 3024 synagogis
3219 2955 3458 3019 canunt,
3485 2954 3541 3006 et

1889 3041 2296 3097 haereticorum
2329 3039 2652 3112 composita
2680 3039 2936 3095 laudatio
2969 3040 3262 3096 tumultus
3294 3044 3382 3097 est
3426 3041 3538 3096 Do-

104 3130 168 3202 9)
202 3145 219 3196 ;
255 3132 351 3183 et:
385 3127 687 3199 Redemptio
717 3129 927 3185 animae
954 3129 1065 3182 viri
1091 3133 1334 3201 propria
1353 3113 1566 3189 divitiae
1597 3135 1775 3203 (Prov.
1811 3113 1853 3179 C
1894 3131 2073 3199 mino,
2107 3136 2165 3186 et
2212 3135 2277 3185 ut
2307 3130 2388 3184 ita
2427 3130 2640 3197 dicam,
2673 3129 2988 3200 grunnitus
3037 3130 3181 3198 suis,
3233 3134 3290 3184 et
3317 3127 3540 3184 clamor

107 3235 249 3284 x111,
285 3217 344 3287 8)
371 3234 385 3272 :
414 3217 485 3272 de
515 3217 782 3272 mercede
812 3217 968 3273 enim
1002 3219 1324 3275 meretricis
1351 3222 1498 3278 Deus
1517 3228 1646 3278 vota
1663 3241 1776 3279 non

109 3305 380 3378 suscipit
410 3307 598 3377 (Deut.
631 3307 814 3378 xxm).
868 3307 1202 3363 Econtrario
1225 3309 1425 3378 justus
1455 3311 1646 3367 dicere
1676 3330 1776 3384 po-

106 3399 234 3451 test
262 3412 277 3450 :
308 3395 602 3464 Dirigatur
630 3397 806 3451 oratio
833 3412 975 3467 mea,
1008 3397 1148 3452 sicut
1167 3398 1455 3453 incensum
1477 3402 1536 3454 in
1565 3417 1780 3472 conspe-

105 3489 206 3540 ctu
241 3492 340 3539 tuo
387 3485 567 3554 (Psal.
603 3500 720 3555 ειι,
752 3484 828 3556 2).
878 3484 1014 3548 Quae
1063 3486 1246 3541 oratio
1296 3487 1462 3542 Judae
1496 3489 1776 3560 proditori

105 3588 294 3629 versa
323 3577 418 3627 est
456 3573 609 3628 309
643 3572 702 3626 in
750 3578 1093 3642 peccatum:
1126 3590 1242 3629 non
1273 3575 1431 3630 enim
1470 3576 1648 3633 habet
1676 3579 1776 3633 bo-

104 3679 262 3718 num
298 3661 577 3729 odorem;
614 3661 714 3716 sed
737 3678 909 3733 opere
932 3661 1282 3733 loquebatur
1306 3681 1318 3718 :
1340 3670 1705 3734 Putruerunt,
1729 3671 1780 3722 et

107 3754 400 3822 corruptae
428 3755 556 3805 sunt
576 3751 854 3806 cicatrices
884 3766 1080 3818 meam
1100 3753 1246 3822 facie
1275 3754 1614 3824 insipie‘ntiac
1643 3771 1780 3813 mea:

102 3840 296 3912 (Psal.
345 3855 560 3909 XXXVII,
611 3840 688 3911 6).
723 3841 858 3904 Quae
897 3840 1096 3895 omnia
1124 3845 1182 3896 et
1229 3842 1301 3897 de
1349 3841 1634 3900 haereticis
1688 3845 1780 3900 di-

103 3946 243 3986 cere
270 3945 623 4002 possumus,
645 3928 745 4000 qui
769 3929 912 3984 dum
940 3929 1174 4002 fugiunt
1195 3929 1444 4002 leonem,
1471 3932 1780 3990 incurrunt

103 4019 164 4074 in
202 4034 450 4083 ursum,
484 4021 540 4071 et
568 4017 818 4090 ingressi
842 4018 1110 4085 domum,
1143 4035 1322 4090 quam
1345 4025 1554 4091 putant
1585 4023 1777 4079 Eccle-

102 4108 271 4164 siam
307 4106 438 4172 Dei,
465 4105 798 4161 innituntur
818 4105 1162 4178 parietibus,
1182 4125 1330 4179 quos
1361 4108 1474 4181 ipsi
1497 4111 1777 4185 fecerunt,

102 4202 164 4252 et
195 4215 234 4253 ει
267 4199 548 4268 serpente
568 4195 928 4260 mordentur,
955 4212 1206 4267 quorum
1233 4196 1420 4253 lucem
1443 4199 1666 4256 etdiem
1693 4206 1776 4257 te-

100 4287 320 4342 nebrae
347 4283 610 4356 eripiunt
637 4288 695 4339 et
725 4283 932 4357 caligo,
964 4283 1046 4340 ita
1078 4289 1140 4340 ut
1179 4284 1500 4357 palpabiles
1529 4291 1777 4345 tenebras

101 4374 258 4443 sint,
289 4378 350 4429 et
369 4371 803 4428 interﬁciuntur
823 4371 1117 4444 primitiva
1142 4389 1362 4429 eorum.
1389 4375 1606 4432 Horum
1625 4378 1778 4434 Deus

1887 3220 2210 3286 asinorum,
2260 3235 2511 3291 quorum
2542 3217 2733 3290 magis
2779 3219 3047 3274 cantibus
3081 3217 3312 3274 lsraelis
3361 3234 3538 3290 opera

1889 3311 2322 3379 comparantur.
2357 3306 2660 3362 Psalmum
2711 3311 2907 3361 autem
2941 3311 2999 3361 et
3028 3307 3316 3373 carmina,
3350 3305 3538 3379 lyram

1888 3403 1945 3452 et
1974 3413 2210 3468 organa,
2245 3394 2518 3465 veljuxta
2537 3394 2791 3449 litteram
2815 3394 3080 3464 accipein
3095 3393 3309 3466 populo
3334 3393 3536 3460 Israel,

1890 3503 2016 3557 qua:
2049 3484 2189 3539 olim
2221 3484 2439 3538 ﬁebant
2470 3483 2528 3537 in
2561 3482 2817 3554 imagine
2867 3483 3222 3549 futurorum,
3254 3479 3341 3536 vel
3365 3483 3537 3552 juxta

1890 3573 2160 3646 spiritum
2187 3572 2248 3627 in
2278 3572 2447 3626 nobis
2470 3575 2525 3626 et
2555 3572 2614 3626 in
2647 3570 3096 3641 haereticis,qua
3129 3569 3178 3626 si
3209 3570 3380 3625 bonis
3401 3586 3533 3641 ope—

1891 3664 2055 3718 ribus
2093 3661 2437 3732 dirigamus,
2472 3659 2793 3714 audiuntur
2833 3676 2867 3714 a
2919 3659 3189 3714 Domino:
3243 3659 3291 3713 si
3342 3657 3532 3730 malis,

1890 3750 2184 3808 concludit
2217 3765 2387 3804 aures
2416 3765 2575 3816 suas,
2601 3747 2917 3819 impiorum
2950 3746 3170 3802 cantica
3193 3763 3304 3802 non
3331 3747 3533 3819 digna-

1886 3845 1986 3897 tur
2013 3839 2234 3896 audire.

1958 3929 2147 3999 (Vere.
2178 3927 2294 3998 24.)
2335 3929 2400 3982 Et
2431 3927 2771 3982 revelabitur
2799 3926 2960 3998 quasi
2987 3941 3131 3996 aqua
3153 3924 3455 3997 judicium,
3485 3929 3539 3981 et

1880 4019 2104 4090 justitia
2132 4018 2293 4088 quasi
2321 4024 2540 4072 torrens
2573 4016 2758 4086 fortis.
2795 4014 2968 4070 LXX:
3015 4016 3078 4069 Et
3111 4015 3352 4070 volvetur
3397 4015 3539 4070 sicut

1887 4123 2031 4179 aqua
2054 4106 2350 4180 judicium,
2384 4110 2435 4160 et
2451 4107 2684 4177 justitia
2720 4106 2859 4159 sicut
2882 4107 3103 4160 torrens
3132 4105 3338 4160 invius.
3375 4103 3538 4159 Sicut

1889 4213 2041 4267 aqua
2069 4196 2118 4251 si
2149 4194 2380 4250 labatur
2410 4194 2468 4248 in
2501 4210 2774 4265 pronum,
2795 4193 2951 4264 quod
2971 4193 3395 4265 priustexerat,
3430 4210 3536 4248 nu-

1888 4285 2007 4353 dat,
2042 4289 2100 4340 et
2131 4288 2326 4356 patere
2376 4283 2511 4338 fecit
2558 4283 2824 4338 omnium
2859 4281 3077 4338 oculis:
3130 4281 3213 4336 sic
3247 4280 3538 4352 judicium

1888 4373 1988 4429 Dei
2019 4378 2192 4445 atque
2217 4373 2469 4444 justitia,
2506 4389 2633 4443 quae
2665 4373 2735 4427 de
2769 4388 2874 4426 suo
2903 4370 3197 4443 quondam
3219 4367 3539 4441 populoju-

113 4465 248 4521 odit
281 4460 600 4531 sacrificia,
633 4465 690 4516 et
743 4478 777 4515 a
804 4477 866 4516 se
898 4459 1148 4532 projicit,
1190 4465 1246 4516 et
1294 4464 1779 4538 quotiescumque
1809 4481 1856 4545 D
1888 4463 2124 4530 dicavit,
2158 4462 2381 4534 patebit
2409 4462 2710 4528 omnibus,
2742 4465 2798 4516 et
2821 4462 3036 4515 feretur
3056 4458 3243 4513 instar
3263 4457 3539 4545 torrentis

99 4555 220 4610 sub
257 4549 510 4608 nomine
541 4549 769 4605 Domini
809 4548 1024 4605 fuerint
1053 4553 1407 4623 congregati,
1456 4553 1780 4610 detestatur
1837 4544 1840 4545 ν
1890 4551 2215 4608 fortissimi.
2253 4551 2329 4621 (b)
2359 4549 2653 4620 Quidquid
2686 4547 3014 4619 arripuerit,
3045 4562 3246 4601 secum
3268 4544 3468 4613 trahit,
3483 4548 3541 4600 et

96 4644 391 4700 faetorem
415 4655 640 4708 eorum,
660 4643 718 4694 et
738 4637 1142 4694 clauditnares
1163 4656 1320 4695 suas.
1342 4640 1546 4696 Odisse
1560 4647 1776 4711 autem,

97 4739 159 4788 et
189 4729 516 4804 projicere,
549 4731 608 4783 et
639 4744 754 4782 non
784 4726 1035 4797 odorari,
1058 4726 1318 4783 humana
1339 4729 1600 4801 loquitur
1620 4733 1779 4787 simi-

97 4819 399 4883 litudine,
430 4820 495 4872 ut
539 4833 647 4872 nos
685 4815 956 4872 affectum
1005 4815 1130 4884 Dei,
1163 4817 1379 4874 nostris
1411 4821 1778 4877 sermonibus

94 4923 574 4984 cognoscamus.
607 4906 678 4960 Et
693 4905 742 4962 si
764 4904 1085 4961 obtulerint
1110 4905 1780 4980 holocausta,(a)autvi-

96 4996 674 5068 deanturjejunare,
701 4995 837 5050 dare
851 4993 1275 5066 eleemosynas,
1299 4997 1640 5067 pudicitiam
1663 4999 1780 5070 pol-

95 5087 314 5150 liceri,
348 5102 479 5157 quae
529 5083 870 5140 holocausta
909 5088 1050 5138 sunt
1078 5099 1234 5149 vera,
1287 5102 1400 5140 non
1434 5102 1501 5141 ea
1528 5089 1779 5161 suscipit

95 5175 435 5244 Dominus,
469 5190 572 5230 nec
611 5173 889 5245 dignatur
917 5171 1176 5243 aspicere
1217 5171 1640 5246 pinguissimus
1670 5178 1778 5234 ho-

95 5267 269 5324 stias
291 5280 519 5320 eorum.
535 5263 660 5318 Non
675 5262 832 5318 enim
847 5259 1266 5318 sacriﬁciorum
1282 5265 1772 5335 magnitudinem,

95 5355 212 5412 sed
253 5351 632 5409 offerentium
665 5351 873 5408 merita
912 5366 1238 5422 causasque
1268 5351 1570 5422 dijudicat.
1613 5354 1776 5412 Unde

146 5495 599 5624 xgxiqtozitgs
627 5495 700 5552 ad
717 5494 970 5552 Brixian.
987 5494 1154 5550 codd.
1176 5493 1442 5554 Martian.
1462 5499 1776 5557 retinuitut

241 5582 444 5637 antur,
472 5582 584 5624 etc.

1889 4641 2001 4696 sibi
2029 4640 2313 4695 obsistere
2344 4655 2456 4692 non
2483 4638 2718 4708 patitur.
2742 4638 2913 4690 Juxta
2935 4633 3317 4705 Septuaginta
3341 4636 3536 4688 autem

1885 4729 2134 4784 volvitur
2152 4725 2782 4799 quasiaquajudicium
2809 4723 3200 4794 pessimorum
3224 4740 3236 4790 ;
3263 4722 3401 4794 quia
3423 4739 3537 4776 non

1887 4821 2004 4874 stat
2032 4817 2090 4872 in
2124 4833 2243 4871 una
2271 4815 2594 4882 sententia;
2616 4814 2715 4870 sed
2741 4813 3152 4869 circumfertur
3173 4810 3333 4866 omni
3359 4815 3528 4866 vento

1886 4906 2185 4971 doctrinis,
2238 4905 2392 4975 quod
2447 4904 2793 4974 probaverat
2853 4901 3214 4972 improbans,
3273 4901 3330 4954 et
3381 4899 3538 4970 quod

1887 4995 2052 5068 prius
2085 4993 2442 5062 laudaverat,
2469 4997 2683 5063 putans
2713 5007 2842 5046 esse
2865 4987 3054 5044 nihili.
3079 4987 3538 5043 Justlﬁcationes

1887 5099 2089 5140 eorum
2118 5099 2232 5136 non
2265 5079 2609 5135 fluminibus
2641 5083 2699 5134 et
2729 5077 3070 5151 purissimis
3101 5076 3387 5145 fontibus,
3436 5076 3538 5131 sed

1885 5171 2138 5229 turbidis
2170 5167 2535 5240 cmnosisque
2568 5167 2928 5223 torrentibus
2960 5168 3400 5238 comparantur,
3432 5164 3534 5236 qui

1886 5280 2026 5319 suas
2057 5277 2242 5332 aquas
2265 5275 2379 5314 non
2411 5257 2628 5313 habent
2652 5275 2664 5325 ;
2689 5257 2788 5312 sed
2822 5257 2892 5312 de
2915 5257 3072 5312 saxis
3094 5255 3454 5327 rupibusque
3476 5259 3535 5310 et

1883 5351 2159 5424 vepribus
2190 5347 2481 5404 collectas.
2518 5347 2672 5412 Quas
2703 5346 2800 5417 qui
2833 5345 3082 5401 transire
3117 5342 3383 5410 voluerit,
3415 5347 3535 5399 sta-

1927 5495 2030 5624 Ἕω)
2047 5492 2262 5622 tVictor.
2276 5493 2536 5549 torrentis
2545 5491 2864 5566 fortissimi,
2888 5492 2985 5563 qui
3003 5487 3268 5562 quidquid
3282 5503 3534 5564 arripue-

1927 5584 1935 5623 ι
1961 5611 1978 5624 .
2013 5581 2045 5622 e
2073 5581 2123 5624 ο.

1883 5581 1978 5640 ru,
2013 5581 2123 5624 etc.
