3986 6190
172 294 328 365 1067

948 291 1701 363 COMMENTARIORUM
1746 294 1823 363 ιη
1866 293 2080 365 ΑΜοὸ
2124 296 2268 359 LIB.
2316 294 2420 358 Ill.
2468 297 2638 361 CAP.
2685 295 2792 360 VI.

3421 305 3577 370 1058

171 430 275 485 bis.
311 428 439 486 Non
468 428 627 485 enim
657 445 726 485 ea
749 445 784 485 a
813 433 927 485 Deo
958 430 1339 499 acceperunt,
1364 428 1464 483 sed
1486 428 1557 483 de
1579 426 1814 500 propria
1842 429 1897 495 Α
1926 430 2059 498 xw).
2091 429 2191 485 Isti
2224 433 2362 486 sunt
2400 430 2591 502 capita
2621 428 2994 503 populorum,
3040 432 3141 504 qui
3180 436 3483 495 conﬁdunt
3511 441 3572 497 in

167 522 369 575 mente
397 517 709 573 ﬁnxerunt.
744 517 907 573 Unde
937 516 1188 589 migrare
1216 532 1316 572 eos
1345 517 1516 571 faciet
1538 517 1818 573 Dominus

164 610 336 663 trans
356 606 733 676 Damascum,
758 612 951 662 utnon
964 606 1169 662 bibant
1182 606 1529 678 sanguinem
1550 605 1776 661 Domini
1801 623 1814 673 ;

163 696 270 751 sed
298 699 596 752 transeant
619 695 679 750 in
705 694 1083 768 Babylonem,
1106 698 1164 749 et
1183 693 1427 749 audiant
1449 710 1550 766 per
1572 694 1820 767 prophe-

173 790 340 841 tam:
373 783 536 839 Catia:
562 800 765 839 aureus
793 784 1062 853 Babylon,
1094 782 1376 838 inebrians
1413 798 1597 838 omnes
1625 792 1820 856 gentes

162 875 305 943 (Jer.
335 891 408 940 LI,
441 874 518 945 7).
548 873 872 931 Damascus
903 873 1082 941 enim,
1119 876 1184 927 ut
1211 872 1411 928 crebro
1434 872 1710 942 diximus,
1737 873 1821 928 in-

162 966 526 1035 terpretatur
551 964 875 1034 sanguinem
907 962 1116 1029 bibens,
1149 962 1268 1017 sive
1294 962 1522 1030 sanguis
1544 962 1735 1027 silicii,
1757 968 1821 1017 ut

164 1068 279 1124 per
306 1051 707 1124 paenitentiam
739 1052 810 1108 ad
844 1050 1169 1107 bibendum
1211 1050 1441 1106 Domini
1472 1051 1820 1123 sanguinem

165 1157 577 1213 provocamur.

244 1230 408 1303 (Cap.
439 1229 539 1284 Vl.
570 1260 639 1270 —
668 1228 833 1285 Vers.
868 1229 945 1301 1.)
1009 1230 1092 1285 Vae
1149 1230 1246 1302 qui
1301 1229 1553 1300 opulenti
1605 1230 1739 1284 estis
1762 1230 1824 1284 in

164 1320 326 1387 Sion,
357 1323 413 1375 et
440 1318 717 1389 conﬁditis
747 1320 805 1374 in
834 1326 1016 1375 monte
1038 1319 1333 1384 Samaria,
1390 1319 1698 1389 optimates,
1732 1334 1824 1374 εα-
1880 1314 1881 1319 “

158 1410 295 1481 pita
310 1406 671 1480 populorum,
693 1408 1059 1477 ingredientes
1066 1408 1373 1479 pompatice
1393 1407 1619 1461 domum
1629 1407 1820 1463 Israel.

164 1496 316 1553 LXX
341 1514 355 1552 :
393 1499 475 1554 Vae
502 1498 602 1573 qui
621 1496 931 1568 despiciunt
962 1497 1115 1567 Sion,
1146 1504 1196 1551 et
1254 1496 1529 1565 conﬁdunt
1560 1498 1621 1551 in
1643 1505 1825 1552 monte

173 1586 454 1642 Samaria
477 1603 492 1642 :
514 1585 931 1642 vindemiarunt
945 1586 1231 1657 primitias
1247 1586 1569 1656 gentium,et
1592 1587 1827 1654 ingressi

162 1679 296 1731 sunt
315 1676 427 1731 sibi
443 1674 540 1747 (a).
557 1675 643 1730 Ad
658 1673 819 1742 Sion,
840 1680 902 1729 ut
918 1673 1385 1746 supradiximus,
1402 1678 1460 1730 et
1475 1675 1546 1729 ad
1566 1678 1824 1730 montem

161 1764 471 1831 Samaria,
502 1764 558 1819 id
589 1768 703 1830 est,
727 1764 800 1819 ad
824 1763 974 1818 duas
995 1762 1206 1833 tribus,
1228 1779 1357 1833 qum
1382 1761 1828 1834 appellabantur

94 1922 101 1926 _
164 1853 197 1909 J
206 1853 351 1924 uda,
374 1856 431 1908 et
461 1852 533 1908 ad
556 1852 913 1923 decem,qua=.
931 1849 1163 1907 Israelis
1184 1850 1421 1905 nomine
1447 1850 1824 1921 vocabantur,

165 1940 473 2014 propheta
501 1956 694 1996 sermo
725 1940 1043 2010 confertur,
1076 1937 1329 1994 maxime
1362 1939 1433 1994 ad
1477 1955 1597 2005 eos,
1632 1939 1731 2010 qui
1766 1939 1826 1995 in

167 2033 347 2101 utroq
358 2045 432 2084 ne
443 2028 657 2100 populo
670 2028 986 2101 optimates
1000 2028 1226 2107 sunt(b)
1243 2032 1301 2084 et
1317 2027 1634 2100 principes,
1652 2033 1709 2083 et
1724 2045 1825 2084 va-

169 2117 618 2175 cantdeliciisin
631 2117 962 2190 exemplum
978 2116 1137 2172 illius
1150 2116 1347 2171 divitis
1389 2117 1826 2188 purpurati,qui

1926 516 2164 583 divitiis,
2188 524 2247 574 et
2272 517 2534 591 opulenti
2553 519 2769 575 suntin
2793 519 2951 585 Sion,
2975 525 3031 576 et
3056 520 3274 578 habent
3295 524 3570 584 fiduciam

1926 604 1986 659 in
2018 610 2216 661 monte
2248 607 2546 674 Samaria,
2578 611 2635 662 et
2661 607 3074 679 ingrediuntur
3112 612 3438 683 pompatice
3467 615 3572 670 do-

1930 711 2092 749 mum
2119 694 2317 761 Israel,
2345 701 2410 750 ut
2433 700 2724 751 tumorem
2748 696 2927 751 animi
2946 712 3159 770 corpus
3197 702 3487 773 ostendat,
3519 709 3578 760 et

1930 799 2274 855 pomparum
2302 783 2536 839 ferculis
2557 784 2780 841 similes
2800 801 2927 841 esse
2954 785 3276 844 videantur.
3298 790 3476 847 Juxta
3494 792 3577 849 le-

1929 888 2030 944 ges
2060 877 2254 927 auten:
2288 872 2621 944 tropologizn
2651 879 2709 929 et
2760 873 3145 946 Septuaginta
3200 878 3568 953 interpretes,

1927 962 2063 1016 Sion
2118 963 2367 1017 refertur
2404 963 2475 1017 ad
2501 960 2841 1030 Ecclesium,
2871 963 2941 1019 de
2972 979 3092 1035 qua
3120 967 3402 1038 scriptum
3437 969 3576 1043 legi-

1932 1066 2065 1105 mus
2091 1068 2104 1106 :
2137 1053 2250 1120 Qui
2276 1049 2492 1105 exultat
2514 1067 2603 1105 me
2631 1051 2695 1106 de
2720 1055 2885 1121 porta
2914 1055 3132 1123 mortis,
3163 1059 3223 1109 ut
3252 1060 3575 1115 annuntiem

1929 1154 2112 1193 omnes
2134 1138 2614 1195 laudationestuas
2629 1141 2687 1193 in
2699 1141 2875 1209 portis
2886 1141 3026 1210 ﬁlia:
3036 1141 3441 1214 Sion(Psal.1x,
3464 1148 3575 1219 15).

1932 1226 2100 1282 Mons
2127 1244 2261 1282 vero
2292 1227 2590 1297 Samariae,
2627 1232 2864 1299 propter
2892 1231 3228 1301 superbiam
3262 1238 3321 1288 et
3342 1235 3578 1306 jactan-

1932 1315 2074 1369 tiam
2107 1314 2383 1371 custodiae
2416 1316 2828 1371 mandatorum
2862 1318 2979 1386 Dei,
3022 1318 3373 1393 intelligitur
3400 1340 3583 1397 super

1932 1402 2241 1469 haareticis,
2275 1404 2376 1475 qui
2407 1404 2742 1475 despiciunt
2766 1405 3082 1463 Ecclesiam
3108 1426 3123 1477 ;
3173 1411 3312 1481 quia
3342 1412 3580 1471 inﬁrma

1935 1491 2139 1546 mundi
2171 1491 2345 1564 elegit
2374 1493 2548 1558 Deus,
2570 1498 2635 1548 ut
2657 1495 2976 1552 confundat
2998 1497 3185 1568 fortia,
3211 1504 3268 1555 et
3289 1501 3490 1569 stulta,
3517 1510 3581 1560 ut

1934 1580 2500 1651 perdatsapientiam
2513 1581 2891 1653 sapientium,
2913 1584 3425 1660 etintelligentiam
3445 1609 3581 1664 pru-

1934 1669 2197 1724 dentium
2256 1671 2525 1741 reprobat
2582 1675 2631 1738 (Ι
2690 1672 2811 1727 Cor.
2845 1673 2906 1743 1).
2945 1674 3045 1729 [sti
3076 1674 3581 1738 vindemiaverunt

1938 1756 2229 1829 primitias
2250 1758 2537 1829 gentium,
2562 1765 2629 1814 ut
2649 1760 2758 1814 sub
2782 1762 3017 1817 nomine
3047 1763 3375 1823 Christiano
3399 1769 3579 1827 intro-

1937 1848 2215 1902 ducerent
2231 1864 2329 1903 eos
2349 1847 2409 1903 in
2432 1848 2750 1904 torcularia
2766 1865 2894 1918 sua,
2918 1851 3013 1906 ubi
3034 1868 3149 1908 non
3170 1854 3430 1913 calcatur
3449 1876 3577 1928 uva,

1938 1936 2035 1991 sed
2060 1936 2352 2007 perditur:
2370 1936 2464 1991 ubi
2481 1954 2594 1992 non
2612 1943 2878 1994 mustum
2901 1940 3266 2012 exprimitur,
3291 1947 3391 2001 sed
3409 1964 3580 2006 vene-

1936 2041 2099 2080 num.
2127 2027 2202 2080 Et
2231 2027 2468 2094 ingressi
2493 2031 2624 2081 sunt
2651 2027 2778 2083 sibi.
2812 2027 3059 2085 Pulchre
3088 2031 3255 2100 dixit,
3287 2035 3428 2093 sibi:
3465 2055 3579 2095 non

1936 2113 2093 2168 enim
2118 2113 2365 2186 ingressi
2385 2121 2527 2170 sunt
2551 2118 2686 2187 Deo,
2709 2117 2811 2173 sed
2835 2117 2947 2173 sibi
2972 2118 3220 2191 ingressi
3242 2128 3401 2179 sunt.
3422 2126 3582 2183 Alio-

172 2206 493 2264 laetabatur
508 2207 661 2263 808
688 2207 748 2261 in
770 2206 1053 2269 convivio,
1077 2210 1135 2262 et
1153 2205 1213 2260 in
1248 2210 1471 2261 tantam
1495 2206 1829 2277 erigebatur
1936 2202 2075 2273 quin
2104 2206 2216 2258 Deo
2233 2204 2649 2275 magisegressi
2670 2210 2829 2269 sunt,
2850 2206 2993 2262 dum
3016 2210 3375 2268 receduntde
3395 2214 3585 2272 Eccle-

171 2296 546 2368 superbiam,
580 2300 645 2351 ut
674 2296 958 2352 Lazarum
980 2298 1116 2351 ante
1146 2294 1363 2350 ostium
1389 2311 1563 2351 suum
1588 2294 1825 2367 plenum
1936 2291 2044 2346 sia.
2076 2292 2360 2363 Quodque
2382 2293 2670 2363 sequitur,
2693 2296 2890 2350 Domus
2910 2297 3100 2363 Israel,
3141 2299 3312 2368 juxta
3334 2302 3581 2375 Septua-

169 2383 484 2440 ulceribus
509 2384 916 2456 indignaretur
944 2385 1226 2455 aspicere,
1257 2388 1315 2439 et
1343 2399 1416 2438 ne
1445 2382 1554 2438 hoc
1584 2383 1824 2454 quidem
1935 2380 2120 2452 ginta,
2146 2380 2203 2435 in
2228 2380 2510 2452 principio
2532 2382 2770 2454 capituli
2794 2386 3095 2455 sequentis
3117 2385 3429 2458 legendum
3454 2400 3577 2464 est;

166 2473 223 2529 ei
255 2473 569 2542 tribueret,
600 2474 756 2545 quod
810 2472 1135 2544 periturum
1157 2476 1314 2529 esset
1342 2488 1412 2527 ex
1438 2488 1644 2529 mensa
1672 2473 1822 2540 (Luc.
1927 2470 2098 2540 juxta
2127 2470 2418 2538 Hebreos,
2450 2472 2509 2525 in
2543 2472 2657 2526 line
2713 2471 2917 2543 hujus,
2974 2475 3131 2545 quod
3177 2481 3579 2549 exposuimus.

242 2616 327 2688 (a)
359 2614 552 2688 Verba
570 2614 762 2688 domus
786 2615 980 2688 Israel,
1004 2631 1133 2688 quae
1174 2613 1554 2688 subsequenti
1591 2612 1823 2669 Hieron.

164 2684 342 2760 aptat
356 2685 682 2760 yet-siculo,
717 2687 993 2760 continuo
1021 2684 1118 2741 hic
1148 2684 1349 2740 subdit
1367 2686 1607 2760 Cisterc.
1638 2701 1750 2739 ms.

239 2759 325 2831 (b)
342 2757 624 2830 Copulam
645 2759 694 2814 el
715 2757 1077 2821 sull'ecimus,
1099 2761 1229 2812 tum
1248 2759 1439 2811 vacant
1455 2755 1707 2828 legimus
1723 2772 1826 2828 pro

1934 2613 2216 2693 vacabant,
2241 2612 2695 2693 a_d__mss._l_idem.
2719 2616 2972 2688 Persaepe
2994 2634 3124 2674 vero
3144 2619 3203 2674 id
3224 2636 3411 2693 genus
3432 2623 3580 2683 levia

1936 2684 2149 2740 menda
2179 2684 2338 2739 taciti
2382 2685 2761 2757 castigamus.

1338 2989 1756 3082 LIBER
1832 2989 2431 3111 TERTIUS.

241 3264 587 3326 509-810
643 3265 997 3337 Praepostero
1073 3264 1278 3320 ordine
1343 3267 1519 3335 atque
1578 3263 1821 3319 confuso
1852 3265 1895 3331 C
1934 3263 2154 3335 quitur,
2178 3267 2234 3319 et
2254 3262 2324 3318 de
2348 3262 2581 3335 ingenio
2601 3268 2779 3336 atque
2801 3265 3087 3334 doctrina,
3140 3270 3398 3327 audaciae
3425 3273 3585 3345 peri-

166 3356 489 3414 duodecim
512 3354 930 3428 prophetarum
951 3370 1100 3426 opus
1121 3357 1177 3408 et
1192 3352 1496 3426 coepimus,
1527 3356 1583 3407 et
1599 3352 1827 3407 Christo

167 3446 514 3517 adiuvante,
538 3442 986 3516 complebimus.
1010 3443 1134 3497 Non
1161 3442 1317 3497 enim
1347 3459 1381 3496 a
1428 3441 1619 3514 primo
1641 3456 1829 3513 usque

168 3534 247 3590 ad
274 3531 686 3599 novissimum,
704 3532 876 3602 juxta
896 3530 1159 3587 ordinem
1181 3547 1296 3601 quo
1325 3529 1618 3601 leguntur,
1643 3530 1743 3585 sed
1762 3534 1829 3585 ut

167 3622 507 3696 potuimus,
530 3626 587 3676 et
609 3625 675 3676 ut
695 3622 879 3691 rogati
903 3636 1134 3687 sumus,
1182 3619 1265 3675 ita
1283 3635 1384 3674 eos
1415 3618 1824 3674 disseruimus.

166 3712 397 3781 Naum,
426 3709 748 3779 Michaeam,
780 3708 1161 3780 SOphoniam,
1211 3712 1269 3763 et
1303 3710 1605 3779 Aggzrnm,
1640 3706 1827 3777 primo

166 3796 641 3875 φιλοπονοτάταις
662 3796 856 3853 Paule
876 3798 1123 3869 ejusque
1146 3794 1278 3850 ﬁliae
1300 3794 1614 3851 Eustochio
1631 3811 1826 3868 προτε-

167 3886 418 3965 φώνησα
440 3905 455 3942 :
476 3888 731 3943 secundo
752 3886 812 3941 in
835 3886 1072 3942 Abacuc
1096 3886 1247 3941 duos
1270 3883 1453 3940 libros
1494 3883 1829 3940 Chromatio

169 3975 544 4049 Aquileiensi
601 3976 874 4048 episcopo
932 3973 1230 4047 delegavi:
1287 3973 1456 4029 tertio
1508 3978 1640 4045 post
1671 3971 1829 4044 longi

168 4064 468 4138 temporis
486 4066 565 4137 (a)
592 4064 916 4131 silentium,
941 4064 1184 4120 Abdiam
1206 4066 1262 4118 et
1285 4063 1492 4118 Jonam
1514 4060 1619 4117 tibi
1643 4062 1829 4133 (Pam-

170 4155 417 4226 madu'o)
439 4153 750 4226 imperanti
777 4152 1063 4210 edisserui
1089 4170 1102 4208 :
1146 4152 1419 4225 praesenti
1445 4169 1600 4207 anno
1628 4150 1729 4223 qui
1753 4150 1828 4222 (ὁ)

173 4242 331 4300 sexti
360 4241 704 4300 consulatus
732 4241 961 4298 Arcadii
1007 4242 1281 4314 Augusti,
1340 4245 1397 4296 et
1451 4240 1630 4296 Anitii
1660 4237 1831 4295 Probi

171 4331 352 4389 fastis
374 4348 588 4388 nomen
611 4331 912 4404 imposuit,
952 4329 1268 4403 Exsuperio
1308 4329 1606 4386 Tolosanm
1630 4326 1829 4384 Eccle-

173 4423 283 4476 sia:
304 4420 567 4493 pontiﬁci
587 4419 949 4489 Zachariam,
980 4426 1036 4476 et
1056 4419 1322 4490 ejusdem
1367 4417 1530 4473 urbis
1556 4417 1831 4475 Minervio

173 4512 235 4566 et
257 4508 596 4566 Alexandro
630 4507 933 4564 monachis
969 4506 1316 4564 Malachiam
1356 4507 1698 4579 prophetam
1736 4506 1830 4562 in-

173 4600 538 4671 terpretatus
551 4612 704 4653 sum.
728 4594 1055 4667 Statimque
1072 4611 1379 4651 recurrens
1390 4594 1459 4650 ad
1476 4593 1829 4667 principium

173 4684 524 4754 voluminis,
558 4683 701 4743 Osee
730 4688 788 4741 et
813 4682 961 4751 Joel,
994 4689 1052 4739 et
1080 4685 1279 4749 Amos,
1316 4682 1419 4738 tibi
1473 4699 1685 4755 negare
1714 4700 1830 4740 non

174 4773 371 4848 potui.
395 4774 466 4828 Et
486 4778 619 4845 post
638 4772 1047 4845 gravissimam
1073 4772 1334 4843 corporis
1371 4772 1827 4845 aegrotationem,

175 4862 445 4917 dictandi
476 4861 769 4917 celeritate
808 4860 1039 4916 ostendi
1078 4861 1464 4916 temeritatem
1502 4877 1735 4916 meam:
1767 4865 1832 4916 ut

173 4950 343 5023 quod
366 4949 463 5006 alii
488 4950 704 5023 stylum
721 4950 1160 5023 smpevertendo
1175 4966 1289 5005 non
1316 4950 1532 5005 audent
1554 4949 1826 5020 scribere,

175 5055 295 5114 ego
320 5038 746 5097 committerem
768 5037 953 5110 casui,
974 5038 1073 5111 qui
1089 5038 1709 5110 semper(c)dictantes
1739 5054 1828 5095 se-

253 5182 333 5254 (a)
354 5181 613 5239 Triennii
637 5180 876 5254 scilicet,
901 5198 1016 5254 quo
1039 5180 1120 5254 ab,
1131 5179 1491 5252 explicandis
1512 5180 1830 5254 Scripturis

173 5226 491 5318 abstinuit,
524 5257 588 5308 ut
637 5226 705 5309 ex
732 5226 1067 5325 praeiaiione
1098 5226 1490 5308 Commentar.
1525 5251 1586 5307 in
1616 5226 1828 5308 Ionam

174 5331 554 5381 comnertnm
584 5328 692 5380 est.

282 5341 1033 5522 3E%:ﬁi?u:8§lartianmus,
1064 5394 1305 5476 ipseque
1337 5397 1507 5450 antea
1538 5392 1828 5450 Victorius

282 5508 287 5521 .
362 5483 476 5522 unc
504 5466 875 5522 consulatum
934 5483 1087 5522 anno
1144 5464 1377 5522 illigant
1431 5463 1645 5522 Christi
1700 5465 1825 5522 408.

172 5463 287 5539 qui
316 5463 476 5523 hunc
504 5466 875 5539 consulatum
934 5463 1106 5522 anno'
1144 5463 1377 5539 illigant
1431 5463 1645 5539 Christi
1700 5465 1825 5539 408,

174 5535 367 5612 quem
395 5543 623 5612 constat
648 5554 720 5612 ex
745 5538 1032 5612 fastorum
1089 5535 1263 5612 serie,
1293 5553 1360 5594 ac
1392 5535 1603 5612 priscis
1634 5536 1824 5597 moni-

174 5608 430 5691 mentis,
458 5610 532 5671 ad
562 5610 669 5673 406
696 5625 829 5672 esse
864 5608 1256 5671 referendum.

1935 3351 2133 3407 culum
2166 3352 2302 3408 facit
2328 3369 2340 3406 :
2375 3351 2679 3423 quoniam,
2713 3358 2778 3408 ut
2795 3370 2945 3425 saepe
2966 3359 3215 3413 testatus
3235 3375 3390 3430 sum,
3414 3359 3583 3418 labo-

1938 3456 2057 3495 rem
2084 3441 2316 3512 prOpria
2339 3440 2629 3495 scribendi
2654 3457 2832 3496 manu
2857 3442 3005 3499 ferre
3048 3461 3162 3500 non
3184 3444 3368 3512 valeo,
3393 3447 3451 3502 in
3481 3466 3582 3505 ex-

1937 3528 2272 3601 planatione
2284 3534 2617 3584 sanctarum
2634 3528 2863 3600 Scriptu
2874 3547 3070 3586 rarum
3081 3576 3095 3598 ,
3108 3549 3226 3588 non
3239 3535 3414 3591 verba
3428 3552 3560 3592 com

1936 3618 2145 3689 posita,
2176 3621 2233 3671 et
2262 3616 2533 3673 oratoriis
2563 3617 2805 3673 ﬂoribus
2855 3618 3158 3687 adornata,
3191 3622 3295 3677 sed
3324 3623 3578 3680 eruditio

1936 3708 1994 3760 et
2019 3704 2366 3777 simplicitas
2395 3704 2674 3775 quaeritur
2701 3704 2982 3762 veritatis.

2010 3882 2196 3954 (Vers.
2226 3883 2262 3936 2
2293 3882 2482 3954 seqq.)
2520 3883 2763 3939 Transite
2801 3885 2863 3939 in
2913 3884 3173 3957 Chelone,
3205 3888 3261 3943 ei
3286 3887 3498 3945 videte:
3529 3893 3583 3947 et

1938 3972 2065 4028 inde
2079 3973 2153 4028 ite
2174 3973 2233 4027 in
2254 3971 2451 4027 Emath
2469 3988 2750 4043 magnam,
2794 3982 2845 4028 ct
2862 3973 3167 4032 descendite
3194 3977 3255 4032 in
3304 3976 3441 4033 Gelli
3469 3984 3579 4036 Pa-

1940 4062 2276 4118 lestinorum
2296 4078 2315 4115 :
2335 4060 2410 4115 ad
2424 4063 2629 4132 optima
2654 4078 2878 4133 quaeque
2897 4080 3065 4134 regna
3087 4065 3303 4136 horum,
3333 4068 3386 4122 si
3418 4067 3585 4125 latior

1939 4156 2207 4206 terminus
2236 4166 2427 4205 eorum
2457 4152 2690 4206 termino
2718 4157 2896 4208 vestro
2926 4161 3025 4208 est.
3054 4154 3161 4222 Qui
3186 4157 3427 4225 separati
3452 4158 3583 4214 estis

1937 4241 1999 4294 in
2026 4239 2170 4294 diem
2199 4239 2431 4304 malum,
2462 4246 2514 4295 et
2541 4242 2999 4311 appropinquatis
3052 4243 3193 4299 solio
3244 4245 3581 4316 iniquitatis.

1941 4328 2051 4396 Qui
2077 4328 2333 4384 dormitis
2363 4329 2423 4383 in
2453 4328 2606 4383 lectis
2633 4329 2907 4400 eburneis,
2940 4339 2994 4386 et
3022 4331 3296 4387 lascivitis
3317 4334 3378 4387 in
3398 4336 3589 4390 stratis

1938 4420 2169 4474 vestris:
2199 4420 2296 4488 qui
2323 4416 2603 4472 comeditis
2630 4434 2840 4486 agnum
2866 4418 2932 4475 de
2975 4435 3153 4490 grege,
3201 4428 3254 4475 et
3297 4421 3497 4477 vitulos
3520 4421 3586 4478 de

1938 4506 2116 4562 medio
2143 4508 2420 4562 armenti:
2454 4508 2550 4576 qui
2578 4507 2780 4571 canitis
2809 4507 2881 4562 ad
2914 4524 3091 4563 vocem
3130 4509 3401 4579 psalterii.
3435 4509 3585 4567 Sicut

1940 4594 2111 4651 David
2137 4598 2470 4666 putaverunt
2497 4610 2555 4649 se
2583 4595 2786 4651 habere
2813 4612 2943 4651 vasa
2974 4598 3203 4660 cantici,
3253 4596 3494 4654 bibentes
3522 4599 3583 4653 in

1936 4682 2146 4755 phialis
2195 4685 2409 4749 vinum,
2465 4692 2515 4739 et
2570 4685 2775 4755 optimo
2831 4687 3105 4755 unguento
3159 4684 3394 4740 delibuti
3428 4676 3581 4751 sunt,

1938 4775 1990 4827 et
2012 4772 2162 4826 nihil
2189 4773 2546 4843 patiebantur
2573 4788 2737 4845 super
2790 4774 3126 4829 contritione
3151 4775 3365 4846 Ioseph.
3400 4773 3542 4829 LXX
3566 4792 3579 4831 :

1942 4861 2134 4914 Domus
2163 4861 2347 4929 Israel,
2390 4862 2622 4917 transite
2667 4877 2871 4928 omnes,
2894 4866 2946 4917 et
2988 4862 3163 4918 videte
3182 4862 3259 4934 (ἀ)
3291 4864 3350 4918 in
3382 4861 3587 4920 Chela-

1938 4965 2086 5012 nem,
2130 4952 2181 5003 et
2227 4950 2554 5019 pertransite
2592 4949 2720 5006 inde
2742 4952 2803 5004 in
2853 4951 3045 5005 Emath
3064 4951 3346 5019 Rabba,et
3367 4951 3584 5007 descen-

1939 5038 2055 5094 dite
2074 5039 2134 5092 in
2158 5036 2288 5092 Gelli
2312 5038 2765 5108 alienigunarum
2788 5041 3021 5109 optimas
3040 5056 3111 5095 ex
3128 5040 3379 5095 omnibus
3398 5041 3584 5111 regnis

1973 5180 2081 5261 “(0)
2116 5179 2236 5235 ΡίιῙ-
2268 5196 2410 5235 ωδε·
2443 5182 2539 5250 qui
2565 5181 2889 5252 praedictam
2908 5183 3155 5253 sequitur
3176 5200 3193 5236 :
3216 5185 3376 5253 puta,
3400 5186 3581 5238 teme-

1939 5256 2297 5390 mgttf$occs
2326 5322 2390 5376 in
2449 5322 2744 5378 Chalanem
2801 5322 2859 5377 in
2918 5322 3284 5379 Cisterciens.
3319 5340 3429 5379 ms.
3464 5339 3580 5380 non

1938 5397 2096 5450 sunt.
2130 5394 2358 5448 Absunt
2386 5409 2618 5464 quoque
2650 5411 2680 5449 a
2710 5394 2904 5449 Graeco
2952 5399 3134 5461 textu,
3176 5396 3226 5450 si
3259 5412 3445 5451 unum
3476 5400 3583 5453 aut

1938 5464 2187 5537 alterum
2209 5464 2785 5537 egemplarexcipias.
2807 5466 3266 5537 Legenditamen
3307 5483 3338 5524 e
3360 5466 3573 5528 Gracia

1938 5535 2207 5597 Patribus
2236 5534 2622 5595 Theodoritus
2642 5534 2827 5612 atque
2858 5534 3150 5597 Justinus.
