3986 6190
432 311 591 373 1059

1683 310 1723 370 S
1736 354 1750 368 .
1794 305 2109 372 EUSEBII
2152 305 2594 372 HIERONYMI

3613 310 3722 376 1060

429 444 534 512 his,
565 444 615 497 si
642 443 932 514 ampliores
960 449 1088 496 sunt
1113 443 1342 498 termini
1360 458 1549 498 eorum
1580 445 1834 497 terminis
1862 444 2075 508 vestris,
2107 446 2154 508 Α
2192 443 2348 514 poris
2389 443 2764 515 mitigandos,
2814 440 2938 498 oleo
2988 439 3316 513 purissimo,
3363 441 3454 497 sed
3488 448 3723 514 unguentis

427 533 526 603 qui
548 533 746 587 venitis
770 533 829 586 in
850 532 996 586 diem
1015 532 1248 597 malum,
1294 531 1371 602 (a)
1422 534 1516 603 qui
1561 533 2014 603 appropinqualis
2035 534 2084 585 et

429 622 658 691 tangitis
677 621 902 676 sabbata
921 621 1230 675 mendacia.
1257 621 1363 687 Qui
1384 620 1636 675 dormitis
1660 621 1719 674 in
1740 621 1891 675 lectis
1917 619 2082 674 ebur-

424 711 565 774 neis,
588 712 639 764 et
653 710 889 779 afﬂuitis
909 709 1122 763 deliciis
1169 711 1229 762 in
1249 711 1440 763 stratis
1462 711 1672 773 vestris,
1723 716 1774 763 et
1800 709 2082 764 comeditis

425 798 609 855 hazdos
638 799 704 853 Ile
759 799 1034 867 gregibus,
1071 805 1122 852 et
1176 798 1431 853 lactentes
1461 800 1661 853 vitulos
1691 797 1756 852 de
1787 797 1964 852 medio
1995 814 2082 851 ar-

423 891 752 951 mentorum,
809 887 904 957 qui
958 888 1300 956 concrepatis
1359 887 1429 940 ad
1484 903 1665 942 vocem
1703 903 2076 955 organorum:

421 979 586 1046 quasi
613 977 824 1030 stantia
852 979 1208 1046 putaverunt,
1240 979 1292 1029 et
1314 992 1422 1030 non.
1452 978 1616 1046 quasi
1644 978 1920 1046 fugientia
1939 993 1959 1036 ,ο
1985 978 2082 1045 qui

425 1066 615 1120 bibitis
643 1067 836 1120 vinum
865 1064 1204 1134 deﬂncatum,
1239 1073 1288 1118 et
1345 1067 1545 1135 primis
1601 1066 1890 1135 aug-uentis
1920 1066 2080 1136 ungi-

420 1156 584 1221 mini,
618 1161 670 1208 et
698 1153 846 1206 nihil
875 1153 1242 1223 patiebamini
1270 1169 1435 1224 super
1490 1155 1821 1208 contritione
1863 1153 2076 1224 Joseph.

424 1242 695 1298 Transite
727 1258 931 1296 omnes
963 1241 1018 1295 in
1054 1241 1328 1308 Chalane,
1361 1258 1486 1312 quae
1540 1259 1697 1297 nunc
1753 1241 2081 1313 appellatur

423 1329 756 1402 Ctesiphon,
783 1335 840 1384 et
862 1330 1106 1384 transite
1127 1346 1350 1386 omnes.
1379 1331 1484 1396 Qui
1519 1334 1658 1385 sunt
1697 1329 1792 1385 isti
1825 1343 2030 1386 omnes
2050 1329 2077 1384 ‘?

425 1419 658 1490 utrique
687 1417 772 1472 illi
805 1419 876 1473 de
908 1418 1124 1489 quibus
1147 1435 1326 1489 supra
1347 1419 1608 1474 dixerat:
1635 1418 1961 1490 Optimates,
1985 1435 2078 1473 ca-

419 1509 542 1578 pita
571 1509 716 1563 3H
757 1508 1104 1578 populorum,
1137 1513 1190 1562 et
1221 1509 1317 1578 qui
1346 1509 1593 1579 opulenti
1642 1509 1773 1562 estis
1830 1508 1888 1562 in
1922 1507 2072 1578 Sion,

420 1606 470 1652 et
491 1597 763 1667 conﬁditis
793 1599 850 1651 in
884 1605 1062 1651 monte
1091 1598 1383 1653 Samariae.
1408 1597 1522 1651 Vos
1547 1597 1727 1668 igitur
1747 1596 1990 1651 transite
2016 1595 2074 1651 in

423 1686 675 1741 Persidis
706 1684 1020 1753 civitatem,
1053 1690 1110 1739 et
1166 1685 1475 1756 diligenter
1517 1686 1823 1750 attendite,
1853 1690 1910 1739 et
1940 1685 2076 1741 inde

421 1775 639 1846 pergite
660 1774 718 1828 in
746 1774 950 1828 Emath
979 1790 1276 1844 magnam,
1305 1791 1428 1845 quae
1453 1790 1608 1829 nunc
1654 1773 1729 1844 (b)
1765 1773 2072 1828 Antiochia

423 1865 800 1918 nominatur..
822 1863 1091 1933 Magnam
1117 1867 1310 1916 autem
1338 1865 1521 1925 vocat,
1540 1863 1610 1916 ad
1631 1861 2067 1917 distinctionem

422 1952 666 2006 minoris
687 1951 918 2016 Emath,
943 1967 1071 2021 qua:
1085 1950 1414 2021 appellatur
1436 1950 1779 2022 Epiphania.
1796 1950 1957 2005 Unde
1977 1967 2070 2005 us-

422 2057 535 2112 que
556 2040 724 2094 hodie
745 2040 1124 2110 pergentibus
1137 2039 1616 2110 Mesopotamiam
1634 2040 1824 2110 prima
1840 2040 2068 2094 mansio

418 2132 660 2182 vocatur
687 2129 925 2193 Emmas,
978 2132 1250 2198 corrupto
1313 2128 1548 2199 quidem
1606 2128 1931 2194 vocabulo,
1965 2127 2067 2183 sed

420 2215 652 2288 pristini
682 2215 936 2271 nominis
969 2215 1213 2288 vestigia
1245 2217 1518 2283 retinens,
1571 2217 1741 2286 cujus
1771 2218 1930 2288 regio
1966 2233 2066 2288 ap-

420 2303 670 2377 pellatur
689 2304 969 2373 Reblalha,
993 2304 1050 2357 in
1073 2321 1189 2376 qua
1206 2309 1486 2376 przesente
1506 2305 2065 2374 Nabuchodonosor,

422 2393 576 2465 regis
603 2393 817 2448 Judaezs
850 2393 955 2463 (Al.
1001 2393 1188 2462 Judaa)
1257 2393 1553 2448 Sedechiae
1608 2395 1894 2449 interfecti
1928 2399 2070 2449 sunt

421 2482 547 2549 ﬁlii,
573 2487 625 2537 et
649 2481 798 2537 oculi
836 2481 996 2536 illius
1022 2482 1308 2536 excaecati.
1336 2484 1399 2536 Et
1423 2482 1743 2552 descendite,
1771 2483 1978 2554 inquit,
2008 2485 2069 2538 in

424 2571 559 2628 Geth
592 2573 1025 2626 Palasstinorum
1057 2571 1151 2640 (IV
1184 2573 1307 2641 Reg.
1340 2573 1452 2642 25).
1485 2571 1600 2626 Vos
1657 2572 1757 2643 qui
1790 2571 2067 2628 habitatis

421 2661 480 2716 in
505 2665 701 2716 monte
721 2660 877 2729 Sion,
903 2665 960 2715 et
979 2660 1039 2714 in
1082 2665 1279 2716 monte
1301 2661 1596 2727 Samarize,
1627 2661 1962 2716 descendite
1993 2662 2066 2716 ad

425 2749 783 2815 Palaestinos,
799 2749 894 2820 qui
914 2749 1286 2804 moranturin
1301 2766 1424 2804 cam
1436 2750 1748 2820 pestribus,
1770 2754 1825 2804 et
1839 2750 1907 2804 ad
1925 2749 2070 2821 opti-

429 2855 525 2892 ma
539 2855 766 2909 queque
781 2853 954 2908 regna
967 2837 1333 2909 horum,quze
1351 2838 1596 2892 diversis
1610 2837 1944 2893 civitatibus
1958 2838 2068 2893 sub

417 2927 635 2997 jaceat,
661 2927 825 2981 Gaza:
847 2931 902 2980 et
922 2926 1214 2994 Ascaloni,
1241 2931 1434 2990 Azoto,
1457 2928 1734 2990 Accaron,
1758 2933 1813 2980 et
1829 2927 1994 2991 Geth,
2015 2931 2071 2981 et

424 3015 614 3069 videte
634 3015 682 3068 si
707 3013 880 3068 latior
903 3013 1192 3068 terminus
1217 3031 1418 3070 eorum
1461 3015 1710 3069 termino
1758 3020 1947 3070 vestro
1971 3015 2066 3083 sit,

425 3109 622 3158 utrum
636 3120 760 3167 vos,
780 3120 852 3158 an
869 3102 974 3169 illi,
997 3103 1248 3172 majores
1263 3103 1574 3158 obtineatis
1593 3097 1917 3174 piovincias
1941 3121 1952 3158 :
1968 3120 2069 3159 vos

2194 532 2623 602 pretiosisimis.
2640 533 2903 602 Cumque
2926 529 3018 586 his
3033 529 3302 598 afﬂuatis,
3324 529 3370 584 si
3391 545 3520 601 quos
3536 530 3726 591 videritis

2195 621 2381 692 perire
2403 623 2473 677 de
2499 619 2733 693 populo,
2757 618 2919 674 nulla
2947 618 3340 675 misericordia
3363 635 3522 690 super
3558 620 3727 678 interfe-

2192 711 2382 765 ctione
2404 727 2604 766 eorum
2627 707 2952 775 ﬂectimini,
2970 708 3068 763 sed
3089 707 3442 763 contemnitis
3458 709 3599 779 quasi
3611 709 3730 767 bruta

2194 797 2492 864 animalia,
2518 802 2575 852 et
2594 798 2649 850 in
2675 812 2778 852 suo
2801 796 3016 864 bestias
3065 811 3266 850 cruore
3309 800 3598 868 pereuntes.
3621 798 3729 854 Hunc

2192 886 2463 940 eumdem
2489 902 2721 941 sensum
2745 885 2921 940 etiam
2948 882 3206 938 Ezechiel
3229 883 3732 956 prophetasubpasto—

2191 991 2320 1029 rum
2340 975 2501 1046 ponit
2521 973 2784 1045 exemplo
2813 991 2825 1028 :
2854 974 2966 1044 Qui
2992 972 3278 1028 comedunt
3315 973 3394 1026 lae
3435 972 3493 1027 de
3517 973 3680 1038 ovibm,
3700 979 3734 1028 et

2187 1065 2504 1119 vestiuntur
2533 1064 2699 1127 lanis,
2731 1067 2780 1117 et
2817 1061 3084 1133 quidquid
3108 1063 3350 1133 primum
3374 1061 3736 1128 estdevoraat,tt

2188 1154 2484 1208 vulnerala
2505 1168 2616 1206 non.
2637 1159 2856 1219 sonant,
2881 1154 3163 1221 con/recta
3186 1166 3294 1206 non
3311 1149 3735 1221 salutantpereua—

2187 1243 2266 1295 tia
2286 1257 2394 1295 non
2422 1242 2712 1312 requirunt
2757 1240 2970 1307 (Ezech.
3023 1256 3210 1306 xxxiv,
3261 1238 3312 1305 3,
3336 1238 3408 1306 4).
3438 1238 3628 1293 Cuncta
3649 1254 3737 1309 qua:

2178 1331 2349 1400 juxta
2362 1329 2619 1385 historiae
2633 1329 2891 1384 diximus
2904 1328 3230 1396 veritatem,
3246 1327 3547 1383 secundum
3559 1327 3738 1398 Septua-

2187 1417 2349 1488 ginta
2374 1419 2741 1490 interpretes,
2777 1417 2849 1473 ad
2882 1416 3167 1489 allegoriae
3202 1414 3460 1471 nubilum
3491 1415 3740 1470 transfera-

2199 1523 2353 1562 mus.
2385 1511 2604 1563 Domus
2643 1506 2840 1575 Israel,
2872 1524 2998 1578 quae
3030 1523 3064 1560 a
3095 1522 3189 1562 me
3209 1504 3620 1576 recessisti,que
3644 1521 3740 1559 con-

2187 1595 2320 1650 fidis
2341 1595 2397 1649 in
2424 1601 2618 1652 monte
2639 1595 2938 1664 Samaria},
2993 1611 3117 1666 qua:
3143 1593 3502 1649 vindemiasti
3523 1591 3744 1664 primitias

2186 1683 2725 1754 nationum,transi,
2741 1688 2798 1739 et
2811 1683 3023 1750 vide,et
3035 1699 3208 1756 perge
3222 1683 3290 1738 ad
3306 1699 3494 1738 muros
3507 1680 3744 1753 plurimos,

2183 1772 2465 1827 hocenim
2502 1771 2918 1844 interpretatur
2963 1771 3172 1826 Emath
3222 1771 3621 1840 Rabbazatque
3648 1769 3742 1823 inde

2183 1859 2496 1916 clementer
2526 1861 2814 1916 descende
2843 1861 2902 1914 in
2933 1859 3193 1915 torcular
3221 1875 3439 1924 eorum,
3469 1859 3556 1930 qui
3583 1857 3746 1912 cadunt

2178 1949 2445 2004 bibentes
2471 1967 2483 2004 :
2508 1949 2651 2004 Geth
2679 1950 2836 2004 enim
2866 1953 2921 2004 et
2939 1948 3253 2004 Philistiim
3287 1948 3393 2003 hoc
3431 1951 3678 2003 resonant.
3701 1945 3747 1999 Et

2179 2039 2375 2093 omnia
2404 2037 2818 2108 contemplare,
2851 2037 3259 2108 praecipueque
3288 2036 3505 2109 Optima
3531 2036 3743 2106 (11.0m-

2176 2127 2291 2197 nia)
2314 2143 2514 2198 regna,
2541 2126 2627 2182 vel
2649 2127 2902 2198 optimas
2925 2125 3192 2182 civitates
3211 2127 3281 2182 de
3297 2125 3555 2182 omnibus
3566 2122 3742 2194 regnis:

2177 2219 2234 2270 et
2254 2215 2558 2271 considera
2581 2216 2630 2270 si
2653 2215 2853 2286 plures
2873 2215 2992 2270 sint
3011 2214 3247 2270 termini
3277 2230 3468 2270 eorum
3490 2229 3638 2284 quam
3653 2227 3743 2266 ves-

2179 2304 2274 2358 tri.
2300 2305 2354 2358 Si
2383 2305 2540 2359 enim
2562 2301 2922 2358 voluerimus
2940 2307 3134 2358 mente
3154 2307 3420 2370 tractare,
3440 2307 3493 2357 et
3511 2301 3744 2356 universa-

2179 2410 2310 2448 rum
2333 2392 2595 2464 gentium
2619 2393 2910 2448 discutere
2942 2391 3397 2464 philosophiam,
3419 2395 3744 2464 Egyptorum,

2177 2483 2476 2552 ludorum,
2501 2487 2674 2554 atque
2696 2482 3026 2552 Persarum,
3065 2481 3420 2552 reperiemus
3449 2479 3747 2552 angustiores

2176 2585 2375 2625 earum
2399 2571 2680 2626 terminos
2710 2576 3044 2625 sanctarum
3070 2570 3336 2625 terminis
3350 2569 3746 2640 Scripturarum:

2179 2661 2234 2714 In
2259 2676 2477 2714 omnem
2499 2658 2653 2714 enim
2679 2662 2885 2713 terram
2904 2660 3076 2714 exivit
3093 2675 3266 2714 sonus
3283 2674 3484 2723 eorum,
3503 2664 3548 2712 et
3580 2657 3630 2710 in
3650 2654 3752 2722 [ints

2177 2750 2325 2804 orbis
2376 2757 2538 2804 terrae
2586 2748 2693 2819 (Al.
2744 2748 3060 2818 terrarum)
3110 2747 3273 2802 verba
3293 2740 3750 2816 eorum(Ps.xvut).

2179 2836 2280 2891 Isti
2313 2837 2528 2907 quibus
2559 2853 2740 2907 supra
2792 2835 3056 2890 dixerat:
3116 2836 3322 2891 Domus
3373 2835 3549 2902 Israel,
3577 2831 3752 2888 transite

2189 2941 2394 2993 omnes,
2427 2930 2477 2980 et
2506 2924 2701 2980 videte-
2732 2943 2766 2979 a
2795 2923 3070 2996 qualibus
3099 2925 3264 2980 vitiis
3287 2925 3356 2979 ad
3380 2922 3596 2978 meliora
3612 2926 3754 2974 trans-

2179 3013 2261 3068 ire
2280 3014 2612 3084 iubeantur,
2638 3029 2891 3084 sequens
2914 3029 3105 3068 sermo
3128 3012 3441 3068 describit:
3465 3014 3566 3081 Qui
3583 3010 3754 3065 veniunt

2181 3105 2239 3158 in
2258 3102 2401 3158 diem
2418 3103 2646 3169 malum,
2677 3105 2949 3173 parantes
2971 3099 3084 3156 sibi
3103 3101 3246 3157 vitio
3265 3117 3369 3157 suo
3387 3100 3529 3155 diem
3546 3095 3751 3152 malum:

421 3193 791 3262 inquam,vos
805 3189 1396 3262 depopulolsrael,qui
1415 3191 1893 3262 separatiestisin
1911 3192 2064 3247 diem
2097 3179 2140 3246 C
2180 3208 2294 3246 non
2327 3207 2441 3261 quo
2469 3191 2593 3245 dies
2615 3189 2770 3244 ullus
2793 3189 2870 3245 sit
2902 3188 3128 3256 malus;
3157 3191 3262 3245 sed
3287 3206 3398 3262 quo
3419 3185 3754 3258 unusquisque

424 3279 668 3347 malum,
701 3280 761 3332 in
793 3279 947 3334 diem
978 3279 1246 3334 videlicet
1276 3279 1649 3346 captivitatis,
1673 3285 1729 3335 et
1759 3281 2069 3352 appropin-

424 3368 620 3440 quatis
640 3367 786 3423 solio
807 3366 1152 3439 iniquitatis,
1175 3368 1248 3421 ad
1271 3367 1811 3438 iniquumjudicem
1833 3384 2070 3440 pergen-

423 3461 510 3513 tes
539 3473 734 3528 regem
771 3455 1175 3528 Babylonium.
1219 3456 1482 3519 Quicum
1508 3457 1628 3511 haec
1662 3458 1892 3528 passuri
1916 3457 2065 3524 sitis,

427 3563 585 3601 nunc
598 3545 868 3602 dormitis
883 3545 941 3599 in
956 3544 1120 3600 lectis
1133 3545 1852 3613 eburneis,etlascivitisin
1870 3546 2069 3601 stratis

425 3633 721 3702 mollibus,
751 3639 816 3688 ut
845 3650 1073 3688 sommo
1097 3633 1401 3688 libidinem
1425 3633 1728 3705 copuletis.
1753 3634 1860 3699 Qui
1884 3650 2071 3689 come-

422 3724 561 3780 ditis
593 3739 706 3779 non
739 3723 811 3778 ad
845 3722 1234 3794 repellendam
1271 3723 1503 3789 famem,
1539 3727 1596 3777 et
1627 3724 1696 3777 ad
1732 3728 2070 3778 sustentan-

424 3814 565 3868 dum
593 3829 806 3884 corpus
840 3812 1165 3867 humanum
1195 3829 1206 3866 :
1234 3813 1334 3867 sed
1357 3813 1424 3867 ad
1451 3811 1690 3867 delicias
1713 3812 2070 3883 atqueluxu-

425 3902 598 3969 riam,
621 3905 685 3957 ut
705 3901 993 3972 quidquid
1019 3901 1078 3955 in
1102 3901 1376 3972 gregibus
1399 3901 1532 3956 etin
1585 3901 1864 3956 armentis
1911 3905 2069 3955 tene-

434 4007 566 4046 rum
594 3996 768 4061 atque
799 3989 1013 4060 pingue
1043 3994 1150 4056 est,
1175 3993 1378 4043 vestra:
1400 3989 1548 4058 gulae
1571 3990 1789 4060 parctis
1815 4005 1826 4043 :
1854 3988 2069 4059 quibus

425 4095 539 4134 non
566 4077 782 4132 suilicit
804 4076 991 4131 libido
1014 4076 1200 4148 penis,
1225 4081 1280 4130 et
1301 4077 1576 4148 gutturis,
1597 4081 1654 4131 et
1675 4077 1745 4147 (ε)
1768 4077 2071 4133 aestuantis

424 4165 572 4220 cibis
593 4164 940 4236 aqualiculi,
983 4164 1094 4219 nisi
1118 4169 1175 4219 et
1196 4164 1472 4220 tibiarum
1498 4169 1554 4220 et
1576 4165 1830 4236 psalterii
1855 4170 1911 4221 et
1935 4165 2068 4238 lyrae

425 4253 668 4309 canticis
691 4269 863 4308 aures
885 4257 1108 4308 vestras
1128 4252 1452 4321 mulceatis,
1478 4259 1542 4308 ut
1563 4255 1716 4326 quod
1736 4255 1914 4310 David
1936 4255 2070 4311 fecit

422 4341 482 4397 in
505 4341 728 4397 cultum
776 4341 874 4396 Dei
918 4343 966 4412 (1
992 4343 1120 4396 Ραν.
1152 4343 1500 4413 XXIII-XXVI).
1553 4342 1878 4399 Levitarum
1913 4345 2069 4399 ordi-

423 4447 546 4502 nes,
579 4434 638 4486 et
653 4446 1006 4502 organorum
1039 4429 1331 4502 reperiens
1363 4431 1690 4499 varietates,
1736 4449 1837 4488 vos
1869 4433 1940 4487 ad
1971 4447 2068 4488 vo-

421 4520 706 4592 luptatem
725 4524 782 4575 et
803 4519 1093 4574 luxuriam
1116 4519 1448 4575 conferatis.
1471 4521 1755 4576 Etbibitis
1773 4521 1831 4575 in
1854 4520 2066 4593 phialis
2096 4549 2145 4611 Ι)

421 4609 765 4681 vinum,non
780 4609 850 4663 ad
870 4609 1197 4664 satiendam
1216 4607 1397 4674 sitim,
1413 4610 1512 4665 sed
1531 4610 1599 4664 ad
1615 4610 2065 4681 opprimendum

423 4675 708 4754 animum.
744 4696 811 4751 Et
869 4695 1181 4768 ungimini,
1223 4713 1336 4752 non
1369 4697 1443 4752 ad
1496 4697 1725 4754 labores
1755 4698 1907 4754 312
1941 4715 2065 4755 cor-

493 4841 569 4912 (a)
595 4843 797 4894 Deerat
814 4841 910 4910 qui
940 4839 1270 4910 relativum,
1299 4839 1454 4911 quod
1480 4844 1536 4894 et
1553 4857 1696 4896 mss.
1731 4842 2065 4912 praeferunt,

428 4916 486 4966 et
515 4911 749 4966 Graecus
781 4916 990 4966 textus.

495 4982 572 5055 (b)
593 4981 824 5055 Yereor,
851 4999 923 5036 ne
945 4981 1200 5055 dictandi
1227 4981 1595 5055 festinatione
1614 4980 1704 5035 hic
1719 4986 1868 5055 erret
1885 4983 1945 5038 S.
1967 4989 2071 5040 Do-

425 5053 568 5108 ctor.
591 5053 736 5108 Nam
759 5053 1066 5108 Antiochia
1110 5070 1236 5123 quae
1260 5053 1586 5107 conditores
1615 5069 1752 5107 suos
1779 5054 1955 5125 Syriae
1979 5073 2067 5111 re-

425 5141 526 5194 ges
539 5125 822 5197 agnoscit,
845 5126 1101 5180 immane
1119 5129 1404 5197 quantum
1422 5129 1639 5197 Amoso
1658 5126 1942 5197 recentior
1960 5132 2067 5183 est.

424 5197 494 5251 Et
522 5195 918 5269 ve'roiEmath,
942 5214 1066 5269 qua;
1104 5195 1176 5250 ob
1201 5195 1650 5269 amplitudinem
1701 5196 1916 5269 Magna,
1951 5199 2070 5254 sive

429 5267 835 5324 Emath-Rabba
910 5266 1229 5333 dicebatur,
1305 5266 1434 5321 'non
1517 5266 1907 5333 Antiochiam,
1967 5269 2068 5325 sed

424 5340 674 5396 Emesam
704 5356 831 5395 esse
861 5338 1028 5395 docet
1075 5338 1462 5393 'I‘heodoritus
1513 5338 1572 5392 in
1631 5341 1842 5395 Jerem.
1877 5357 2069 5405 xxxrx,

429 5410 713 5467 celebrem
748 5427 958 5482 nempe
1003 5410 1174 5482 Syriae
1207 5411 1412 5464 urbem
1445 5409 1515 5463 ad
1549 5409 1820 5465 Orontem
1854 5411 2071 5467 Libano

428 5483 772 5553 proximam.
821 5481 1102 5537 Convenit
1155 5486 1214 5536 et
1270 5484 1612 5553 corruptum
1646 5498 1856 5537 nomen
1887 5484 2071 5553 Emas,

469 5553 749 5628 uodqmox
809 5553 1192 5628 Hieronymus
1231 5557 1412 5628 notat,
1471 5552 1845 5628 adeoqueuet
1873 5552 2070 5628 ipsum

473 5624 712 5691 malint
763 5624 922 5684 enim
974 5623 1040 5685 et
1085 5641 1111 5683 ε
1169 5641 1239 5683 ex
1293 5623 1680 5686 Orientalium
1728 5623 2068 5704 linguarum

2179 3284 2340 3352 paret
2360 3279 2469 3335 sibi
2496 3279 2742 3346 malum,
2759 3281 2925 3351 juxta
2950 3278 3094 3333 illud
3119 3279 3281 3349 quod
3305 3279 3362 3333 in
3380 3276 3680 3332 Ecclesiaste
3693 3270 3752 3326 le-

2177 3369 2402 3441 gimus:
2438 3369 2510 3423 Ne
2539 3369 2771 3432 dixeris,
2803 3368 2917 3422 dies
2946 3369 3169 3439 priores
3215 3367 3469 3423 meliores
3494 3373 3628 3421 erant
3648 3359 3754 3415 mihi

2182 3474 2349 3528 quam
2373 3459 2505 3512 isti:
2537 3459 2798 3527 quoniam
2825 3473 2935 3511 non
2967 3457 3024 3510 in
3045 3457 3332 3527 sapientia
3352 3459 3618 3524 interrogas
3630 3463 3754 3520 super

2184 3548 2281 3602 hoc
2338 3547 2501 3618 (Eccl.
2542 3564 2641 3616 vn,
2705 3547 2824 3616 14):
2887 3544 3134 3600 stultum
3166 3550 3261 3601 est
3318 3545 3466 3601 enim
3503 3543 3671 3598 referre
3692 3535 3747 3592 ad

2180 3643 2464 3707 tempora,
2507 3652 2638 3690 cum
2672 3634 2730 3688 in
2763 3638 2962 3689 nostra
2992 3634 3068 3688 sit
3115 3639 3428 3705 potestate,
3473 3631 3543 3686 vel
3575 3630 3743 3682 bonum

2179 3726 2331 3780 diem
2347 3724 2515 3780 nobis
2531 3724 2736 3790 facere,
2755 3722 2842 3778 vel
2859 3722 3104 3778 malum.
3129 3722 3237 3778 lsti
3259 3724 3336 3795 (ά)
3362 3717 3750 3792 suntquiappro-

2179 3815 2467 3886 pinquant
2483 3813 2636 3868 313
2656 3816 2832 3882 atque
2855 3812 3208 3883 contingunt
3239 3813 3476 3868 sabbata
3497 3801 3753 3864 mendacia.

2178 3903 2476 3966 Quomodo
2507 3901 2662 3957 enim
2697 3900 3060 3956 circumcisio
3088 3901 3310 3969 carnis,
3363 3905 3418 3956 et
3462 3889 3757 3954 circumcisio

2179 3992 2370 4047 cordis
2405 3989 2750 4062 appellatur,
2786 3993 2843 4044 et
2875 3993 3014 4044 sunt
3034 3988 3092 4044 in
3117 3989 3433 4045 manifesto
3455 3983 3637 4051 Judaei,
3657 3979 3758 4035 etin

2179 4078 2428 4148 occulto,
2453 4095 2703 4149 quorum
2723 4077 2972 4133 alterum
2995 4077 3299 4148 abjicitur,
3323 4083 3379 4134 et
3399 4075 3623 4132 alterum
3639 4083 3760 4126 com-

2179 4168 2459 4240 probatur
2485 4183 2498 4221 :
2527 4167 2609 4222 ita
2631 4171 2770 4222 sunt
2791 4167 3036 4222 sabbata
3084 4167 3318 4222 Domini
3343 4169 3558 4233 sancta,
3579 4167 3627 4218 et
3650 4154 3762 4214 veri-

2177 4262 2294 4312 tate
2326 4255 2596 4325 subnixa,
2629 4261 2687 4311 et
2716 4256 2830 4311 alia
2860 4273 2973 4311 non
3034 4262 3237 4311 sancta
3296 4263 3468 4328 atque
3494 4246 3764 4309 mendacia,

2178 4361 2304 4416 quae
2335 4343 2654 4400 occidentis
2685 4343 2886 4400 litterae
2919 4349 3258 4416 sequuntur
3306 4345 3503 4401 otium.
3537 4337 3764 4407 Quodque

2177 4433 2478 4505 sequitur:
2514 4435 2610 4506 qui
2638 4434 2894 4488 dormitis
2922 4450 3086 4505 super
3115 4435 3278 4490 lectos
3309 4433 3584 4497 eburneos,
3614 4426 3684 4482 sic
3699 4423 3764 4477 in-

2177 4523 2484 4594 terpretari
2521 4539 2872 4595 possumus:
2906 4522 3013 4586 Qui
3073 4521 3297 4578 athleta
3353 4525 3442 4578 est
3485 4513 3702 4583 Domini,
3727 4511 3770 4564 et

2176 4615 2475 4666 exercetur
2505 4612 2577 4666 ad
2611 4610 2851 4676 luctam,
2882 4616 2940 4666 et
2969 4616 3259 4683 praeparat
3289 4602 3351 4666 se
3388 4612 3582 4666 contra
3607 4603 3770 4660 adver-

2177 4698 2362 4754 sarias
2394 4702 2729 4771 potestates,
2761 4699 2980 4755 dormit
3007 4700 3066 4754 in
3090 4699 3252 4755 nuda
3272 4699 3454 4754 humo
3475 4694 3685 4751 imitans
3701 4687 3772 4743 Ja-

2177 4841 2410 4914 ingenio
2437 4840 2614 4914 facile
2634 4844 3091 4914 commutantur.
3134 4841 3227 4914 (Ad
3262 4841 3384 4896 haec
3415 4842 3469 4896 et
3516 4827 3770 4914 Reblathaf

2179 4910 2356 4984 qu'am
2387 4912 2556 4967 tertio
2601 4910 2740 4984 loco
2780 4911 3068 4979 nominat,
3128 4913 3186 4984 in
3251 4913 3382 4983 ejus
3439 4913 3557 4965 erat
3583 4910 3771 4984 regiam

2179 4970 2518 5047 donstituta,
2553 4988 2616 5038 ut
2648 4981 2775 5056 aliis
2800 4970 3115 5056 Scriptura:
3149 4970 3302 5038 locis-
3337 4984 3620 5056 docemur.
3640 4970 3771 5056 lito:

2180 5072 2303 5110 ram
2336 5043 2557 5118 Emath,
2617 5055 2734 5109 sive
2789 5043 3071 5120 Minorem,
3126 5056 3286 5110 novit
3325 5055 3498 5110 etiam
3529 5043 3770 5122 Josepjluﬁ

2178 5127 2490 5196 Antiquitt,
2524 5115 2839 5198 lib,1.‘c_ap.
2859 5128 2914 5193 7,
2944 5115 3332 5198 qui’eamdem
3357 5140 3484 5198 esse
3504 5115 3770 5198 atque}???

2221 5185 2659 5271 haniaméut‘et
2689 5185 3095 5271 Hieronymus,
3140 5197 3339 5265 tradit,
3379 5185 3768 5264 Confer-0039b

2224 5216 2480 5252 naniam.
2507 5216 2572 5252 ut
2602 5216 2659 5251 er.
2689 5216 3095 5271 Hieronymus,
3140 5217 3142 5223 ·

2181 5216 2443 5325 Elebraic.
2477 5268 2536 5323 in
2568 5268 2859 5333 Genesim,
2895 5286 3022 5341 cap.
3055 5270 3142 5323 10.

2272 5344 2318 5405 c)
2352 5341 2494 5395 Tres
2526 5357 2691 5407 mss.,
2723 5337 3131 5396 aestuans'cibis
3167 5337 3534 5410 aqualiculus.
3699 5395 3728 5410 Α,

2273 5404 2329 5480 d)
2358 5411 2551 5486 Nostri
2584 5404 2746 5486 mss,
2779 5413 2879 5467 Isti
2907 5404 3373 5486 appropinquant,
3421 5418 3579 5486 atque

2179 5479 2316 5554 gunt
2343 5483 2567 5539 sabbata
2595 5485 2774 5554 facere
2817 5479 3148 5548 mendacia;
3187 5479 3470 5555 quomodo
3496 5479 3657 5534 enim
3678 5479 3765 5522 εον

2181 5557 2313 5614 cisio
2340 5555 2544 5629 carnis,
2585 5558 2696 5611 etc.
