3986 6190
411 279 570 344 1063

1667 278 1730 338 S.
1778 271 2088 338 EUSEBII
2133 270 2580 336 HIERONYMI

3605 277 3721 338 ωει

406 433 475 471 ex
506 412 804 485 superﬂuo
860 411 1180 468 disseratur
1210 428 1244 466 a
1285 410 1475 480 nobis,
1509 427 1644 466 cum
1671 406 2054 481 tropologiam
2083 407 2136 473 Α
2167 411 2375 463 cantur
2405 407 2476 464 ad
2509 422 2730 478 pcenas,
2789 410 2846 462 et
2899 406 3193 463 auferetur
3246 405 3490 463 hinnitus
3529 409 3638 479 equi
3675 426 3725 466 sx

407 510 600 559 texere
621 499 992 573 coeperimus.
1007 502 1234 557 Iuravit
1251 501 1512 556 Dominus
1535 501 1595 554 in
1609 499 1916 569 semetipso,
1949 495 2068 550 sive

411 596 476 647 ut
497 591 558 646 in
582 590 819 646 Hebraeo
843 588 1182 661 legimus,in
1203 592 1393 646 anima
1415 606 1532 661 sua,
1548 590 1720 660 juxta
1740 585 1887 641 illud
1911 584 2067 657 quod

410 681 467 734 in
484 680 636 736 Isaia
657 679 941 750 scriptum
960 683 1080 734 est:
1113 680 1437 734 Neomenias
1466 687 1516 734 et
1537 677 1762 733 sabbata
1783 679 1984 740 vestra,
2017 681 2068 728 et

405 768 521 825 dies
559 770 719 839 festos
741 767 853 824 odit
873 769 1063 822 anima
1090 783 1211 822 mea
1242 769 1368 839 (Isa.
1399 785 1438 830 ι,
1476 767 1594 838 13):
1621 783 1736 821 non
1769 781 1883 836 quo
1917 768 2066 818 Deus

408 858 666 914 animam
711 857 944 927 habeat,
981 857 1080 911 sed
1124 873 1238 928 quo
1258 851 2064 927 humanisloquaturaffecti-

409 946 701 1003 bus.3|6
724 945 838 1001 Nec
858 945 1073 1000 mirum
1096 945 1146 1000 si
1169 945 1425 1000 animam
1450 945 1662 1000 habere
1675 943 2063 1008 dicatur,cum

410 1036 586 1091 etiam
615 1035 860 1090 menbra
889 1039 1114 1102 caetera,
1150 1051 1276 1105 qua:
1322 1033 1528 1089 viliora
1553 1039 1693 1089 sunt
1713 1032 1928 1099 anima,
1964 1046 2064 1102 pe-

409 1125 534 1195 des,
568 1140 800 1192 manus,
833 1127 890 1178 et
913 1126 1197 1192 ventrem,
1234 1126 1291 1177 et
1312 1128 1474 1178 artus
1507 1127 1744 1178 caeteros
1767 1137 1827 1175 se
1850 1120 2065 1174 habere

405 1216 674 1268 testetur.
708 1212 870 1276 Quod
931 1212 979 1267 si
1032 1212 1420 1283 opposuerint
1448 1213 1618 1267 nobis
1649 1211 1728 1279 hi,
1763 1210 1862 1282 qui
1896 1208 2060 1263 Chri-

409 1304 568 1357 stum
599 1304 818 1372 negant
847 1301 1169 1356 humanam
1220 1301 1498 1356 habuisse
1529 1301 1788 1356 animam
1817 1317 1829 1366 ;
1861 1299 1963 1354 sed
2001 1297 2058 1351 in

408 1388 667 1444 humano
691 1405 931 1460 corpore
962 1393 1141 1443 Deum
1167 1389 1346 1445 fuisse
1368 1407 1470 1461 pro
1503 1387 1974 1454 anima,audiant
2002 1387 2058 1441 in

407 1477 636 1534 Christo
663 1477 1050 1534 substantiam
1075 1479 1281 1534 animae
1305 1479 1697 1534 demonstrari
1721 1496 1734 1533 :
1768 1477 2060 1550 quomodo

406 1570 463 1622 et
492 1567 758 1622 membra
788 1567 1050 1638 corporis
1101 1568 1227 1638 ejus
1258 1567 1514 1622 habuere
1545 1565 1956 1623 substantiam.
1993 1566 2058 1619 In

406 1659 518 1710 Deo
551 1659 746 1710 autem
794 1655 961 1709 Patre
981 1655 1058 1725 (a)
1091 1659 1268 1727 caput
1297 1660 1353 1710 et
1375 1656 1552 1727 pedes
1585 1661 1641 1710 et
1670 1659 1893 1721 caetera,
1929 1670 2060 1725 quae

405 1743 704 1807 dicuntur,
738 1759 853 1799 non
886 1748 1024 1798 sunt
1068 1745 1354 1813 membra,
1387 1745 1488 1799 sed
1523 1760 1625 1816 per
1653 1759 1856 1799 eorum
1889 1759 2055 1798 voca-
2087 1777 2134 1840 Β

405 1831 544 1887 bula
574 1831 1022 1887 efﬁcientiarum
1047 1833 1354 1887 diversitas
1375 1832 1668 1888 indicatur
1694 1850 1705 1888 :
1731 1833 1816 1887 sic
1845 1836 1901 1886 et
1931 1831 2058 1885 ani-

406 1935 566 1975 mam
593 1937 710 1975 non
745 1937 873 1974 esse
903 1920 1374 1986 substantialem,
1409 1923 1508 1975 sed
1543 1922 1810 1976 affectum
1844 1920 2058 1975 mentis

405 2007 668 2073 internae,
701 2012 760 2064 et
817 2008 1237 2080 cogitationum
1296 2008 1510 2076 locum,
1566 2027 1669 2080 per
1697 2025 1873 2080 quem
1907 2013 2056 2064 Deus

407 2112 578 2152 suam
633 2095 852 2151 indicet
906 2096 1284 2152 voluntatem.
1343 2099 1558 2152 Jurmvil
1605 2114 1740 2170 ergo
1770 2100 2053 2166 Dominus,

406 2185 544 2240 Deus
573 2186 932 2255 exercituum,
961 2186 1018 2240 id
1051 2191 1159 2255 est,
1189 2187 1428 2242 Sabaoth
1461 2188 1586 2258 (pro
1619 2204 1754 2258 quo,
1788 2189 2057 2242 virtutum

405 2274 788 2346 Septuaginta
814 2274 1262 2340 transtulerunt,
1315 2292 1377 2330 se
1407 2276 1685 2332 detestari
1717 2277 2052 2347 superbiam

403 2362 604 2430 Jacob,
639 2367 695 2418 et
725 2364 931 2419 domos
981 2365 1108 2436 ejus
1140 2364 1352 2420 odisse.
1393 2365 1490 2420 Hic
1521 2365 1698 2421 Jacob
1731 2367 2052 2421 secundum

403 2451 675 2524 superius
697 2452 1147 2524 capitulum,ubi
1174 2453 1458 2526 scriptum
1483 2459 1607 2510 est:
1633 2457 1697 2509 Et
1716 2455 1861 2510 nihil
1879 2457 2055 2526 patie-

406 2542 607 2597 bantur
635 2557 800 2612 super
855 2544 1181 2598 contritione
1233 2543 1446 2614 Joseph,
1508 2549 1607 2598 aut
1637 2544 1833 2600 decem
1865 2544 2054 2600 tribus

403 2629 626 2702 accipe,
659 2634 760 2685 aut
790 2636 944 2687 certe
975 2631 1307 2686 universam
1341 2633 1582 2687 domum
1614 2634 1919 2689 duodecim
1949 2633 2054 2688 tri-

404 2717 690 2774 buum.Et
717 2719 1071 2774 traditurum
1123 2720 1417 2775 civitatem
1463 2738 1595 2776 cum
1629 2721 2055 2779 habitatoribus

404 2807 1104 2875 suis;velSamariam,vel
1127 2812 1278 2864 certe
1299 2809 1647 2876 Jerusalem,
1685 2810 1771 2866 vel
1804 2811 1862 2866 in
1895 2827 2052 2866 com-

405 2897 571 2950 muni
604 2896 1105 2967 utramque.Quod
1137 2898 1208 2951 ad
1226 2901 1458 2969 tempus
1482 2898 1716 2953 Dumini
1741 2899 2054 2955 Salvatoris

405 2984 618 3039 referre
649 3000 1006 3055 possumus;
1041 2990 1172 3057 post
1221 2987 1392 3057 cujus
1414 2987 1727 3042 adventum
1748 2992 1806 3042 et
1837 2989 2052 3060 passio-

409 3087 544 3127 nem
566 3072 890 3127 detestatus
911 3077 999 3129 est
1014 3073 1168 3129 Deus
1191 3090 1423 3130 omnem
1451 3075 1812 3146 superbiam,
1843 3076 1931 3132 vel
1963 3077 2052 3132 in-

401 3159 626 3231 juriam
653 3160 853 3227 Jacob,
888 3179 1006 3233 qua
1048 3162 1152 3232 [AL
1185 3162 1346 3233 quia]
1376 3145 1541 3218 illum
1601 3165 1747 3219 fabri
1781 3165 1967 3221 filium
2001 3171 2056 3222 et
2087 3145 2128 3209 (ἶ

403 3247 860 3316 Samaritanum,
895 3255 952 3304 et
979 3250 1294 3306 habentem
1334 3252 1689 3308 daemonium
1721 3255 2055 3310 conclama-

404 3338 764 3405 bantOIatth.
789 3355 888 3393 xm
920 3341 1114 3406 ;Joan.
1138 3341 1259 3411 vm)
1286 3358 1298 3406 ;
1346 3341 1559 3397 idcirco
1582 3342 1904 3399 Jerusalem
1940 3349 2056 3400 tra-

405 3427 528 3482 dita
541 3431 630 3482 est
644 3444 776 3482 cum
794 3427 1220 3484 habitatoribus
1245 3431 1368 3485 suis
1384 3431 1661 3486 Romanis
1683 3433 2052 3489 exercitibus.

406 3515 474 3569 Et
500 3513 798 3570 intentum
830 3520 1031 3571 contra
1060 3533 1159 3572 eos
1200 3516 1400 3572 Deiira
1426 3519 1682 3585 desaevit,
1718 3525 1782 3574 ut
1820 3518 2053 3575 etiamsi

403 3603 795 3660 remanserint
823 3605 1022 3660 decem
1064 3604 1170 3660 viri
1205 3606 1262 3660 in
1303 3607 1477 3662 domo
1510 3624 1646 3676 una,
1681 3609 1794 3679 ipsi
1827 3625 2059 3680 quoque

404 3693 752 3764 moriantur,
813 3699 872 3749 et
903 3694 1292 3766 propinquus,
1345 3695 1464 3750 sive
1493 3695 1722 3751 vicinus
1753 3698 2060 3754 comburat

407 3781 688 3838 cadavera
747 3787 1136 3852 mortuorum,
1197 3787 1261 3838 ut
1316 3785 1517 3840 efferat
1575 3802 1707 3840 ossa
1757 3786 1827 3841 de
1884 3787 2058 3842 domo

407 3887 514 3927 sua
549 3886 561 3926 :
594 3871 734 3942 quia
763 3888 877 3943 prae
911 3873 1287 3928 morientium
1318 3873 1526 3940 turbis,
1561 3873 1790 3946 integra
1818 3892 2060 3947 corpora

405 3959 596 4015 efferri
626 3976 740 4014 non
764 3959 1425 4032 valeant.Cumquejam
1450 3961 1643 4018 lassus
1669 3964 1843 4018 fuerit
1862 3981 2060 4036 aspor-

403 4048 604 4112 tando,
637 4047 954 4118 interroget
1009 4065 1142 4103 eum
1193 4048 1295 4119 qui
1326 4049 1385 4102 in
1418 4049 1814 4120 penetralibus
1845 4053 2058 4108 domus

403 4137 510 4197 est,
546 4139 744 4187 utrum
801 4135 1099 4205 supersint
1150 4152 1298 4206 quos
1341 4138 1450 4192 sibi
1483 4140 1710 4195 tradere
1741 4141 1969 4205 debeat,
2004 4146 2062 4196 et

403 4221 500 4275 ille
529 4221 918 4292 respondeat:
954 4223 1113 4278 Finis
1166 4230 1273 4291 est,
1309 4226 1435 4295 jam
1494 4244 1606 4282 non
1667 4228 1850 4285 habeo
1882 4247 2058 4301 quem

403 4308 511 4364 tibi
542 4310 770 4365 tradam
803 4311 873 4365 ad
907 4311 1346 4383 sepeliendum;
1381 4319 1439 4370 et
1460 4321 1773 4386 antequam
1809 4336 1921 4374 non
1956 4319 2059 4374 ha~

403 4399 538 4456 bere
568 4415 630 4455 se
654 4400 836 4471 juret,
870 4399 987 4466 ille,
1021 4401 1121 4472 qui
1154 4402 1627 4476 interrogaverat,
1663 4411 1718 4462 et
1741 4407 1880 4462 foris
1912 4413 2055 4475 erat,

403 4493 459 4543 et
512 4505 626 4544 non
684 4505 813 4545 esse
869 4496 1237 4561 cognoverat,
1319 4492 1567 4564 imperat
1621 4495 1694 4561 ei,
1755 4499 1811 4550 et
1867 4496 2053 4552 dicit:
2091 4516 2137 4579 Ι)

408 4577 557 4642 Tace,
592 4581 644 4632 et
696 4594 804 4633 non
859 4579 1159 4634 recorderis
1205 4582 1444 4636 nominis
1501 4582 1737 4638 Domini.
1802 4585 1914 4640 Hoc
1947 4601 2055 4640 au-

401 4669 520 4720 tem
553 4667 702 4722 817
769 4667 982 4723 idcirco
1037 4675 1477 4737 commemorat,
1538 4676 1604 4726 ut
1633 4673 1920 4742 ostendat,
1954 4691 2060 4730 nec

409 4753 698 4811 malorum
723 4757 960 4828 quidem
983 4759 1240 4829 pondere
1261 4764 1316 4814 et
1350 4761 1693 4816 necessitate
1723 4763 2058 4834 compulsos

402 4843 550 4900 velle
572 4861 786 4900 nomen
812 4846 1040 4901 Domini
1061 4848 1418 4914 confiteri,et
1447 4849 1503 4902 in
1534 4854 1757 4906 tantam
1789 4853 1940 4922 apud
1975 4852 2058 4908 Is-

404 4933 520 4988 rael
543 4933 1025 5005 oblivionem,Dei
1051 4936 1281 4992 venisse
1301 4938 1746 5007 vocabulum,ut
1760 4957 1829 4996 ne
1845 4941 1901 4995 in
1918 4941 2060 4996 sim-

405 5021 540 5093 plici
557 5022 1142 5094 quidemjuramento
1158 5042 1366 5082 nomen
1391 5028 1518 5097 ejus
1541 5029 1814 5099 dignetur
1835 5031 2058 5087 audire.

405 5109 631 5166 Tenues
655 5111 912 5167 historiae
932 5112 1115 5170 lineas
1132 5113 1431 5180 duximus,
1467 5132 1621 5170 nunc
1645 5116 2061 5188 allegoriaeim-

411 5199 738 5270 primamus
765 5203 1336 5276 manum.Principes
1363 5204 1786 5273 haereticorum,
1812 5207 1911 5278 qui
1935 5224 2063 5279 pro-

409 5292 537 5360 pter
557 5288 796 5347 delicias
817 5308 956 5346 suas
978 5308 1178 5348 meum
1203 5292 1487 5364 populum
1505 5295 1879 5364 dovorabant,
1895 5301 1954 5352 et
1974 5297 2062 5353 ni-

407 5377 492 5432 hil
516 5379 891 5451 patiebantur
906 5398 1084 5453 super
1115 5381 1465 5438 contritione
1485 5383 1721 5456 Joseph,
1757 5385 1929 5457 primi
1956 5386 2030 5441 du
2052 5417 2063 5430 -

477 5520 556 5601 (a)
572 5521 834 5601 Fortasse
851 5525 1066 5580 rectius
1077 5523 1321 5601 _C.isterci
1338 5542 1642 5601 ens.mss.,
1666 5528 1729 5585 In
1748 5529 1854 5588 Deo
1878 5532 2065 5588 autem

405 5595 660 5667 Patre,ut
677 5599 880 5656 caetera
906 5613 1028 5672 quas
1055 5596 1340 5673 dicuntur,
1365 5600 1477 5658 etc.

2179 496 2453 568 Ephraim
2481 513 2492 550 :
2528 495 2627 568 qui
2658 496 2718 552 in
2744 495 3060 568 Scripturis
3091 494 3303 552 sanctis
3330 493 3602 567 dupliciter
3618 496 3724 552 acci-

2177 585 2354 656 pitur,
2388 585 2574 640 autin
2628 584 2962 656 superbiam
3004 583 3427 656 potentiamque
3451 600 3639 652 eorum,
3659 586 3726 657 qui

2177 672 2476 745 hin'niunt,
2511 677 2612 730 aut
2632 674 2691 728 in
2725 673 2984 729 libidinis
3007 673 3474 745 magnitudinem.
3505 674 3558 727 In
3584 687 3729 744 super-

2175 763 2332 818 biam
2355 763 2760 835 malorumque
2784 766 3228 830 consensum,ut
3247 761 3324 816 ibi
3347 763 3430 816 :Hi
3451 763 3504 815 in
3529 762 3732 828 curribus,

2175 861 2224 908 et
2240 853 2297 907 hi
2319 854 2378 907 in
2399 855 2548 926 equis
2571 854 2680 923 (Ps.
2705 869 2817 908 xrx.
2850 852 2904 922 8)
2938 853 3032 906 Et:
3067 851 3260 906 Fallax
3305 867 3462 922 equus
3484 850 3734 906 adsalutcm

2175 943 2284 1014 (Ps.
2319 959 2492 1008 xxm,
2531 942 2640 1012 17).
2675 947 2742 996 Et
2764 941 2998 1013 regibus
3020 939 3197 996 Israel
3220 939 3552 1012 praecipitur,
3580 957 3638 996 ne
3661 939 3738 995 sibi

2174 1030 2566 1103 multiplicent
2615 1047 2796 1103 equos
2831 1033 3015 1101 (Deut.
3041 1030 3272 1100 xvn).Et
3295 1029 3349 1084 in
3381 1029 3517 1084 libro
3539 1029 3643 1099 Job,
3667 1035 3740 1084 io:

2173 1120 2306 1190 equi
2339 1120 2597 1192 clangori
2630 1121 2782 1174 tubae
2807 1123 3178 1191 comparatur
3199 1119 3332 1188 (Job.
3366 1118 3561 1189 χχχιχ).
3591 1119 3643 1172 In
3665 1119 3736 1173 Za-

2171 1209 2372 1264 charia
2403 1226 2636 1281 quoque
2667 1209 2938 1282 legimus,
2976 1209 3133 1281 quod
3166 1207 3446 1280 Evangelii
3473 1206 3740 1262 testimonio

2170 1299 2668 1370 comprobatur,et
2696 1300 2946 1354 refertur
2965 1299 3036 1353 ad
3071 1297 3432 1371 praesentiam
3451 1295 3738 1352 Salvatoris:

2171 1387 2351 1442 Gaude
2406 1389 2593 1456 nimis,
2650 1388 2770 1458 ﬁlia
2828 1387 2995 1442 Sion:
3055 1387 3319 1458 prwdz'ca,
3349 1386 3460 1456 ﬁlia
3485 1384 3741 1442 Jerusalem.

2167 1481 2312 1533 Ecce
2330 1493 2430 1532 rex
2445 1480 2571 1532 tuus
2621 1478 2769 1533 venit
2797 1477 2901 1532 tibi
2931 1477 3111 1548 justus
3133 1481 3185 1532 et
3208 1476 3481 1531 Salvator:
3509 1476 3610 1546 ipse
3630 1489 3744 1528 man-

2166 1570 2371 1633 suetus,
2405 1571 2459 1621 et
2479 1567 2778 1621 ascendens
2808 1582 2972 1637 super
3019 1566 3240 1620 asinam
3281 1569 3333 1621 et
3355 1564 3558 1636 pullum
3581 1565 3747 1625 asina:

2165 1663 2214 1710 et
2234 1654 2510 1726 disperdat
2539 1654 2843 1726 quadrigas
2891 1671 2962 1709 ere
2981 1655 3274 1725 Ephraim,
3305 1661 3355 1708 et
3381 1668 3528 1724 equos
3545 1651 3603 1707 de
3624 1655 3746 1709 Jeru-

2166 1742 2333 1800 salem
2365 1745 2546 1813 (Zach.
2581 1761 2656 1815 ιχ,
2684 1745 2760 1809 9).
2793 1746 2854 1799 In
2877 1742 3141 1798 libidinis
3175 1759 3306 1799 vero
3334 1740 3750 1814 magnitudinem,

2167 1836 2223 1888 et
2251 1833 2596 1888 eﬂ'renatum
2630 1833 2820 1888 coitus
2844 1831 3299 1898 desiderium,ut
3326 1831 3384 1886 in
3411 1829 3654 1892 Jeremia,
3679 1827 3750 1900 qui

2164 1921 2496 1976 luxuriosos
2525 1921 2938 1993 adulterosque
2985 1919 3344 1983 describens,
3375 1918 3590 1975 intulit:
3621 1918 3750 1974 Unus-

2165 2011 2388 2081 quisque
2399 2026 2563 2079 super
2573 2026 2806 2065 uxorem
2812 2011 3062 2081 proximi
3081 2011 3172 2064 sui
3190 2008 3468 2064 hinniebat
3486 2008 3600 2077 (Jer.
3625 2022 3671 2073 v,
3694 2005 3749 2072 8).

2163 2099 2330 2154 Tales
2359 2116 2563 2170 equos,
2622 2100 2837 2155 Christi
2899 2100 3208 2167 adventus,
3241 2102 3299 2154 et
3332 2097 3423 2153 Dei
3455 2096 3533 2152 ira
3560 2095 3746 2151 subner-

2164 2189 2350 2243 vat.Et
2365 2188 2531 2258 jurat
2553 2187 2836 2244 Dominus
2880 2203 2983 2260 per
3013 2188 3394 2259 semetipsum
3444 2184 3589 2257 (quia
3609 2183 3745 2253 majo-

2164 2293 2286 2332 rem
2318 2293 2420 2348 per
2449 2293 2623 2349 quem
2639 2278 2800 2348 juret
2824 2293 2936 2332 non
2983 2277 3184 2348 habet)
3216 2294 3278 2332 se
3309 2274 3565 2332 detestari
3593 2287 3746 2328 omnes

2164 2365 2567 2421 haereticorum
2589 2365 3061 2435 contumelias,et
3090 2365 3392 2421 universas
3413 2364 3646 2436 regiones
3669 2375 3740 2415 eo-

2163 2471 2292 2509 rum
2317 2455 2510 2510 odisse
2542 2455 2722 2526 (Hebr.
2746 2455 2847 2525 νι).
2880 2454 3178 2525 Quidquid
3203 2453 3358 2510 enim
3380 2453 3664 2524 loquuntur
3684 2448 3744 2502 in-

2154 2543 2316 2614 juria
2343 2548 2453 2610 est,
2485 2551 2541 2599 et
2571 2543 2812 2616 dignum
2842 2543 2940 2598 Dei
2965 2543 3117 2599 odio.
3153 2543 3223 2598 Et
3253 2541 3567 2598 ablaturum
3591 2538 3742 2594 civita-

2162 2637 2280 2688 tem
2312 2637 2368 2688 et
2395 2631 2781 2688 conciliabula
2801 2649 3002 2688 eorum
3027 2648 3160 2687 cum
3185 2632 3283 2687 his
3304 2631 3401 2704 qui
3438 2629 3684 2692 habitant,
3707 2629 3746 2681 et

2162 2721 2446 2794 populum
2479 2721 2828 2792 videlicet,et
2850 2720 3419 2794 magistros,etiamsi
3443 2717 3626 2790 reliqui
3652 2716 3747 2770 fue-

2163 2809 2281 2864 rint
2301 2810 2499 2864 decem
2520 2809 2624 2864 viri
2643 2809 2765 2880 (qui
2789 2809 2837 2864 si
2856 2809 3104 2865 fuissent
3126 2810 3189 2864 in
3213 2807 3474 2865 Sodomis
3494 2811 3546 2863 et
3563 2805 3748 2861 Gomor-

2163 2894 2286 2952 rhis
2317 2894 2525 2966 (Genes.
2553 2900 2692 2965 XIX),
2727 2912 3096 2968 nequaquam
3152 2915 3331 2968 super
3352 2913 3446 2952 eas
3475 2890 3746 2950 descendis-

2163 2989 2251 3040 set
2279 2984 2874 3056 incendium),omnes
2896 3002 3024 3041 esse
3055 2987 3376 3042 morituros
3392 3001 3456 3042 ea
3471 2987 3747 3052 morte,que

2165 3074 2328 3130 ducit
2349 3076 2418 3130 ad
2452 3079 2759 3145 tartarum,
2793 3076 2864 3130 de
2896 3092 3014 3148 qua
3041 3075 3312 3132 Ezechiel
3350 3075 3570 3132 scribit:
3597 3072 3748 3127 Anima

2169 3180 2285 3235 quae
2327 3167 2650 3234 peccaverit,
2708 3166 2829 3236 ipsa
2859 3166 3128 3220 morietur
3160 3165 3386 3237 (Ezech.
3440 3165 3603 3230 xvm).
3644 3162 3750 3214 ista

2168 3269 2297 3308 rum
2326 3270 2460 3308 ossa
2490 3252 2781 3324 sepeliunt
2809 3254 3122 3326 propinqui
3164 3259 3227 3310 et
3256 3253 3541 3311 domestici
3571 3262 3742 3314 eorum,

2167 3343 2236 3396 de
2267 3342 2480 3412 quibus
2511 3341 2759 3397 dicitur:
2791 3343 2940 3412 Sine,
2965 3342 3118 3397 3I8
3145 3345 3356 3400 mortui
3382 3340 3613 3414 sepeliant
3641 3350 3748 3391 mor-

2167 3438 2284 3485 tuos
2304 3447 2427 3486 suos
2448 3431 2684 3502 (Luc.1x,
2719 3431 2830 3502 60).
2864 3432 2930 3486 Et
2951 3431 3049 3486 ille
3073 3432 3173 3504 qui
3201 3433 3344 3488 foris
3365 3437 3465 3496 est,
3494 3434 3542 3484 et
3559 3429 3745 3483 domum

2169 3537 2283 3575 non
2314 3519 2642 3592 ingreditur
2674 3525 3078 3587 mortuorum;
3103 3523 3208 3576 sed
3244 3521 3430 3594 magis
3451 3522 3665 3574 mortuos
3683 3513 3745 3566 fo-

2168 3626 2262 3664 ras
2293 3608 2472 3679 ejicit,
2537 3608 2786 3680 imperat
2848 3609 2896 3664 ei
2958 3609 3058 3680 qui
3115 3610 3416 3666 comburit
3450 3601 3743 3666 mortuos,“

2168 3696 2434 3753 dissolvit
2463 3697 2523 3752 in
2556 3698 2798 3767 cineres,
2832 3702 2888 3753 et
2917 3714 3122 3753 eorum
3184 3715 3320 3755 ossa
3358 3690 3663 3754 comminuit,
3687 3687 3738 3739 ut

2167 3790 2391 3842 taceat:
2429 3791 2487 3842 et
2551 3785 2939 3858 purissimum
2998 3786 3100 3842 Dei
3159 3804 3378 3843 nomen
3438 3788 3624 3842 mortuo
3668 3787 3746 3831 ore

2171 3892 2284 3930 non
2315 3875 2588 3930 maculet.
2623 3875 2914 3931 Peccatori
2965 3875 3121 3931 enim
3155 3876 3302 3932 dicit
3331 3879 3502 3932 Deus:
3532 3872 3676 3941 Quare
3703 3868 3748 3917 τι

2167 3980 2398 4019 enarras
2416 3966 2668 4036 justitias
2687 3979 2856 4028 meas,
2881 3971 2932 4019 et
2961 3966 3202 4022 assumis
3235 3967 3593 4021 testamentum
3612 3967 3749 4012 meum

2166 4068 2266 4124 por
2280 4069 2336 4108 os
2355 4060 2506 4108 tuum
2527 4054 2641 4121 (Ps.
2673 4053 2862 4124 XLIX)?
2906 4052 3070 4109 Unde
3117 4058 3175 4109 et
3199 4060 3307 4111 nos
3328 4052 3604 4126 providam
3625 4043 3752 4101 debe-

2169 4158 2323 4210 mus,
2357 4158 2430 4198 ne
2444 4143 2663 4197 mortui
2687 4142 3041 4214 sepeliamus
3063 4150 3331 4201 mortuos
3357 4163 3370 4213 ;
3402 4143 3496 4199 sed
3526 4143 3584 4196 ut
3610 4131 3752 4204 magis

2167 4230 2547 4296 viventes,eos
2574 4231 2675 4302 qui
2706 4237 2847 4287 sunt
2879 4233 3200 4304 mortui,(b)
3224 4235 3597 4306 producamus
3616 4224 3674 4281 ad
3696 4219 3756 4275 vi-

2171 4327 2305 4374 tam.
2341 4320 2502 4382 Quod
2531 4320 2580 4375 si
2611 4336 2726 4375 non
2786 4321 3117 4388 fecerimus,
3177 4323 3500 4396 imperatur
3544 4314 3686 4373 nobis
3715 4310 3756 4363 et

2169 4408 2384 4464 dicitur
2411 4426 2424 4464 :
2451 4409 2600 4475 Tace,
2635 4409 2775 4481 quia
2821 4410 3049 4483 indigni
3088 4411 3187 4467 Dei
3212 4407 3756 4482 nominejudicamur-

2241 4497 2425 4568 (Vers.
2463 4498 2528 4552 12
2557 4499 2747 4570 seqq.)
2800 4499 2942 4567 Quia
2985 4516 3106 4555 ecce
3150 4501 3414 4557 Dominus
3432 4487 3760 4554 mandabihtl

2167 4588 2430 4658 percutiet
2455 4587 2675 4642 domum
2704 4588 2967 4658 majorem
2994 4591 3198 4658 ruinis,
3225 4595 3279 4646 et
3308 4590 3519 4646 domum
3545 4585 3758 4639 minorem

2167 4676 2560 4731 scissionibus:
2592 4677 2860 4748 numquid
2888 4694 3110 4734 currere
3155 4688 3362 4750 queunt
3390 4679 3446 4734 in
3471 4676 3624 4750 peer
3646 4663 3757 4740 ϐφίίν

2169 4773 2264 4820 aut
2286 4766 2443 4820 arari
2487 4773 2663 4836 potest
2708 4767 2769 4820 in
2801 4767 3017 4822 bubulis
3036 4768 3065 4822 ‘2
3095 4769 3369 4836 Quoniam
3394 4759 3696 4823 convertistis
3717 4755 3758 4807 ξπ

2170 4853 2600 4909 amaritudinem
2612 4855 2911 4925 judicium,
2943 4865 2995 4912 et
3021 4859 3265 4927 fructum
3279 4858 3515 4929 justitia?
3539 4855 3592 4908 in
3617 4845 3758 4929 absinf

2171 4943 2365 4998 thium.
2401 4943 2510 5012 Qui
2540 4943 2814 5000 Iaelamini
2842 4947 2900 5000 in
2929 4946 3126 5014 nihili,
3170 4927 3482 5018 qui—diedie
3502 4960 3514 4997 :
3537 4927 3759 5007 Numquid

2170 5049 2281 5088 non
2308 5035 2366 5088 in
2394 5035 2723 5103 fortitudine
2749 5039 2931 5090 nostra
2963 5038 3360 5108 assumpsimus
3389 5034 3538 5092 nobis
3561 5020 3760 5086 cernua?

2172 5123 2304 5177 Eeee
2333 5125 2481 5178 enim
2510 5124 2778 5178 suscitabo
2827 5140 2992 5194 super
3045 5141 3156 5191 vos,
3210 5125 3403 5181 domus
3458 5119 3635 5184 Israel,
3661 5108 3758 5167 ἀὲείί

2171 5213 2431 5268 Dominus
2459 5216 2607 5268 Deus
2634 5215 3285 5286 exercituum,gentem,et
3314 5217 3580 5269 conterent
3625 5217 3693 5259 v03
3706 5195 3755 5286 ξδ

2173 5303 2409 5356 introitu
2441 5301 2654 5370 Emath,
2687 5319 2856 5373 usque
2915 5284 3015 5358 adi
3041 5309 3339 5360 torrentem
3393 5299 3597 5357 deserti.
3629 5284 3757 5348 LXX:

2173 5395 2476 5463 Pr0pterea
2492 5407 2609 5448 ecce
2638 5394 2910 5448 Dominus
2921 5393 3223 5462 mandabit,
3257 5395 3309 5449 et
3319 5390 3573 5465 percutiet
3588 5384 3755 5441 domum

2243 5533 2320 5608 (b)
2351 5532 2559 5592 Maluit
2589 5533 2806 5592 Victor-
2836 5533 3210 5610 perducamus.
