3988 6170
165 201 322 262 £069

913 205 1657 270 COMMENTARIORUM
1700 209 1779 268 IN
1826 186 2040 270 AMOS
2088 209 2234 268 LIB.
2284 209 2387 268 ιιι.
2437 211 2603 270 CAP.
2652 211 2786 270 v11.

3412 211 3570 280 1070

161 333 280 389 bus
308 334 538 407 expleta
566 351 695 408 quae
726 340 859 394 ante
887 338 1155 394 nuntiata
1196 343 1354 407 sunt,
1409 342 1818 396 convertantur
1844 341 1897 408 Α
1929 340 2145 411 posuit,
2165 343 2220 396 et
2251 339 2535 412 paulatim
2569 341 2630 397 in
2662 341 2867 398 Gazam
2896 355 3090 396 errore
3115 342 3426 412 corruptus
3457 344 3568 399 est.

161 423 235 478 ad
267 423 491 479 cultum
525 424 650 492 Dei,
684 426 745 482 in
774 428 945 498 cujus
975 427 1274 500 prophetis
1305 428 1681 485 divinationis
1721 433 1810 485 est

159 512 670 569 veritas.Ostendit
693 514 873 587 igitur
893 516 1598 574 DominusSemnachsrib
1613 534 1806 590 regem

156 602 530 673 Assyriorum
562 619 697 658 cum
730 603 960 660 inﬁnita
991 607 1280 661 exercitus
1303 606 1700 677 multitudine,
1725 606 1811 661 in-

156 694 285 745 star
312 689 551 746 locustae
579 693 1157 761 universatondenti,
1191 712 1320 751 esse
1374 700 1688 752 venturum
1746 695 1806 750 in

155 779 447 852 principio
479 780 688 836 imbris
719 783 980 852 serotini,
1008 786 1244 855 quando
1276 788 1536 840 extrema
1566 785 1665 840 Dei
1689 802 1808 840 om-

163 868 487 940 nipotentis
521 870 924 927 misericordia
957 873 1254 944 indigebat
1285 872 1460 928 Israel
1488 874 1686 944 :hujus
1705 891 1807 929 au-

159 960 281 1012 tem
313 956 550 1014 locustae
584 959 750 1015 ﬁctor
770 967 825 1015 et
849 970 1072 1016 creator
1110 966 1197 1016 est
1223 962 1521 1020 Dominus.
1553 963 1685 1025 Qum
1735 965 1812 1018 Ιο-

156 1049 330 1100 custa
359 1047 515 1102 venit
547 1047 607 1103 in
665 1048 954 1120 principio
1013 1050 1220 1105 imbris
1259 1051 1523 1119 serotini,
1573 1053 1808 1123 quando

155 1139 373 1190 cuncta
401 1135 590 1191 virent
615 1141 672 1192 et
700 1138 953 1209 parturit
980 1139 1174 1195 omnis
1196 1148 1413 1211 ager,et
1443 1141 1808 1196 diversarum

149 1223 433 1280 arborum
469 1226 637 1281 ﬂores
668 1226 726 1281 in
760 1226 851 1283 sui
881 1227 1114 1299 generis
1139 1244 1314 1300 poma
1345 1233 1721 1300 rumpuntur.
1745 1231 1810 1284 Et

153 1315 221 1366 ut
249 1329 368 1368 uno
400 1329 668 1370 sermone
726 1315 979 1370 indicem
1041 1317 1196 1388 quod
1253 1317 1401 1384 volo,
1461 1323 1808 1374 cunctarum

151 1401 596 1457 abunduntiam
629 1419 851 1470 rerum,
878 1406 1051 1459 ﬂores
1082 1405 1381 1472 arborum,
1414 1410 1588 1478 atque
1618 1407 1810 1462 herbas

146 1495 422 1562 segetum
445 1491 942 1563 pollicentur.Has
965 1499 1164 1549 autem
1187 1493 1596 1566 locustas,quae
1620 1495 1809 1566 primo

146 1595 287 1634 vere
317 1579 656 1648 volitabant,
675 1582 938 1638 bruchus
956 1582 1406 1639 innumerabilis
1431 1585 1805 1656 sequebatur,

147 1669 256 1739 qui
290 1669 558 1726 veniebat
586 1675 718 1743 post
748 1670 997 1728 imbrem
1031 1674 1447 1742 serotinum,et
1476 1672 1808 1745 appellaba-

149 1763 255 1812 tur
282 1762 490 1814 tonsor
504 1759 590 1814 vel
607 1763 852 1816 tonsura
872 1760 1046 1832 regis,
1069 1778 1134 1816 eo
1149 1763 1304 1832 quod
1327 1762 1600 1817 universa
1627 1765 1812 1818 vasta-

143 1847 323 1912 verit,
358 1852 415 1902 et
446 1847 594 1902 nihil
625 1849 860 1919 pcnitus
911 1847 1210 1921 reliquerit
1254 1850 1446 1905 herbae
1469 1850 1709 1906 virentis
1750 1851 1811 1905 in

144 1941 330 1992 terra.
355 1940 522 1991 Hunc
536 1937 981 2005 tonsorem,sive
1001 1942 1329 2006 tonsuram,
1365 1940 1545 1996 Isaias
1576 1945 1810 1996 acutam

151 2024 509 2081 novaculam
566 2031 732 2081 vocat
792 2027 943 2099 (Isai.
993 2029 1116 2099 vn),
1147 2045 1274 2099 quae
1307 2027 1456 2100 pilos
1489 2045 1692 2084 omnes
1754 2033 1812 2085 et

148 2113 402 2186 capillos
425 2115 727 2170 Israelitici
761 2115 1020 2188 corporis
1070 2116 1300 2172 raserit.
1362 2119 1648 2189 Cumque,
1707 2117 1810 2186 ait,

146 2203 512 2272 dubitarem,
539 2221 664 2274 quae
689 2209 843 2260 esset
873 2205 986 2261 ista
1018 2205 1318 2273 novacula,
1349 2207 1546 2261 statim
1582 2205 1806 2274 intulit,

146 2309 356 2365 regem
375 2292 768 2365 Assyriorum.
796 2293 1087 2349 Novacula
1119 2294 1296 2366 igitur
1322 2299 1377 2350 et
1407 2299 1610 2350 tonsor
1651 2296 1807 2351 324

140 2382 643 2454 regis,exercitus
675 2381 1077 2438 Chaldaeorum
1122 2387 1231 2448 est,
1293 2383 1392 2454 qui
1456 2384 1515 2438 in
1563 2385 1806 2439 modum

135 2470 364 2527 brucbi
392 2471 668 2527 universa
700 2472 1016 2544 populatus
1047 2480 1155 2543 est,
1190 2476 1372 2528 etnon
1395 2472 1586 2528 solum
1612 2473 1808 2545 fruges

139 2561 251 2617 sed
286 2560 469 2632 ligna,
505 2561 725 2628 fenum,
751 2561 1144 2633 stipulamque
1166 2562 1804 2632 consumpsit.Factum

139 2654 241 2707 est
273 2654 473 2705 autem
504 2665 639 2705 cum
663 2655 1135 2706 consummasset
1166 2649 1426 2705 bruchus
1444 2650 1543 2722 qui
1569 2654 1808 2706 venerat

139 2743 287 2812 post
319 2737 608 2794 locustam
643 2739 942 2794 comedere
973 2739 1214 2795 herbam
1231 2744 1418 2810 terrae,
1437 2744 1493 2794 et
1523 2740 1808 2811 propheta

139 2826 508 2898 intelligeret
535 2827 690 2898 quod
722 2827 974 2893 videbat,
1008 2828 1078 2882 ad
1113 2843 1312 2899 preces
1332 2828 1599 2895 vertitur,
1623 2832 1678 2882 et
1691 2827 1801 2882 ait:

136 2918 390 2974 Domine
421 2916 577 2986 Deus,
609 2916 886 2987 propitius
913 2918 1043 2987 esto,
1068 2917 1307 2971 obsecro.
1367 2915 1508 2973 Nolo
1540 2915 1598 2970 in
1659 2916 1806 2971 sub-

141 3005 424 3060 versione
445 3003 774 3076 populimei
805 3021 935 3060 mea
962 3005 1138 3060 verba
1170 3003 1446 3076 compleri
1478 3021 1490 3058 :
1526 3004 1658 3060 nolo
1710 3021 1804 3060 me

1841 1716 1890 1781 B

1921 429 2200 504 Dicamus
2234 434 2290 484 et
2321 429 2740 501 spiritualiter:
2776 430 2877 502 qui
2918 434 3051 502 post
3106 445 3283 500 cpera
3324 429 3570 501 justitim

1919 517 2011 588 (de
2039 517 2254 588 quibus
2290 518 2347 572 in
2397 519 2680 590 propheta
2711 519 2930 575 dicitur
2959 537 2972 575 :
3002 519 3280 575 Seminaie
3304 518 3454 573 vobis
3510 520 3573 575 in

1909 607 2151 678 justitia,
2185 609 2233 661 et
2254 609 2512 663 innovate
2540 609 2688 664 vobis
2743 610 2998 664 novalia:
3059 616 3111 664 et
3163 623 3233 662 ne
3287 608 3568 663 seminetis

1917 711 2080 765 super
2132 697 2323 766 spinas
2381 697 2533 768 (Osee
2579 715 2633 762 x,
2685 701 2738 752 et
2793 701 2916 753 Jer.
2969 696 3045 768 1v)
3094 695 3282 769 gratia
3334 699 3572 767 peccata

1919 784 2339 855 commiserint,
2376 784 2677 841 inducitur
2715 803 2890 857 super
2945 802 3044 842 eos
3093 786 3263 856 fctus,
3323 784 3410 841 vel
3469 801 3570 858 ge-

1919 873 2141 928 neratio
2218 874 2578 930 locustarum
2644 875 2884 930 veniens
2956 875 3268 942 matutina,
3332 874 3568 946 quando

1917 962 2359 1018 transeuntibus
2421 964 2609 1019 noctis
2639 963 2896 1020 tenebris
2949 964 3241 1036 incipiunt
3272 980 3380 1018 sua
3436 979 3568 1034 pec-

1921 1054 2047 1104 cata
2077 1067 2444 1124 cognoscere,
2479 1058 2536 1108 et
2565 1053 2705 1126 quia
2738 1070 2852 1108 non
2887 1057 3131 1125 egerunt
3159 1051 3568 1124 paenitentiam

1919 1140 2069 1197 825
2105 1141 2420 1197 adducitur
2453 1143 2731 1210 bruchus,
2767 1142 2866 1213 qui
2909 1141 3236 1214 appellatur
3259 1142 3402 1213 Gog.
3435 1155 3565 1196 rex:

1921 1229 2043 1300 Gog.
2063 1234 2259 1285 autem
2276 1231 2334 1286 in
2355 1231 2617 1304 linguam
2633 1235 2894 1287 nostram
2917 1231 3572 1301 vertitur(b)tectum,su-

1919 1319 2099 1390 perba
2129 1320 2397 1390 quaedam
2423 1325 2479 1376 et
2499 1337 2780 1393 arrogans
2805 1319 3373 1390 fortitudo.Cumque
3403 1323 3574 1374 terrae

1920 1412 2131 1462 nostrae
2167 1408 2368 1463 fenum
2399 1409 2800 1481 stipulamque
2823 1406 3272 1479 consumpserit,
3310 1406 3574 1478 quicum-

1921 1512 2034 1568 que
2053 1497 2242 1552 sancti
2267 1497 2325 1551 in
2350 1498 2566 1570 populo
2588 1497 3057 1566 fuerint,veniam
3079 1496 3576 1568 praecabuntur,et

1921 1585 2149 1641 dicent:
2184 1587 2418 1642 Domine
2445 1589 2605 1655 Deus,
2634 1589 2912 1659 propitius
2934 1596 3064 1644 esto.
3083 1585 3223 1650 Quis
3243 1584 3400 1641 enim
3424 1585 3573 1641 alius

1922 1675 2207 1730 suscitare
2237 1675 2448 1747 poterit
2475 1676 2654 1732 Jacob
2683 1678 2812 1747 (Isa.
2846 1677 2903 1748 x)
2925 1677 2953 1730 ‘I
3010 1675 3143 1747 quis
3201 1673 3568 1729 medicorum

1923 1780 2130 1819 sanare
2159 1762 2547 1838 αἱμορῥοῦσαν,
2578 1765 2692 1820 nisi
2724 1769 2784 1820 tu
2819 1764 3000 1832 solus,
3033 1764 3104 1820 ad
3135 1764 3308 1835 cujus
3347 1765 3569 1818 tactum

1922 1851 2186 1920 ﬁmbriae,
2221 1853 2417 1908 statim
2449 1854 2671 1910 sanitas
2703 1853 2852 1910 redit
2881 1854 3031 1926 (Luc.
3063 1852 3234 1920 vni)?
3288 1851 3571 1909 Parvulus

1921 1948 2006 1997 est
2028 1941 2182 1996 enim
2213 1943 2414 2011 Jacob,
2439 1943 2560 1998 sive
2578 1943 2793 1999 modici
2824 1942 3074 2013 numeri,
3108 1941 3248 2012 quia
3291 1940 3453 1996 nulla
3508 1940 3568 1996 in

1921 2029 2005 2084 eis
2036 2029 2122 2085 vel
2154 2047 2341 2101 pauca
2379 2031 2668 2086 virtutum
2726 2047 3060 2101 remansere
3090 2028 3352 2102 vestigia.
3380 2027 3571 2082 Poeni-

1921 2122 2037 2174 teat
2063 2122 2138 2184 te,
2173 2119 2440 2187 Domine,
2472 2137 2649 2192 super
2667 2119 2797 2186 hoc,
2831 2121 2985 2190 quod
3020 2123 3075 2174 te
3117 2118 3410 2173 facturum
3465 2119 3584 2188 tuo

1918 2207 2134 2278 populo
2166 2209 2560 2264 comminatus
2585 2226 2667 2264 es.
2701 2207 3108 2263 Paenitentiam
3131 2209 3328 2261 autem
3357 2203 3458 2260 Dei
3507 2203 3569 2259 in

1917 2297 2231 2367 Scripturis
2255 2297 2338 2352 sic
2364 2298 2646 2353 debemus
2669 2297 2950 2368 accipere,
2975 2295 3268 2367 quomodo
3290 2308 3568 2348 somnum

1917 2388 1973 2438 et
2000 2384 2145 2440 iram
2171 2402 2183 2439 :
2207 2403 2322 2441 non
2355 2387 2508 2457 quod
2543 2387 2726 2442 Deum
2758 2385 3054 2457 paeniteat,
3089 2387 3190 2439 aut
3217 2385 3403 2438 mutet
3431 2398 3569 2437 sen-

1915 2473 2181 2544 tentiam,
2214 2474 2315 2544 qui
2346 2473 2607 2545 loquitur
2628 2490 2728 2546 per
2759 2473 3100 2546 prophetam
3129 2488 3141 2526 :
3175 2473 3285 2539 Ego
3316 2471 3478 2538 Deus,
3506 2476 3562 2526 et

1914 2577 2023 2617 non
2042 2567 2228 2617 mutor
2256 2563 2416 2633 (Mal.
2450 2581 2535 2631 In,
2566 2563 2644 2631 6).
2678 2563 2746 2617 Et
2767 2561 2859 2617 cui
2893 2578 3000 2618 nos
3021 2560 3314 2616 dicimus:
3353 2559 3428 2614 Tu
3457 2574 3561 2614 au-

1915 2655 2022 2706 tem
2053 2652 2202 2706 idem
2231 2653 2348 2722 ipse
2375 2668 2450 2720 es,
2483 2660 2533 2708 et
2561 2653 2700 2707 anni
2727 2653 2808 2706 tui
2850 2665 2962 2706 non
3011 2649 3267 2720 deﬁcient
3307 2648 3424 2720 (Ps.
3483 2662 3560 2716 CI,

1914 2739 2038 2808 28);
2073 2740 2173 2794 sed
2205 2742 2381 2810 quod,
2416 2741 2584 2796 nobis
2607 2741 2676 2795 ad
2707 2739 2952 2794 meliora
2971 2735 3559 2806 conversis,etipsum

1916 2829 2190 2898 poeniteat
2220 2829 2519 2884 sententiae
2543 2845 2682 2896 sum,
2709 2831 2773 2882 ut
2793 2843 2898 2882 nec
2911 2827 3074 2896 justo
3094 2825 3298 2881 reddat
3318 2822 3562 2896 praemia

1915 2933 2041 2987 quae
2076 2918 2363 2989 promisit,
2395 2919 2444 2974 si
2475 2917 2850 2974 declinaverit
2872 2916 2944 2972 ad
3003 2915 3398 2987 iniquitatem,
3452 2929 3556 2969 nec

1915 3007 2200 3076 peccatori
2222 3024 2444 3079 poenas,
2478 3023 2626 3078 quas
2648 3006 3040 3061 comminatus
3059 3003 3224 3073 est,si
3245 3017 3563 3059 conversus

144 3095 235 3151 ad
271 3094 378 3148 hoc
407 3092 648 3149 electum
683 3094 752 3149 de
784 3094 1682 3165 pastorumnumero,utruinam
1705 3094 1802 3150 de-
1835 3081 1878 3147 C
1917 3095 2093 3150 fuerit
2123 3097 2192 3150 ad
2224 3095 2494 3151 salutem.
2527 3094 2752 3150 Dicitur
2780 3095 2852 3149 ad
2885 3110 3019 3149 eum
3051 3091 3151 3164 qui
3183 3095 3424 3147 acturus
3472 3091 3564 3146 est

144 3200 287 3240 cem
321 3181 578 3237 tribuum
611 3183 898 3237 nuntiem.
933 3182 1073 3246 Quis
1102 3182 1259 3237 enim
1291 3182 1501 3253 poterit
1521 3183 1805 3238 suscitare

142 3272 365 3340 Jacob,
395 3270 508 3327 nisi
539 3275 602 3327 tu
628 3271 835 3328 solus?
867 3288 982 3343 quo
1013 3271 1306 3340 allidente,
1341 3272 1541 3328 nullus
1588 3277 1677 3328 est
1707 3272 1806 3344 qui

144 3362 432 3420 suscitet.
457 3361 741 3417 Parvulus
771 3364 860 3416 est
886 3361 1087 3427 Jacob,
1123 3365 1179 3416 et
1209 3362 1412 3417 crebra
1442 3361 1700 3416 hostium
1724 3362 1808 3416 in-

143 3451 436 3508 cursione
465 3449 709 3506 deletus.
744 3451 1005 3521 Cumque
1039 3449 1135 3505 ille
1167 3454 1523 3521 precaretur,
1558 3455 1615 3505 et
1666 3451 1810 3504 inte-

146 3540 332 3595 rioris
364 3537 622 3594 hominis
652 3538 942 3611 lacrymas
967 3539 1255 3606 funderet,
1291 3538 1572 3593 misertus
1601 3541 1690 3593 est
1709 3539 1809 3592 Do-

145 3628 361 3685 minus
391 3645 570 3699 super
598 3627 729 3692 hoc,
759 3631 815 3683 et
846 3627 1186 3700 reapondit:
1215 3627 1339 3682 Non
1375 3627 1612 3699 perdam
1635 3641 1810 3680 omne

144 3715 564 3791 genusisrael,
587 3715 844 3788 reliquiae
868 3716 1039 3772 salvae
1062 3718 1374 3771 erunt.Aut
1399 3719 1551 3770 certe
1601 3715 1686 3770 sic
1717 3730 1809 3769 ac-

144 3807 534 3880 cipiendum:
561 3807 678 3861 duo
709 3805 924 3877 pariter
958 3806 1155 3860 futura
1184 3804 1503 3876 conspexit.
1546 3803 1810 3858 Primum

143 3897 480 3963 locustam,
501 3895 710 3950 deinde
739 3894 1055 3950 bruchum.
1097 3899 1204 3949 Pro
1225 3899 1471 3964 utroque
1495 3892 1811 3948 Dominum

148 3987 514 4056 deprecatus
544 3987 652 4050 est,
685 3983 818 4039 etin
850 4001 965 4038 uno
996 3988 1223 4038 tantum
1253 3983 1652 4050 exauditur,ut
1672 3982 1810 4036 bru-

146 4076 312 4132 chus
346 4090 533 4144 usque
565 4073 636 4128 ad
669 4073 1118 4129 internecionem
1174 4078 1384 4129 cuncta
1442 4089 1558 4128 non
1610 4069 1810 4128 vaste].

151 4166 425 4221 Locusta
455 4166 650 4218 autem
681 4161 929 4219 volitans
962 4163 1229 4234 quaedam
1260 4163 1512 4230 devoret,
1546 4162 1814 4233 quaedam

151 4256 400 4324 integra
420 4251 809 4324 derelinquat.
827 4252 1111 4307 Videntur
1129 4251 1420 4307 mihiLXX
1449 4251 1814 4322 interpretes,

149 4342 414 4400 verbum
432 4339 779 4398 Hebraicum
809 4340 1225 4412 cozxﬁumuod
1245 4339 1664 4411 interpretatur
1705 4346 1818 4394 ton-

153 4449 277 4498 sor,
303 4430 427 4487 sive
448 4434 695 4497 tonsura,
733 4429 1086 4485 intellexisse
1120 4429 1196 4499 (α)
1229 4445 1358 4498 coc,
1415 4445 1504 4482 zu
1562 4427 1816 4484 litteram

152 4537 284 4578 an
318 4519 693 4584 arbitrantes,
731 4523 789 4574 et
809 4518 1016 4574 hruchi
1037 4515 1527 4573 innumerabilem
1559 4516 1821 4572 multitu-

156 4609 504 4680 dinemGog
528 4609 683 4680 genti
709 4608 1041 4664 saevissimae
1070 4610 1820 4678 comparasse,quaaterram

153 4700 442 4757 Judaeum
460 4701 758 4753 vastatura
777 4697 1148 4752 describitur.
1183 4693 1329 4760 Quid
1362 4697 1557 4750 autem
1579 4693 1824 4750 voluerit

155 4787 388 4860 Aquila
418 4785 606 4842 dicere
633 4804 645 4841 :
674 4787 806 4841 Ecce
820 4785 1094 4841 serotinus
1114 4787 1235 4854 post
1259 4787 1426 4840 Gazae
1454 4799 1654 4854 regem,
1689 4800 1824 4838 cum

157 4879 326 4935 Gaza
359 4875 533 4931 verbo
582 4874 860 4932 Hebraico
881 4892 984 4929 AZA
1011 4883 1125 4937 nr;
1149 4870 1496 4943 appelletur,
1559 4889 1673 4927 non
1732 4889 1824 4927 sa-

158 4967 247 5023 tis
289 4963 580 5036 intelligo,
605 4963 717 5019 nisi
751 4964 895 5019 forte
925 4962 1122 5034 ipsum
1155 4977 1485 5017 sermonem
1545 4978 1669 5017 oozr
1700 4961 1827 5034 (tu)

245 5110 331 5185 (ᾳ)
368 5104 589 5185 Ite-rum,
614 5106 769 5185 idem
803 5122 920 5185 ms:
947 5119 1180 5185 smnpm
1239 5118 1348 5185 ccc
1380 5103 1534 5185 quod
1557 5178 1566 5185 Ι
1593 5103 1830 5184 quidem

162 5174 380 5235 verius
405 5178 747 5242 vidcatur,si
770 5177 924 5249 quod
947 5174 1574 5249 aitlliero_n.d_umta_xat
1596 5174 1652 5229 in
1677 5188 1702 5234 τ
1728 5192 1833 5230 vau

163 5254 630 5308 commuterunt
649 5258 670 5308 't
692 5243 820 5304 min
853 5262 1133 5320 perquam
1162 5243 1414 5320 similem
1440 5245 1834 5320 litteramNe-

164 5340 316 5400 rum
342 5320 556 5400 legisse
577 5337 674 5400 eos
692 5317 886 5400 liquet
906 5318 1194 5400 γόητί-ρῳ).
1219 5317 1604 5400 Quamobrem
1638 5319 1832 5400 Victo-

163 5394 328 5456 rius.
359 5388 659 5464 si,inquit,
690 5388 826 5446 LXX
857 5388 1014 5462 quod
1039 5388 1311 5443 Ucbraice
1342 5392 1433 5443 est
1461 5398 1542 5447 tu
1565 5390 1713 5457 (ἔργα,
1748 5389 1834 5446 in-

165 5463 492 5538 terpretati
523 5463 662 5538 eunt
690 5473 777 5538 λη
807 5464 876 5519 Co

1917 3183 2350 3254 paenitentiam:
2380 3185 2456 3240 Ne
2483 3184 2697 3240 dederis
2724 3199 2976 3238 somnum
3007 3182 3179 3236 oculis
3200 3181 3332 3251 tuis,
3389 3185 3569 3251 neque

1917 3274 2358 3330 dormitationem
2375 3274 2656 3344 palpebris
2675 3274 2868 3342 tuis,ut
2885 3271 3136 3326 libereris
3157 3271 3320 3342 quasi
3337 3268 3565 3324 damula

1917 3363 1984 3417 de
2010 3364 2271 3429 cassibus,
2304 3365 2354 3417 et
2382 3365 2523 3417 sicut
2551 3363 2668 3416 avis
2699 3378 2773 3416 es:
2794 3361 3008 3430 laqueis
3037 3359 3224 3430 (Prov.
3255 3346 3337 3424 v1;
3367 3358 3420 3423 4,
3479 3356 3556 3426 5).

1921 3450 2027 3514 Qui
2060 3451 2108 3505 si
2132 3451 2363 3506 Domini
2396 3451 2653 3522 primum
2687 3449 2966 3504 mandata
3017 3444 3450 3516 contempserit,
3511 3445 3570 3498 et

1921 3543 2122 3611 postea
2151 3540 2208 3594 in
2243 3539 2533 3612 angustiis
2566 3538 2921 3594 constitutus
2979 3533 3251 3606 evigilare
3308 3531 3566 3604 cmperit,

1921 3627 2168 3682 suscitat
2198 3626 2508 3681 Dominum
2541 3624 2927 3681 dormientem
2959 3622 3093 3690 sibi,
3125 3624 3182 3676 et
3228 3619 3410 3675 dixit:
3460 3617 3570 3672 Ea:-

1919 3732 2104 3786 surge,
2138 3731 2310 3786 quare
2331 3715 2619 3780 obdormis,
2651 3713 2880 3768 Domine
2897 3711 3006 3782 (Ps.
3039 3725 3200 3777 XLIII,
3229 3706 3368 3778 23)?
3392 3707 3572 3762 Econ-

1921 3803 2122 3870 trario,
2156 3805 2252 3874 qui
2281 3801 2761 3859 thesaurizaverit
2814 3799 2926 3856 sibi
2980 3798 3129 3853 iram
3180 3796 3240 3851 in
3296 3795 3390 3850 die
3446 3793 3568 3861 iraa,

1924 3894 2108 3949 Deum
2143 3893 2357 3948 iratum
2390 3890 2888 3963 sentiet(Rom.n).
2921 3887 3083 3952 Quod
3107 3886 3155 3942 si
3179 3884 3360 3958 egerit
3382 3883 3568 3956 pceni-

1925 3983 2190 4049 tentiam,
2224 3982 2310 4038 ira
2338 3985 2595 4037 vertetur
2625 3981 2685 4034 in
2716 3976 3270 4043 misericordiam,et
3286 3990 3418 4030 cum
3442 3988 3572 4045 per-

1925 4071 2360 4128 turbationibus
2391 4068 2608 4124 nostris
2629 4073 2805 4139 atque
2830 4065 3148 4122 virtutibus
3179 4064 3239 4118 in
3265 4065 3574 4134 utramque

1928 4161 2150 4229 partem
2181 4173 2485 4229 poenarum
2517 4160 2695 4228 atque
2726 4153 3046 4210 clementiae
3075 4151 3365 4209 Dominus
3422 4165 3576 4206 com-

1933 4246 2280 4302 mutabitur.

2001 4336 2187 4406 (Vers.
2213 4335 2245 4389 4
2277 4333 2469 4407 seqq.)
2503 4335 2630 4390 Haec
2659 4331 2892 4389 ostendit
2937 4330 3078 4384 mihi
3109 4330 3380 4384 Dominus
3409 4327 3571 4395 Deus,

1931 4428 1980 4480 et
2005 4441 2121 4480 ecce
2147 4425 2218 4495 (ε)
2241 4425 2458 4480 vocavit
2469 4423 2749 4494 judicium
2771 4422 2844 4477 ad
2860 4423 3041 4492 ignem
3063 4419 3320 4472 Dominus
3336 4415 3505 4470 Deus:
3527 4421 3580 4468 et

1930 4514 2206 4570 devoravit
2220 4515 2479 4585 abyssum
2499 4510 2743 4566 multum
2761 4518 2810 4566 et
2827 4507 3072 4566 comodet
3091 4506 3259 4561 simul
3275 4501 3580 4575 partem.Et

1932 4603 2062 4658 dixi
2081 4621 2099 4657 :
2131 4605 2358 4658 Domine
2389 4603 2560 4656 Deus:
2575 4601 2808 4670 quiesce,
2841 4600 3088 4653 obsecro:
3125 4595 3247 4665 quis
3297 4589 3583 4648 suscitabit

1934 4692 2116 4760 Jacob,
2151 4693 2281 4761 quia
2306 4690 2578 4762 parvulus
2610 4691 2722 4743 est?
2752 4688 2998 4742 Misertus
3027 4691 3107 4740 est
3137 4683 3398 4739 Dominus
3423 4694 3584 4750 super

1936 4784 2053 4839 hoc:
2083 4781 2172 4835 sed
2202 4785 2254 4836 et
2269 4779 2411 4834 istud
2430 4794 2540 4833 non
2567 4779 2697 4843 erit,
2719 4775 2863 4831 dixit
2892 4775 3156 4830 Dominus
3186 4772 3344 4827 Deus.
3399 4767 3541 4822 LXX
3566 4782 3580 4823 :

1936 4875 2026 4930 Sic
2046 4869 2276 4926 ostendit
2304 4867 2722 4922 mihiDominus
2751 4865 2971 4931 Deus,ei
3007 4877 3124 4918 ecce
3169 4859 3380 4916 vocavit
3427 4856 3581 4913 826

1929 4961 2208 5035 judicium
2236 4960 2296 5014 in
2325 4959 2452 5028 igne
2484 4957 2750 5013 Dominus
2777 4956 2934 5025 Deus,
2957 4953 3006 5008 el
3033 4951 3311 5008 devoravit
3326 4947 3586 5020 abyssum

1937 5103 2207 5176 legerint,
2240 5100 2312 5156 ad
2343 5099 2451 5168 Gog
2474 5097 2929 5168 significandum
2958 5094 3105 5150 illud
3163 5091 3434 5148 retulisse
3482 5106 3588 5163 po-

1939 5178 2243 5314 tuiiilbtdo
2277 5259 2442 5307 mss,,
2477 5235 2920 5314 υενιὶίανῌδῶμᾳ,
2946 5237 3012 5292 id
3030 5240 3111 5292 est
3148 5237 3370 5314 tectum".

2036 5304 2085 5387 ej
2106 5316 2198 5371 Sic
2222 5304 2841 5387 Palatin.mss,quibus
2863 5304 2979 5387 fere
2999 5306 3325 5387 concinitet
3339 5304 3603 5366 Cisterc.

1945 5379 2213 5460 Vulgata,
2243 5379 2667 5460 vocaba_t.Antea
2679 5381 3055 5460 erat,_voc_abit.
3080 5379 3212 5460 Mox
3231 5392 3461 5460 quoque
3477 5392 3608 5451 pro

773 5512 774 5521 χ
807 5449 890 5519 Co‘
918 5505 931 5530 ,
965 5476 1200 5516 necesse
1259 5463 1357 5531 est
1403 5464 1468 5514 ut
1515 5477 1616 5533 pro
1648 5472 1673 5522 τ
1700 5449 1839 5517 ’ωδη
1945 5449 2211 5533 conﬁdet,
2234 5473 2389 5516 unus
2419 5455 2683 5528 Cisterc.,
2707 5455 2878 5531 juxta
2907 5450 3165 5530 Vulgat.,
3195 5449 3446 5512 comedit.

773 5480 910 5593 {mell
924 5531 1270 5593 acceperint.
1301 5531 1375 5592 At
1402 5546 1537 5592 vero
1567 5548 1703 5593 cum
1745 5531 1842 5593 Gai

141 5531 304 5599 non
335 5545 358 5601 Ἰ
393 5551 516 5611 vau,
549 5536 650 5596 sed
675 5546 704 5600 λ
723 5531 896 5613 gimel
924 5531 1270 5610 acceperint.
1301 5531 1375 5592 At
1402 5531 1537 5592 vero
1567 5548 1703 5594 cum
1745 5531 1842 5596 Gai

3927 2108 3932 2236 ἐ

3945 3701 3953 3779 2

3947 3799 3953 3840 1

3945 3853 3955 3966 ἲ
