3986 6190
320 337 478 408 1088

1564 337 1628 404 S.
1676 335 1988 404 EUSEBII
2031 336 2472 401 HIERONYMI

3571 331 3732 394 nu

319 471 950 534 ﬁciamusleonem.llli
971 477 1168 533 autem
1183 473 1552 533 dormierunt
1572 473 1631 530 in
1645 472 1972 531 meretricis
1999 472 2054 540 Α
2083 473 2145 530 in
2177 491 2294 547 qua
2325 471 2594 530 Christus
2625 468 2902 540 cernitur,
2935 465 3132 542 passio
3159 463 3392 526 Domini
3435 467 3498 525 et
3536 481 3736 524 resur-

322 582 630 639 synagogaa
657 565 906 638 genibus
936 566 1136 638 (Judic.
1161 567 1297 636 xm),
1338 570 1394 622 et
1423 564 1654 621 diabolo
1685 565 1960 620 tondente

325 655 539 722 derasi,
588 654 858 710 virtutem
917 655 1128 728 capitis
1184 655 1586 728 perdiderunt,
1636 654 1970 709 amittentes

317 759 451 800 cum
484 745 688 800 robore
718 744 938 812 oculos,
973 745 1040 799 de
1065 745 1281 816 quibus
1314 745 1372 798 in
1408 743 1751 799 Ecclesiaste
1783 743 1965 812 scrip-

315 838 444 888 tum
475 837 599 889 est:
633 833 904 903 Sapientis
961 834 1108 887 oculi
1164 835 1226 888 in
1271 834 1448 903 capite
1477 835 1630 904 ejus:
1662 834 1756 902 qui
1788 837 1970 886 autem

313 923 514 978 stultus
543 925 640 989 est,
675 924 734 976 in
763 921 1006 977 tenebris
1037 922 1478 992 ambulat(Eceli.
1513 921 1692 991 11,14).
1735 919 1968 975 Illorum

314 1009 456 1066 socii
487 1015 793 1065 versantur
824 1010 880 1064 in
913 1010 1098 1078 luctu,
1130 1009 1313 1064 nostri
1345 1009 1586 1065 comites
1641 1008 1970 1064 induuntur

314 1097 524 1153 lmtitiae
555 1097 924 1152 vestimento.

384 1187 564 1258 (Vers.
601 1187 686 1251 11,
723 1188 832 1258 12.)
864 1187 992 1241 Ecce
1023 1186 1138 1242 dies
1170 1189 1412 1256 veniunt,
1445 1187 1579 1242 dicit
1612 1189 1895 1251 Dominus,
1921 1191 1968 1242 et

312 1277 560 1331 emittam
593 1274 783 1347 [Vulg
818 1275 1076 1348 mittam],
1118 1281 1320 1348 famem
1369 1293 1534 1346 super
1586 1285 1825 1331 terram:
1863 1294 1970 1330 nm

310 1366 515 1435 famem
538 1365 904 1436 panis,n.eque
934 1367 1086 1419 sitim
1115 1365 1400 1436 aquee,sed
1431 1365 1700 1420 azuliendi
1723 1366 1966 1431 verbum,

310 1453 552 1508 Domini.
583 1454 650 1508 Et
676 1453 1158 1509 commovebuntur
1183 1473 1215 1509 a
1245 1456 1391 1509 mari
1452 1471 1619 1526 usque
1667 1454 1736 1509 ad
1766 1472 1924 1509 mare
1946 1472 1965 1508 :

307 1544 362 1598 et
389 1542 456 1597 ab
489 1543 754 1614 Aquilone
783 1559 950 1614 usque
979 1543 1049 1598 ad
1069 1545 1357 1600 Orientem
1375 1545 1690 1600 circuibunt
1711 1560 1969 1614 quzcren-

309 1637 385 1688 tes
412 1631 634 1686 verbum
662 1633 901 1700 Domini,
937 1641 987 1686 et
1016 1634 1460 1690 nominvenient.
1496 1633 1559 1686 In
1581 1632 1668 1686 die
1700 1633 1798 1686 illa
1833 1633 1966 1703 deﬂ-

309 1721 452 1774 cient
477 1721 718 1790 virgines
758 1721 1025 1790 pulchrze,
1061 1730 1116 1775 et
1146 1721 1502 1775 adolescentes
1534 1723 1594 1774 in
1624 1723 1721 1775 siti
1739 1739 1757 1773 :
1775 1723 1873 1790 qui
1882 1723 1974 1792 ju-

313 1813 442 1864 rant
469 1810 532 1863 in
561 1809 757 1864 delicto
801 1809 1093 1874 Samariee,
1124 1817 1174 1863 et
1221 1809 1429 1865 dicunt.
1494 1810 1634 1864 Vivit
1661 1810 1793 1864 deus
1823 1819 1966 1864 tuus.
2003 1847 2049 1911 Β

308 1898 451 1964 Dan,
481 1902 531 1952 et
561 1899 698 1952 vivit
726 1899 822 1951 via
849 1899 1152 1953 Bersabee:
1185 1903 1236 1952 et
1269 1897 1480 1962 cadent,
1509 1906 1560 1951 et
1627 1914 1736 1952 non
1777 1915 1964 1952 resur-

311 1994 436 2056 gent
465 1987 633 2040 ultra.
668 1985 843 2040 LXX:
878 1987 1009 2040 Ecce
1064 1985 1179 2041 dies
1234 1986 1480 2052 veniunt,
1515 1985 1653 2040 dicit
1694 1989 1964 2042 Dominus

312 2075 529 2140 Deus,et
552 2075 797 2130 emittam
825 2076 1031 2144 famem
1059 2090 1221 2146 super
1245 2082 1452 2129 terram
1472 2092 1490 2128 :
1511 2091 1621 2129 non
1639 2077 1842 2146 famem
1859 2093 1961 2146 pa-

309 2164 398 2218 nis
426 2179 599 2234 neque
628 2163 776 2216 sitim
807 2180 979 2232 aquae,
1015 2162 1104 2217 sed
1164 2165 1371 2234 famem
1429 2163 1691 2218 audiendi
1743 2165 1964 2220 verbum

309 2252 548 2307 Domini.
582 2254 658 2305 Et
688 2255 1170 2306 commovebuntur
1196 2268 1358 2323 aquae
1413 2253 1479 2306 de
1527 2255 1674 2308 mari
1704 2270 1870 2325 usque
1893 2253 1963 2308 ad

306 2356 460 2394 mre
481 2358 499 2394 :
529 2347 583 2395 et
607 2340 675 2394 ab
707 2339 976 2410 Aquilane
1009 2356 1174 2412 usque
1201 2340 1271 2395 ad
1331 2340 1613 2396 Orientem
1644 2343 1962 2397 circuibunt

309 2433 616 2502 quxrentes
646 2429 878 2484 verbum
907 2430 1146 2493 Domini,
1179 2431 1228 2483 et
1279 2447 1390 2485 non
1443 2433 1742 2484 invenient.
1785 2433 1846 2485 In
1875 2431 1962 2485 die

308 2518 414 2574 illa
435 2517 688 2590 deﬁcient
718 2518 958 2589 virgines
983 2517 1254 2588 pulchrae,
1287 2523 1338 2573 et
1362 2520 1593 2589 juvenes
1624 2522 1682 2574 in
1712 2521 1840 2574 siti:
1867 2521 1964 2591 qui

297 2607 494 2679 jurant
520 2623 618 2678 per
643 2608 1079 2678 propitationem
1114 2606 1426 2669 Samariaa;
1453 2609 1551 2679 qui
1605 2608 1830 2663 dicunt:
1875 2610 1959 2665 Vi-

305 2696 389 2752 dit
417 2697 552 2752 deus
584 2706 728 2763 tuus,
761 2697 904 2762 Dan,
933 2705 985 2752 et
1041 2697 1174 2750 vivit
1221 2697 1360 2750 deus
1400 2704 1547 2764 tuus,
1582 2698 1880 2752 Bersabee:
1911 2705 1961 2753 et

306 2786 526 2856 cadent,
559 2793 608 2839 et
633 2800 742 2839 non
770 2785 924 2840 342
957 2788 1240 2855 resurgant
1264 2785 1528 2854 amplius.
1562 2789 1735 2856 Aquae
1763 2786 1822 2840 in
1853 2787 1958 2841 lle—

309 2873 507 2930 braico
539 2889 654 2928 non
689 2873 998 2938 habentur,
1058 2876 1114 2926 et
1164 2873 1510 2944 propitiatio,
1543 2890 1719 2944 quam
1763 2890 1868 2928 nos
1902 2873 1960 2928 in

309 2961 567 3017 delictum
596 2961 899 3025 vertimus,
932 2964 988 3014 et
1019 2960 1090 3014 ab
1126 2960 1378 3015 Hebrmis
1415 2966 1654 3016 vocatur
1699 2979 1958 3017 ASAMATH

311 3048 807 3122 (anN),idolum
839 3047 1169 3120 signiﬁcat:
1237 3048 1388 3120 quod
1449 3048 1803 3122 principium
1837 3067 1963 3122 pec-

309 3143 574 3194 catorum
607 3141 714 3192 est.
755 3136 934 3191 Vetus
993 3141 1191 3191 narrat
1247 3135 1525 3204 historia,
1579 3143 1698 3192 tam
1759 3139 1962 3194 Latina

2080 565 2257 619 rectio
2290 563 2597 635 reperitur.
2658 560 3037 616 Circumeunt
3092 559 3321 628 urbem,
3344 561 3404 613 et
3461 561 3736 629 quarunt

2079 654 2323 708 verbum
2355 651 2602 720 Domini,
2627 655 2682 705 et
2739 667 2853 704 non
2917 648 3260 703 inveniunt:
3303 646 3444 718 quia
3475 645 3736 702 Verbum

2079 743 2310 800 Domini
2345 746 2720 814 negaverunt,
2773 741 2930 812 quod
2991 741 3208 795 factum
3240 742 3330 792 est
3366 736 3424 790 in
3460 735 3738 791 manibus

2081 832 2344 888 omnium
2379 831 2818 903 prOpbetarum,
2856 829 3010 900 quod
3045 828 3104 882 in
3137 824 3425 898 principio
3459 823 3622 894 apud
3639 827 3740 878 Pa-

2079 927 2224 977 trem
2258 921 2591 999 erat,lquod
2650 936 2780 974 caro
2838 918 3054 973 factum
3115 920 3226 983 est,
3257 920 3314 969 et
3359 911 3738 968 habitavitin

2081 1011 2248 1066 nobis
2279 1011 2454 1082 (Joan.
2488 1010 2550 1079 1).
2587 1010 2649 1063 ln
2679 1006 2778 1062 illo
2811 1012 3071 1078 tempore
3119 1004 3460 1060 defecerunt
3485 1000 3738 1072 virgines

2080 1101 2418 1174 pulchrze,et
2449 1097 2866 1158 adolescentes,
2888 1095 3007 1150 sive
3039 1092 3228 1159 electi,
3262 1096 3439 1163 atque
3469 1091 3736 1146 doctores

2079 1190 2210 1261 (hoc
2243 1189 2399 1244 enim
2434 1187 2726 1259 signiﬁcat
2757 1201 2981 1239 navum
3011 1184 3245 1254 (unus)
3279 1181 3628 1237 defecerunt
3677 1179 3736 1234 in

2079 1277 2197 1333 siti.
2220 1277 2488 1348 Virgines
2511 1275 2587 1346 (a)
2603 1274 2876 1346 pulchras
2907 1288 3232 1343 synagogas
3251 1271 3735 1341 interpretantur,

2078 1371 2134 1420 et
2164 1365 2396 1427 electos,
2431 1365 2745 1434 magistros
2775 1361 2996 1433 populi.
3030 1360 3138 1424 Qui
3199 1375 3334 1414 cum
3382 1357 3727 1423 defecerint,

2079 1455 2518 1510 maledictiones
2543 1450 2974 1508 Douteronomii
3005 1450 3066 1504 in
3097 1447 3313 1521 populo
3341 1446 3599 1502 Judaico
3629 1446 3731 1502 do-

2079 1548 2211 1600 cent
2240 1560 2367 1598 csse
2399 1541 2716 1613 completas
2748 1541 2929 1612 (Deut.
2956 1555 3130 1605 xxvn,
3194 1554 3394 1602 xxvm,
3441 1539 3626 1604 xxxx).
3667 1533 3728 1590 Hi

2079 1633 2245 1689 electi
2277 1637 2449 1703 atque
2475 1631 2740 1685 doctores
2765 1630 3108 1698 juraverunt
3139 1627 3196 1681 in
3232 1625 3385 1680 idolo
3433 1625 3732 1694 Samaria,

2079 1723 2138 1776 in
2179 1720 2376 1775 vitulis
2407 1719 2630 1774 scilicet
2662 1717 2878 1788 aureis,
2935 1721 2994 1772 et
3049 1717 3358 1772 dixerunt:
3427 1715 3568 1770 Vivit
3595 1713 3732 1768 deus

2081 1821 2228 1880 tuus,
2264 1815 2404 1874 Dan,
2439 1809 2498 1863 in
2552 1805 2820 1863 terminis
2871 1807 3026 1862 343
3083 1809 3250 1860 terrae
3304 1801 3585 1871 Judaicaa,
3636 1802 3732 1856 ubi

2079 1917 2231 1955 nunc
2254 1898 2474 1953 Paneas
2505 1900 2674 1962 est,et
2703 1912 2766 1950 ee
2797 1901 3055 1967 tempore
3088 1892 3310 1948 vitulus
3337 1907 3552 1948 aureus
3588 1890 3732 1946 colc-

2072 1989 2244 2044 batur
2269 2005 2280 2040 :
2315 1995 2367 2041 et
2393 1987 2532 2041 vivit
2559 1987 2658 2040 via
2688 1985 2970 2050 Bersabee,
2991 1981 3315 2055 quialongo
3347 1980 3485 2036 illuc
3517 1985 3576 2037 et
3601 1996 3732 2036 raro

2073 2077 2280 2131 itinere
2309 2074 2989 2144 commeabant,propter
3018 2088 3184 2144 reges
3211 2071 3375 2126 Judas
3409 2070 3600 2141 iustos
3629 2085 3731 2142 pa-

2072 2166 2211 2220 riter
2241 2170 2295 2218 et
2327 2163 2596 2234 injustos.
2631 2163 2698 2217 Et
2729 2160 2867 2233 quia
2897 2159 3004 2216 hoc
3035 2160 3319 2226 fecerunt,
3343 2158 3559 2213 idcirco
3599 2174 3728 2213 cor-

2071 2260 2264 2321 ruent,
2297 2257 2352 2307 et
2380 2269 2494 2307 non
2531 2255 2836 2322 resurgent
2865 2249 3138 2321 amplius,
3170 2247 3227 2303 id
3259 2252 3366 2318 est,
3412 2264 3526 2302 non
3579 2245 3727 2302 reci-

2071 2344 2231 2416 pient
2261 2359 2394 2397 eum
2429 2343 2675 2404 statum,
2707 2355 2882 2410 quem
2915 2339 3080 2410 prius
3141 2337 3468 2392 habuerant
3495 2354 3509 2392 :
3547 2335 3729 2391 Mittit

2069 2437 2266 2488 autem
2299 2429 2585 2486 Dominus
2611 2429 2825 2484 famem
2841 2427 2899 2482 in
2917 2431 3130 2482 terram
3155 2441 3332 2499 super
3351 2425 3577 2496 eos,qui
3603 2430 3720 2480 ter-

2069 2537 2209 2576 rena
2238 2519 2512 2591 sapiunt:
2547 2521 2603 2573 et
2635 2518 2848 2573 famem
2904 2518 3018 2571 lion
3059 2515 3252 2588 panis,
3284 2515 3567 2586 sitimque
3600 2531 3721 2570 non

2068 2623 2252 2681 aquae,
2287 2607 2386 2662 sed
2421 2605 2694 2662 audiendi
2724 2591 2965 2660 verbum
2997 2604 3250 2674 Domini,
3273 2604 3506 2676 quando
3539 2619 3723 2676 prop-

2067 2702 2156 2752 ter
2187 2700 2419 2768 peccata
2451 2693 2652 2768 populi
2683 2695 2950 2750 doctrina
3007 2693 3204 2748 deﬁcit
3253 2693 3360 2764 [AL
3394 2692 3632 2762 defecit]
3666 2693 3724 2748 in

2068 2785 2376 2841 Eeclesiis:
2411 2789 2467 2839 et
2497 2802 2529 2838 a
2559 2783 2706 2838 mari
2767 2799 2956 2854 usque
3012 2782 3084 2838 ad
3134 2797 3315 2847 mare,
3350 2782 3405 2836 id
3437 2787 3550 2853 est,
3583 2782 3662 2855 (b)
3693 2798 3726 2837 a

2068 2875 2242 2931 salsis
2275 2881 2331 2929 et
2361 2871 2750 2928 amarissimis
2782 2871 3054 2926 ﬂuctibus
3077 2887 3264 2942 usque
3293 2871 3365 2926 ad
3399 2887 3563 2926 mare
3599 2888 3725 2944 per-

2069 2963 2347 3020 veniunt:
2383 2980 2498 3018 non
2531 2964 2902 3017 occurrentes
2933 2959 3419 3022 ﬂuminibus.non
3450 2959 3724 3016 dulcissi-

2071 3052 2182 3108 mis
2215 3056 2271 3108 et
2305 3051 2475 3107 variis
2509 3050 2904 3120 fontibus,sed
2938 3065 3142 3105 rursus
3167 3049 3238 3105 ad
3261 3065 3463 3104 amara
3490 3065 3726 3104 curren-

2070 3147 2197 3198 tes:
2232 3147 2289 3196 et
2320 3142 2391 3195 ab
2428 3138 2708 3212 Aquilone
2743 3156 2932 3210 usque
2961 3140 3033 3194 ad
3067 3137 3384 3206 Orientem,
3417 3139 3721 3211 cupientes

313 3243 491 3299 quam
514 3229 793 3291 Grmca,et
814 3224 1080 3280 omnium
1103 3225 1363 3298 gentium
1384 3225 1787 3290 barbararum,
1815 3226 1957 3282 nihil
1991 3213 2034 3280 C
2070 3230 2416 3302 Aquilonem
2447 3230 2716 3284 deserere
2747 3228 2872 3301 (qui
2897 3233 2988 3284 est
3019 3233 3226 3284 ventus
3255 3227 3636 3297 durissimus,
3667 3232 3723 3284 et

314 3315 469 3372 fame
501 3314 864 3386 durius,quze
888 3330 1037 3386 saepe
1077 3313 1371 3386 compellit
1390 3315 1661 3370 obsessos
1684 3315 1962 3371 humanis

312 3405 466 3461 vesci
497 3405 795 3472 carnibus,
827 3407 883 3459 et
910 3403 972 3458 in
994 3419 1159 3458 suam
1193 3403 1393 3458 saevire
1449 3408 1714 3460 naturam
1743 3422 1756 3460 :
1789 3405 1870 3459 ita
1898 3408 1964 3461 ut

313 3510 418 3550 nec
447 3499 716 3566 parentes
751 3491 1002 3562 parvulis
1033 3496 1276 3564 parcant
1333 3492 1530 3547 liberis
1589 3500 1643 3547 et
1677 3493 1962 3549 maritalis

311 3583 553 3640 affectus
583 3583 808 3638 dudum
839 3585 1044 3636 amatae
1077 3581 1276 3637 uxoris
1306 3582 1571 3636 membra
1591 3581 1882 3637 dilaceret.
1902 3583 1960 3638 Si

311 3672 420 3729 hoc
451 3672 589 3728 facit
619 3674 804 3728 fames
833 3687 1166 3743 corporum,
1191 3671 1330 3741 quid
1365 3672 1434 3726 de
1464 3671 1617 3726 fame
1647 3671 1959 3727 dicendum

311 3766 399 3818 est
425 3761 756 3818 animarum
777 3761 805 3814 ‘l
835 3777 960 3833 quae
995 3760 1054 3814 in
1085 3761 1179 3815 die
1238 3759 1685 3815 resurrectionis
1735 3761 1962 3816 Domini

311 3851 604 3924 oppressit
630 3849 908 3922 populum
941 3850 1577 3921 Judzeorum,etjuncta
1599 3850 1735 3904 fami
1758 3851 1960 3906 arden-

310 3939 545 3996 tissima
573 3939 722 4004 sitis,
779 3955 894 3993 non
952 3938 1293 3994 habentium
1327 3955 1560 4010 panem,
1593 3939 1692 4010 qui
1722 3941 1788 3994 de
1819 3939 1961 3996 ccelo

311 4027 633 4091 descendit,
667 4031 723 4082 et
751 4043 849 4082 eas
883 4043 1087 4098 aquas,
1123 4042 1251 4098 qum
1283 4027 1353 4082 de
1372 4029 1506 4082 Jesu
1534 4033 1734 4083 ventre
1767 4046 1963 4084 mana-

313 4120 470 4170 runt.
502 4113 711 4170 Ablata
740 4119 829 4169 est
880 4116 952 4170 ab
1003 4114 1086 4170 eis
1139 4115 1269 4186 Lex,
1303 4119 1360 4169 et
1420 4115 1716 4184 Prophetas
1749 4122 1960 4172 aeterno

311 4204 636 4259 conticuere
665 4203 932 4270 silentio;
969 4207 1274 4258 moventur
1327 4221 1361 4258 a
1390 4205 1554 4273 ,mari
1589 4205 1662 4259 ad
1694 4222 1875 4270 mare,
1908 4211 1964 4262 et

311 4293 384 4348 ab
413 4309 627 4348 oceano
658 4291 1012 4359 Britannico,
1047 4307 1235 4363 usque
1265 4291 1336 4346 ad
1395 4308 1678 4348 oceanum
1710 4293 1960 4349 Atlanti-

313 4392 470 4450 cum‘,
506 4381 562 4436 id
589 4385 696 4451 est,
730 4381 804 4436 ab
834 4379 1144 4436 Occidente
1174 4380 1244 4435 ad
1277 4380 1663 4448 Meridiem,et
1693 4383 1765 4438 ab
1787 4383 1964 4454 Aqui-

312 4469 444 4527 lone
467 4487 656 4542 usque
675 4471 744 4526 ad
765 4469 1206 4537 Orientem,toto
1227 4469 1363 4525 orbe
1380 4469 1690 4542 peregrini,
1721 4471 1961 4526 verbum

2071 3322 2142 3376 ab
2175 3317 2583 3391 ignorantibus
2615 3317 2814 3372 dexter
2871 3318 3131 3389 vocatur)
3189 3321 3247 3372 et
3301 3316 3606 3388 pervenire
3649 3317 3720 3372 ad

2069 3409 2389 3474 Orientem,
2423 3423 2598 3478 quem
2630 3407 2880 3478 reperire
2911 3423 3027 3461 non
3059 3410 3370 3479 poterunt:
3403 3405 3547 3476 quia
3605 3423 3718 3461 non

2072 3503 2225 3554 recto
2258 3501 2509 3569 pergunt
2534 3495 2764 3564 itinere,
2797 3494 2899 3550 sed
2933 3495 3114 3550 deviis
3143 3495 3509 3550 circumeunt
3552 3494 3718 3550 calli-

2071 3587 2218 3643 bus:
2251 3585 2522 3657 viamque
2548 3583 2768 3657 regiam
2800 3601 2915 3639 non
2947 3587 3236 3648 tenentes,
3267 3583 3456 3638 curvis
3482 3583 3712 3639 ducun-

2069 3681 2166 3732 tur
2196 3673 2576 3730 anfractibus.
2612 3675 2672 3728 ln
2734 3671 2830 3728 illo
2889 3677 3150 3744 tempore
3207 3672 3478 3728 deﬁcient
3504 3671 3709 3728 anima:

2068 3763 2403 3836 virginales,
2437 3779 2584 3835 quas
2612 3761 2980 3834 incorruptas
3009 3760 3320 3834 Apostolus
3345 3761 3613 3817 nominat
3631 3765 3718 3817 :et

2075 3853 2239 3926 cupit
2258 3857 2534 3907 aeternam
2559 3849 2903 3922 pudicitiam
2926 3850 3516 3922 possidere,scribens
3531 3852 3606 3906 ad
3627 3854 3723 3906 Co-

2072 3942 2323 3998 rinthios
2351 3958 2363 3997 :
2397 3939 2672 4011 Despondi
2696 3940 2843 3995 enim
2872 3955 2962 3994 vos
2993 3941 3097 3994 uni
3151 3941 3270 3995 viro
3313 3941 3587 4010 virginem
3615 3956 3726 3994 cas-

2071 4041 2186 4086 tam
2213 4029 2472 4085 ex’iibere
2510 4029 2738 4084 Christo.
2777 4030 2957 4084 Timeo
2988 4034 3176 4084 autem
3229 4045 3301 4083 ne
3327 4029 3472 4084 sicut
3501 4045 3724 4102 serpens

2067 4121 2241 4174 Evam
2269 4117 2485 4172 seduxit
2505 4118 2931 4186 astutiasua,ita
2951 4123 3586 4190 corrumpantursensus
3615 4135 3726 4175 ves-

2071 4209 2144 4265 tri
2171 4210 2219 4262 et
2244 4207 2501 4262 excidant
2527 4224 2562 4262 a
2591 4208 3090 4280 simplicitate,quse
3107 4217 3189 4263 est
3218 4208 3277 4262 in
3292 4206 3592 4279 Christo(ll
3608 4208 3725 4265 Cor.

2069 4313 2126 4366 Χ,
2156 4297 2212 4360 2,
2243 4295 2318 4364 3).
2347 4294 2417 4348 Et
2447 4293 2494 4348 si
2527 4300 2724 4348 essent
2761 4310 2966 4349 omnes
3022 4295 3280 4366 virgines
3336 4293 3604 4367 pulchrae
3643 4295 3728 4352 vel

2070 4384 2257 4449 boum,
2284 4397 2612 4452 numquam
2641 4381 2904 4452 dixisset,
2937 4383 3185 4454 deﬁcient
3245 4385 3494 4454 virgines
3536 4387 3726 4443 bonum

2072 4472 2174 4528 sed
2207 4471 2277 4528 ad
2311 4469 2741 4526 distinctionem
2777 4471 3064 4527 malarum
3085 4471 3381 4545 virginum
3414 4473 3612 4530 bonas
3631 4492 3727 4548 po-

311 4559 409 4615 Dei
441 4575 557 4615 non
589 4558 780 4615 valent
808 4557 1084 4614 invenire.
1119 4559 1181 4612 In
1241 4574 1356 4630 quo
1403 4557 1526 4614 loco
1579 4559 1963 4632 interrogabi-
1995 4576 2040 4640 D
2073 4560 2210 4626 suit,
2245 4575 2372 4632 quae
2405 4564 2544 4614 sunt
2573 4565 2785 4615 saneta:
2817 4576 3054 4632 corpore
3084 4565 3143 4616 et
3169 4560 3404 4633 spiritu.
3425 4561 3598 4618 Malae
3618 4563 3731 4620 vir-

310 4664 446 4703 mus
474 4647 915 4720 Judzeos,quam
948 4646 1110 4702 illam
1133 4646 1288 4702 diem
1314 4647 1633 4720 signiﬁcari
1665 4650 1958 4720 putent,in

311 4752 427 4808 qua
457 4735 786 4792 sustineant
815 4736 1028 4792 famem
1060 4734 1337 4790 audiendi
1367 4736 1606 4791 verbum
1635 4737 1768 4793 Dei:
1814 4755 1958 4810 pra:-

309 4824 512 4882 sertim
542 4841 676 4880 eum
709 4823 906 4896 legant
935 4824 1284 4896 Scripturas,
1341 4828 1397 4878 et
1443 4824 1834 4880 humilitatem
1876 4843 1961 4880 se-

311 4919 570 4986 quantur
598 4912 800 4969 littera:
823 4915 851 4968 ?
880 4913 1102 4979 Quibus
1131 4912 1451 4986 ingerimus
1485 4913 1959 4988 [ALingeremus]

308 5003 524 5059 famem
575 5018 702 5058 esse
761 5003 1097 5075 praedictam
1155 5000 1555 5074 intelligentiae
1611 5003 1958 5073 spiritualis,

379 5164 456 5238 (a)
488 5164 573 5218 Ad
609 5167 940 5238 nostrorum
973 5161 1474 5238 codicumﬁdem,
1504 5166 1560 5216 et
1597 5162 1959 5238 Florentino-

309 5231 449 5308 rum'
463 5252 611 5308 quos
626 5235 918 5290 Victorius
939 5233 1238 5308 consuluit
1252 5231 1444 5287 locum
1463 5232 1618 5308 hunc
1632 5234 1712 5288 ita
1725 5251 1958 5292 emacu-

308 5304 560 5364 lavim'us
586 5325 598 5363 :
634 5323 809 5378 quem
828 5306 1192 5361 Martianams
1215 5309 1580 5378 corruptum,
1597 5304 1960 5378 imperfecto,

309 5384 411 5435 aut
435 5379 592 5435 nullo
623 5375 822 5449 sensu,
855 5378 1028 5433 etiam
1063 5382 1192 5448 post
1223 5375 1456 5449 Victorii
1491 5375 1782 5449 monitum
1817 5375 1962 5434 reti;

310 5450 439 5506 nuit
469 5451 539 5506 ad
567 5450 722 5505 hunc
746 5447 985 5505 modum
1013 5465 1024 5504 :
1066 5447 1327 5522 ’lfirgines
1355 5447 1614 5522 pulchrae,
1633 5466 1768 5522 quas
1787 5467 1959 5522 syna-

309 5524 1064 5604 gog'asjnterpretaniubete.
1090 5520 1220 5601 Mox
1237 5534 1470 5604 quoque
1494 5535 1561 5574 ex
1580 5519 1787 5602 iisdem
1814 5519 1955 5578 mss.

311 5589 372 5666 et
400 5589 686 5666 Brixianis
715 5593 868 5666 apud
897 5591 1220 5666 Victoriam
1251 5589 1840 5666 docentreposuimus
1855 5611 1958 5665 pro

311 5660 526 5721 dicent:
558 5660 778 5718 scilicet
823 5662 1163 5730 ostendunt,
1193 5660 1633 5720 maledictiones
1682 5660 1956 5722 Deutero-

2070 4649 2236 4722 gines
2263 4647 2520 4720 quinque
2552 4652 2690 4703 sunt
2719 4648 2934 4715 stultae,
2990 4666 3119 4721 quae
3175 4650 3559 4725 lampadibus
3607 4653 3734 4710 suis

2073 4737 2265 4794 oleum
2295 4754 2410 4792 non
2441 4741 2788 4809 paraverunt
2847 4739 2994 4810 (Mat.
3050 4740 3232 4811 xxxii).
3292 4743 3466 4796 Bona:
3512 4746 3574 4798 et
3603 4759 3732 4816 spe-

2072 4827 2240 4882 ciosae
2271 4825 2523 4899 virgines
2553 4825 2661 4879 illae
2688 4829 2850 4896 sunt,
2870 4845 2995 4899 qua:
3023 4827 3222 4885 lumen
3252 4828 3600 4888 habuerunt
3625 4833 3736 4888 vir-

2070 4919 2291 4984 tutum,
2323 4919 2381 4969 et
2410 4913 2609 4985 sponsi
2667 4915 2775 4983 [Al.
2809 4918 3058 4988 sponsa]
3088 4917 3418 4974 thalamum
3447 4918 3731 4993 ingressae

2073 5003 2517 5060 sunt.Deﬁcient
2545 5006 2740 5058 autem
2764 5005 3186 5080 virgines,quia
3202 5008 3445 5064 verbum
3465 5007 3730 5065 Domini-

2074 5163 2255 5245 nomii
2277 5163 2404 5245 jﬂam
2435 5177 2564 5245 esse
2593 5162 3437 5245 completas,p_ostquamvenit
3469 5172 3724 5245 tempus,

2073 5252 2189 5314 quo
2221 5233 2749 5314 defeceruntge‘leeti
2805 5233 3009 5314 populi
3065 5233 3546 5314 magistriquuta
3575 5233 3724 5314 quod

2072 5307 2342 5390 habetur,
2371 5321 2501 5376 cap.
2561 5307 2654 5390 2.8,
2709 5307 3034 5390 Judaicum
3062 5307 3346 5390 populum
3379 5307 3440 5390 in
3472 5307 3722 5370 caudam

2073 5377 2824 5458 ponendum,‘_servi_turum
2853 5377 3108 5437 inimicis
3125 5377 3344 5451 suis,et
3369 5384 3444 5439 ad
3505 5401 3720 5458 paucos

2073 5447 2316 5505 numero
2349 5447 2752 5520 redigendum.

2143 5521 2217 5592 (b)
2246 5523 2526 5592 Corrupto
2555 5521 2950 5588 Martianmus,
2981 5526 3038 5579 et
3085 5527 3284 5581 contra
3341 5540 3490 5583 mss.
3544 5528 3714 5585 edito-

2073 5591 2322 5664 iumque
2352 5591 2636 5649 librorum
2669 5593 2863 5665 ﬁdem,
2891 5595 3074 5667 falsis.
