3986 6190
256 390 426 457 1685

261 620 426 678 trina
456 635 577 674 non
619 618 874 674 fueritin
907 617 1400 692 Ecclesiis,perire
1415 620 1920 692 pudicitiam,cas-

265 710 503 768 titatem
535 708 705 780 mori,
731 724 935 763 omnes
957 709 1111 763 844
1134 709 1292 764 abire
1329 710 1574 766 virtutes
1598 727 1609 763 :
1637 711 1775 789 quia
1802 727 1917 766 non

261 798 649 856 comederunt
674 798 920 853 verbum
952 797 1208 866 Domini,
1240 799 1395 870 quod
1452 799 1552 870 qui
1602 798 1920 856 comederit

264 888 577 961 saginatus
601 887 729 957 ejus
752 887 902 954 cibo,
928 886 1124 941 audiet
1146 903 1246 957 per
1295 887 1667 943 Salomonem
1691 907 1704 946 :
1735 891 1919 945 Justus

264 977 556 1035 comedens
584 980 801 1031 saturat
826 978 1078 1031 animam
1106 993 1261 1032 suam
1291 993 1302 1031 :
1336 980 1537 1032 animae
1593 986 1775 1033 autem
1806 973 1919 1033 im—

258 1068 487 1140 piorum
514 1067 762 1120 esurient
799 1064 907 1133 [ΑΙ.
941 1067 1217 1137 esuriant)
1250 1068 1430 1137 (Prov.
1478 1085 1603 1133 xm,
1635 1070 1712 1137 2).
1746 1068 1822 1138 (a)
1854 1068 1921 1121 Et

265 1156 454 1213 David
478 1154 580 1227 qui
598 1155 671 1210 ad
706 1158 1064 1210 senectutem
1093 1162 1451 1226 pervenerat,
1495 1155 1675 1211 libere
1714 1158 1921 1211 decan-

261 1246 465 1301 tabat:
488 1244 716 1300 Iuvenis
744 1246 854 1313 fui,
883 1246 933 1299 et
963 1246 1145 1309 senui,
1179 1248 1227 1299 et
1257 1261 1367 1301 non
1400 1245 1516 1301 vidi
1536 1248 1751 1317 justum
1772 1246 1921 1301 dere—

264 1334 484 1400 lictum,
515 1348 614 1388 nec
640 1348 819 1388 semen
851 1334 972 1404 ejus
1010 1348 1263 1403 quarens
1303 1351 1516 1405 panem
1566 1335 1677 1405 (Ps.
1728 1352 1916 1404 xxxvr,

260 1423 383 1494 26.)
415 1421 629 1486 Quanti
657 1426 944 1493 martyres
978 1420 1037 1477 in
1080 1423 1585 1494 persecutionibus
1622 1424 1922 1496 perierunt

263 1512 445 1578 fame,
478 1515 535 1566 et
568 1510 952 1583 indiguerunt
998 1511 1290 1567 frumento
1346 1512 1760 1585 alimentisque
1791 1512 1921 1567 istis

261 1616 599 1673 corporum.
639 1603 787 1672 Ergo
818 1600 889 1656 de
921 1616 987 1655 eo
1016 1600 1159 1655 dicit
1190 1618 1358 1673 pane,
1394 1603 1494 1675 qui
1545 1604 1617 1657 de
1650 1602 1792 1658 coelo
1822 1603 1921 1657 de~

261 1688 518 1755 scendit,
543 1704 719 1759 quem
741 1689 840 1759 qui
854 1689 1191 1761 comederit,
1208 1706 1310 1745 nec
1328 1692 1551 1747 esurire
1566 1693 1795 1764 poterit,
1816 1706 1922 1745 nec

262 1777 454 1834 sitire.
476 1776 896 1833 Deﬁcientibus
919 1780 1113 1833 autem
1137 1777 1485 1851 virginibus,
1513 1785 1571 1836 et
1590 1780 1924 1836 adolescen-

264 1865 668 1965 tes‘deﬁcient,
816 1865 980 1939 prius
1002 1867 1260 1965 vicerant
1284 1869 1569 1924 mundum
1594 1873 1683 1937 ;et
1705 1868 1922 1924 idcirco
1954 1899 2002 1965 B

263 1954 567 2021 deﬁcient,
602 1954 740 2026 quia
764 1955 972 2026 jurant
999 1954 1059 2010 in
1103 1955 1257 2012 idolo
1303 1958 1600 2028 Samarize,
1652 1975 1828 2029 quam
1861 1956 1922 2012 in

260 2044 674 2101 hereticorum
722 2060 975 2117 persona
1024 2061 1256 2117 semper
1305 2046 1649 2119 accipimus,
1699 2048 1924 2105 dicente

260 2132 376 2189 hoc
403 2134 609 2188 eodem
629 2133 914 2205 propheta
939 2151 951 2188 :
978 2134 1060 2188 Va:
1080 2136 1179 2205 qui
1212 2135 1522 2207 despiciunt
1543 2137 1697 2205 Sion,
1721 2141 1769 2193 et
1790 2154 1922 2194 con-

262 2221 445 2293 ﬁdunt
477 2224 537 2276 in
563 2229 744 2278 monte
774 2221 1048 2279 Samaria?
1096 2223 1303 2296 (Supra
1359 2241 1436 2291 v1,
1474 2226 1545 2296 1).
1581 2225 1925 2298 Despiciunt

266 2309 430 2366 enim
455 2309 707 2366 haeretici
729 2310 1048 2367 Ecclesiam
1086 2312 1202 2379 Dei,
1252 2317 1308 2367 et
1332 2313 1633 2369 confidunt
1665 2314 1724 2369 in
1758 2315 1923 2370 falsi-

260 2403 386 2455 tate
415 2399 760 2471 dogmatum
789 2416 1053 2465 suorum,
1090 2400 1377 2473 erigentes
1412 2418 1475 2457 se
1507 2406 1710 2458 contra
1740 2403 1925 2459 scien-

262 2489 415 2544 tiam
438 2488 558 2558 Dei,
585 2487 771 2544 scisso
794 2488 1009 2560 populo
1032 2489 1183 2560 ejus,
1216 2489 1475 2545 dicentes
1503 2508 1515 2545 :
1560 2492 1673 2546 Non
1696 2496 1775 2547 est
1793 2509 1924 2562 pars

264 2578 461 2634 nonin
480 2577 672 2645 David,
716 2593 894 2648 neque
940 2576 1235 2633 haereditas
1285 2581 1345 2632 in
1364 2579 1481 2649 ﬁlio
1502 2581 1646 2635 Iesse
1666 2581 1766 2651 (III
1793 2583 1920 2653 Reg.

269 2682 384 2733 xu,
401 2665 583 2738 i6.)Si
600 2665 730 2738 quis
743 2666 1125 2738 ergojuratin
1142 2666 1353 2722 delicto
1371 2668 1666 2735 Samarim,
1682 2671 1919 2726 etdicit:

287 2736 661 2827 Vivitdeus(b)
692 2736 837 2821 tuus‘,
869 2755 1009 2821 Dan,
1049 2757 1184 2810 vivit
1214 2757 1302 2811 via
1324 2757 1737 2819 Bersabee;iste
1759 2760 1926 2815 cadet

272 2848 332 2902 et
354 2860 661 2917 resurgere
681 2842 836 2899 ultra
858 2860 973 2899 non
997 2843 1226 2916 poterit.
1250 2845 1374 2900 Dan
1398 2845 1585 2902 tribus
1608 2846 1667 2902 in
1698 2847 1923 2903 ultimis

268 2934 613 2990 Judaeorum
633 2932 902 2988 terminis
924 2933 1356 3004 possessionem
1381 2934 1638 2991 invenire
1673 2954 1787 2993 non
1820 2953 1922 3008 po-

268 3022 406 3090 tuit,
430 3021 585 3078 sicut
604 3021 665 3076 in
687 3020 838 3077 libro
850 3021 1127 3077 Judicum
1143 3021 1294 3094 (Cap.
1312 3023 1496 3094 xvm),
1514 3026 1799 3097 scriptum
1814 3028 1922 3092 est,

273 3112 814 3184 interpretaturque
828 3111 1145 3183 judicium.
1178 3111 1462 3168 Bersabee
1493 3118 1686 3169 autem
1709 3132 1811 3188 pro
1832 3133 1927 3172 va-

276 3199 489 3257 rietate
511 3204 863 3256 accentuum
883 3200 1128 3256 vertitur
1148 3199 1206 3255 in
1230 3199 1494 3273 linguam
1518 3207 1802 3271 nostram,
1819 3221 1924 3276 pu-

1042 388 1794 459 COMMENTARIORUM
1839 394 1920 457 IN
1970 392 2181 458 AMOS
2225 394 2375 456 LIB.
2424 395 2528 458 lll.
2574 395 2747 457 CAP.
2791 394 2893 457 lX.

257 530 328 589 ni
348 545 467 588 non
488 525 806 587 invenient.
829 527 912 586 Ex
936 543 1050 603 quo
1072 528 1482 603 Intelligimus,
1509 531 1743 604 quando
1772 531 1908 587 doc-
1941 530 1998 597 Α

3520 390 3677 456 1086

2099 532 2257 603 (Cap.
2292 528 2383 586 IX.
2415 561 2484 571 —
2512 529 2675 587 Vers.
2707 526 2783 605 1.)
2820 528 2940 587 Vidi
2982 530 3274 588 Dominum
3316 534 3551 590 stantem
3578 550 3674 591 su-

2021 636 2121 692 per
2150 621 2344 686 altare,
2375 629 2425 675 et
2454 620 2598 676 dixit
2624 637 2636 674 :
2661 622 2885 676 Percute
2904 621 3211 689 cardinem,
3233 624 3284 677 et
3304 638 3673 679 commovean-

2028 717 2118 765 tur
2146 711 2597 781 superliminaria
2621 728 2638 763 :
2661 712 2901 765 avaritia
2932 716 3079 765 enim
3110 714 3170 767 in
3198 714 3377 783 capite
3404 716 3673 781 omnium,

2026 804 2080 853 et
2108 801 2468 854 novissimum
2498 815 2686 854 eorum
2716 802 2776 854 in
2805 801 2991 869 gladio
3040 801 3389 869 interﬁciant.
3422 802 3539 856 Non
3569 805 3677 859 erit

2025 886 2167 960 fuga
2196 890 2276 943 eis
2303 906 2321 942 :
2351 890 2525 959 fugiet
2560 887 2750 960 [Vulg.
2783 891 2881 949 eis.
2901 891 2997 961 qui
3015 889 3281 963 fugient],
3300 899 3352 946 et
3370 907 3481 946 non
3499 893 3675 947 salva-

2030 976 2181 1030 bitur
2202 994 2275 1031 ea:
2295 978 2380 1031 his
2408 979 2505 1049 qui
2524 980 2748 1049 fugerit.
2774 978 2907 1033 LXX
2933 994 2945 1033 :
2976 978 3108 1033 Vidi
3131 980 3425 1034 Dominum
3445 988 3676 1038 stantem

2029 1082 2195 1136 super
2224 1065 2424 1133 altare,
2458 1070 2508 1121 et
2536 1066 2677 1121 dicit
2710 1084 2721 1121 :
2752 1068 2978 1121 Percute
3008 1083 3171 1137 super
3206 1070 3674 1138 propitiatorium,

2030 1159 2086 1210 ει
2114 1156 2591 1210 commovebuntur
2618 1156 2885 1210 vestibula
2910 1174 2926 1208 :
2958 1163 3007 1210 et
3045 1156 3247 1226 disjice,
3270 1158 3325 1211 in
3351 1159 3537 1228 capita
3566 1174 3679 1212 om-

2028 1247 2207 1312 nium,
2237 1250 2289 1301 et
2312 1248 2548 1316 reliquos
2568 1263 2757 1301 eorum
2776 1246 2959 1317 gladio
2981 1247 3335 1316 inter/icium.
3366 1249 3481 1302 Non
3509 1250 3680 1319 fugiet

2029 1350 2099 1389 ea:
2127 1336 2222 1403 eis,
2255 1337 2352 1406 qui
2378 1337 2622 1406 fugerit:
2654 1339 2707 1390 et
2740 1351 2846 1391 non
2870 1337 3184 1391 salvabitur
3204 1337 3541 1408 ea:illis,qui
3558 1338 3681 1408 fue-

2030 1425 2105 1478 rit
2133 1425 2456 1479 resalvatus.
2491 1424 2597 1489 Qui
2621 1440 2752 1479 cum
2778 1423 3069 1479 Ezechiele
3092 1428 3149 1479 et
3171 1427 3395 1479 Joanne
3418 1425 3682 1498 Baptista

2031 1518 2260 1584 apertos
2289 1512 2498 1568 viderit
2550 1512 2723 1569 ccelos
2780 1514 3019 1585 (Baccha
3061 1531 3073 1581 ;
3134 1514 3258 1569 Mat.
3295 1513 3401 1585 ιιι),
3436 1518 3491 1569 et
3521 1513 3683 1569 vela-

2031 1619 2188 1667 men,
2223 1603 2377 1674 quod
2413 1602 2672 1675 positum
2707 1608 2833 1658 erat
2865 1607 2998 1659 ante
3028 1603 3231 1658 faciem
3276 1603 3456 1676 Moysi
3482 1603 3681 1672 (Exod.

2029 1692 2243 1761 xxxxv),
2268 1691 2339 1746 ab
2362 1690 2546 1746 oculis
2568 1691 2696 1762 ejus
2719 1691 2892 1747 fuerit
2913 1691 3196 1755 ablatum,
3213 1695 3277 1746 ut
3295 1691 3683 1763 impleaturin

2030 1794 2097 1834 eo
2129 1780 2284 1850 quod
2319 1779 2607 1851 scriptum
2639 1785 2719 1834 est
2749 1797 2761 1835 :
2795 1780 3111 1836 Mandatum
3140 1783 3241 1837 Dei
3271 1781 3513 1836 lucidum
3544 1782 3685 1836 illu-

2030 1869 2257 1923 minans
2292 1869 2472 1924 oculos
2522 1870 2634 1939 (Ps.
2686 1886 2845 1940 xvm,
2878 1871 2973 1938 9);
3017 1869 3126 1924 iste
3182 1868 3399 1925 videbit
3430 1873 3683 1924 stantem

2033 1955 2348 2011 Dominum
2374 1973 2552 2029 super
2578 1957 2779 2028 altare,
2804 1962 2862 2013 et
2901 1957 3331 2031 praecipientem
3366 1957 3682 2029 prophetae,

2033 2046 2151 2102 sive
2183 2050 2248 2102 ut
2278 2046 2447 2101 multi
2481 2050 2709 2118 putant,
2743 2048 2972 2120 angelo,
3007 2047 3107 2119 qui
3139 2047 3454 2103 reddendis
3479 2063 3686 2119 pecca-

2032 2138 2226 2190 torum
2252 2135 2559 2208 suppliciis
2582 2137 2951 2209 mancipatus
2970 2140 3080 2207 est,
3096 2139 3163 2192 ut
3182 2136 3470 2207 percutiat
3493 2135 3684 2191 cardi-

2036 2240 2140 2280 nes
2170 2225 2399 2296 templi,
2435 2225 2552 2280 sive
2583 2226 3091 2297 propitiatorium,
3123 2230 3180 2279 et
3209 2229 3690 2281 commoveantur

2033 2313 2523 2384 superlimanaria
2553 2316 2700 2385 ejus,
2756 2314 2876 2370 sive
2925 2313 3233 2369 vestibula.
3268 2317 3549 2384 Cumque,
3585 2314 3686 2384 ait,

2032 2402 2318 2473 templum
2336 2407 2570 2474 propter
2586 2401 2868 2458 malitiam
2885 2403 3188 2458 hominum
3206 2402 3558 2473 dissipatum
3573 2402 3693 2457 fue-

2033 2491 2111 2547 rit
2133 2496 2188 2546 et
2210 2493 2596 2559 destructum,
2620 2496 2675 2547 et
2698 2492 2780 2547 ira
2802 2508 2931 2547 mea
2974 2508 3007 2546 a
3047 2491 3384 2545 sanctuario
3416 2507 3543 2545 meo
3570 2507 3689 2546 cce-

2036 2580 2184 2652 perit
2216 2582 2629 2652 unusquisque
2660 2584 2978 2651 cognoscat
3000 2596 3061 2635 se
3092 2596 3205 2634 non
3232 2596 3401 2651 posse
3426 2580 3686 2649 evadere,

2033 2668 2276 2724 avaritia
2305 2669 2504 2724 omnia
2534 2668 2887 2740 possidente,
2948 2673 3006 2723 et
3065 2667 3389 2723 novissima
3419 2684 3527 2725 sua
3555 2681 3683 2723 esse

2034 2762 2303 2823 mortem,
2337 2758 2613 2829 nullaque
2646 2757 2917 2830 praesidia
2943 2758 3015 2813 ad
3048 2757 3411 2812 evadendam
3446 2762 3680 2811 senten—

2032 2847 2175 2902 tiam
2205 2847 2300 2903 Dei
2331 2865 2499 2918 posse
2525 2864 2861 2903 succurrere
2886 2863 2898 2901 :
2926 2847 3199 2919 quodque
3226 2846 3397 2915 juxta
3425 2846 3569 2900 LXX
3594 2844 3683 2900 le-

2033 2936 2229 3008 gimus
2251 2955 2269 2991 :
2292 2936 2363 3008 (e)
2384 2945 2443 2992 ut
2461 2936 2735 3007 disjiceret
2758 2937 2814 2991 in
2833 2938 3017 3005 capita
3034 2936 3310 3002 omnium,
3334 2933 3575 3006 pulchre
3594 2950 3689 2989 eo-

2035 3042 2167 3080 rum
2198 3026 2389 3097 capita
2442 3025 2811 3093 dividuntur,
2877 3025 2976 3096 qui
3009 3025 3080 3079 ab
3139 3040 3226 3091 eo,
3263 3024 3364 3095 qui
3390 3026 3480 3078 est
3508 3026 3685 3095 caput

2036 3113 2319 3183 omnium,
2343 3131 2451 3169 sua
2472 3118 2678 3186 sponte
2701 3113 2869 3169 divisi
2894 3115 3224 3184 suntatque
3244 3112 3516 3167 dixerunt
3537 3130 3550 3167 :
3568 3115 3690 3167 Non

2036 3202 2296 3257 habemus
2312 3218 2491 3273 regem
2511 3201 2624 3256 nisi
2650 3201 2921 3257 Caesarem
2945 3202 3122 3272 (Joan.
3152 3216 3269 3266 x1x,
3294 3197 3404 3270 15),
3433 3198 3689 3270 quivoce

271 3291 725 3362 teusjuramenti,
780 3293 881 3344 aut
932 3297 1128 3361 puteus
1189 3270 1487 3358 satietatis,
1563 3309 1629 3347 ac
1685 3270 1923 3364 septi-mi.
1958 3270 2001 3338 α
2038 3290 2221 3363 impia
2250 3270 2687 3346 clamaverunt:
2726 3270 3019 3361 Crueiﬁge,
3051 3287 3316 3361 eruciﬁge
3357 3288 3540 3345 talem.
3575 3287 3680 3342 Et:

275 3379 484 3450 Itaque
505 3382 564 3433 et
583 3377 837 3433 hmretici
863 3377 922 3433 in
944 3378 1220 3433 extremis
1244 3379 1678 3451 Scripturarum
1702 3387 1926 3438 sancta-

275 3483 409 3523 rum
435 3466 654 3522 ﬁnibus
675 3465 894 3535 sitient,
920 3466 1021 3522 Dei
1042 3466 1331 3538 judicium
1381 3472 1842 3539 contemnentes,
1873 3477 1931 3527 et

282 3555 687 3611 desiderantes
710 3555 862 3610 viam
878 3555 1182 3622 Bersabee,
1206 3572 1334 3627 quae
1359 3556 1469 3611 fuit
1489 3556 1548 3611 in
1572 3558 1726 3613 tribu
1745 3560 1775 3615 J
1785 3561 1926 3615 uda:

281 3643 602 3715 multaquaa
642 3642 907 3699 Ecclesiae
939 3643 1153 3699 imitari
1189 3650 1557 3700 sacramenta
1604 3646 1929 3718 cupientes,

281 3736 582 3788 saturatos
602 3735 658 3787 et
678 3730 929 3804 repletos
953 3747 1082 3787 esse
1105 3748 1167 3787 se
1188 3732 1410 3787 dicunt.
1448 3733 1669 3798 Quibus
1694 3741 1931 3808 aposto-

282 3820 380 3876 lus
397 3822 705 3892 exprobrat
725 3820 942 3876 Paulus
966 3838 978 3874 :
1002 3823 1122 3876 Jam
1152 3824 1396 3881 saturati
1420 3825 1571 3891 estis,
1595 3826 1719 3895 jam
1738 3824 1933 3882 divites

276 3910 423 3980 facti
447 3911 574 3964 estis
596 3908 768 3981 (ICor.
804 3926 878 3977 1v,
911 3910 989 3977 8),
1022 3913 1079 3965 et
1101 3910 1307 3979 jurant
1354 3909 1413 3964 in
1472 3912 1705 3969 nomine
1735 3913 1931 3969 Domi-

279 3998 365 4066 ni,
399 3998 501 4070 qui
533 3997 713 4054 semel
746 3998 1044 4067 cadentes,
1075 3998 1215 4069 quia
1251 3997 1390 4053 deos
1422 3998 1732 4068 idolorum,
1756 4002 1931 4059 deum

278 4087 647 4143 arbitrantur
664 4103 860 4157 suum,
877 4085 1133 4159 amplius
1147 4102 1260 4141 non
1275 4092 1598 4160 resurgent.
1616 4089 1720 4155 Qui
1736 4096 1930 4146 autem

272 4174 572 4232 voluerint
592 4190 763 4247 agere
788 4175 1217 4247 pcenitentiam,
1246 4175 1395 4232 845
1442 4181 1500 4231 et
1539 4194 1653 4233 non
1685 4178 1928 4235 dixerit:
1978 4214 1981 4217 ν

277 4265 426 4322 Vivit
452 4264 585 4319 deus
616 4272 768 4333 tuus,
799 4265 940 4331 Dan,
970 4269 1021 4318 et
1054 4264 1187 4319 vivit
1242 4264 1331 4318 via
1384 4266 1668 4334 Bersabee,
1695 4268 1934 4324 audient

278 4370 386 4428 per
412 4351 730 4409 Jeremiam
757 4370 775 4407 :
800 4352 1080 4425 Numquid
1110 4353 1209 4423 qui
1248 4353 1400 4408 cadet
1455 4353 1569 4425 (Al.
1602 4356 1787 4426 cadit),
1821 4374 1931 4414 non

277 4444 563 4513 resurget:
594 4444 687 4497 aut
716 4443 814 4513 qui
842 4457 1065 4497 aversus
1111 4444 1207 4507 est,
1244 4456 1357 4497 non
1387 4446 1682 4499 revertetur
1710 4446 1927 4517 (Jerem.

275 4546 407 4600 vni,
438 4530 517 4603 4).

356 4654 434 4727 (a)
454 4654 695 4728 Addunt
713 4654 809 4710 hic
830 4654 970 4728 editi
992 4653 1215 4728 libriac
1230 4670 1381 4728 mss.
1412 4656 1793 4728 quamplures
1826 4676 1927 4715 no-
1959 4640 2005 4703 Β

280 4725 421 4800 men
441 4725 723 4800 AAbrabaa.
754 4728 821 4800 Et
846 4726 1017 4800 David
1047 4726 1143 4798 qui
1172 4725 1242 4779 ad
1260 4725 1931 4800 senectutem'pervenerat

281 4796 544 4863 Abrahae,
570 4798 738 4872 libere
770 4796 1103 4872 decantaba‘t,
1139 4801 1271 4866 etc.,
1305 4797 1459 4872 quod
1494 4796 1806 4872 perspique
1832 4803 1930 4857 fal-

284 4884 423 4925 sum
462 4873 572 4935 est,
604 4869 744 4940 quia
796 4868 1114 4940 Abraham_
1151 4868 1412 4940 pervenit
1462 4868 1532 4923 ad
1568 4868 1929 4931 senectutem

281 4956 573 5014 annorum
594 4938 832 5014 centum
854 4938 1225 5012 septuaginta
1236 4939 1661 5014 quinque(Gen.
1678 4960 1832 5013 xxxv,
1849 4947 1926 5014 7):

283 5011 467 5069 David
498 5027 630 5068 vero
658 5013 776 5069 fato
804 5011 1041 5068 faustus
1072 5015 1162 5066 est
1197 5026 1332 5066 cum
1371 5012 1443 5067 ad
1475 5011 1661 5069 annos
1692 5011 1929 5072 septua-

323 5083 449 5138 ints
477 5083 853 5156 pervenisset,
888 5081 1360 5156 utiiexploratum
1384 5082 1552 5156 nobis
1573 5090 1663 5139 est
1700 5103 1731 5142 e
1753 5081 1852 5142 lib.
1890 5104 1930 5142 ιι

334 5169 426 5226 eg.
454 5153 581 5226 cap.
607 5171 664 5221 v,
704 5171 854 5211 vers.
879 5156 931 5209 4.
969 5153 1120 5226 Ergo
1143 5169 1354 5226 nomen
1375 5153 1619 5210 Abrahae
1644 5157 1717 5211 ab
1746 5158 1928 5226 impe-

277 5225 415 5301 ritis
445 5225 700 5301 positum
724 5231 833 5301 est,
853 5226 1012 5301 quod
1032 5225 1157 5301 mss
1175 5225 1355 5301 codex
1377 5227 1807 5301 monasteriis.
1823 5225 1929 5301 Cy-

277 5296 516 5371 girangni
539 5313 654 5371 non
675 5296 835 5369 legit.
853 5296 1041 5371 Many.
1056 5328 1122 5371 ῖ-
1136 5297 1497 5371 Interserunt
1512 5315 1653 5371 mss.
1669 5296 1930 5371 editique

277 5366 421 5424 inte
443 5366 845 5441 Martianmum
870 5367 1003 5441 libri
1030 5367 1327 5441 Abraham,
1348 5372 1450 5423 aut
1482 5368 1738 5441 Abrahae,
1773 5366 1927 5441 quod

280 5454 497 5511 nemon
532 5438 935 5511 Cisterciensis
969 5455 1073 5511 pro
1104 5438 1511 5511 isubsequenti
1540 5438 1731 5511 verbo
1767 5438 1936 5498 libere

276 5509 615 5592 substituit.
648 5514 838 5592 Atque
865 5515 955 5567 est
972 5509 1215 5591 quidem
1250 5511 1375 5592 ejus
1409 5509 1689 5592 lectionis
1720 5529 1930 5592 sensus

278 5581 462 5655 paulo
501 5580 854 5655 impeditior,
888 5580 1083 5655 neque
1107 5580 1265 5635 enim
1288 5581 1360 5655 ad
1391 5582 1641 5638 Abrahae
1661 5588 1930 5640 senectu-

278 5651 428 5733 tem,
443 5651 545 5735 qpi
565 5651 800 5735 centum
822 5651 1194 5735 septuaginta
1215 5652 1478 5735 quinque
1498 5670 1705 5735 anxios,
1727 5655 1928 5735 David,

282 5723 389 5795 qui
415 5722 574 5782 solos
612 5724 755 5781 vixit
800 5722 1192 5798 septuaginta,
1224 5722 1503 5796 pervenit.
1539 5722 1932 5785 Nihilosecius

2038 3381 2275 3449 Sanguis
2306 3381 2422 3451 ejus
2454 3396 2617 3450 super
2640 3396 2757 3449 nos,
2790 3388 2841 3434 et
2870 3394 3033 3449 super
3087 3378 3230 3446 ﬁlios
3286 3384 3513 3431 nostros.
3551 3377 3683 3441 Quae

2041 3471 2240 3524 omnia
2268 3476 2321 3523 et
2353 3469 2424 3523 ad
2460 3468 2760 3523 haereticos
2794 3467 3005 3521 referre
3053 3480 3391 3537 possumus,
3435 3480 3686 3535 quorum

2042 3556 2224 3611 altare
2250 3555 2593 3627 percutitur,
2628 3559 2685 3611 et
2732 3571 2937 3609 omnes
2996 3551 3353 3607 initiationes
3409 3556 3465 3605 et
3493 3566 3686 3605 sacra-

2042 3649 2241 3700 menta
2254 3643 2537 3714 sacrilega
2556 3647 3017 3717 commoventur,
3038 3639 3137 3712 qui
3156 3637 3454 3695 avaritiam
3474 3637 3689 3693 habue-

2041 3739 2181 3789 runt
2212 3734 2269 3788 in
2298 3733 2592 3804 capitibus
2620 3731 2765 3798 suis,
2799 3731 3085 3785 clamante
3113 3745 3213 3800 per
3237 3743 3335 3782 eos
3358 3726 3607 3798 perdicc,
3632 3730 3689 3780 et

2042 3828 2428 3896 congregante
2459 3838 2607 3893 quos
2639 3838 2756 3875 non
2788 3819 3031 3891 peperit,
3064 3825 3117 3873 et
3173 3815 3419 3871 faciente
3452 3815 3686 3870 divitias

2042 3914 2263 3983 absque
2287 3910 2511 3981 judicio
2543 3912 2673 3982 (Jer.
2705 3908 2865 3981 xvn).
2897 3907 3062 3964 Unde
3120 3909 3175 3962 et
3208 3904 3529 3960 novissima
3557 3905 3687 3974 ejus

2042 4000 2159 4055 sive
2177 4000 2453 4071 reliquias
2468 3999 2749 4053 Dominus
2762 3997 3089 4063 interliciet,
3112 3998 3175 4050 ut
3189 3998 3439 4067 emptum
3460 3993 3690 4064 capitu-

2042 4088 2166 4144 lum
2190 4087 2574 4160 compleatur,
2597 4092 2653 4143 et
2672 4086 3059 4143 novissimum
3083 4085 3213 4157 ejus
3241 4083 3349 4139 erit
3371 4083 3525 4138 346
3546 4079 3687 4138 insi-

2041 4178 2230 4251 piens.
2255 4178 2398 4233 Cum
2422 4180 2617 4233 autem
2643 4177 2923 4232 Dominus
2947 4172 3305 4248 percusseris
3327 4171 3613 4239 cardines,
3633 4175 3692 4227 et

1994 4258 1999 4263 ’
2040 4266 2337 4322 induxerit
2358 4283 2535 4338 super
2554 4283 2652 4322 eos
2694 4265 2983 4339 gladium,
3009 4262 3210 4319 nullus
3249 4261 3358 4317 erit
3384 4261 3483 4333 qui
3506 4259 3693 4333 possit

2041 4356 2303 4423 evadere,
2322 4354 2831 4426 etimpendentem
2849 4353 3081 4410 Domini
3100 4351 3361 4424 gladium
3377 4348 3688 4405 declinare.

2041 4443 2349 4516 Simulque
2371 4448 2427 4500 et
2448 4443 2556 4498 hoc
2580 4443 2690 4499 erit
2711 4444 3056 4510 notandum,
3087 4440 3265 4513 quod,
3294 4442 3486 4493 stante
3512 4452 3692 4508 super

2041 4533 2224 4590 altare
2250 4532 2513 4600 Domino,
2541 4532 2799 4604 primum
2820 4530 3146 4604 percutitur
3192 4525 3685 4599 propitiatorium,

2038 4658 2407 4731 praterenda
2425 4655 2526 4731 illa
2556 4656 2632 4711 sit
2672 4660 2858 4722 vetus,
2922 4671 3046 4726 quae
3099 4647 3683 4731 librorumhomnium

2037 4720 2147 4797 est,
2169 4728 2360 4795 lectio,
2393 4727 2529 4782 huic
2548 4743 2724 4798 quam
2748 4744 2815 4781 ex
2839 4720 3107 4798 uno'dms.
3155 4722 3343 4798 sancti
3365 4720 3681 4798 Cygiranni

2039 4792 2412 4856 Martianeeus
2440 4792 2745 4869 expressit.
2772 4798 2839 4852 Ft
2863 4796 3030 4852 facile
3052 4795 3325 4869 spomm‘b:
3358 4792 3566 4847 animae
3588 4806 3678 4846 se-

2039 4878 2267 4935 nectus,
2300 4866 2766 4945 id_es_t,'justitia
2795 4869 2865 4945 ad
2900 4869 2957 4923 S.
3016 4866 3295 4945 DQctoris.
3331 4872 3587 4945 mentem
3619 4878 3689 4917 ex

2037 4948 2158 4999 toto
2178 4940 2466 5013 superiori
2490 4935 2781 5013 contextu,
2809 4941 3053 5013 ipsoque
3075 4936 3298 4992 laudati
3342 4935 3553 5013 psalmi
3591 4950 3684 4989 ar-

2037 5012 2686 5087 gumentoaccipienda
2716 5017 2848 5087 est,_
2865 5027 2979 5087 non
3028 5024 3339 5087 annorum,
3363 5012 3439 5087 Aut
3463 5022 3683 5087 sensus

2038 5078 2136 5148 sit,
2163 5083 2437 5139 Davidem
2462 5078 2595 5138 cum
2620 5084 2688 5138 ad
2704 5082 2998 5153 justitiam
3023 5080 3381 5153 pervenisset
3410 5078 3686 5153 Abrahae,

2038 5156 2219 5211 libere
2251 5155 2612 5224 decantasse,
2644 5148 2866 5210 Iuvenis
2895 5155 3000 5225 fui,
3024 5148 3089 5207 ἐἰ
3132 5152 3326 5216 senui;
3356 5154 3407 5204 et
3435 5165 3546 5204 non
3556 5148 3690 5225 _vidi

2028 5230 2149 5300 just
2155 5244 2248 5302 um
2266 5227 2489 5302 derelict
2498 5243 2587 5280 um
2598 5220 2641 5279 ⁷η
2648 5220 2960 5302 eosemen
2968 5220 3027 5279 us
3040 5238 3293 5302 querens
3301 5236 3521 5302 panem.
3538 5220 3691 5302 .Con-

2079 5300 2196 5354 ruit
2212 5302 2268 5353 et
2289 5298 2460 5352 modo
2484 5296 2846 5369 propositum
2866 5315 2896 5352 e
2913 5292 3236 5351 Proverbiis
3255 5292 3683 5357 testimonium,

2079 5316 2196 5354 run.
2212 5316 2268 5353 et
2289 5316 2460 5352 moao
2484 5316 2846 5369 proposuum
2866 5316 2896 5352 e
2913 5316 3236 5351 rrovernus
3256 5316 3389 5349 tesu

2035 5316 2223 5428 §ustus
2251 5369 2533 5423 comedens
2560 5372 2782 5423 saturat
2812 5370 3058 5423 animam
3076 5382 3251 5434 suam,
3283 5368 3391 5419 etc.

2109 5442 2186 5511 (b)
2216 5442 2399 5495 Antea
2419 5440 2619 5494 deerat
2644 5447 2786 5511 tuus.
2811 5440 2890 5494 De
2924 5438 3228 5511 Bersabee,
3266 5451 3400 5511 quae
3430 5449 3573 5511 more
3591 5449 3686 5511 va:

2039 5505 2127 5567 rie
2153 5505 2587 5582 interpretatur,
2618 5510 2732 5565 vid.
2768 5512 2981 5577 Qumst.
3017 5510 3077 5563 in
3125 5508 3264 5562 Gen.
3286 5505 3425 5563 'col.
3470 5505 3596 5571 337,
3630 5507 3687 5561 et

2040 5600 2171 5656 qua:
2206 5582 2283 5656 ibi
2305 5589 2678 5656 annotamus.

2110 5654 2180 5726 (ο)
2202 5653 2570 5727 Cistersiens.
2599 5654 2833 5727 duaque
2854 5651 3101 5710 Palatini
3128 5666 3296 5717 mss.,
3318 5655 3379 5705 ut
3398 5646 3688 5706 dissecaret

2041 5728 2104 5783 in
2122 5725 2394 5797 Capitibus
2424 5727 2690 5794 omnium,
2716 5725 2825 5783 etc.
