  <div class='ocr_page' id='page_1' title='image "/cluster/home/n/w/nwhite01/storage/ocr_20150623/25/hvd.32044096580493/550.png"; bbox 0 0 3988 6170; ppageno 0'>
   <div class='ocr_carea' id='block_1_1' title="bbox 159 166 324 233">
    <p class='ocr_par' dir='ltr' id='par_1_1' title="bbox 159 166 324 233">
     <span class='ocr_line' id='line_1_1' title="bbox 159 166 324 233; baseline 0.012 -2"><span class='ocrx_word' id='word_1_1' title='bbox 159 166 324 233; x_wconf 70' lang='grc'>1089</span> 
     </span>
    </p>
   </div>
   <div class='ocr_carea' id='block_1_2' title="bbox 964 166 2805 261">
    <p class='ocr_par' dir='ltr' id='par_1_2' title="bbox 964 166 2805 261">
     <span class='ocr_line' id='line_1_2' title="bbox 964 166 2805 261; baseline 0.001 -28"><span class='ocrx_word' id='word_1_2' title='bbox 964 166 1712 261; x_wconf 73' lang='lat' dir='ltr'><strong>COMMENTARIORUM</strong></span> <span class='ocrx_word' id='word_1_3' title='bbox 1756 169 1837 231; x_wconf 86' lang='lat' dir='ltr'><strong>IN</strong></span> <span class='ocrx_word' id='word_1_4' title='bbox 1882 169 2095 231; x_wconf 83' lang='lat' dir='ltr'><strong>AMOS</strong></span> <span class='ocrx_word' id='word_1_5' title='bbox 2140 166 2285 231; x_wconf 79' lang='lat' dir='ltr'><strong>LIB.</strong></span> <span class='ocrx_word' id='word_1_6' title='bbox 2333 166 2439 231; x_wconf 83' lang='grc' dir='ltr'><strong>ΙΙΙ.</strong></span> <span class='ocrx_word' id='word_1_7' title='bbox 2482 166 2654 233; x_wconf 88' lang='lat' dir='ltr'><strong>CAP.</strong></span> <span class='ocrx_word' id='word_1_8' title='bbox 2698 170 2805 234; x_wconf 89' lang='lat' dir='ltr'><strong>IX.</strong></span> 
     </span>
    </p>
   </div>
   <div class='ocr_carea' id='block_1_3' title="bbox 3411 181 3568 247">
    <p class='ocr_par' dir='ltr' id='par_1_3' title="bbox 3411 181 3568 247">
     <span class='ocr_line' id='line_1_3' title="bbox 3411 181 3568 247; baseline 0.032 -5"><span class='ocrx_word' id='word_1_9' title='bbox 3411 181 3568 247; x_wconf 84' lang='grc'><strong>1090</strong></span> 
     </span>
    </p>
   </div>
   <div class='ocr_carea' id='block_1_4' title="bbox 158 292 3563 384">
    <p class='ocr_par' dir='ltr' id='par_1_4' title="bbox 158 292 3563 384">
     <span class='ocr_line' id='line_1_4' title="bbox 158 292 3563 384; baseline 0.004 -26"><span class='ocrx_word' id='word_1_10' title='bbox 158 303 363 373; x_wconf 85' lang='lat' dir='ltr'><strong>poterit</strong></span> <span class='ocrx_word' id='word_1_11' title='bbox 391 296 565 372; x_wconf 85' lang='lat' dir='ltr'><strong>mare,</strong></span> <span class='ocrx_word' id='word_1_12' title='bbox 596 305 649 358; x_wconf 88' lang='lat' dir='ltr'><strong>et</strong></span> <span class='ocrx_word' id='word_1_13' title='bbox 674 301 817 358; x_wconf 86' lang='lat' dir='ltr'><strong>illud</strong></span> <span class='ocrx_word' id='word_1_14' title='bbox 837 302 913 359; x_wconf 86' lang='lat' dir='ltr'><strong>ad</strong></span> <span class='ocrx_word' id='word_1_15' title='bbox 932 302 1029 359; x_wconf 86' lang='lat' dir='ltr'><strong>nos</strong></span> <span class='ocrx_word' id='word_1_16' title='bbox 1058 321 1224 376; x_wconf 83' lang='lat' dir='ltr'><strong>usque</strong></span> <span class='ocrx_word' id='word_1_17' title='bbox 1239 305 1446 375; x_wconf 76' lang='lat' dir='ltr'><strong>deferre</strong></span> <span class='ocrx_word' id='word_1_18' title='bbox 1469 314 1524 359; x_wconf 87' lang='lat' dir='ltr'><strong>ut</strong></span> <span class='ocrx_word' id='word_1_19' title='bbox 1541 305 1809 374; x_wconf 77' lang='lat' dir='ltr'><strong>possimus</strong></span> <span class='ocrx_word' id='word_1_20' title='bbox 1842 307 1889 367; x_wconf 79' lang='grc' dir='ltr'>Α</span> <span class='ocrx_word' id='word_1_21' title='bbox 1923 303 1984 371; x_wconf 55' lang='lat' dir='ltr'><strong>ill</strong></span> <span class='ocrx_word' id='word_1_22' title='bbox 2022 304 2137 356; x_wconf 84' lang='lat' dir='ltr'><strong>Cor.</strong></span> <span class='ocrx_word' id='word_1_23' title='bbox 2171 312 2289 366; x_wconf 74' lang='lat' dir='ltr'><strong>xm,</strong></span> <span class='ocrx_word' id='word_1_24' title='bbox 2324 307 2379 357; x_wconf 87' lang='lat' dir='ltr'><strong>et</strong></span> <span class='ocrx_word' id='word_1_25' title='bbox 2408 304 2479 357; x_wconf 90' lang='lat' dir='ltr'><strong>de</strong></span> <span class='ocrx_word' id='word_1_26' title='bbox 2503 303 2824 360; x_wconf 87' lang='lat' dir='ltr'><strong>humilibus</strong></span> <span class='ocrx_word' id='word_1_27' title='bbox 2845 309 3049 379; x_wconf 86' lang='lat' dir='ltr'><strong>raptus</strong></span> <span class='ocrx_word' id='word_1_28' title='bbox 3078 307 3139 365; x_wconf 91' lang='lat' dir='ltr'><strong>in</strong></span> <span class='ocrx_word' id='word_1_29' title='bbox 3159 311 3459 384; x_wconf 80' lang='lat' dir='ltr'><strong>sublimia,</strong></span> <span class='ocrx_word' id='word_1_30' title='bbox 3480 292 3563 373; x_wconf 71' lang='lat' dir='ltr'><strong>ita</strong></span> 
     </span>
    </p>
   </div>
   <div class='ocr_carea' id='block_1_5' title="bbox 159 391 1803 465">
    <p class='ocr_par' dir='ltr' id='par_1_5' title="bbox 159 391 1803 465">
     <span class='ocr_line' id='line_1_5' title="bbox 159 391 1803 465; baseline 0 -19"><span class='ocrx_word' id='word_1_31' title='bbox 159 392 377 461; x_wconf 79' lang='lat' dir='ltr'><strong>audire,</strong></span> <span class='ocrx_word' id='word_1_32' title='bbox 408 400 460 447; x_wconf 87' lang='lat' dir='ltr'><strong>et</strong></span> <span class='ocrx_word' id='word_1_33' title='bbox 487 392 671 461; x_wconf 83' lang='lat' dir='ltr'><strong>facere</strong></span> <span class='ocrx_word' id='word_1_34' title='bbox 700 391 839 462; x_wconf 86' lang='lat' dir='ltr'><strong>quod</strong></span> <span class='ocrx_word' id='word_1_35' title='bbox 862 397 1190 465; x_wconf 75' lang='lat' dir='ltr'><strong>praeceptum</strong></span> <span class='ocrx_word' id='word_1_36' title='bbox 1219 397 1330 449; x_wconf 77' lang='lat' dir='ltr'><strong>est?</strong></span> <span class='ocrx_word' id='word_1_37' title='bbox 1355 393 1446 447; x_wconf 84' lang='lat' dir='ltr'><strong>sed</strong></span> <span class='ocrx_word' id='word_1_38' title='bbox 1463 394 1632 463; x_wconf 68' lang='lat' dir='ltr'><strong>juxta</strong></span> <span class='ocrx_word' id='word_1_39' title='bbox 1659 397 1712 447; x_wconf 86' lang='lat' dir='ltr'><strong>te</strong></span> <span class='ocrx_word' id='word_1_40' title='bbox 1726 398 1803 447; x_wconf 85' lang='lat' dir='ltr'><strong>est</strong></span> 
     </span>
    </p>
   </div>
   <div class='ocr_carea' id='block_1_6' title="bbox 150 480 1809 553">
    <p class='ocr_par' dir='ltr' id='par_1_6' title="bbox 150 480 1809 553">
     <span class='ocr_line' id='line_1_6' title="bbox 150 480 1809 553; baseline -0.001 -16"><span class='ocrx_word' id='word_1_41' title='bbox 150 496 335 537; x_wconf 81' lang='lat' dir='ltr'><strong>sermo</strong></span> <span class='ocrx_word' id='word_1_42' title='bbox 362 480 519 535; x_wconf 81' lang='lat' dir='ltr'><strong><em>valde</em></strong></span> <span class='ocrx_word' id='word_1_43' title='bbox 547 483 608 535; x_wconf 87' lang='lat' dir='ltr'><strong>in</strong></span> <span class='ocrx_word' id='word_1_44' title='bbox 637 497 735 538; x_wconf 92' lang='lat' dir='ltr'><strong>ore</strong></span> <span class='ocrx_word' id='word_1_45' title='bbox 763 490 874 550; x_wconf 84' lang='lat' dir='ltr'><strong>tuo,</strong></span> <span class='ocrx_word' id='word_1_46' title='bbox 896 491 950 538; x_wconf 88' lang='lat' dir='ltr'><strong>et</strong></span> <span class='ocrx_word' id='word_1_47' title='bbox 970 484 1029 538; x_wconf 89' lang='lat' dir='ltr'><strong>in</strong></span> <span class='ocrx_word' id='word_1_48' title='bbox 1059 482 1214 539; x_wconf 88' lang='lat' dir='ltr'><strong>corde</strong></span> <span class='ocrx_word' id='word_1_49' title='bbox 1238 487 1330 537; x_wconf 87' lang='lat' dir='ltr'><strong>tuo</strong></span> <span class='ocrx_word' id='word_1_50' title='bbox 1352 491 1413 537; x_wconf 89' lang='lat' dir='ltr'><strong>ut</strong></span> <span class='ocrx_word' id='word_1_51' title='bbox 1442 484 1618 553; x_wconf 78' lang='lat' dir='ltr'><strong>facias</strong></span> <span class='ocrx_word' id='word_1_52' title='bbox 1648 482 1809 536; x_wconf 87' lang='lat' dir='ltr'><strong>illum</strong></span> 
     </span>
    </p>
   </div>
   <div class='ocr_carea' id='block_1_7' title="bbox 1922 392 3555 474">
    <p class='ocr_par' dir='ltr' id='par_1_7' title="bbox 1922 392 3555 474">
     <span class='ocr_line' id='line_1_7' title="bbox 1922 392 3555 474; baseline 0.01 -29"><span class='ocrx_word' id='word_1_53' title='bbox 1922 398 1982 446; x_wconf 90' lang='lat' dir='ltr'><strong>ut</strong></span> <span class='ocrx_word' id='word_1_54' title='bbox 2015 392 2352 446; x_wconf 75' lang='lat' dir='ltr'><strong>ascenderet</strong></span> <span class='ocrx_word' id='word_1_55' title='bbox 2382 392 2438 446; x_wconf 90' lang='lat' dir='ltr'><strong>in</strong></span> <span class='ocrx_word' id='word_1_56' title='bbox 2472 392 2679 448; x_wconf 80' lang='lat' dir='ltr'><strong>cmlum</strong></span> <span class='ocrx_word' id='word_1_57' title='bbox 2739 396 2996 464; x_wconf 86' lang='lat' dir='ltr'><strong>tertium,</strong></span> <span class='ocrx_word' id='word_1_58' title='bbox 3027 402 3085 454; x_wconf 89' lang='lat' dir='ltr'><strong>et</strong></span> <span class='ocrx_word' id='word_1_59' title='bbox 3140 416 3243 472; x_wconf 90' lang='lat' dir='ltr'><strong>per</strong></span> <span class='ocrx_word' id='word_1_60' title='bbox 3270 402 3555 474; x_wconf 84' lang='lat' dir='ltr'><strong>Spiritum</strong></span> 
     </span>
    </p>
   </div>
   <div class='ocr_carea' id='block_1_8' title="bbox 1917 479 3556 567">
    <p class='ocr_par' dir='ltr' id='par_1_8' title="bbox 1917 479 3556 567">
     <span class='ocr_line' id='line_1_8' title="bbox 1917 479 3556 567; baseline 0.01 -32"><span class='ocrx_word' id='word_1_61' title='bbox 1917 485 2185 536; x_wconf 87' lang='lat' dir='ltr'><strong>sanctum</strong></span> <span class='ocrx_word' id='word_1_62' title='bbox 2217 485 2273 535; x_wconf 91' lang='lat' dir='ltr'><strong>et</strong></span> <span class='ocrx_word' id='word_1_63' title='bbox 2300 479 2511 536; x_wconf 90' lang='lat' dir='ltr'><strong>Filium</strong></span> <span class='ocrx_word' id='word_1_64' title='bbox 2534 482 2858 553; x_wconf 86' lang='lat' dir='ltr'><strong>perveniret</strong></span> <span class='ocrx_word' id='word_1_65' title='bbox 2879 486 2951 541; x_wconf 89' lang='lat' dir='ltr'><strong>ad</strong></span> <span class='ocrx_word' id='word_1_66' title='bbox 2977 487 3223 558; x_wconf 82' lang='lat' dir='ltr'><strong>Patrem,</strong></span> <span class='ocrx_word' id='word_1_67' title='bbox 3248 496 3305 546; x_wconf 89' lang='lat' dir='ltr'><strong>et</strong></span> <span class='ocrx_word' id='word_1_68' title='bbox 3325 495 3556 567; x_wconf 75' lang='lat' dir='ltr'><strong>audiret</strong></span> 
     </span>
    </p>
   </div>
   <div class='ocr_carea' id='block_1_9' title="bbox 148 568 3552 654">
    <p class='ocr_par' dir='ltr' id='par_1_9' title="bbox 148 568 3552 654">
     <span class='ocr_line' id='line_1_9' title="bbox 148 568 3552 654; baseline 0.005 -31"><span class='ocrx_word' id='word_1_69' title='bbox 148 568 275 641; x_wconf 85' lang='grc' dir='ltr'><strong>[ΑΙ.</strong></span> <span class='ocrx_word' id='word_1_70' title='bbox 308 568 467 638; x_wconf 85' lang='lat' dir='ltr'><strong>illud]</strong></span> <span class='ocrx_word' id='word_1_71' title='bbox 500 568 677 640; x_wconf 87' lang='lat' dir='ltr'><strong>(Deut.</strong></span> <span class='ocrx_word' id='word_1_72' title='bbox 707 586 839 636; x_wconf 81' lang='lat' dir='ltr'><strong>xxx,</strong></span> <span class='ocrx_word' id='word_1_73' title='bbox 874 572 959 639; x_wconf 86' lang='grc'>11,</span> <span class='ocrx_word' id='word_1_74' title='bbox 995 572 1102 640; x_wconf 82' lang='grc'>12).</span> <span class='ocrx_word' id='word_1_75' title='bbox 1133 572 1373 636; x_wconf 80' lang='lat' dir='ltr'><strong>Quando</strong></span> <span class='ocrx_word' id='word_1_76' title='bbox 1422 571 1578 626; x_wconf 86' lang='lat' dir='ltr'><strong>enim</strong></span> <span class='ocrx_word' id='word_1_77' title='bbox 1610 571 1810 626; x_wconf 90' lang='lat' dir='ltr'><strong>anima</strong></span> <span class='ocrx_word' id='word_1_78' title='bbox 1915 570 2089 625; x_wconf 90' lang='lat' dir='ltr'><strong>verba</strong></span> <span class='ocrx_word' id='word_1_79' title='bbox 2110 568 2445 633; x_wconf 71' lang='lat' dir='ltr'><strong>ineffabilia,</strong></span> <span class='ocrx_word' id='word_1_80' title='bbox 2477 572 2736 643; x_wconf 85' lang='lat' dir='ltr'><strong>mysterii</strong></span> <span class='ocrx_word' id='word_1_81' title='bbox 2766 574 2871 644; x_wconf 74' lang='lat' dir='ltr'><strong>[AL</strong></span> <span class='ocrx_word' id='word_1_82' title='bbox 2902 579 3197 648; x_wconf 82' lang='lat' dir='ltr'><strong>mysteria]</strong></span> <span class='ocrx_word' id='word_1_83' title='bbox 3229 581 3552 654; x_wconf 81' lang='lat' dir='ltr'><strong>Trinitatis,</strong></span> 
     </span>
    </p>
   </div>
   <div class='ocr_carea' id='block_1_10' title="bbox 145 656 1808 731">
    <p class='ocr_par' dir='ltr' id='par_1_10' title="bbox 145 656 1808 731">
     <span class='ocr_line' id='line_1_10' title="bbox 145 656 1808 731; baseline 0.001 -18"><span class='ocrx_word' id='word_1_84' title='bbox 145 657 408 714; x_wconf 83' lang='lat' dir='ltr'><strong>vinculis</strong></span> <span class='ocrx_word' id='word_1_85' title='bbox 426 656 621 713; x_wconf 80' lang='lat' dir='ltr'><strong>laxata</strong></span> <span class='ocrx_word' id='word_1_86' title='bbox 637 658 956 731; x_wconf 85' lang='lat' dir='ltr'><strong>corporeis,</strong></span> <span class='ocrx_word' id='word_1_87' title='bbox 982 658 1212 715; x_wconf 81' lang='lat' dir='ltr'><strong>volandi</strong></span> <span class='ocrx_word' id='word_1_88' title='bbox 1236 676 1351 731; x_wconf 90' lang='lat' dir='ltr'><strong>quo</strong></span> <span class='ocrx_word' id='word_1_89' title='bbox 1371 659 1529 725; x_wconf 83' lang='lat' dir='ltr'><strong>velit,</strong></span> <span class='ocrx_word' id='word_1_90' title='bbox 1553 660 1672 714; x_wconf 83' lang='lat' dir='ltr'><strong>sive</strong></span> <span class='ocrx_word' id='word_1_91' title='bbox 1694 675 1808 730; x_wconf 92' lang='lat' dir='ltr'><strong>quo</strong></span> 
     </span>
    </p>
   </div>
   <div class='ocr_carea' id='block_1_11' title="bbox 147 744 1809 819">
    <p class='ocr_par' dir='ltr' id='par_1_11' title="bbox 147 744 1809 819">
     <span class='ocr_line' id='line_1_11' title="bbox 147 744 1809 819; baseline -0.001 -17"><span class='ocrx_word' id='word_1_92' title='bbox 147 746 241 802; x_wconf 90' lang='lat' dir='ltr'><strong>ire</strong></span> <span class='ocrx_word' id='word_1_93' title='bbox 273 744 663 817; x_wconf 83' lang='lat' dir='ltr'><strong>compellitur,</strong></span> <span class='ocrx_word' id='word_1_94' title='bbox 697 752 932 819; x_wconf 84' lang='lat' dir='ltr'><strong>propter</strong></span> <span class='ocrx_word' id='word_1_95' title='bbox 958 749 1304 803; x_wconf 78' lang='lat' dir='ltr'><strong>tenuitatem</strong></span> <span class='ocrx_word' id='word_1_96' title='bbox 1335 748 1676 803; x_wconf 80' lang='lat' dir='ltr'><strong>substantiae</strong></span> <span class='ocrx_word' id='word_1_97' title='bbox 1705 746 1809 801; x_wconf 80' lang='lat' dir='ltr'><strong>ha-</strong></span> 
     </span>
    </p>
   </div>
   <div class='ocr_carea' id='block_1_12' title="bbox 149 835 1812 907">
    <p class='ocr_par' dir='ltr' id='par_1_12' title="bbox 149 835 1812 907">
     <span class='ocr_line' id='line_1_12' title="bbox 149 835 1812 907; baseline 0 -16"><span class='ocrx_word' id='word_1_98' title='bbox 149 835 353 891; x_wconf 90' lang='lat' dir='ltr'><strong>buerit</strong></span> <span class='ocrx_word' id='word_1_99' title='bbox 372 835 725 901; x_wconf 89' lang='lat' dir='ltr'><strong>libertatem,</strong></span> <span class='ocrx_word' id='word_1_100' title='bbox 749 843 851 891; x_wconf 86' lang='lat' dir='ltr'><strong>aut</strong></span> <span class='ocrx_word' id='word_1_101' title='bbox 872 837 942 892; x_wconf 87' lang='lat' dir='ltr'><strong>ad</strong></span> <span class='ocrx_word' id='word_1_102' title='bbox 967 836 1195 892; x_wconf 81' lang='lat' dir='ltr'><strong>inferna</strong></span> <span class='ocrx_word' id='word_1_103' title='bbox 1215 836 1460 892; x_wconf 82' lang='lat' dir='ltr'><strong>ducetur</strong></span> <span class='ocrx_word' id='word_1_104' title='bbox 1479 835 1573 905; x_wconf 90' lang='lat' dir='ltr'><strong>(de</strong></span> <span class='ocrx_word' id='word_1_105' title='bbox 1595 836 1812 907; x_wconf 88' lang='lat' dir='ltr'><strong>quibus</strong></span> 
     </span>
    </p>
   </div>
   <div class='ocr_carea' id='block_1_13' title="bbox 152 924 1809 996">
    <p class='ocr_par' dir='ltr' id='par_1_13' title="bbox 152 924 1809 996">
     <span class='ocr_line' id='line_1_13' title="bbox 152 924 1809 996; baseline -0.001 -17"><span class='ocrx_word' id='word_1_106' title='bbox 152 924 448 994; x_wconf 89' lang='lat' dir='ltr'><strong>scriptum</strong></span> <span class='ocrx_word' id='word_1_107' title='bbox 478 927 607 979; x_wconf 81' lang='lat' dir='ltr'><strong>est:</strong></span> <span class='ocrx_word' id='word_1_108' title='bbox 639 925 1039 980; x_wconf 77' lang='lat' dir='ltr'><strong>Convertuntur</strong></span> <span class='ocrx_word' id='word_1_109' title='bbox 1061 929 1369 996; x_wconf 84' lang='lat' dir='ltr'><strong>peccatores</strong></span> <span class='ocrx_word' id='word_1_110' title='bbox 1412 927 1477 980; x_wconf 89' lang='lat' dir='ltr'><strong>in</strong></span> <span class='ocrx_word' id='word_1_111' title='bbox 1506 926 1809 996; x_wconf 83' lang='lat' dir='ltr'><strong>infernum,</strong></span> 
     </span>
    </p>
   </div>
   <div class='ocr_carea' id='block_1_14' title="bbox 151 1014 1810 1085">
    <p class='ocr_par' dir='ltr' id='par_1_14' title="bbox 151 1014 1810 1085">
     <span class='ocr_line' id='line_1_14' title="bbox 151 1014 1810 1085; baseline -0.001 -16"><span class='ocrx_word' id='word_1_112' title='bbox 151 1023 346 1069; x_wconf 66' lang='lat' dir='ltr'><strong>armies</strong></span> <span class='ocrx_word' id='word_1_113' title='bbox 371 1015 563 1082; x_wconf 79' lang='lat' dir='ltr'><strong>gentes</strong></span> <span class='ocrx_word' id='word_1_114' title='bbox 592 1028 718 1084; x_wconf 54' lang='lat' dir='ltr'><strong>qua</strong></span> <span class='ocrx_word' id='word_1_115' title='bbox 747 1014 1154 1069; x_wconf 86' lang='lat' dir='ltr'><strong>obliviscuntur</strong></span> <span class='ocrx_word' id='word_1_116' title='bbox 1210 1019 1385 1069; x_wconf 86' lang='lat' dir='ltr'><strong>Deum</strong></span> <span class='ocrx_word' id='word_1_117' title='bbox 1440 1015 1556 1085; x_wconf 87' lang='lat' dir='ltr'><strong>(Ps.</strong></span> <span class='ocrx_word' id='word_1_118' title='bbox 1588 1031 1663 1078; x_wconf 82' lang='lat' dir='ltr'><strong>1x,</strong></span> <span class='ocrx_word' id='word_1_119' title='bbox 1700 1014 1810 1085; x_wconf 88' lang='grc'><strong>18).</strong></span> 
     </span>
    </p>
   </div>
   <div class='ocr_carea' id='block_1_15' title="bbox 154 1100 1816 1173">
    <p class='ocr_par' dir='ltr' id='par_1_15' title="bbox 154 1100 1816 1173">
     <span class='ocr_line' id='line_1_15' title="bbox 154 1100 1816 1173; baseline -0.001 -17"><span class='ocrx_word' id='word_1_120' title='bbox 154 1100 273 1156; x_wconf 86' lang='lat' dir='ltr'><strong>Et:</strong></span> <span class='ocrx_word' id='word_1_121' title='bbox 304 1101 367 1156; x_wconf 87' lang='lat' dir='ltr'><strong>In</strong></span> <span class='ocrx_word' id='word_1_122' title='bbox 410 1102 632 1171; x_wconf 87' lang='lat' dir='ltr'><strong>inferno</strong></span> <span class='ocrx_word' id='word_1_123' title='bbox 682 1103 807 1173; x_wconf 86' lang='lat' dir='ltr'><strong>quis</strong></span> <span class='ocrx_word' id='word_1_124' title='bbox 861 1102 1207 1172; x_wconf 81' lang='lat' dir='ltr'><strong>conﬁtebitur</strong></span> <span class='ocrx_word' id='word_1_125' title='bbox 1262 1102 1371 1157; x_wconf 90' lang='lat' dir='ltr'><strong>tibi</strong></span> <span class='ocrx_word' id='word_1_126' title='bbox 1400 1102 1571 1173; x_wconf 87' lang='lat' dir='ltr'><strong>(Psal.</strong></span> <span class='ocrx_word' id='word_1_127' title='bbox 1602 1119 1684 1173; x_wconf 74' lang='lat' dir='ltr'><strong>vx,</strong></span> <span class='ocrx_word' id='word_1_128' title='bbox 1712 1100 1816 1173; x_wconf 84' lang='lat'><strong>6)?</strong></span> 
     </span>
    </p>
   </div>
   <div class='ocr_carea' id='block_1_16' title="bbox 155 1189 1813 1261">
    <p class='ocr_par' dir='ltr' id='par_1_16' title="bbox 155 1189 1813 1261">
     <span class='ocr_line' id='line_1_16' title="bbox 155 1189 1813 1261; baseline -0.001 -16"><span class='ocrx_word' id='word_1_129' title='bbox 155 1190 270 1246; x_wconf 88' lang='lat' dir='ltr'><strong>Et:</strong></span> <span class='ocrx_word' id='word_1_130' title='bbox 305 1189 590 1247; x_wconf 75' lang='lat' dir='ltr'><strong>Descendit</strong></span> <span class='ocrx_word' id='word_1_131' title='bbox 614 1191 677 1244; x_wconf 85' lang='lat' dir='ltr'><strong>in</strong></span> <span class='ocrx_word' id='word_1_132' title='bbox 707 1192 842 1259; x_wconf 70' lang='lat' dir='ltr'><strong>infer</strong></span> <span class='ocrx_word' id='word_1_133' title='bbox 855 1207 987 1245; x_wconf 88' lang='lat' dir='ltr'><strong>num</strong></span> <span class='ocrx_word' id='word_1_134' title='bbox 1017 1191 1196 1259; x_wconf 88' lang='lat' dir='ltr'><strong>gloria</strong></span> <span class='ocrx_word' id='word_1_135' title='bbox 1218 1199 1309 1245; x_wconf 88' lang='lat' dir='ltr'><strong>tua</strong></span> <span class='ocrx_word' id='word_1_136' title='bbox 1331 1190 1441 1261; x_wconf 90' lang='lat' dir='ltr'><strong>(Ps.</strong></span> <span class='ocrx_word' id='word_1_137' title='bbox 1474 1207 1668 1261; x_wconf 75' lang='lat' dir='ltr'><strong>xcvm,</strong></span> <span class='ocrx_word' id='word_1_138' title='bbox 1706 1190 1813 1261; x_wconf 89' lang='grc'>18).</span> 
     </span>
    </p>
   </div>
   <div class='ocr_carea' id='block_1_17' title="bbox 154 1277 1817 1350">
    <p class='ocr_par' dir='ltr' id='par_1_17' title="bbox 154 1277 1817 1350">
     <span class='ocr_line' id='line_1_17' title="bbox 154 1277 1817 1350; baseline -0.001 -16"><span class='ocrx_word' id='word_1_139' title='bbox 154 1283 288 1334; x_wconf 84' lang='lat' dir='ltr'><strong>Aut</strong></span> <span class='ocrx_word' id='word_1_140' title='bbox 316 1282 469 1334; x_wconf 90' lang='lat' dir='ltr'><strong>certe</strong></span> <span class='ocrx_word' id='word_1_141' title='bbox 499 1278 572 1332; x_wconf 89' lang='lat' dir='ltr'><strong>ad</strong></span> <span class='ocrx_word' id='word_1_142' title='bbox 605 1277 861 1333; x_wconf 60' lang='lat' dir='ltr'><strong>caelestia</strong></span> <span class='ocrx_word' id='word_1_143' title='bbox 888 1278 1309 1344; x_wconf 85' lang='lat' dir='ltr'><strong>sublevabitur,</strong></span> <span class='ocrx_word' id='word_1_144' title='bbox 1341 1278 1443 1334; x_wconf 91' lang='lat' dir='ltr'><strong>ubi</strong></span> <span class='ocrx_word' id='word_1_145' title='bbox 1472 1282 1611 1335; x_wconf 90' lang='lat' dir='ltr'><strong>sunt</strong></span> <span class='ocrx_word' id='word_1_146' title='bbox 1639 1278 1817 1350; x_wconf 89' lang='lat' dir='ltr'><strong>spiri-</strong></span> 
     </span>
    </p>
   </div>
   <div class='ocr_carea' id='block_1_18' title="bbox 152 1365 1819 1439">
    <p class='ocr_par' dir='ltr' id='par_1_18' title="bbox 152 1365 1819 1439">
     <span class='ocr_line' id='line_1_18' title="bbox 152 1365 1819 1439; baseline 0 -16"><span class='ocrx_word' id='word_1_147' title='bbox 152 1367 350 1424; x_wconf 82' lang='lat' dir='ltr'><strong>tualis</strong></span> <span class='ocrx_word' id='word_1_148' title='bbox 370 1365 641 1438; x_wconf 61' lang='lat' dir='ltr'><strong>nequitia:</strong></span> <span class='ocrx_word' id='word_1_149' title='bbox 664 1366 722 1421; x_wconf 92' lang='lat' dir='ltr'><strong>in</strong></span> <span class='ocrx_word' id='word_1_150' title='bbox 749 1366 1098 1439; x_wconf 75' lang='lat' dir='ltr'><strong>cmlestibus,</strong></span> <span class='ocrx_word' id='word_1_151' title='bbox 1123 1372 1181 1423; x_wconf 88' lang='lat' dir='ltr'><strong>et</strong></span> <span class='ocrx_word' id='word_1_152' title='bbox 1209 1368 1260 1422; x_wconf 91' lang='lat' dir='ltr'><strong>si</strong></span> <span class='ocrx_word' id='word_1_153' title='bbox 1278 1367 1391 1423; x_wconf 89' lang='lat' dir='ltr'><strong>sibi</strong></span> <span class='ocrx_word' id='word_1_154' title='bbox 1411 1383 1555 1423; x_wconf 84' lang='lat' dir='ltr'><strong>verae</strong></span> <span class='ocrx_word' id='word_1_155' title='bbox 1575 1369 1819 1424; x_wconf 85' lang='lat' dir='ltr'><strong>circum-</strong></span> 
     </span>
    </p>
   </div>
   <div class='ocr_carea' id='block_1_19' title="bbox 152 1444 1820 1527">
    <p class='ocr_par' dir='ltr' id='par_1_19' title="bbox 152 1444 1820 1527">
     <span class='ocr_line' id='line_1_19' title="bbox 152 1444 1820 1527; baseline -0.001 -14"><span class='ocrx_word' id='word_1_156' title='bbox 152 1457 389 1513; x_wconf 86' lang='lat' dir='ltr'><strong>cisionis</strong></span> <span class='ocrx_word' id='word_1_157' title='bbox 407 1455 715 1511; x_wconf 89' lang='lat' dir='ltr'><strong>scientiam</strong></span> <span class='ocrx_word' id='word_1_158' title='bbox 735 1455 983 1511; x_wconf 86' lang='lat' dir='ltr'><strong>voluerit</strong></span> <span class='ocrx_word' id='word_1_159' title='bbox 997 1456 1314 1527; x_wconf 87' lang='lat' dir='ltr'><strong>vindicare,</strong></span> <span class='ocrx_word' id='word_1_160' title='bbox 1334 1456 1442 1512; x_wconf 91' lang='lat' dir='ltr'><strong>hoc</strong></span> <span class='ocrx_word' id='word_1_161' title='bbox 1462 1457 1619 1512; x_wconf 91' lang='lat' dir='ltr'><strong>enim</strong></span> <span class='ocrx_word' id='word_1_162' title='bbox 1641 1457 1761 1512; x_wconf 91' lang='lat' dir='ltr'><strong>inte</strong></span> <span class='ocrx_word' id='word_1_163' title='bbox 1771 1444 1820 1511; x_wconf 73' lang='lat' dir='ltr'><strong>r-</strong></span> 
     </span>
    </p>
   </div>
   <div class='ocr_carea' id='block_1_20' title="bbox 151 1543 1817 1618">
    <p class='ocr_par' dir='ltr' id='par_1_20' title="bbox 151 1543 1817 1618">
     <span class='ocr_line' id='line_1_20' title="bbox 151 1543 1817 1618; baseline 0 -17"><span class='ocrx_word' id='word_1_164' title='bbox 151 1548 429 1618; x_wconf 83' lang='lat' dir='ltr'><strong>pretatur</strong></span> <span class='ocrx_word' id='word_1_165' title='bbox 458 1544 759 1611; x_wconf 85' lang='lat' dir='ltr'><strong>Carmelus,</strong></span> <span class='ocrx_word' id='word_1_166' title='bbox 791 1548 850 1599; x_wconf 88' lang='lat' dir='ltr'><strong>et</strong></span> <span class='ocrx_word' id='word_1_167' title='bbox 877 1543 1211 1600; x_wconf 79' lang='lat' dir='ltr'><strong>humilitate</strong></span> <span class='ocrx_word' id='word_1_168' title='bbox 1264 1548 1617 1617; x_wconf 90' lang='lat' dir='ltr'><strong>contempta,</strong></span> <span class='ocrx_word' id='word_1_169' title='bbox 1652 1545 1817 1601; x_wconf 88' lang='lat' dir='ltr'><strong>habi-</strong></span> 
     </span>
    </p>
   </div>
   <div class='ocr_carea' id='block_1_21' title="bbox 150 1623 1819 1700">
    <p class='ocr_par' dir='ltr' id='par_1_21' title="bbox 150 1623 1819 1700">
     <span class='ocr_line' id='line_1_21' title="bbox 150 1623 1819 1700; baseline -0.001 -10"><span class='ocrx_word' id='word_1_170' title='bbox 150 1637 292 1690; x_wconf 90' lang='lat' dir='ltr'><strong>tare</strong></span> <span class='ocrx_word' id='word_1_171' title='bbox 323 1632 385 1687; x_wconf 92' lang='lat' dir='ltr'><strong>in</strong></span> <span class='ocrx_word' id='word_1_172' title='bbox 418 1623 741 1700; x_wconf 89' lang='lat' dir='ltr'><strong>montibus,</strong></span> <span class='ocrx_word' id='word_1_173' title='bbox 775 1636 832 1688; x_wconf 89' lang='lat' dir='ltr'><strong>et</strong></span> <span class='ocrx_word' id='word_1_174' title='bbox 883 1631 965 1687; x_wconf 88' lang='lat' dir='ltr'><strong>ibi</strong></span> <span class='ocrx_word' id='word_1_175' title='bbox 1014 1636 1375 1688; x_wconf 83' lang='lat' dir='ltr'><strong>scrutantem</strong></span> <span class='ocrx_word' id='word_1_176' title='bbox 1425 1649 1668 1688; x_wconf 83' lang='lat' dir='ltr'><strong>manum</strong></span> <span class='ocrx_word' id='word_1_177' title='bbox 1716 1633 1819 1689; x_wconf 92' lang='lat' dir='ltr'><strong>Dei</strong></span> 
     </span>
    </p>
   </div>
   <div class='ocr_carea' id='block_1_22' title="bbox 152 1719 1821 1793">
    <p class='ocr_par' dir='ltr' id='par_1_22' title="bbox 152 1719 1821 1793">
     <span class='ocr_line' id='line_1_22' title="bbox 152 1719 1821 1793; baseline -0.002 -13"><span class='ocrx_word' id='word_1_178' title='bbox 152 1722 408 1780; x_wconf 79' lang='lat' dir='ltr'><strong>evadere</strong></span> <span class='ocrx_word' id='word_1_179' title='bbox 438 1738 555 1777; x_wconf 90' lang='lat' dir='ltr'><strong>non</strong></span> <span class='ocrx_word' id='word_1_180' title='bbox 588 1719 820 1776; x_wconf 83' lang='lat' dir='ltr'><strong>valebit.</strong></span> <span class='ocrx_word' id='word_1_181' title='bbox 874 1722 1037 1787; x_wconf 90' lang='lat' dir='ltr'><strong>Quod</strong></span> <span class='ocrx_word' id='word_1_182' title='bbox 1097 1722 1146 1776; x_wconf 87' lang='lat' dir='ltr'><strong>si</strong></span> <span class='ocrx_word' id='word_1_183' title='bbox 1199 1722 1515 1793; x_wconf 85' lang='lat' dir='ltr'><strong>desperans</strong></span> <span class='ocrx_word' id='word_1_184' title='bbox 1547 1721 1821 1789; x_wconf 87' lang='lat' dir='ltr'><strong>salutem,</strong></span> 
     </span>
    </p>
   </div>
   <div class='ocr_carea' id='block_1_23' title="bbox 155 1808 1823 1879">
    <p class='ocr_par' dir='ltr' id='par_1_23' title="bbox 155 1808 1823 1879">
     <span class='ocr_line' id='line_1_23' title="bbox 155 1808 1823 1879; baseline -0.002 -9"><span class='ocrx_word' id='word_1_185' title='bbox 155 1810 370 1870; x_wconf 86' lang='lat' dir='ltr'><strong>oculos</strong></span> <span class='ocrx_word' id='word_1_186' title='bbox 392 1810 624 1866; x_wconf 90' lang='lat' dir='ltr'><strong>Domini</strong></span> <span class='ocrx_word' id='word_1_187' title='bbox 656 1808 837 1866; x_wconf 88' lang='lat' dir='ltr'><strong>vitare</strong></span> <span class='ocrx_word' id='word_1_188' title='bbox 869 1810 1195 1879; x_wconf 85' lang='lat' dir='ltr'><strong>tentaverit,</strong></span> <span class='ocrx_word' id='word_1_189' title='bbox 1219 1815 1276 1865; x_wconf 90' lang='lat' dir='ltr'><strong>et</strong></span> <span class='ocrx_word' id='word_1_190' title='bbox 1304 1810 1364 1865; x_wconf 91' lang='lat' dir='ltr'><strong>in</strong></span> <span class='ocrx_word' id='word_1_191' title='bbox 1387 1810 1628 1866; x_wconf 90' lang='lat' dir='ltr'><strong>ultimos</strong></span> <span class='ocrx_word' id='word_1_192' title='bbox 1650 1810 1823 1866; x_wconf 89' lang='lat' dir='ltr'><strong>falso-</strong></span> 
     </span>
    </p>
   </div>
   <div class='ocr_carea' id='block_1_24' title="bbox 157 1898 1826 1972">
    <p class='ocr_par' dir='ltr' id='par_1_24' title="bbox 157 1898 1826 1972">
     <span class='ocr_line' id='line_1_24' title="bbox 157 1898 1826 1972; baseline -0.002 -15"><span class='ocrx_word' id='word_1_193' title='bbox 157 1918 305 1957; x_wconf 85' lang='lat' dir='ltr'><strong>rum</strong></span> <span class='ocrx_word' id='word_1_194' title='bbox 337 1901 490 1956; x_wconf 72' lang='lat'><strong>349</strong></span> <span class='ocrx_word' id='word_1_195' title='bbox 523 1899 809 1955; x_wconf 85' lang='lat' dir='ltr'><strong>ﬂuctuum</strong></span> <span class='ocrx_word' id='word_1_196' title='bbox 858 1899 1493 1972; x_wconf 80' lang='lat' dir='ltr'><strong>terminospervenire,</strong></span> <span class='ocrx_word' id='word_1_197' title='bbox 1543 1899 1718 1955; x_wconf 88' lang='lat' dir='ltr'><strong>etiam</strong></span> <span class='ocrx_word' id='word_1_198' title='bbox 1745 1898 1826 1954; x_wconf 90' lang='lat' dir='ltr'><strong>ibi</strong></span> 
     </span>
    </p>
   </div>
   <div class='ocr_carea' id='block_1_25' title="bbox 160 1987 1827 2060">
    <p class='ocr_par' dir='ltr' id='par_1_25' title="bbox 160 1987 1827 2060">
     <span class='ocr_line' id='line_1_25' title="bbox 160 1987 1827 2060; baseline -0.002 -14"><span class='ocrx_word' id='word_1_199' title='bbox 160 1988 481 2046; x_wconf 84' lang='lat' dir='ltr'><strong>mandabit</strong></span> <span class='ocrx_word' id='word_1_200' title='bbox 513 1987 792 2043; x_wconf 91' lang='lat' dir='ltr'><strong>Dominus</strong></span> <span class='ocrx_word' id='word_1_201' title='bbox 851 1988 1103 2060; x_wconf 89' lang='lat' dir='ltr'><strong>serpenti</strong></span> <span class='ocrx_word' id='word_1_202' title='bbox 1151 1993 1415 2044; x_wconf 90' lang='lat' dir='ltr'><strong>tortuoso</strong></span> <span class='ocrx_word' id='word_1_203' title='bbox 1472 1992 1529 2043; x_wconf 89' lang='lat' dir='ltr'><strong>et</strong></span> <span class='ocrx_word' id='word_1_204' title='bbox 1584 1988 1827 2060; x_wconf 89' lang='lat' dir='ltr'><strong>antiquo</strong></span> 
     </span>
    </p>
   </div>
   <div class='ocr_carea' id='block_1_26' title="bbox 164 2076 1831 2151">
    <p class='ocr_par' dir='ltr' id='par_1_26' title="bbox 164 2076 1831 2151">
     <span class='ocr_line' id='line_1_26' title="bbox 164 2076 1831 2151; baseline -0.002 -17"><span class='ocrx_word' id='word_1_205' title='bbox 164 2079 415 2151; x_wconf 81' lang='lat' dir='ltr'><strong>(Apocal.</strong></span> <span class='ocrx_word' id='word_1_206' title='bbox 450 2078 567 2149; x_wconf 79' lang='lat' dir='ltr'><strong>xx),</strong></span> <span class='ocrx_word' id='word_1_207' title='bbox 600 2077 699 2149; x_wconf 87' lang='lat' dir='ltr'><strong>qui</strong></span> <span class='ocrx_word' id='word_1_208' title='bbox 726 2081 814 2132; x_wconf 88' lang='lat' dir='ltr'><strong>est</strong></span> <span class='ocrx_word' id='word_1_209' title='bbox 852 2077 1127 2132; x_wconf 89' lang='lat' dir='ltr'><strong>inimicus</strong></span> <span class='ocrx_word' id='word_1_210' title='bbox 1157 2080 1213 2132; x_wconf 93' lang='lat' dir='ltr'><strong>et</strong></span> <span class='ocrx_word' id='word_1_211' title='bbox 1243 2076 1418 2144; x_wconf 91' lang='lat' dir='ltr'><strong>ultor,</strong></span> <span class='ocrx_word' id='word_1_212' title='bbox 1454 2081 1510 2132; x_wconf 91' lang='lat' dir='ltr'><strong>et</strong></span> <span class='ocrx_word' id='word_1_213' title='bbox 1540 2077 1831 2132; x_wconf 89' lang='lat' dir='ltr'><strong>mordebit</strong></span> 
     </span>
    </p>
   </div>
   <div class='ocr_carea' id='block_1_27' title="bbox 169 2164 1832 2239">
    <p class='ocr_par' dir='ltr' id='par_1_27' title="bbox 169 2164 1832 2239">
     <span class='ocr_line' id='line_1_27' title="bbox 169 2164 1832 2239; baseline -0.003 -14"><span class='ocrx_word' id='word_1_214' title='bbox 169 2185 329 2226; x_wconf 86' lang='lat' dir='ltr'><strong>eam.</strong></span> <span class='ocrx_word' id='word_1_215' title='bbox 365 2168 545 2239; x_wconf 90' lang='lat' dir='ltr'><strong>Capta</strong></span> <span class='ocrx_word' id='word_1_216' title='bbox 566 2183 801 2239; x_wconf 90' lang='lat' dir='ltr'><strong>quoque</strong></span> <span class='ocrx_word' id='word_1_217' title='bbox 821 2166 980 2222; x_wconf 86' lang='lat' dir='ltr'><strong>vitiis</strong></span> <span class='ocrx_word' id='word_1_218' title='bbox 1006 2170 1180 2237; x_wconf 86' lang='lat' dir='ltr'><strong>atque</strong></span> <span class='ocrx_word' id='word_1_219' title='bbox 1219 2166 1471 2238; x_wconf 88' lang='lat' dir='ltr'><strong>peccatis</strong></span> <span class='ocrx_word' id='word_1_220' title='bbox 1499 2164 1693 2238; x_wconf 86' lang='lat' dir='ltr'><strong>gladio</strong></span> <span class='ocrx_word' id='word_1_221' title='bbox 1724 2165 1832 2220; x_wconf 85' lang='lat' dir='ltr'><strong>Do—</strong></span> 
     </span>
    </p>
   </div>
   <div class='ocr_carea' id='block_1_28' title="bbox 178 2253 1829 2328">
    <p class='ocr_par' dir='ltr' id='par_1_28' title="bbox 178 2253 1829 2328">
     <span class='ocr_line' id='line_1_28' title="bbox 178 2253 1829 2328; baseline -0.003 -15"><span class='ocrx_word' id='word_1_222' title='bbox 178 2255 334 2313; x_wconf 86' lang='lat' dir='ltr'><strong>mini</strong></span> <span class='ocrx_word' id='word_1_223' title='bbox 367 2256 443 2328; x_wconf 88' lang='lat' dir='ltr'><strong>(a)</strong></span> <span class='ocrx_word' id='word_1_224' title='bbox 482 2255 779 2327; x_wconf 90' lang='lat' dir='ltr'><strong>punietur,</strong></span> <span class='ocrx_word' id='word_1_225' title='bbox 811 2258 867 2309; x_wconf 87' lang='lat' dir='ltr'><strong>et</strong></span> <span class='ocrx_word' id='word_1_226' title='bbox 896 2257 1073 2325; x_wconf 91' lang='lat' dir='ltr'><strong>ponet</strong></span> <span class='ocrx_word' id='word_1_227' title='bbox 1102 2253 1301 2309; x_wconf 89' lang='lat' dir='ltr'><strong>oculos</strong></span> <span class='ocrx_word' id='word_1_228' title='bbox 1332 2269 1470 2309; x_wconf 90' lang='lat' dir='ltr'><strong>suos</strong></span> <span class='ocrx_word' id='word_1_229' title='bbox 1500 2269 1678 2325; x_wconf 89' lang='lat' dir='ltr'><strong>super</strong></span> <span class='ocrx_word' id='word_1_230' title='bbox 1702 2270 1829 2309; x_wconf 86' lang='lat' dir='ltr'><strong>eam</strong></span> 
     </span>
    </p>
   </div>
   <div class='ocr_carea' id='block_1_29' title="bbox 175 2342 1832 2414">
    <p class='ocr_par' dir='ltr' id='par_1_29' title="bbox 175 2342 1832 2414">
     <span class='ocr_line' id='line_1_29' title="bbox 175 2342 1832 2414; baseline -0.002 -13"><span class='ocrx_word' id='word_1_231' title='bbox 175 2346 243 2401; x_wconf 88' lang='lat' dir='ltr'><strong>in</strong></span> <span class='ocrx_word' id='word_1_232' title='bbox 277 2344 524 2413; x_wconf 88' lang='lat' dir='ltr'><strong>malum,</strong></span> <span class='ocrx_word' id='word_1_233' title='bbox 557 2348 614 2400; x_wconf 88' lang='lat' dir='ltr'><strong>et</strong></span> <span class='ocrx_word' id='word_1_234' title='bbox 634 2360 749 2400; x_wconf 88' lang='lat' dir='ltr'><strong>non</strong></span> <span class='ocrx_word' id='word_1_235' title='bbox 770 2343 828 2397; x_wconf 89' lang='lat' dir='ltr'><strong>in</strong></span> <span class='ocrx_word' id='word_1_236' title='bbox 863 2343 1106 2411; x_wconf 92' lang='lat' dir='ltr'><strong>bonum,</strong></span> <span class='ocrx_word' id='word_1_237' title='bbox 1130 2347 1195 2397; x_wconf 91' lang='lat' dir='ltr'><strong>ut</strong></span> <span class='ocrx_word' id='word_1_238' title='bbox 1215 2359 1317 2414; x_wconf 91' lang='lat' dir='ltr'><strong>per</strong></span> <span class='ocrx_word' id='word_1_239' title='bbox 1346 2342 1638 2398; x_wconf 87' lang='lat' dir='ltr'><strong>cruciatus</strong></span> <span class='ocrx_word' id='word_1_240' title='bbox 1658 2346 1832 2413; x_wconf 88' lang='lat' dir='ltr'><strong>atque</strong></span> 
     </span>
    </p>
   </div>
   <div class='ocr_carea' id='block_1_30' title="bbox 176 2431 1832 2507">
    <p class='ocr_par' dir='ltr' id='par_1_30' title="bbox 176 2431 1832 2507">
     <span class='ocr_line' id='line_1_30' title="bbox 176 2431 1832 2507; baseline -0.004 -16"><span class='ocrx_word' id='word_1_241' title='bbox 176 2433 477 2507; x_wconf 87' lang='lat' dir='ltr'><strong>supplicia</strong></span> <span class='ocrx_word' id='word_1_242' title='bbox 504 2433 576 2488; x_wconf 90' lang='lat' dir='ltr'><strong>ad</strong></span> <span class='ocrx_word' id='word_1_243' title='bbox 608 2432 921 2487; x_wconf 90' lang='lat' dir='ltr'><strong>Dominum</strong></span> <span class='ocrx_word' id='word_1_244' title='bbox 970 2435 1307 2488; x_wconf 87' lang='lat' dir='ltr'><strong>revertatur.</strong></span> <span class='ocrx_word' id='word_1_245' title='bbox 1366 2431 1629 2502; x_wconf 88' lang='lat' dir='ltr'><strong>Cumque</strong></span> <span class='ocrx_word' id='word_1_246' title='bbox 1677 2431 1832 2486; x_wconf 90' lang='lat' dir='ltr'><strong>Deus</strong></span> 
     </span>
    </p>
   </div>
   <div class='ocr_carea' id='block_1_31' title="bbox 174 2521 1836 2596">
    <p class='ocr_par' dir='ltr' id='par_1_31' title="bbox 174 2521 1836 2596">
     <span class='ocr_line' id='line_1_31' title="bbox 174 2521 1836 2596; baseline -0.004 -15"><span class='ocrx_word' id='word_1_247' title='bbox 174 2524 561 2596; x_wconf 85' lang='lat' dir='ltr'><strong>omnipotens</strong></span> <span class='ocrx_word' id='word_1_248' title='bbox 580 2521 833 2595; x_wconf 85' lang='lat' dir='ltr'><strong>tetigerit</strong></span> <span class='ocrx_word' id='word_1_249' title='bbox 850 2525 1067 2577; x_wconf 88' lang='lat' dir='ltr'><strong>terram</strong></span> <span class='ocrx_word' id='word_1_250' title='bbox 1088 2536 1291 2576; x_wconf 92' lang='lat' dir='ltr'><strong>eorum</strong></span> <span class='ocrx_word' id='word_1_251' title='bbox 1323 2524 1498 2592; x_wconf 89' lang='lat' dir='ltr'><strong>atque</strong></span> <span class='ocrx_word' id='word_1_252' title='bbox 1528 2535 1836 2575; x_wconf 89' lang='lat' dir='ltr'><strong>concusse-</strong></span> 
     </span>
    </p>
   </div>
   <div class='ocr_carea' id='block_1_32' title="bbox 171 2607 1835 2680">
    <p class='ocr_par' dir='ltr' id='par_1_32' title="bbox 171 2607 1835 2680">
     <span class='ocr_line' id='line_1_32' title="bbox 171 2607 1835 2680; baseline -0.004 -9"><span class='ocrx_word' id='word_1_253' title='bbox 171 2614 282 2679; x_wconf 88' lang='lat' dir='ltr'><strong>rit,</strong></span> <span class='ocrx_word' id='word_1_254' title='bbox 313 2616 371 2668; x_wconf 89' lang='lat' dir='ltr'><strong>et</strong></span> <span class='ocrx_word' id='word_1_255' title='bbox 398 2612 695 2667; x_wconf 86' lang='lat' dir='ltr'><strong>tabescere</strong></span> <span class='ocrx_word' id='word_1_256' title='bbox 713 2610 915 2666; x_wconf 85' lang='lat' dir='ltr'><strong>fecerit</strong></span> <span class='ocrx_word' id='word_1_257' title='bbox 936 2614 1150 2671; x_wconf 86' lang='lat' dir='ltr'><strong>cuncta</strong></span> <span class='ocrx_word' id='word_1_258' title='bbox 1168 2615 1419 2675; x_wconf 87' lang='lat' dir='ltr'><strong>terrena,</strong></span> <span class='ocrx_word' id='word_1_259' title='bbox 1442 2607 1835 2680; x_wconf 88' lang='lat' dir='ltr'><strong>intelligentes</strong></span> 
     </span>
    </p>
   </div>
   <div class='ocr_carea' id='block_1_33' title="bbox 173 2697 1834 2771">
    <p class='ocr_par' dir='ltr' id='par_1_33' title="bbox 173 2697 1834 2771">
     <span class='ocr_line' id='line_1_33' title="bbox 173 2697 1834 2771; baseline -0.003 -12"><span class='ocrx_word' id='word_1_260' title='bbox 173 2702 406 2759; x_wconf 83' lang='lat' dir='ltr'><strong>scelera</strong></span> <span class='ocrx_word' id='word_1_261' title='bbox 434 2716 562 2767; x_wconf 89' lang='lat' dir='ltr'><strong>sua,</strong></span> <span class='ocrx_word' id='word_1_262' title='bbox 594 2704 895 2755; x_wconf 87' lang='lat' dir='ltr'><strong>vertentur</strong></span> <span class='ocrx_word' id='word_1_263' title='bbox 924 2698 983 2753; x_wconf 91' lang='lat' dir='ltr'><strong>in</strong></span> <span class='ocrx_word' id='word_1_264' title='bbox 1015 2697 1263 2764; x_wconf 90' lang='lat' dir='ltr'><strong>luctum,</strong></span> <span class='ocrx_word' id='word_1_265' title='bbox 1295 2702 1351 2754; x_wconf 88' lang='lat' dir='ltr'><strong>et</strong></span> <span class='ocrx_word' id='word_1_266' title='bbox 1393 2699 1519 2771; x_wconf 90' lang='lat' dir='ltr'><strong>ipse</strong></span> <span class='ocrx_word' id='word_1_267' title='bbox 1551 2698 1834 2754; x_wconf 87' lang='lat' dir='ltr'><strong>Dominus</strong></span> 
     </span>
    </p>
   </div>
   <div class='ocr_carea' id='block_1_34' title="bbox 170 2787 1836 2863">
    <p class='ocr_par' dir='ltr' id='par_1_34' title="bbox 170 2787 1836 2863">
     <span class='ocr_line' id='line_1_34' title="bbox 170 2787 1836 2863; baseline -0.002 -17"><span class='ocrx_word' id='word_1_268' title='bbox 170 2789 489 2863; x_wconf 86' lang='lat' dir='ltr'><strong>dupliciter</strong></span> <span class='ocrx_word' id='word_1_269' title='bbox 503 2788 779 2844; x_wconf 88' lang='lat' dir='ltr'><strong>ascendet</strong></span> <span class='ocrx_word' id='word_1_270' title='bbox 800 2792 976 2859; x_wconf 89' lang='lat' dir='ltr'><strong>atque</strong></span> <span class='ocrx_word' id='word_1_271' title='bbox 996 2787 1322 2843; x_wconf 87' lang='lat' dir='ltr'><strong>descendet.</strong></span> <span class='ocrx_word' id='word_1_272' title='bbox 1343 2787 1635 2843; x_wconf 82' lang='lat' dir='ltr'><strong>Ascendet</strong></span> <span class='ocrx_word' id='word_1_273' title='bbox 1658 2803 1836 2858; x_wconf 87' lang='lat' dir='ltr'><strong>super</strong></span> 
     </span>
    </p>
   </div>
   <div class='ocr_carea' id='block_1_35' title="bbox 171 2875 1830 2950">
    <p class='ocr_par' dir='ltr' id='par_1_35' title="bbox 171 2875 1830 2950">
     <span class='ocr_line' id='line_1_35' title="bbox 171 2875 1830 2950; baseline -0.003 -14"><span class='ocrx_word' id='word_1_274' title='bbox 171 2883 418 2937; x_wconf 89' lang='lat' dir='ltr'><strong>sanctos</strong></span> <span class='ocrx_word' id='word_1_275' title='bbox 448 2878 614 2950; x_wconf 89' lang='lat' dir='ltr'><strong>quasi</strong></span> <span class='ocrx_word' id='word_1_276' title='bbox 641 2877 856 2932; x_wconf 87' lang='lat' dir='ltr'><strong>ﬂuvius</strong></span> <span class='ocrx_word' id='word_1_277' title='bbox 887 2875 1413 2931; x_wconf 89' lang='lat' dir='ltr'><strong>consummationis</strong></span> <span class='ocrx_word' id='word_1_278' title='bbox 1446 2877 1595 2947; x_wconf 87' lang='lat' dir='ltr'><strong>ejus,</strong></span> <span class='ocrx_word' id='word_1_279' title='bbox 1630 2876 1687 2931; x_wconf 91' lang='lat' dir='ltr'><strong>id</strong></span> <span class='ocrx_word' id='word_1_280' title='bbox 1723 2879 1830 2945; x_wconf 89' lang='lat' dir='ltr'><strong>est,</strong></span> 
     </span>
    </p>
   </div>
   <div class='ocr_carea' id='block_1_36' title="bbox 176 2965 1835 3038">
    <p class='ocr_par' dir='ltr' id='par_1_36' title="bbox 176 2965 1835 3038">
     <span class='ocr_line' id='line_1_36' title="bbox 176 2965 1835 3038; baseline -0.001 -16"><span class='ocrx_word' id='word_1_281' title='bbox 176 2974 356 3023; x_wconf 82' lang='lat' dir='ltr'><strong>terrae</strong></span> <span class='ocrx_word' id='word_1_282' title='bbox 385 2985 399 3022; x_wconf 87' lang='lat'><strong>:</strong></span> <span class='ocrx_word' id='word_1_283' title='bbox 431 2972 495 3022; x_wconf 90' lang='lat' dir='ltr'><strong>ut</strong></span> <span class='ocrx_word' id='word_1_284' title='bbox 524 2982 699 3038; x_wconf 90' lang='lat' dir='ltr'><strong>opera</strong></span> <span class='ocrx_word' id='word_1_285' title='bbox 726 2981 930 3021; x_wconf 90' lang='lat' dir='ltr'><strong>eorum</strong></span> <span class='ocrx_word' id='word_1_286' title='bbox 961 2968 1191 3020; x_wconf 89' lang='lat' dir='ltr'><strong>terrena</strong></span> <span class='ocrx_word' id='word_1_287' title='bbox 1221 2970 1553 3020; x_wconf 79' lang='lat' dir='ltr'><strong>consumat.</strong></span> <span class='ocrx_word' id='word_1_288' title='bbox 1589 2965 1835 3021; x_wconf 88' lang='lat' dir='ltr'><strong>Descen-</strong></span> 
     </span>
    </p>
   </div>
   <div class='ocr_carea' id='block_1_37' title="bbox 1852 1682 1901 1746">
    <p class='ocr_par' dir='ltr' id='par_1_37' title="bbox 1852 1682 1901 1746">
     <span class='ocr_line' id='line_1_37' title="bbox 1852 1682 1901 1746; baseline 0 0"><span class='ocrx_word' id='word_1_289' title='bbox 1852 1682 1901 1746; x_wconf 92' lang='lat' dir='ltr'>B</span> 
     </span>
    </p>
   </div>
   <div class='ocr_carea' id='block_1_38' title="bbox 1918 659 3559 745">
    <p class='ocr_par' dir='ltr' id='par_1_38' title="bbox 1918 659 3559 745">
     <span class='ocr_line' id='line_1_38' title="bbox 1918 659 3559 745; baseline 0.011 -33"><span class='ocrx_word' id='word_1_290' title='bbox 1918 676 2046 730; x_wconf 67' lang='lat' dir='ltr'><strong>qum</strong></span> <span class='ocrx_word' id='word_1_291' title='bbox 2064 659 2402 714; x_wconf 87' lang='lat' dir='ltr'><strong>hominibus</strong></span> <span class='ocrx_word' id='word_1_292' title='bbox 2425 660 2629 715; x_wconf 86' lang='lat' dir='ltr'><strong>audire</strong></span> <span class='ocrx_word' id='word_1_293' title='bbox 2654 679 2768 716; x_wconf 92' lang='lat' dir='ltr'><strong>non</strong></span> <span class='ocrx_word' id='word_1_294' title='bbox 2793 661 3016 719; x_wconf 89' lang='lat' dir='ltr'><strong>licitum</strong></span> <span class='ocrx_word' id='word_1_295' title='bbox 3038 671 3144 721; x_wconf 88' lang='lat' dir='ltr'><strong>est.</strong></span> <span class='ocrx_word' id='word_1_296' title='bbox 3163 668 3278 724; x_wconf 84' lang='lat' dir='ltr'><strong>Iste</strong></span> <span class='ocrx_word' id='word_1_297' title='bbox 3299 686 3435 743; x_wconf 90' lang='lat' dir='ltr'><strong>ergo</strong></span> <span class='ocrx_word' id='word_1_298' title='bbox 3457 675 3559 745; x_wconf 90' lang='lat' dir='ltr'><strong>qui</strong></span> 
     </span>
    </p>
   </div>
   <div class='ocr_carea' id='block_1_39' title="bbox 1919 745 3565 818">
    <p class='ocr_par' dir='ltr' id='par_1_39' title="bbox 1919 745 3565 818">
     <span class='ocr_line' id='line_1_39' title="bbox 1919 745 3565 818; baseline 0.01 -17"><span class='ocrx_word' id='word_1_299' title='bbox 1919 745 2181 818; x_wconf 86' lang='lat' dir='ltr'><strong>quotidie</strong></span> <span class='ocrx_word' id='word_1_300' title='bbox 2212 748 2474 803; x_wconf 87' lang='lat' dir='ltr'><strong>ascendit</strong></span> <span class='ocrx_word' id='word_1_301' title='bbox 2504 748 2562 804; x_wconf 90' lang='lat' dir='ltr'><strong>in</strong></span> <span class='ocrx_word' id='word_1_302' title='bbox 2595 750 2837 817; x_wconf 90' lang='lat' dir='ltr'><strong>sanctis,</strong></span> <span class='ocrx_word' id='word_1_303' title='bbox 2861 753 3206 811; x_wconf 81' lang='lat' dir='ltr'><strong>fasciculum</strong></span> <span class='ocrx_word' id='word_1_304' title='bbox 3239 774 3413 814; x_wconf 91' lang='lat' dir='ltr'><strong>suum</strong></span> <span class='ocrx_word' id='word_1_305' title='bbox 3438 762 3565 817; x_wconf 82' lang='lat' dir='ltr'><strong>fun-</strong></span> 
     </span>
    </p>
   </div>
   <div class='ocr_carea' id='block_1_40' title="bbox 1921 836 3560 918">
    <p class='ocr_par' dir='ltr' id='par_1_40' title="bbox 1921 836 3560 918">
     <span class='ocr_line' id='line_1_40' title="bbox 1921 836 3560 918; baseline 0.01 -28"><span class='ocrx_word' id='word_1_306' title='bbox 1921 836 2081 891; x_wconf 89' lang='lat' dir='ltr'><strong>davit</strong></span> <span class='ocrx_word' id='word_1_307' title='bbox 2109 853 2288 907; x_wconf 89' lang='lat' dir='ltr'><strong>super</strong></span> <span class='ocrx_word' id='word_1_308' title='bbox 2314 841 2551 907; x_wconf 86' lang='lat' dir='ltr'><strong>terram,</strong></span> <span class='ocrx_word' id='word_1_309' title='bbox 2584 839 2739 895; x_wconf 76' lang='lat'><strong>350</strong></span> <span class='ocrx_word' id='word_1_310' title='bbox 2792 841 2864 896; x_wconf 91' lang='lat' dir='ltr'><strong>de</strong></span> <span class='ocrx_word' id='word_1_311' title='bbox 2896 858 3011 912; x_wconf 90' lang='lat' dir='ltr'><strong>quo</strong></span> <span class='ocrx_word' id='word_1_312' title='bbox 3036 844 3099 898; x_wconf 85' lang='lat' dir='ltr'><strong>in</strong></span> <span class='ocrx_word' id='word_1_313' title='bbox 3133 846 3446 918; x_wconf 78' lang='lat' dir='ltr'><strong>Evangelia</strong></span> <span class='ocrx_word' id='word_1_314' title='bbox 3477 850 3560 907; x_wconf 88' lang='lat' dir='ltr'><strong>lo-</strong></span> 
     </span>
    </p>
   </div>
   <div class='ocr_carea' id='block_1_41' title="bbox 1923 924 3567 1009">
    <p class='ocr_par' dir='ltr' id='par_1_41' title="bbox 1923 924 3567 1009">
     <span class='ocr_line' id='line_1_41' title="bbox 1923 924 3567 1009; baseline 0.011 -32"><span class='ocrx_word' id='word_1_315' title='bbox 1923 924 2157 996; x_wconf 85' lang='lat' dir='ltr'><strong>quitur:</strong></span> <span class='ocrx_word' id='word_1_316' title='bbox 2191 925 2265 980; x_wconf 88' lang='lat' dir='ltr'><strong>Ne</strong></span> <span class='ocrx_word' id='word_1_317' title='bbox 2292 927 2506 993; x_wconf 80' lang='lat' dir='ltr'><strong>timeas,</strong></span> <span class='ocrx_word' id='word_1_318' title='bbox 2557 943 2692 996; x_wconf 74' lang='lat' dir='ltr'><strong>grex</strong></span> <span class='ocrx_word' id='word_1_319' title='bbox 2741 931 2990 999; x_wconf 73' lang='lat' dir='ltr'><strong>parente,</strong></span> <span class='ocrx_word' id='word_1_320' title='bbox 3051 936 3182 1002; x_wconf 83' lang='lat' dir='ltr'><strong>quia</strong></span> <span class='ocrx_word' id='word_1_321' title='bbox 3238 939 3567 1009; x_wconf 78' lang='lat' dir='ltr'><strong>complacuit</strong></span> 
     </span>
    </p>
   </div>
   <div class='ocr_carea' id='block_1_42' title="bbox 1921 1014 3568 1091">
    <p class='ocr_par' dir='ltr' id='par_1_42' title="bbox 1921 1014 3568 1091">
     <span class='ocr_line' id='line_1_42' title="bbox 1921 1014 3568 1091; baseline 0.009 -23"><span class='ocrx_word' id='word_1_322' title='bbox 1921 1015 2081 1068; x_wconf 87' lang='lat' dir='ltr'><strong>Patri</strong></span> <span class='ocrx_word' id='word_1_323' title='bbox 2104 1029 2221 1068; x_wconf 88' lang='lat' dir='ltr'><strong>meo</strong></span> <span class='ocrx_word' id='word_1_324' title='bbox 2269 1014 2521 1068; x_wconf 83' lang='lat' dir='ltr'><strong>habitare</strong></span> <span class='ocrx_word' id='word_1_325' title='bbox 2551 1016 2609 1069; x_wconf 85' lang='lat' dir='ltr'><strong>in</strong></span> <span class='ocrx_word' id='word_1_326' title='bbox 2638 1025 2688 1070; x_wconf 91' lang='lat' dir='ltr'><strong>te</strong></span> <span class='ocrx_word' id='word_1_327' title='bbox 2713 1020 2866 1083; x_wconf 84' lang='lat' dir='ltr'><strong>(Luc.</strong></span> <span class='ocrx_word' id='word_1_328' title='bbox 2900 1036 3002 1085; x_wconf 85' lang='lat' dir='ltr'><strong>xu,</strong></span> <span class='ocrx_word' id='word_1_329' title='bbox 3030 1022 3140 1091; x_wconf 78' lang='lat'><strong>32).</strong></span> <span class='ocrx_word' id='word_1_330' title='bbox 3176 1022 3288 1079; x_wconf 91' lang='lat' dir='ltr'><strong>Iste</strong></span> <span class='ocrx_word' id='word_1_331' title='bbox 3319 1026 3568 1083; x_wconf 85' lang='lat' dir='ltr'><strong>fascicu-</strong></span> 
     </span>
    </p>
   </div>
   <div class='ocr_carea' id='block_1_43' title="bbox 1924 1102 3572 1174">
    <p class='ocr_par' dir='ltr' id='par_1_43' title="bbox 1924 1102 3572 1174">
     <span class='ocr_line' id='line_1_43' title="bbox 1924 1102 3572 1174; baseline 0.011 -19"><span class='ocrx_word' id='word_1_332' title='bbox 1924 1105 2020 1156; x_wconf 89' lang='lat' dir='ltr'><strong>lus</strong></span> <span class='ocrx_word' id='word_1_333' title='bbox 2052 1118 2171 1156; x_wconf 90' lang='lat' dir='ltr'><strong>una</strong></span> <span class='ocrx_word' id='word_1_334' title='bbox 2198 1102 2425 1157; x_wconf 91' lang='lat' dir='ltr'><strong>Domini</strong></span> <span class='ocrx_word' id='word_1_335' title='bbox 2458 1102 2734 1174; x_wconf 85' lang='lat' dir='ltr'><strong>religione</strong></span> <span class='ocrx_word' id='word_1_336' title='bbox 2765 1107 3114 1164; x_wconf 87' lang='lat' dir='ltr'><strong>constrictus</strong></span> <span class='ocrx_word' id='word_1_337' title='bbox 3158 1117 3264 1167; x_wconf 91' lang='lat' dir='ltr'><strong>est.</strong></span> <span class='ocrx_word' id='word_1_338' title='bbox 3325 1113 3486 1171; x_wconf 91' lang='lat' dir='ltr'><strong>Unde</strong></span> <span class='ocrx_word' id='word_1_339' title='bbox 3513 1121 3572 1173; x_wconf 88' lang='lat' dir='ltr'><strong>et</strong></span> 
     </span>
    </p>
   </div>
   <div class='ocr_carea' id='block_1_44' title="bbox 1924 1189 3571 1263">
    <p class='ocr_par' dir='ltr' id='par_1_44' title="bbox 1924 1189 3571 1263">
     <span class='ocr_line' id='line_1_44' title="bbox 1924 1189 3571 1263; baseline 0.01 -20"><span class='ocrx_word' id='word_1_340' title='bbox 1924 1189 2053 1261; x_wconf 91' lang='lat' dir='ltr'><strong>ipsa</strong></span> <span class='ocrx_word' id='word_1_341' title='bbox 2082 1189 2281 1261; x_wconf 77' lang='lat' dir='ltr'><strong>religio</strong></span> <span class='ocrx_word' id='word_1_342' title='bbox 2313 1208 2346 1245; x_wconf 91' lang='lat' dir='ltr'><strong>a</strong></span> <span class='ocrx_word' id='word_1_343' title='bbox 2374 1190 2693 1263; x_wconf 87' lang='lat' dir='ltr'><strong>religando,</strong></span> <span class='ocrx_word' id='word_1_344' title='bbox 2725 1198 2782 1248; x_wconf 90' lang='lat' dir='ltr'><strong>et</strong></span> <span class='ocrx_word' id='word_1_345' title='bbox 2812 1195 2872 1248; x_wconf 90' lang='lat' dir='ltr'><strong>in</strong></span> <span class='ocrx_word' id='word_1_346' title='bbox 2912 1196 3126 1253; x_wconf 81' lang='lat' dir='ltr'><strong>fascem</strong></span> <span class='ocrx_word' id='word_1_347' title='bbox 3186 1202 3417 1258; x_wconf 89' lang='lat' dir='ltr'><strong>Domini</strong></span> <span class='ocrx_word' id='word_1_348' title='bbox 3441 1204 3571 1261; x_wconf 77' lang='lat' dir='ltr'><strong>vitr-</strong></span> 
     </span>
    </p>
   </div>
   <div class='ocr_carea' id='block_1_45' title="bbox 1926 1277 3569 1365">
    <p class='ocr_par' dir='ltr' id='par_1_45' title="bbox 1926 1277 3569 1365">
     <span class='ocr_line' id='line_1_45' title="bbox 1926 1277 3569 1365; baseline 0.01 -32"><span class='ocrx_word' id='word_1_349' title='bbox 1926 1277 2130 1334; x_wconf 89' lang='lat' dir='ltr'><strong>ciendo</strong></span> <span class='ocrx_word' id='word_1_350' title='bbox 2162 1294 2373 1334; x_wconf 90' lang='lat' dir='ltr'><strong>nomen</strong></span> <span class='ocrx_word' id='word_1_351' title='bbox 2414 1281 2654 1352; x_wconf 90' lang='lat' dir='ltr'><strong>accepit.</strong></span> <span class='ocrx_word' id='word_1_352' title='bbox 2717 1282 2894 1338; x_wconf 91' lang='lat' dir='ltr'><strong>Porro</strong></span> <span class='ocrx_word' id='word_1_353' title='bbox 2948 1286 3114 1357; x_wconf 81' lang='lat' dir='ltr'><strong>juxta</strong></span> <span class='ocrx_word' id='word_1_354' title='bbox 3169 1288 3569 1365; x_wconf 87' lang='lat' dir='ltr'><strong>Septuaginta,</strong></span> 
     </span>
    </p>
   </div>
   <div class='ocr_carea' id='block_1_46' title="bbox 1925 1368 3572 1452">
    <p class='ocr_par' dir='ltr' id='par_1_46' title="bbox 1925 1368 3572 1452">
     <span class='ocr_line' id='line_1_46' title="bbox 1925 1368 3572 1452; baseline 0.012 -33"><span class='ocrx_word' id='word_1_355' title='bbox 1925 1368 2404 1437; x_wconf 85' lang='lat' dir='ltr'><strong>repromissionem</strong></span> <span class='ocrx_word' id='word_1_356' title='bbox 2435 1386 2595 1424; x_wconf 86' lang='lat' dir='ltr'><strong>suam</strong></span> <span class='ocrx_word' id='word_1_357' title='bbox 2624 1370 2821 1441; x_wconf 82' lang='lat' dir='ltr'><strong>fundat</strong></span> <span class='ocrx_word' id='word_1_358' title='bbox 2848 1372 2956 1443; x_wconf 83' lang='grc' dir='ltr'>[ΑΙ.</span> <span class='ocrx_word' id='word_1_359' title='bbox 2983 1375 3258 1449; x_wconf 80' lang='lat' dir='ltr'><strong>fundavit]</strong></span> <span class='ocrx_word' id='word_1_360' title='bbox 3280 1396 3445 1452; x_wconf 86' lang='lat' dir='ltr'><strong>super</strong></span> <span class='ocrx_word' id='word_1_361' title='bbox 3463 1386 3572 1438; x_wconf 86' lang='lat' dir='ltr'><strong>ter-</strong></span> 
     </span>
    </p>
   </div>
   <div class='ocr_carea' id='block_1_47' title="bbox 1927 1456 3575 1543">
    <p class='ocr_par' dir='ltr' id='par_1_47' title="bbox 1927 1456 3575 1543">
     <span class='ocr_line' id='line_1_47' title="bbox 1927 1456 3575 1543; baseline 0.012 -35"><span class='ocrx_word' id='word_1_362' title='bbox 1927 1472 2069 1523; x_wconf 87' lang='lat' dir='ltr'><strong>ram,</strong></span> <span class='ocrx_word' id='word_1_363' title='bbox 2094 1458 2158 1509; x_wconf 91' lang='lat' dir='ltr'><strong>ut</strong></span> <span class='ocrx_word' id='word_1_364' title='bbox 2174 1472 2375 1511; x_wconf 87' lang='lat' dir='ltr'><strong>omnes</strong></span> <span class='ocrx_word' id='word_1_365' title='bbox 2394 1456 2552 1513; x_wconf 90' lang='lat' dir='ltr'><strong>illius</strong></span> <span class='ocrx_word' id='word_1_366' title='bbox 2574 1460 3056 1531; x_wconf 89' lang='lat' dir='ltr'><strong>repromissiones</strong></span> <span class='ocrx_word' id='word_1_367' title='bbox 3070 1481 3216 1537; x_wconf 89' lang='lat' dir='ltr'><strong>quas</strong></span> <span class='ocrx_word' id='word_1_368' title='bbox 3239 1469 3424 1524; x_wconf 87' lang='lat' dir='ltr'><strong>sancti</strong></span> <span class='ocrx_word' id='word_1_369' title='bbox 3444 1488 3575 1543; x_wconf 93' lang='lat' dir='ltr'><strong>pro-</strong></span> 
     </span>
    </p>
   </div>
   <div class='ocr_carea' id='block_1_48' title="bbox 1927 1543 3576 1619">
    <p class='ocr_par' dir='ltr' id='par_1_48' title="bbox 1927 1543 3576 1619">
     <span class='ocr_line' id='line_1_48' title="bbox 1927 1543 3576 1619; baseline 0.012 -23"><span class='ocrx_word' id='word_1_370' title='bbox 1927 1543 2117 1614; x_wconf 64' lang='lat' dir='ltr'><strong>phetae</strong></span> <span class='ocrx_word' id='word_1_371' title='bbox 2150 1560 2256 1599; x_wconf 92' lang='lat' dir='ltr'><strong>suo</strong></span> <span class='ocrx_word' id='word_1_372' title='bbox 2289 1561 2385 1599; x_wconf 88' lang='lat' dir='ltr'><strong>ore</strong></span> <span class='ocrx_word' id='word_1_373' title='bbox 2417 1547 2771 1619; x_wconf 89' lang='lat' dir='ltr'><strong>cecinerunt,</strong></span> <span class='ocrx_word' id='word_1_374' title='bbox 2808 1567 2921 1605; x_wconf 90' lang='lat' dir='ltr'><strong>non</strong></span> <span class='ocrx_word' id='word_1_375' title='bbox 2952 1551 3185 1610; x_wconf 88' lang='lat' dir='ltr'><strong>inanem</strong></span> <span class='ocrx_word' id='word_1_376' title='bbox 3226 1572 3438 1614; x_wconf 88' lang='lat' dir='ltr'><strong>sonum</strong></span> <span class='ocrx_word' id='word_1_377' title='bbox 3469 1560 3576 1617; x_wconf 91' lang='lat' dir='ltr'><strong>ha-</strong></span> 
     </span>
    </p>
   </div>
   <div class='ocr_carea' id='block_1_49' title="bbox 1930 1631 3573 1715">
    <p class='ocr_par' dir='ltr' id='par_1_49' title="bbox 1930 1631 3573 1715">
     <span class='ocr_line' id='line_1_49' title="bbox 1930 1631 3573 1715; baseline 0.013 -29"><span class='ocrx_word' id='word_1_378' title='bbox 1930 1631 2127 1699; x_wconf 85' lang='lat' dir='ltr'><strong>beant,</strong></span> <span class='ocrx_word' id='word_1_379' title='bbox 2160 1633 2316 1715; x_wconf 78' lang='lat' dir='ltr'><strong>et_(c)</strong></span> <span class='ocrx_word' id='word_1_380' title='bbox 2349 1650 2517 1689; x_wconf 90' lang='lat' dir='ltr'><strong>cassa</strong></span> <span class='ocrx_word' id='word_1_381' title='bbox 2560 1634 2744 1692; x_wconf 89' lang='lat' dir='ltr'><strong>solius</strong></span> <span class='ocrx_word' id='word_1_382' title='bbox 2789 1638 3122 1712; x_wconf 69' lang='lat' dir='ltr'><strong>tropologiaa</strong></span> <span class='ocrx_word' id='word_1_383' title='bbox 3163 1645 3439 1715; x_wconf 87' lang='lat' dir='ltr'><strong>nomina;</strong></span> <span class='ocrx_word' id='word_1_384' title='bbox 3472 1646 3573 1707; x_wconf 83' lang='lat' dir='ltr'><strong>sed</strong></span> 
     </span>
    </p>
   </div>
   <div class='ocr_carea' id='block_1_50' title="bbox 1936 1719 3578 1794">
    <p class='ocr_par' dir='ltr' id='par_1_50' title="bbox 1936 1719 3578 1794">
     <span class='ocr_line' id='line_1_50' title="bbox 1936 1719 3578 1794; baseline 0.013 -22"><span class='ocrx_word' id='word_1_385' title='bbox 1936 1719 2331 1775; x_wconf 85' lang='lat' dir='ltr'><strong>fundenturin</strong></span> <span class='ocrx_word' id='word_1_386' title='bbox 2357 1725 2531 1776; x_wconf 89' lang='lat' dir='ltr'><strong>terra.</strong></span> <span class='ocrx_word' id='word_1_387' title='bbox 2563 1722 2632 1777; x_wconf 88' lang='lat' dir='ltr'><strong>Et</strong></span> <span class='ocrx_word' id='word_1_388' title='bbox 2660 1739 2793 1779; x_wconf 92' lang='lat' dir='ltr'><strong>cum</strong></span> <span class='ocrx_word' id='word_1_389' title='bbox 2827 1725 3084 1785; x_wconf 80' lang='lat' dir='ltr'><strong>historiae</strong></span> <span class='ocrx_word' id='word_1_390' title='bbox 3114 1730 3426 1790; x_wconf 90' lang='lat' dir='ltr'><strong>habuerint</strong></span> <span class='ocrx_word' id='word_1_391' title='bbox 3452 1739 3578 1794; x_wconf 90' lang='lat' dir='ltr'><strong>l‘un-</strong></span> 
     </span>
    </p>
   </div>
   <div class='ocr_carea' id='block_1_51' title="bbox 1935 1807 3580 1889">
    <p class='ocr_par' dir='ltr' id='par_1_51' title="bbox 1935 1807 3580 1889">
     <span class='ocr_line' id='line_1_51' title="bbox 1935 1807 3580 1889; baseline 0.013 -28"><span class='ocrx_word' id='word_1_392' title='bbox 1935 1807 2230 1873; x_wconf 86' lang='lat' dir='ltr'><strong>damenta,</strong></span> <span class='ocrx_word' id='word_1_393' title='bbox 2253 1812 2395 1864; x_wconf 89' lang='lat' dir='ltr'><strong>tunc</strong></span> <span class='ocrx_word' id='word_1_394' title='bbox 2419 1810 2742 1880; x_wconf 88' lang='lat' dir='ltr'><strong>spiritualis</strong></span> <span class='ocrx_word' id='word_1_395' title='bbox 2764 1814 3158 1889; x_wconf 76' lang='lat' dir='ltr'><strong>intelligentiae</strong></span> <span class='ocrx_word' id='word_1_396' title='bbox 3178 1822 3409 1879; x_wconf 89' lang='lat' dir='ltr'><strong>culmen</strong></span> <span class='ocrx_word' id='word_1_397' title='bbox 3436 1827 3580 1883; x_wconf 87' lang='lat' dir='ltr'><strong>acci-</strong></span> 
     </span>
    </p>
   </div>
   <div class='ocr_carea' id='block_1_52' title="bbox 1937 1895 3582 1984">
    <p class='ocr_par' dir='ltr' id='par_1_52' title="bbox 1937 1895 3582 1984">
     <span class='ocr_line' id='line_1_52' title="bbox 1937 1895 3582 1984; baseline 0.014 -36"><span class='ocrx_word' id='word_1_398' title='bbox 1937 1895 2101 1966; x_wconf 89' lang='lat' dir='ltr'><strong>piant</strong></span> <span class='ocrx_word' id='word_1_399' title='bbox 2130 1914 2141 1950; x_wconf 91' lang='lat'><strong>:</strong></span> <span class='ocrx_word' id='word_1_400' title='bbox 2176 1902 2243 1952; x_wconf 91' lang='lat' dir='ltr'><strong>ut</strong></span> <span class='ocrx_word' id='word_1_401' title='bbox 2272 1914 2400 1953; x_wconf 90' lang='lat' dir='ltr'><strong>vere</strong></span> <span class='ocrx_word' id='word_1_402' title='bbox 2429 1897 2697 1956; x_wconf 88' lang='lat' dir='ltr'><strong>Christus</strong></span> <span class='ocrx_word' id='word_1_403' title='bbox 2724 1902 2796 1957; x_wconf 90' lang='lat' dir='ltr'><strong>de</strong></span> <span class='ocrx_word' id='word_1_404' title='bbox 2843 1904 3081 1975; x_wconf 88' lang='lat' dir='ltr'><strong>Virgine</strong></span> <span class='ocrx_word' id='word_1_405' title='bbox 3121 1912 3293 1966; x_wconf 90' lang='lat' dir='ltr'><strong>natus</strong></span> <span class='ocrx_word' id='word_1_406' title='bbox 3323 1912 3419 1984; x_wconf 89' lang='lat' dir='ltr'><strong>sit,</strong></span> <span class='ocrx_word' id='word_1_407' title='bbox 3450 1930 3582 1972; x_wconf 89' lang='lat' dir='ltr'><strong>vere</strong></span> 
     </span>
    </p>
   </div>
   <div class='ocr_carea' id='block_1_53' title="bbox 1938 1984 3582 2074">
    <p class='ocr_par' dir='ltr' id='par_1_53' title="bbox 1938 1984 3582 2074">
     <span class='ocr_line' id='line_1_53' title="bbox 1938 1984 3582 2074; baseline 0.013 -36"><span class='ocrx_word' id='word_1_408' title='bbox 1938 1984 2219 2040; x_wconf 88' lang='lat' dir='ltr'><strong>Lazarum</strong></span> <span class='ocrx_word' id='word_1_409' title='bbox 2258 1992 2555 2043; x_wconf 87' lang='lat' dir='ltr'><strong>mortuum</strong></span> <span class='ocrx_word' id='word_1_410' title='bbox 2586 1990 2904 2060; x_wconf 88' lang='lat' dir='ltr'><strong>suscitarit,</strong></span> <span class='ocrx_word' id='word_1_411' title='bbox 2936 2010 3067 2051; x_wconf 88' lang='lat' dir='ltr'><strong>vere</strong></span> <span class='ocrx_word' id='word_1_412' title='bbox 3098 1997 3169 2052; x_wconf 89' lang='lat' dir='ltr'><strong>ad</strong></span> <span class='ocrx_word' id='word_1_413' title='bbox 3201 2003 3422 2056; x_wconf 89' lang='lat' dir='ltr'><strong>tactum</strong></span> <span class='ocrx_word' id='word_1_414' title='bbox 3452 2003 3582 2074; x_wconf 86' lang='lat' dir='ltr'><strong>ejus</strong></span> 
     </span>
    </p>
   </div>
   <div class='ocr_carea' id='block_1_54' title="bbox 1939 2071 3584 2149">
    <p class='ocr_par' dir='ltr' id='par_1_54' title="bbox 1939 2071 3584 2149">
     <span class='ocr_line' id='line_1_54' title="bbox 1939 2071 3584 2149; baseline 0.016 -26"><span class='ocrx_word' id='word_1_415' title='bbox 1939 2071 2277 2147; x_wconf 70' lang='grc' dir='ltr'><strong>αἱμορῥοῦσα</strong></span> <span class='ocrx_word' id='word_1_416' title='bbox 2307 2082 2513 2131; x_wconf 88' lang='lat' dir='ltr'><strong>sanata</strong></span> <span class='ocrx_word' id='word_1_417' title='bbox 2534 2077 2631 2147; x_wconf 89' lang='lat' dir='ltr'><strong>sit,</strong></span> <span class='ocrx_word' id='word_1_418' title='bbox 2665 2095 2795 2135; x_wconf 88' lang='lat' dir='ltr'><strong>vere</strong></span> <span class='ocrx_word' id='word_1_419' title='bbox 2824 2080 2883 2136; x_wconf 89' lang='lat' dir='ltr'><strong>in</strong></span> <span class='ocrx_word' id='word_1_420' title='bbox 2916 2083 3163 2141; x_wconf 90' lang='lat' dir='ltr'><strong>adventu</strong></span> <span class='ocrx_word' id='word_1_421' title='bbox 3196 2086 3427 2146; x_wconf 91' lang='lat' dir='ltr'><strong>Domini</strong></span> <span class='ocrx_word' id='word_1_422' title='bbox 3448 2071 3584 2149; x_wconf 57' lang='lat' dir='ltr'><strong>caeci</strong></span> 
     </span>
    </p>
   </div>
   <div class='ocr_carea' id='block_1_55' title="bbox 1938 2162 3583 2238">
    <p class='ocr_par' dir='ltr' id='par_1_55' title="bbox 1938 2162 3583 2238">
     <span class='ocr_line' id='line_1_55' title="bbox 1938 2162 3583 2238; baseline 0.013 -22"><span class='ocrx_word' id='word_1_423' title='bbox 1938 2162 2204 2233; x_wconf 86' lang='lat' dir='ltr'><strong>viderint,</strong></span> <span class='ocrx_word' id='word_1_424' title='bbox 2237 2163 2429 2219; x_wconf 89' lang='lat' dir='ltr'><strong>claudi</strong></span> <span class='ocrx_word' id='word_1_425' title='bbox 2474 2168 2857 2237; x_wconf 90' lang='lat' dir='ltr'><strong>cucurrerint,</strong></span> <span class='ocrx_word' id='word_1_426' title='bbox 2910 2178 3215 2230; x_wconf 75' lang='lat' dir='ltr'><strong>contracta:</strong></span> <span class='ocrx_word' id='word_1_427' title='bbox 3247 2194 3459 2236; x_wconf 89' lang='lat' dir='ltr'><strong>manus</strong></span> <span class='ocrx_word' id='word_1_428' title='bbox 3486 2196 3583 2238; x_wconf 84' lang='lat' dir='ltr'><strong>ex-</strong></span> 
     </span>
    </p>
   </div>
   <div class='ocr_carea' id='block_1_56' title="bbox 1941 2251 3583 2326">
    <p class='ocr_par' dir='ltr' id='par_1_56' title="bbox 1941 2251 3583 2326">
     <span class='ocr_line' id='line_1_56' title="bbox 1941 2251 3583 2326; baseline 0.013 -21"><span class='ocrx_word' id='word_1_429' title='bbox 1941 2254 2117 2306; x_wconf 74' lang='lat' dir='ltr'><strong>tensae</strong></span> <span class='ocrx_word' id='word_1_430' title='bbox 2140 2251 2277 2320; x_wconf 88' lang='lat' dir='ltr'><strong>sint,</strong></span> <span class='ocrx_word' id='word_1_431' title='bbox 2311 2252 2472 2324; x_wconf 89' lang='lat' dir='ltr'><strong>lepra</strong></span> <span class='ocrx_word' id='word_1_432' title='bbox 2502 2257 2787 2312; x_wconf 88' lang='lat' dir='ltr'><strong>mundata</strong></span> <span class='ocrx_word' id='word_1_433' title='bbox 2811 2258 2926 2326; x_wconf 86' lang='lat' dir='ltr'><strong>sit;</strong></span> <span class='ocrx_word' id='word_1_434' title='bbox 2958 2259 3093 2317; x_wconf 90' lang='lat' dir='ltr'><strong>licet</strong></span> <span class='ocrx_word' id='word_1_435' title='bbox 3122 2268 3444 2322; x_wconf 90' lang='lat' dir='ltr'><strong>secundum</strong></span> <span class='ocrx_word' id='word_1_436' title='bbox 3467 2273 3583 2326; x_wconf 88' lang='lat' dir='ltr'><strong>tro-</strong></span> 
     </span>
    </p>
   </div>
   <div class='ocr_carea' id='block_1_57' title="bbox 1942 2339 3584 2419">
    <p class='ocr_par' dir='ltr' id='par_1_57' title="bbox 1942 2339 3584 2419">
     <span class='ocr_line' id='line_1_57' title="bbox 1942 2339 3584 2419; baseline 0.013 -27"><span class='ocrx_word' id='word_1_437' title='bbox 1942 2339 2235 2410; x_wconf 84' lang='lat' dir='ltr'><strong>pologiam</strong></span> <span class='ocrx_word' id='word_1_438' title='bbox 2250 2341 2509 2411; x_wconf 89' lang='lat' dir='ltr'><strong>quotidie</strong></span> <span class='ocrx_word' id='word_1_439' title='bbox 2531 2343 2600 2398; x_wconf 92' lang='lat' dir='ltr'><strong>de</strong></span> <span class='ocrx_word' id='word_1_440' title='bbox 2615 2344 2811 2401; x_wconf 89' lang='lat' dir='ltr'><strong>anima</strong></span> <span class='ocrx_word' id='word_1_441' title='bbox 2823 2346 3088 2419; x_wconf 89' lang='lat' dir='ltr'><strong>virginali</strong></span> <span class='ocrx_word' id='word_1_442' title='bbox 3102 2357 3378 2409; x_wconf 87' lang='lat' dir='ltr'><strong>nascatur</strong></span> <span class='ocrx_word' id='word_1_443' title='bbox 3392 2372 3584 2414; x_wconf 89' lang='lat' dir='ltr'><strong>sermo</strong></span> 
     </span>
    </p>
   </div>
   <div class='ocr_carea' id='block_1_58' title="bbox 1942 2427 3583 2507">
    <p class='ocr_par' dir='ltr' id='par_1_58' title="bbox 1942 2427 3583 2507">
     <span class='ocr_line' id='line_1_58' title="bbox 1942 2427 3583 2507; baseline 0.013 -26"><span class='ocrx_word' id='word_1_444' title='bbox 1942 2427 2193 2496; x_wconf 90' lang='lat' dir='ltr'><strong>divinus,</strong></span> <span class='ocrx_word' id='word_1_445' title='bbox 2218 2429 2478 2499; x_wconf 87' lang='lat' dir='ltr'><strong>quotidie</strong></span> <span class='ocrx_word' id='word_1_446' title='bbox 2510 2438 2743 2502; x_wconf 90' lang='lat' dir='ltr'><strong>peccato</strong></span> <span class='ocrx_word' id='word_1_447' title='bbox 2766 2436 3003 2507; x_wconf 91' lang='lat' dir='ltr'><strong>mortui,</strong></span> <span class='ocrx_word' id='word_1_448' title='bbox 3035 2444 3095 2493; x_wconf 93' lang='lat' dir='ltr'><strong>et</strong></span> <span class='ocrx_word' id='word_1_449' title='bbox 3124 2441 3396 2500; x_wconf 89' lang='lat' dir='ltr'><strong>vitiorum</strong></span> <span class='ocrx_word' id='word_1_450' title='bbox 3429 2446 3583 2502; x_wconf 84' lang='lat' dir='ltr'><strong>funi-</strong></span> 
     </span>
    </p>
   </div>
   <div class='ocr_carea' id='block_1_59' title="bbox 1942 2515 3586 2602">
    <p class='ocr_par' dir='ltr' id='par_1_59' title="bbox 1942 2515 3586 2602">
     <span class='ocr_line' id='line_1_59' title="bbox 1942 2515 3586 2602; baseline 0.014 -34"><span class='ocrx_word' id='word_1_451' title='bbox 1942 2516 2053 2571; x_wconf 92' lang='lat' dir='ltr'><strong>bus</strong></span> <span class='ocrx_word' id='word_1_452' title='bbox 2071 2515 2311 2589; x_wconf 86' lang='lat' dir='ltr'><strong>alligati,</strong></span> <span class='ocrx_word' id='word_1_453' title='bbox 2333 2518 2405 2573; x_wconf 90' lang='lat' dir='ltr'><strong>de</strong></span> <span class='ocrx_word' id='word_1_454' title='bbox 2422 2519 2689 2590; x_wconf 82' lang='lat' dir='ltr'><strong>sepulcro</strong></span> <span class='ocrx_word' id='word_1_455' title='bbox 2705 2521 2991 2580; x_wconf 87' lang='lat' dir='ltr'><strong>scelerum</strong></span> <span class='ocrx_word' id='word_1_456' title='bbox 3010 2543 3251 2584; x_wconf 88' lang='lat' dir='ltr'><strong>suorum</strong></span> <span class='ocrx_word' id='word_1_457' title='bbox 3262 2532 3586 2602; x_wconf 88' lang='lat' dir='ltr'><strong>jubeantur</strong></span> 
     </span>
    </p>
   </div>
   <div class='ocr_carea' id='block_1_60' title="bbox 1929 2603 3582 2692">
    <p class='ocr_par' dir='ltr' id='par_1_60' title="bbox 1929 2603 3582 2692">
     <span class='ocr_line' id='line_1_60' title="bbox 1929 2603 3582 2692; baseline 0.013 -34"><span class='ocrx_word' id='word_1_458' title='bbox 1929 2603 2115 2671; x_wconf 80' lang='lat' dir='ltr'><strong>exire,</strong></span> <span class='ocrx_word' id='word_1_459' title='bbox 2140 2604 2399 2675; x_wconf 88' lang='lat' dir='ltr'><strong>quotidie</strong></span> <span class='ocrx_word' id='word_1_460' title='bbox 2422 2609 2729 2680; x_wconf 89' lang='lat' dir='ltr'><strong>sanguinis</strong></span> <span class='ocrx_word' id='word_1_461' title='bbox 2755 2627 2929 2683; x_wconf 90' lang='lat' dir='ltr'><strong>opera</strong></span> <span class='ocrx_word' id='word_1_462' title='bbox 2946 2617 3582 2692; x_wconf 68' lang='lat' dir='ltr'><strong>constringantur,cmci</strong></span> 
     </span>
    </p>
   </div>
   <div class='ocr_carea' id='block_1_61' title="bbox 1942 2691 3588 2773">
    <p class='ocr_par' dir='ltr' id='par_1_61' title="bbox 1942 2691 3588 2773">
     <span class='ocr_line' id='line_1_61' title="bbox 1942 2691 3588 2773; baseline 0.015 -28"><span class='ocrx_word' id='word_1_463' title='bbox 1942 2691 2002 2747; x_wconf 90' lang='lat' dir='ltr'><strong>in</strong></span> <span class='ocrx_word' id='word_1_464' title='bbox 2034 2693 2312 2749; x_wconf 81' lang='lat' dir='ltr'><strong>ﬁdelitate</strong></span> <span class='ocrx_word' id='word_1_465' title='bbox 2340 2694 2558 2751; x_wconf 88' lang='lat' dir='ltr'><strong>Christi</strong></span> <span class='ocrx_word' id='word_1_466' title='bbox 2610 2696 2810 2754; x_wconf 87' lang='lat' dir='ltr'><strong>lumen</strong></span> <span class='ocrx_word' id='word_1_467' title='bbox 2851 2701 3159 2773; x_wconf 89' lang='lat' dir='ltr'><strong>aspiciant,</strong></span> <span class='ocrx_word' id='word_1_468' title='bbox 3192 2706 3588 2770; x_wconf 85' lang='lat' dir='ltr'><strong>claudicantes</strong></span> 
     </span>
    </p>
   </div>
   <div class='ocr_carea' id='block_1_62' title="bbox 1943 2780 3585 2860">
    <p class='ocr_par' dir='ltr' id='par_1_62' title="bbox 1943 2780 3585 2860">
     <span class='ocr_line' id='line_1_62' title="bbox 1943 2780 3585 2860; baseline 0.014 -26"><span class='ocrx_word' id='word_1_469' title='bbox 1943 2780 2107 2851; x_wconf 88' lang='lat' dir='ltr'><strong>prius</strong></span> <span class='ocrx_word' id='word_1_470' title='bbox 2138 2782 2270 2849; x_wconf 86' lang='lat' dir='ltr'><strong>ﬁde,</strong></span> <span class='ocrx_word' id='word_1_471' title='bbox 2304 2789 2542 2840; x_wconf 90' lang='lat' dir='ltr'><strong>currant</strong></span> <span class='ocrx_word' id='word_1_472' title='bbox 2572 2785 2628 2840; x_wconf 92' lang='lat' dir='ltr'><strong>in</strong></span> <span class='ocrx_word' id='word_1_473' title='bbox 2661 2786 2755 2843; x_wconf 91' lang='lat' dir='ltr'><strong>via</strong></span> <span class='ocrx_word' id='word_1_474' title='bbox 2783 2790 3035 2860; x_wconf 89' lang='lat' dir='ltr'><strong>Domini,</strong></span> <span class='ocrx_word' id='word_1_475' title='bbox 3067 2798 3124 2849; x_wconf 91' lang='lat' dir='ltr'><strong>et</strong></span> <span class='ocrx_word' id='word_1_476' title='bbox 3154 2792 3347 2852; x_wconf 27' lang='lat' dir='ltr'><strong>aridis.</strong></span> <span class='ocrx_word' id='word_1_477' title='bbox 3374 2815 3585 2858; x_wconf 88' lang='lat' dir='ltr'><strong>manus</strong></span> 
     </span>
    </p>
   </div>
   <div class='ocr_carea' id='block_1_63' title="bbox 1944 2864 3717 2962">
    <p class='ocr_par' dir='ltr' id='par_1_63' title="bbox 1944 2864 3717 2962">
     <span class='ocr_line' id='line_1_63' title="bbox 1944 2864 3717 2962; baseline 0.015 -39"><span class='ocrx_word' id='word_1_478' title='bbox 1944 2870 2204 2962; x_wconf 74' lang='lat' dir='ltr'><strong>avaritia,</strong></span> <span class='ocrx_word' id='word_1_479' title='bbox 2250 2874 2635 2930; x_wconf 80' lang='lat' dir='ltr'><strong>extendantur</strong></span> <span class='ocrx_word' id='word_1_480' title='bbox 2691 2877 2763 2932; x_wconf 90' lang='lat' dir='ltr'><strong>ad</strong></span> <span class='ocrx_word' id='word_1_481' title='bbox 2813 2876 3263 2955; x_wconf 85' lang='lat' dir='ltr'><strong>eleemosynam,</strong></span> <span class='ocrx_word' id='word_1_482' title='bbox 3322 2891 3381 2943; x_wconf 89' lang='lat' dir='ltr'><strong>et</strong></span> <span class='ocrx_word' id='word_1_483' title='bbox 3428 2888 3592 2962; x_wconf 83' lang='lat' dir='ltr'><strong>lepra</strong></span> <span class='ocrx_word' id='word_1_484' title='bbox 3696 2864 3717 2872; x_wconf 28' lang='grc' dir='ltr'><em>κ</em></span> 
     </span>
    </p>
   </div>
   <div class='ocr_carea' id='block_1_64' title="bbox 1944 2959 3591 3050">
    <p class='ocr_par' dir='ltr' id='par_1_64' title="bbox 1944 2959 3591 3050">
     <span class='ocr_line' id='line_1_64' title="bbox 1944 2959 3591 3050; baseline 0.012 -35"><span class='ocrx_word' id='word_1_485' title='bbox 1944 2959 2159 3050; x_wconf 67' lang='lat' dir='ltr'><strong>Mariae,</strong></span> <span class='ocrx_word' id='word_1_486' title='bbox 2191 2978 2317 3032; x_wconf 63' lang='lat' dir='ltr'><strong>quae</strong></span> <span class='ocrx_word' id='word_1_487' title='bbox 2341 2964 2702 3019; x_wconf 89' lang='lat' dir='ltr'><strong>contaminat</strong></span> <span class='ocrx_word' id='word_1_488' title='bbox 2726 2967 3017 3039; x_wconf 91' lang='lat' dir='ltr'><strong>quidquid</strong></span> <span class='ocrx_word' id='word_1_489' title='bbox 3038 2972 3312 3045; x_wconf 89' lang='lat' dir='ltr'><strong>attigerit,</strong></span> <span class='ocrx_word' id='word_1_490' title='bbox 3348 2959 3591 3050; x_wconf 80' lang='lat' dir='ltr'><strong>recipiat</strong></span> 
     </span>
    </p>
   </div>
   <div class='ocr_carea' id='block_1_65' title="bbox 183 3047 3589 3127">
    <p class='ocr_par' dir='ltr' id='par_1_65' title="bbox 183 3047 3589 3127">
     <span class='ocr_line' id='line_1_65' title="bbox 183 3047 3589 3127; baseline 0.004 -17"><span class='ocrx_word' id='word_1_491' title='bbox 183 3057 292 3116; x_wconf 89' lang='lat' dir='ltr'><strong>det</strong></span> <span class='ocrx_word' id='word_1_492' title='bbox 320 3071 493 3126; x_wconf 87' lang='lat' dir='ltr'><strong>super</strong></span> <span class='ocrx_word' id='word_1_493' title='bbox 518 3059 851 3127; x_wconf 89' lang='lat' dir='ltr'><strong>peccatores</strong></span> <span class='ocrx_word' id='word_1_494' title='bbox 884 3054 1055 3125; x_wconf 89' lang='lat' dir='ltr'><strong>quasi</strong></span> <span class='ocrx_word' id='word_1_495' title='bbox 1095 3053 1313 3108; x_wconf 86' lang='lat' dir='ltr'><strong>ﬂumen</strong></span> <span class='ocrx_word' id='word_1_496' title='bbox 1370 3053 1615 3126; x_wconf 65' lang='lat' dir='ltr'><strong>Egypti,</strong></span> <span class='ocrx_word' id='word_1_497' title='bbox 1675 3057 1740 3108; x_wconf 87' lang='lat' dir='ltr'><strong>ut</strong></span> <span class='ocrx_word' id='word_1_498' title='bbox 1767 3054 1827 3109; x_wconf 86' lang='lat' dir='ltr'><strong>in</strong></span> <span class='ocrx_word' id='word_1_499' title='bbox 1860 3047 1903 3114; x_wconf 84' lang='lat' dir='ltr'><strong>C</strong></span> <span class='ocrx_word' id='word_1_500' title='bbox 1943 3048 2253 3119; x_wconf 88' lang='lat' dir='ltr'><strong>pristinam</strong></span> <span class='ocrx_word' id='word_1_501' title='bbox 2277 3050 2588 3122; x_wconf 87' lang='lat' dir='ltr'><strong>puritatem</strong></span> <span class='ocrx_word' id='word_1_502' title='bbox 2608 3052 2788 3124; x_wconf 90' lang='lat' dir='ltr'><strong>(Num.</strong></span> <span class='ocrx_word' id='word_1_503' title='bbox 2812 3059 2936 3125; x_wconf 85' lang='lat' dir='ltr'><strong>xu).</strong></span> <span class='ocrx_word' id='word_1_504' title='bbox 2964 3059 3078 3115; x_wconf 88' lang='lat' dir='ltr'><strong>Iste</strong></span> <span class='ocrx_word' id='word_1_505' title='bbox 3094 3067 3289 3119; x_wconf 89' lang='lat' dir='ltr'><strong>autem</strong></span> <span class='ocrx_word' id='word_1_506' title='bbox 3310 3047 3589 3124; x_wconf 48' lang='lat' dir='ltr'><strong>Domi—nus</strong></span> 
     </span>
    </p>
   </div>
   <div class='ocr_carea' id='block_1_66' title="bbox 174 3141 1831 3214">
    <p class='ocr_par' dir='ltr' id='par_1_66' title="bbox 174 3141 1831 3214">
     <span class='ocr_line' id='line_1_66' title="bbox 174 3141 1831 3214; baseline -0.001 -14"><span class='ocrx_word' id='word_1_507' title='bbox 174 3148 606 3201; x_wconf 89' lang='lat' dir='ltr'><strong>tormentorum</strong></span> <span class='ocrx_word' id='word_1_508' title='bbox 640 3141 1093 3199; x_wconf 88' lang='lat' dir='ltr'><strong>amaritudinem</strong></span> <span class='ocrx_word' id='word_1_509' title='bbox 1124 3141 1345 3214; x_wconf 89' lang='lat' dir='ltr'><strong>impetu</strong></span> <span class='ocrx_word' id='word_1_510' title='bbox 1376 3142 1606 3198; x_wconf 91' lang='lat' dir='ltr'><strong>Domini</strong></span> <span class='ocrx_word' id='word_1_511' title='bbox 1636 3142 1831 3198; x_wconf 91' lang='lat' dir='ltr'><strong>detru-</strong></span> 
     </span>
    </p>
   </div>
   <div class='ocr_carea' id='block_1_67' title="bbox 174 3232 419 3288">
    <p class='ocr_par' dir='ltr' id='par_1_67' title="bbox 174 3232 419 3288">
     <span class='ocr_line' id='line_1_67' title="bbox 174 3232 419 3288; baseline -0.008 0"><span class='ocrx_word' id='word_1_512' title='bbox 174 3232 419 3288; x_wconf 88' lang='lat' dir='ltr'><strong>dantur.</strong></span> 
     </span>
    </p>
   </div>
   <div class='ocr_carea' id='block_1_68' title="bbox 252 3320 1832 3393">
    <p class='ocr_par' dir='ltr' id='par_1_68' title="bbox 252 3320 1832 3393">
     <span class='ocr_line' id='line_1_68' title="bbox 252 3320 1832 3393; baseline 0 -18"><span class='ocrx_word' id='word_1_513' title='bbox 252 3321 441 3393; x_wconf 81' lang='lat' dir='ltr'><strong>(Vers.</strong></span> <span class='ocrx_word' id='word_1_514' title='bbox 473 3321 551 3392; x_wconf 87' lang='lat'><strong>6.)</strong></span> <span class='ocrx_word' id='word_1_515' title='bbox 584 3321 690 3390; x_wconf 85' lang='lat' dir='ltr'><strong>Qui</strong></span> <span class='ocrx_word' id='word_1_516' title='bbox 707 3321 947 3392; x_wconf 71' lang='lat' dir='ltr'><strong>aediﬁcat</strong></span> <span class='ocrx_word' id='word_1_517' title='bbox 979 3322 1037 3375; x_wconf 86' lang='lat' dir='ltr'><strong>in</strong></span> <span class='ocrx_word' id='word_1_518' title='bbox 1083 3320 1216 3377; x_wconf 76' lang='lat' dir='ltr'><strong>caelo</strong></span> <span class='ocrx_word' id='word_1_519' title='bbox 1245 3321 1622 3376; x_wconf 83' lang='lat' dir='ltr'><strong>ascensionem</strong></span> <span class='ocrx_word' id='word_1_520' title='bbox 1652 3337 1832 3389; x_wconf 89' lang='lat' dir='ltr'><strong>suam,</strong></span> 
     </span>
    </p>
   </div>
   <div class='ocr_carea' id='block_1_69' title="bbox 171 3409 1835 3482">
    <p class='ocr_par' dir='ltr' id='par_1_69' title="bbox 171 3409 1835 3482">
     <span class='ocr_line' id='line_1_69' title="bbox 171 3409 1835 3482; baseline -0.002 -14"><span class='ocrx_word' id='word_1_521' title='bbox 171 3419 229 3468; x_wconf 85' lang='lat' dir='ltr'><strong>et</strong></span> <span class='ocrx_word' id='word_1_522' title='bbox 255 3411 583 3482; x_wconf 82' lang='lat' dir='ltr'><strong>fasciculum</strong></span> <span class='ocrx_word' id='word_1_523' title='bbox 610 3427 771 3466; x_wconf 88' lang='lat' dir='ltr'><strong>suum</strong></span> <span class='ocrx_word' id='word_1_524' title='bbox 798 3427 961 3482; x_wconf 84' lang='lat' dir='ltr'><strong>super</strong></span> <span class='ocrx_word' id='word_1_525' title='bbox 986 3413 1197 3465; x_wconf 85' lang='lat' dir='ltr'><strong>terram</strong></span> <span class='ocrx_word' id='word_1_526' title='bbox 1224 3409 1518 3480; x_wconf 86' lang='lat' dir='ltr'><strong>fundavit:</strong></span> <span class='ocrx_word' id='word_1_527' title='bbox 1549 3412 1646 3481; x_wconf 90' lang='lat' dir='ltr'><strong>qui</strong></span> <span class='ocrx_word' id='word_1_528' title='bbox 1682 3413 1835 3466; x_wconf 81' lang='lat' dir='ltr'><strong>vocat</strong></span> 
     </span>
    </p>
   </div>
   <div class='ocr_carea' id='block_1_70' title="bbox 170 3500 1835 3573">
    <p class='ocr_par' dir='ltr' id='par_1_70' title="bbox 170 3500 1835 3573">
     <span class='ocr_line' id='line_1_70' title="bbox 170 3500 1835 3573; baseline -0.002 -17"><span class='ocrx_word' id='word_1_529' title='bbox 170 3516 357 3573; x_wconf 80' lang='lat' dir='ltr'><strong>aquas</strong></span> <span class='ocrx_word' id='word_1_530' title='bbox 384 3501 577 3571; x_wconf 84' lang='lat' dir='ltr'><strong>maris,</strong></span> <span class='ocrx_word' id='word_1_531' title='bbox 610 3508 661 3555; x_wconf 88' lang='lat' dir='ltr'><strong>et</strong></span> <span class='ocrx_word' id='word_1_532' title='bbox 687 3501 920 3572; x_wconf 77' lang='lat' dir='ltr'><strong>effundit</strong></span> <span class='ocrx_word' id='word_1_533' title='bbox 954 3516 1046 3555; x_wconf 89' lang='lat' dir='ltr'><strong>eas</strong></span> <span class='ocrx_word' id='word_1_534' title='bbox 1077 3516 1241 3570; x_wconf 86' lang='lat' dir='ltr'><strong>super</strong></span> <span class='ocrx_word' id='word_1_535' title='bbox 1266 3501 1467 3570; x_wconf 82' lang='lat' dir='ltr'><strong>faciem</strong></span> <span class='ocrx_word' id='word_1_536' title='bbox 1505 3508 1701 3556; x_wconf 68' lang='lat' dir='ltr'><strong>terrae:</strong></span> <span class='ocrx_word' id='word_1_537' title='bbox 1730 3500 1835 3553; x_wconf 91' lang='lat' dir='ltr'><strong>Do-</strong></span> 
     </span>
    </p>
   </div>
   <div class='ocr_carea' id='block_1_71' title="bbox 168 3587 1836 3659">
    <p class='ocr_par' dir='ltr' id='par_1_71' title="bbox 168 3587 1836 3659">
     <span class='ocr_line' id='line_1_71' title="bbox 168 3587 1836 3659; baseline -0.002 -14"><span class='ocrx_word' id='word_1_538' title='bbox 168 3592 371 3645; x_wconf 83' lang='lat' dir='ltr'><strong>minus</strong></span> <span class='ocrx_word' id='word_1_539' title='bbox 394 3603 593 3644; x_wconf 87' lang='lat' dir='ltr'><strong>nomen</strong></span> <span class='ocrx_word' id='word_1_540' title='bbox 617 3590 753 3659; x_wconf 87' lang='lat' dir='ltr'><strong>ejus.</strong></span> <span class='ocrx_word' id='word_1_541' title='bbox 792 3589 930 3657; x_wconf 70' lang='lat' dir='ltr'><strong>LXX</strong></span> <span class='ocrx_word' id='word_1_542' title='bbox 956 3606 966 3641; x_wconf 91' lang='lat'>:</span> <span class='ocrx_word' id='word_1_543' title='bbox 1005 3589 1107 3655; x_wconf 82' lang='lat' dir='ltr'><strong>Qui</strong></span> <span class='ocrx_word' id='word_1_544' title='bbox 1134 3587 1371 3658; x_wconf 73' lang='lat' dir='ltr'><strong>aediﬁcat</strong></span> <span class='ocrx_word' id='word_1_545' title='bbox 1402 3589 1462 3642; x_wconf 88' lang='lat' dir='ltr'><strong>in</strong></span> <span class='ocrx_word' id='word_1_546' title='bbox 1491 3587 1624 3643; x_wconf 77' lang='lat' dir='ltr'><strong>ctrlo</strong></span> <span class='ocrx_word' id='word_1_547' title='bbox 1649 3596 1836 3643; x_wconf 84' lang='lat' dir='ltr'><strong>ascen-</strong></span> 
     </span>
    </p>
   </div>
   <div class='ocr_carea' id='block_1_72' title="bbox 170 3678 1833 3749">
    <p class='ocr_par' dir='ltr' id='par_1_72' title="bbox 170 3678 1833 3749">
     <span class='ocr_line' id='line_1_72' title="bbox 170 3678 1833 3749; baseline -0.004 -14"><span class='ocrx_word' id='word_1_548' title='bbox 170 3681 393 3735; x_wconf 83' lang='lat' dir='ltr'><strong>sionem</strong></span> <span class='ocrx_word' id='word_1_549' title='bbox 411 3694 588 3748; x_wconf 85' lang='lat' dir='ltr'><strong>suam,</strong></span> <span class='ocrx_word' id='word_1_550' title='bbox 611 3681 662 3732; x_wconf 87' lang='lat' dir='ltr'><strong>et</strong></span> <span class='ocrx_word' id='word_1_551' title='bbox 677 3679 1095 3749; x_wconf 86' lang='lat' dir='ltr'><strong>promissionem</strong></span> <span class='ocrx_word' id='word_1_552' title='bbox 1118 3693 1277 3731; x_wconf 87' lang='lat' dir='ltr'><strong>suam</strong></span> <span class='ocrx_word' id='word_1_553' title='bbox 1295 3692 1459 3748; x_wconf 87' lang='lat' dir='ltr'><strong>super</strong></span> <span class='ocrx_word' id='word_1_554' title='bbox 1479 3680 1685 3731; x_wconf 86' lang='lat' dir='ltr'><strong>terram</strong></span> <span class='ocrx_word' id='word_1_555' title='bbox 1702 3678 1833 3746; x_wconf 87' lang='lat' dir='ltr'><strong>fun-</strong></span> 
     </span>
    </p>
   </div>
   <div class='ocr_carea' id='block_1_73' title="bbox 168 3765 1838 3837">
    <p class='ocr_par' dir='ltr' id='par_1_73' title="bbox 168 3765 1838 3837">
     <span class='ocr_line' id='line_1_73' title="bbox 168 3765 1838 3837; baseline -0.002 -14"><span class='ocrx_word' id='word_1_556' title='bbox 168 3767 307 3823; x_wconf 85' lang='lat' dir='ltr'><strong>dat:</strong></span> <span class='ocrx_word' id='word_1_557' title='bbox 340 3768 437 3837; x_wconf 88' lang='lat' dir='ltr'><strong>qui</strong></span> <span class='ocrx_word' id='word_1_558' title='bbox 463 3769 613 3822; x_wconf 83' lang='lat' dir='ltr'><strong>uocat</strong></span> <span class='ocrx_word' id='word_1_559' title='bbox 666 3782 870 3837; x_wconf 87' lang='lat' dir='ltr'><strong>aquam</strong></span> <span class='ocrx_word' id='word_1_560' title='bbox 924 3768 1123 3832; x_wconf 88' lang='lat' dir='ltr'><strong>maris,</strong></span> <span class='ocrx_word' id='word_1_561' title='bbox 1162 3774 1213 3821; x_wconf 88' lang='lat' dir='ltr'><strong>et</strong></span> <span class='ocrx_word' id='word_1_562' title='bbox 1239 3765 1472 3836; x_wconf 74' lang='lat' dir='ltr'><strong>effundit</strong></span> <span class='ocrx_word' id='word_1_563' title='bbox 1524 3781 1645 3819; x_wconf 89' lang='lat' dir='ltr'><strong>eam</strong></span> <span class='ocrx_word' id='word_1_564' title='bbox 1673 3780 1838 3836; x_wconf 86' lang='lat' dir='ltr'><strong>super</strong></span> 
     </span>
    </p>
   </div>
   <div class='ocr_carea' id='block_1_74' title="bbox 169 3854 1833 3928">
    <p class='ocr_par' dir='ltr' id='par_1_74' title="bbox 169 3854 1833 3928">
     <span class='ocr_line' id='line_1_74' title="bbox 169 3854 1833 3928; baseline -0.002 -17"><span class='ocrx_word' id='word_1_565' title='bbox 169 3856 386 3928; x_wconf 85' lang='lat' dir='ltr'><strong>faciem</strong></span> <span class='ocrx_word' id='word_1_566' title='bbox 433 3858 638 3912; x_wconf 51' lang='lat' dir='ltr'><strong>terra:</strong></span> <span class='ocrx_word' id='word_1_567' title='bbox 671 3856 927 3911; x_wconf 87' lang='lat' dir='ltr'><strong>Dominus</strong></span> <span class='ocrx_word' id='word_1_568' title='bbox 961 3855 1299 3925; x_wconf 87' lang='lat' dir='ltr'><strong>omnipotens</strong></span> <span class='ocrx_word' id='word_1_569' title='bbox 1326 3869 1525 3909; x_wconf 88' lang='lat' dir='ltr'><strong>nomen</strong></span> <span class='ocrx_word' id='word_1_570' title='bbox 1554 3854 1688 3925; x_wconf 87' lang='lat' dir='ltr'><strong>ejus.</strong></span> <span class='ocrx_word' id='word_1_571' title='bbox 1729 3855 1833 3909; x_wconf 85' lang='lat' dir='ltr'><strong>Do-</strong></span> 
     </span>
    </p>
   </div>
   <div class='ocr_carea' id='block_1_75' title="bbox 174 3941 1837 4016">
    <p class='ocr_par' dir='ltr' id='par_1_75' title="bbox 174 3941 1837 4016">
     <span class='ocr_line' id='line_1_75' title="bbox 174 3941 1837 4016; baseline -0.004 -14"><span class='ocrx_word' id='word_1_572' title='bbox 174 3944 389 4002; x_wconf 86' lang='lat' dir='ltr'><strong>minus</strong></span> <span class='ocrx_word' id='word_1_573' title='bbox 418 3948 570 4000; x_wconf 91' lang='lat' dir='ltr'><strong>Deus</strong></span> <span class='ocrx_word' id='word_1_574' title='bbox 597 3943 989 4016; x_wconf 88' lang='lat' dir='ltr'><strong>omnipotens,</strong></span> <span class='ocrx_word' id='word_1_575' title='bbox 1023 3943 1122 4015; x_wconf 91' lang='lat' dir='ltr'><strong>qui</strong></span> <span class='ocrx_word' id='word_1_576' title='bbox 1172 3942 1427 4014; x_wconf 89' lang='lat' dir='ltr'><strong>respicit,</strong></span> <span class='ocrx_word' id='word_1_577' title='bbox 1484 3942 1604 3997; x_wconf 90' lang='lat' dir='ltr'><strong>sive</strong></span> <span class='ocrx_word' id='word_1_578' title='bbox 1650 3941 1837 4015; x_wconf 87' lang='lat' dir='ltr'><strong>tangit</strong></span> 
     </span>
    </p>
   </div>
   <div class='ocr_carea' id='block_1_76' title="bbox 170 4030 1836 4105">
    <p class='ocr_par' dir='ltr' id='par_1_76' title="bbox 170 4030 1836 4105">
     <span class='ocr_line' id='line_1_76' title="bbox 170 4030 1836 4105; baseline -0.002 -16"><span class='ocrx_word' id='word_1_579' title='bbox 170 4037 425 4100; x_wconf 88' lang='lat' dir='ltr'><strong>terram,</strong></span> <span class='ocrx_word' id='word_1_580' title='bbox 456 4039 515 4087; x_wconf 90' lang='lat' dir='ltr'><strong>et</strong></span> <span class='ocrx_word' id='word_1_581' title='bbox 544 4038 866 4089; x_wconf 89' lang='lat' dir='ltr'><strong>cemmovet</strong></span> <span class='ocrx_word' id='word_1_582' title='bbox 896 4048 1046 4102; x_wconf 88' lang='lat' dir='ltr'><strong>eam,</strong></span> <span class='ocrx_word' id='word_1_583' title='bbox 1106 4031 1232 4103; x_wconf 90' lang='lat' dir='ltr'><strong>ipse</strong></span> <span class='ocrx_word' id='word_1_584' title='bbox 1276 4036 1365 4087; x_wconf 89' lang='lat' dir='ltr'><strong>est</strong></span> <span class='ocrx_word' id='word_1_585' title='bbox 1420 4031 1520 4104; x_wconf 89' lang='lat' dir='ltr'><strong>qui</strong></span> <span class='ocrx_word' id='word_1_586' title='bbox 1577 4030 1836 4105; x_wconf 90' lang='lat' dir='ltr'><strong>quotidie</strong></span> 
     </span>
    </p>
   </div>
   <div class='ocr_carea' id='block_1_77' title="bbox 172 4118 1838 4192">
    <p class='ocr_par' dir='ltr' id='par_1_77' title="bbox 172 4118 1838 4192">
     <span class='ocr_line' id='line_1_77' title="bbox 172 4118 1838 4192; baseline -0.001 -15"><span class='ocrx_word' id='word_1_587' title='bbox 172 4120 433 4177; x_wconf 70' lang='lat' dir='ltr'><strong>aedificat</strong></span> <span class='ocrx_word' id='word_1_588' title='bbox 468 4120 523 4175; x_wconf 90' lang='lat' dir='ltr'><strong>in</strong></span> <span class='ocrx_word' id='word_1_589' title='bbox 557 4119 700 4175; x_wconf 89' lang='lat' dir='ltr'><strong>coelo</strong></span> <span class='ocrx_word' id='word_1_590' title='bbox 723 4122 829 4192; x_wconf 78' lang='grc' dir='ltr'><strong>[Αι.</strong></span> <span class='ocrx_word' id='word_1_591' title='bbox 864 4118 1098 4189; x_wconf 67' lang='lat' dir='ltr'><strong>coelum]</strong></span> <span class='ocrx_word' id='word_1_592' title='bbox 1131 4121 1535 4176; x_wconf 89' lang='lat' dir='ltr'><strong>ascensionem</strong></span> <span class='ocrx_word' id='word_1_593' title='bbox 1566 4136 1757 4188; x_wconf 89' lang='lat' dir='ltr'><strong>suam,</strong></span> <span class='ocrx_word' id='word_1_594' title='bbox 1780 4123 1838 4176; x_wconf 90' lang='lat' dir='ltr'><strong>et</strong></span> 
     </span>
    </p>
   </div>
   <div class='ocr_carea' id='block_1_78' title="bbox 174 4208 1833 4282">
    <p class='ocr_par' dir='ltr' id='par_1_78' title="bbox 174 4208 1833 4282">
     <span class='ocr_line' id='line_1_78' title="bbox 174 4208 1833 4282; baseline -0.001 -16"><span class='ocrx_word' id='word_1_595' title='bbox 174 4209 330 4266; x_wconf 88' lang='lat' dir='ltr'><strong>dicit</strong></span> <span class='ocrx_word' id='word_1_596' title='bbox 359 4208 419 4263; x_wconf 91' lang='lat' dir='ltr'><strong>in</strong></span> <span class='ocrx_word' id='word_1_597' title='bbox 442 4209 753 4282; x_wconf 87' lang='lat' dir='ltr'><strong>Evangelio</strong></span> <span class='ocrx_word' id='word_1_598' title='bbox 779 4227 792 4265; x_wconf 91' lang='lat'><strong>:</strong></span> <span class='ocrx_word' id='word_1_599' title='bbox 827 4210 993 4264; x_wconf 87' lang='lat' dir='ltr'><strong>Pater</strong></span> <span class='ocrx_word' id='word_1_600' title='bbox 1018 4224 1169 4264; x_wconf 89' lang='lat' dir='ltr'><strong>meus</strong></span> <span class='ocrx_word' id='word_1_601' title='bbox 1188 4225 1356 4279; x_wconf 88' lang='lat' dir='ltr'><strong>usque</strong></span> <span class='ocrx_word' id='word_1_602' title='bbox 1378 4208 1533 4266; x_wconf 90' lang='lat' dir='ltr'><strong>modo</strong></span> <span class='ocrx_word' id='word_1_603' title='bbox 1556 4214 1833 4281; x_wconf 87' lang='lat' dir='ltr'><strong>operatur,</strong></span> 
     </span>
    </p>
   </div>
   <div class='ocr_carea' id='block_1_79' title="bbox 172 4296 1838 4369">
    <p class='ocr_par' dir='ltr' id='par_1_79' title="bbox 172 4296 1838 4369">
     <span class='ocr_line' id='line_1_79' title="bbox 172 4296 1838 4369; baseline -0.001 -13"><span class='ocrx_word' id='word_1_604' title='bbox 172 4304 230 4356; x_wconf 76' lang='lat' dir='ltr'><strong>et</strong></span> <span class='ocrx_word' id='word_1_605' title='bbox 261 4313 362 4368; x_wconf 80' lang='lat' dir='ltr'><strong>ego</strong></span> <span class='ocrx_word' id='word_1_606' title='bbox 387 4314 581 4369; x_wconf 90' lang='lat' dir='ltr'><strong>operor</strong></span> <span class='ocrx_word' id='word_1_607' title='bbox 610 4299 786 4367; x_wconf 86' lang='lat' dir='ltr'><strong>(Joan.</strong></span> <span class='ocrx_word' id='word_1_608' title='bbox 820 4315 876 4364; x_wconf 88' lang='grc' dir='ltr'><strong>ν,</strong></span> <span class='ocrx_word' id='word_1_609' title='bbox 910 4299 1017 4368; x_wconf 88' lang='grc'>17).</span> <span class='ocrx_word' id='word_1_610' title='bbox 1073 4298 1144 4353; x_wconf 87' lang='lat' dir='ltr'><strong>Et</strong></span> <span class='ocrx_word' id='word_1_611' title='bbox 1170 4314 1285 4353; x_wconf 91' lang='lat' dir='ltr'><strong>non</strong></span> <span class='ocrx_word' id='word_1_612' title='bbox 1334 4296 1527 4354; x_wconf 89' lang='lat' dir='ltr'><strong>solum</strong></span> <span class='ocrx_word' id='word_1_613' title='bbox 1558 4299 1629 4354; x_wconf 91' lang='lat' dir='ltr'><strong>de</strong></span> <span class='ocrx_word' id='word_1_614' title='bbox 1676 4302 1838 4354; x_wconf 88' lang='lat' dir='ltr'><strong>costa</strong></span> 
     </span>
    </p>
   </div>
   <div class='ocr_carea' id='block_1_80' title="bbox 170 4385 1911 4481">
    <p class='ocr_par' dir='ltr' id='par_1_80' title="bbox 170 4385 1911 4481">
     <span class='ocr_line' id='line_1_80' title="bbox 170 4385 1911 4481; baseline 0.001 -38"><span class='ocrx_word' id='word_1_615' title='bbox 170 4387 371 4481; x_wconf 61' lang='lat' dir='ltr'><strong>Adam</strong></span> <span class='ocrx_word' id='word_1_616' title='bbox 399 4386 458 4442; x_wconf 91' lang='lat' dir='ltr'><strong>in</strong></span> <span class='ocrx_word' id='word_1_617' title='bbox 479 4391 696 4481; x_wconf 73' lang='lat' dir='ltr'><strong>typum</strong></span> <span class='ocrx_word' id='word_1_618' title='bbox 742 4385 1006 4481; x_wconf 60' lang='lat' dir='ltr'><strong>Ecclesia</strong></span> <span class='ocrx_word' id='word_1_619' title='bbox 1063 4385 1243 4481; x_wconf 81' lang='lat' dir='ltr'><strong>semel</strong></span> <span class='ocrx_word' id='word_1_620' title='bbox 1299 4386 1603 4481; x_wconf 65' lang='lat' dir='ltr'><strong>adiﬁcavit</strong></span> <span class='ocrx_word' id='word_1_621' title='bbox 1657 4388 1834 4444; x_wconf 89' lang='lat' dir='ltr'><strong>Evam</strong></span> <span class='ocrx_word' id='word_1_622' title='bbox 1864 4416 1911 4481; x_wconf 83' lang='lat' dir='ltr'><strong>D</strong></span> 
     </span>
    </p>
   </div>
   <div class='ocr_carea' id='block_1_81' title="bbox 168 4475 1834 4549">
    <p class='ocr_par' dir='ltr' id='par_1_81' title="bbox 168 4475 1834 4549">
     <span class='ocr_line' id='line_1_81' title="bbox 168 4475 1834 4549; baseline -0.002 -15"><span class='ocrx_word' id='word_1_623' title='bbox 168 4477 396 4546; x_wconf 78' lang='lat' dir='ltr'><strong>(Cenes.</strong></span> <span class='ocrx_word' id='word_1_624' title='bbox 429 4476 515 4549; x_wconf 81' lang='grc' dir='ltr'><strong>ιι),</strong></span> <span class='ocrx_word' id='word_1_625' title='bbox 550 4477 650 4533; x_wconf 90' lang='lat' dir='ltr'><strong>sed</strong></span> <span class='ocrx_word' id='word_1_626' title='bbox 678 4475 936 4549; x_wconf 90' lang='lat' dir='ltr'><strong>quotidie</strong></span> <span class='ocrx_word' id='word_1_627' title='bbox 965 4476 1267 4531; x_wconf 87' lang='lat' dir='ltr'><strong>credentes</strong></span> <span class='ocrx_word' id='word_1_628' title='bbox 1318 4479 1376 4530; x_wconf 89' lang='lat' dir='ltr'><strong>et</strong></span> <span class='ocrx_word' id='word_1_629' title='bbox 1415 4476 1679 4532; x_wconf 90' lang='lat' dir='ltr'><strong>membra</strong></span> <span class='ocrx_word' id='word_1_630' title='bbox 1709 4492 1834 4532; x_wconf 89' lang='lat' dir='ltr'><strong>cor-</strong></span> 
     </span>
    </p>
   </div>
   <div class='ocr_carea' id='block_1_82' title="bbox 169 4562 1834 4637">
    <p class='ocr_par' dir='ltr' id='par_1_82' title="bbox 169 4562 1834 4637">
     <span class='ocr_line' id='line_1_82' title="bbox 169 4562 1834 4637; baseline -0.001 -16"><span class='ocrx_word' id='word_1_631' title='bbox 169 4563 343 4637; x_wconf 87' lang='lat' dir='ltr'><strong>poris</strong></span> <span class='ocrx_word' id='word_1_632' title='bbox 373 4563 466 4620; x_wconf 88' lang='lat' dir='ltr'><strong>sui</strong></span> <span class='ocrx_word' id='word_1_633' title='bbox 487 4564 757 4633; x_wconf 74' lang='lat' dir='ltr'><strong>aediﬁcat,</strong></span> <span class='ocrx_word' id='word_1_634' title='bbox 778 4568 837 4621; x_wconf 93' lang='lat' dir='ltr'><strong>et</strong></span> <span class='ocrx_word' id='word_1_635' title='bbox 865 4564 936 4620; x_wconf 92' lang='lat' dir='ltr'><strong>de</strong></span> <span class='ocrx_word' id='word_1_636' title='bbox 956 4564 1128 4620; x_wconf 86' lang='lat' dir='ltr'><strong>terris</strong></span> <span class='ocrx_word' id='word_1_637' title='bbox 1154 4564 1225 4619; x_wconf 90' lang='lat' dir='ltr'><strong>ad</strong></span> <span class='ocrx_word' id='word_1_638' title='bbox 1249 4562 1458 4619; x_wconf 82' lang='lat' dir='ltr'><strong>coelum</strong></span> <span class='ocrx_word' id='word_1_639' title='bbox 1481 4562 1652 4635; x_wconf 89' lang='lat' dir='ltr'><strong>levat,</strong></span> <span class='ocrx_word' id='word_1_640' title='bbox 1677 4569 1742 4619; x_wconf 89' lang='lat' dir='ltr'><strong>ut</strong></span> <span class='ocrx_word' id='word_1_641' title='bbox 1775 4564 1834 4620; x_wconf 91' lang='lat' dir='ltr'><strong>in</strong></span> 
     </span>
    </p>
   </div>
   <div class='ocr_carea' id='block_1_83' title="bbox 169 4652 1835 4726">
    <p class='ocr_par' dir='ltr' id='par_1_83' title="bbox 169 4652 1835 4726">
     <span class='ocr_line' id='line_1_83' title="bbox 169 4652 1835 4726; baseline 0.001 -18"><span class='ocrx_word' id='word_1_642' title='bbox 169 4652 302 4709; x_wconf 87' lang='lat' dir='ltr'><strong>illis</strong></span> <span class='ocrx_word' id='word_1_643' title='bbox 331 4654 457 4726; x_wconf 88' lang='lat' dir='ltr'><strong>ipse</strong></span> <span class='ocrx_word' id='word_1_644' title='bbox 488 4654 858 4712; x_wconf 89' lang='lat' dir='ltr'><strong>conscendat.</strong></span> <span class='ocrx_word' id='word_1_645' title='bbox 890 4652 1165 4708; x_wconf 87' lang='lat' dir='ltr'><strong>Ascendit</strong></span> <span class='ocrx_word' id='word_1_646' title='bbox 1202 4653 1482 4708; x_wconf 87' lang='lat' dir='ltr'><strong>Dominus</strong></span> <span class='ocrx_word' id='word_1_647' title='bbox 1513 4652 1572 4708; x_wconf 90' lang='lat' dir='ltr'><strong>in</strong></span> <span class='ocrx_word' id='word_1_648' title='bbox 1624 4652 1835 4710; x_wconf 64' lang='lat' dir='ltr'><strong>caelum</strong></span> 
     </span>
    </p>
   </div>
   <div class='ocr_carea' id='block_1_84' title="bbox 172 4740 1830 4816">
    <p class='ocr_par' dir='ltr' id='par_1_84' title="bbox 172 4740 1830 4816">
     <span class='ocr_line' id='line_1_84' title="bbox 172 4740 1830 4816; baseline -0.002 -17"><span class='ocrx_word' id='word_1_649' title='bbox 172 4758 321 4799; x_wconf 89' lang='lat' dir='ltr'><strong>cum</strong></span> <span class='ocrx_word' id='word_1_650' title='bbox 353 4742 548 4799; x_wconf 89' lang='lat' dir='ltr'><strong>Enoch</strong></span> <span class='ocrx_word' id='word_1_651' title='bbox 581 4743 789 4816; x_wconf 84' lang='lat' dir='ltr'><strong>(Genes.</strong></span> <span class='ocrx_word' id='word_1_652' title='bbox 835 4742 912 4815; x_wconf 90' lang='lat' dir='ltr'><strong>v),</strong></span> <span class='ocrx_word' id='word_1_653' title='bbox 947 4741 1211 4798; x_wconf 87' lang='lat' dir='ltr'><strong>ascendit</strong></span> <span class='ocrx_word' id='word_1_654' title='bbox 1248 4757 1382 4797; x_wconf 91' lang='lat' dir='ltr'><strong>cum</strong></span> <span class='ocrx_word' id='word_1_655' title='bbox 1426 4740 1551 4797; x_wconf 87' lang='lat' dir='ltr'><strong>Elia</strong></span> <span class='ocrx_word' id='word_1_656' title='bbox 1579 4741 1677 4810; x_wconf 89' lang='lat' dir='ltr'><strong>(IV</strong></span> <span class='ocrx_word' id='word_1_657' title='bbox 1709 4743 1830 4815; x_wconf 82' lang='lat' dir='ltr'><strong>Reg.</strong></span> 
     </span>
    </p>
   </div>
   <div class='ocr_carea' id='block_1_85' title="bbox 176 4829 1831 4904">
    <p class='ocr_par' dir='ltr' id='par_1_85' title="bbox 176 4829 1831 4904">
     <span class='ocr_line' id='line_1_85' title="bbox 176 4829 1831 4904; baseline 0.001 -17"><span class='ocrx_word' id='word_1_658' title='bbox 176 4834 272 4900; x_wconf 78' lang='grc' dir='ltr'><strong>ιι),</strong></span> <span class='ocrx_word' id='word_1_659' title='bbox 308 4831 571 4887; x_wconf 88' lang='lat' dir='ltr'><strong>ascendit</strong></span> <span class='ocrx_word' id='word_1_660' title='bbox 597 4849 732 4888; x_wconf 89' lang='lat' dir='ltr'><strong>cum</strong></span> <span class='ocrx_word' id='word_1_661' title='bbox 764 4830 980 4904; x_wconf 85' lang='lat' dir='ltr'><strong>Moyse,</strong></span> <span class='ocrx_word' id='word_1_662' title='bbox 1005 4831 1082 4903; x_wconf 89' lang='lat' dir='ltr'><strong>(b)</strong></span> <span class='ocrx_word' id='word_1_663' title='bbox 1112 4830 1283 4902; x_wconf 88' lang='lat' dir='ltr'><strong>cujus</strong></span> <span class='ocrx_word' id='word_1_664' title='bbox 1307 4829 1620 4902; x_wconf 59' lang='lat' dir='ltr'><strong>sepultura</strong></span> <span class='ocrx_word' id='word_1_665' title='bbox 1647 4830 1831 4902; x_wconf 90' lang='lat' dir='ltr'><strong>locus,</strong></span> 
     </span>
    </p>
   </div>
   <div class='ocr_carea' id='block_1_86' title="bbox 176 4917 1834 4991">
    <p class='ocr_par' dir='ltr' id='par_1_86' title="bbox 176 4917 1834 4991">
     <span class='ocr_line' id='line_1_86' title="bbox 176 4917 1834 4991; baseline 0.002 -17"><span class='ocrx_word' id='word_1_666' title='bbox 176 4918 326 4991; x_wconf 88' lang='lat' dir='ltr'><strong>quia</strong></span> <span class='ocrx_word' id='word_1_667' title='bbox 355 4917 415 4974; x_wconf 89' lang='lat' dir='ltr'><strong>in</strong></span> <span class='ocrx_word' id='word_1_668' title='bbox 442 4918 652 4976; x_wconf 87' lang='lat' dir='ltr'><strong>ccelum</strong></span> <span class='ocrx_word' id='word_1_669' title='bbox 676 4922 1035 4990; x_wconf 89' lang='lat' dir='ltr'><strong>ascenderat,</strong></span> <span class='ocrx_word' id='word_1_670' title='bbox 1058 4919 1119 4975; x_wconf 89' lang='lat' dir='ltr'><strong>in</strong></span> <span class='ocrx_word' id='word_1_671' title='bbox 1142 4924 1296 4975; x_wconf 88' lang='lat' dir='ltr'><strong>terra</strong></span> <span class='ocrx_word' id='word_1_672' title='bbox 1317 4936 1433 4976; x_wconf 88' lang='lat' dir='ltr'><strong>non</strong></span> <span class='ocrx_word' id='word_1_673' title='bbox 1461 4920 1648 4991; x_wconf 90' lang='lat' dir='ltr'><strong>potuit</strong></span> <span class='ocrx_word' id='word_1_674' title='bbox 1677 4921 1834 4977; x_wconf 87' lang='lat' dir='ltr'><strong>inve-</strong></span> 
     </span>
    </p>
   </div>
   <div class='ocr_carea' id='block_1_87' title="bbox 176 5006 1839 5083">
    <p class='ocr_par' dir='ltr' id='par_1_87' title="bbox 176 5006 1839 5083">
     <span class='ocr_line' id='line_1_87' title="bbox 176 5006 1839 5083; baseline 0.002 -20"><span class='ocrx_word' id='word_1_675' title='bbox 176 5006 296 5063; x_wconf 88' lang='lat' dir='ltr'><strong>niri</strong></span> <span class='ocrx_word' id='word_1_676' title='bbox 336 5007 510 5080; x_wconf 84' lang='lat' dir='ltr'><strong>(Deut.</strong></span> <span class='ocrx_word' id='word_1_677' title='bbox 541 5011 752 5083; x_wconf 74' lang='lat' dir='ltr'><strong>xxxrv).</strong></span> <span class='ocrx_word' id='word_1_678' title='bbox 784 5009 1066 5068; x_wconf 87' lang='lat' dir='ltr'><strong>Ascendit</strong></span> <span class='ocrx_word' id='word_1_679' title='bbox 1096 5025 1230 5066; x_wconf 93' lang='lat' dir='ltr'><strong>cum</strong></span> <span class='ocrx_word' id='word_1_680' title='bbox 1262 5007 1439 5065; x_wconf 90' lang='lat' dir='ltr'><strong>Paulo</strong></span> <span class='ocrx_word' id='word_1_681' title='bbox 1471 5009 1572 5081; x_wconf 91' lang='lat' dir='ltr'><strong>qui</strong></span> <span class='ocrx_word' id='word_1_682' title='bbox 1603 5026 1706 5066; x_wconf 87' lang='lat' dir='ltr'><strong>vas</strong></span> <span class='ocrx_word' id='word_1_683' title='bbox 1730 5010 1839 5067; x_wconf 90' lang='lat' dir='ltr'><strong>ele-</strong></span> 
     </span>
    </p>
   </div>
   <div class='ocr_carea' id='block_1_88' title="bbox 177 5096 1837 5173">
    <p class='ocr_par' dir='ltr' id='par_1_88' title="bbox 177 5096 1837 5173">
     <span class='ocr_line' id='line_1_88' title="bbox 177 5096 1837 5173; baseline 0.002 -20"><span class='ocrx_word' id='word_1_684' title='bbox 177 5096 416 5167; x_wconf 90' lang='lat' dir='ltr'><strong>ctionis,</strong></span> <span class='ocrx_word' id='word_1_685' title='bbox 446 5096 508 5155; x_wconf 89' lang='lat' dir='ltr'><strong>in</strong></span> <span class='ocrx_word' id='word_1_686' title='bbox 540 5099 870 5173; x_wconf 88' lang='lat' dir='ltr'><strong>apostolum</strong></span> <span class='ocrx_word' id='word_1_687' title='bbox 927 5100 998 5157; x_wconf 91' lang='lat' dir='ltr'><strong>de</strong></span> <span class='ocrx_word' id='word_1_688' title='bbox 1037 5102 1406 5173; x_wconf 89' lang='lat' dir='ltr'><strong>persecutore</strong></span> <span class='ocrx_word' id='word_1_689' title='bbox 1437 5101 1698 5154; x_wconf 89' lang='lat' dir='ltr'><strong>mutatus</strong></span> <span class='ocrx_word' id='word_1_690' title='bbox 1749 5103 1837 5157; x_wconf 89' lang='lat' dir='ltr'><strong>est</strong></span> 
     </span>
    </p>
   </div>
   <div class='ocr_carea' id='block_1_89' title="bbox 211 5234 1833 5363">
    <p class='ocr_par' dir='ltr' id='par_1_89' title="bbox 211 5276 1833 5363">
     <span class='ocr_line' id='line_1_89' title="bbox 211 5276 1833 5363; baseline 0.003 -32"><span class='ocrx_word' id='word_1_691' title='bbox 211 5349 223 5360; x_wconf 41' lang='lat'><em>.</em></span> <span class='ocrx_word' id='word_1_692' title='bbox 254 5276 334 5363; x_wconf 72' lang='grc' dir='ltr'><strong>(α)</strong></span> <span class='ocrx_word' id='word_1_693' title='bbox 364 5276 934 5363; x_wconf 38' lang='lat' dir='ltr'><strong>Medicam-quidam</strong></span> <span class='ocrx_word' id='word_1_694' title='bbox 960 5281 1119 5363; x_wconf 38' lang='lat' dir='ltr'><strong>cod”</strong></span> <span class='ocrx_word' id='word_1_695' title='bbox 1153 5278 1409 5360; x_wconf 80' lang='lat' dir='ltr'><strong>Victorio</strong></span> <span class='ocrx_word' id='word_1_696' title='bbox 1438 5280 1607 5347; x_wconf 84' lang='lat' dir='ltr'><strong>teste,</strong></span> <span class='ocrx_word' id='word_1_697' title='bbox 1632 5295 1833 5363; x_wconf 52' lang='lat' dir='ltr'><strong>percu-</strong></span> 
     </span>
    </p>
   </div>
   <div class='ocr_carea' id='block_1_90' title="bbox 174 5350 1837 5432">
    <p class='ocr_par' dir='ltr' id='par_1_90' title="bbox 174 5350 1837 5432">
     <span class='ocr_line' id='line_1_90' title="bbox 174 5350 1837 5432; baseline 0.002 -28"><span class='ocrx_word' id='word_1_698' title='bbox 174 5350 352 5432; x_wconf 66' lang='lat' dir='ltr'><strong>tiatur</strong></span> <span class='ocrx_word' id='word_1_699' title='bbox 373 5364 551 5432; x_wconf 48' lang='lat' dir='ltr'><strong>:‘quae</strong></span> <span class='ocrx_word' id='word_1_700' title='bbox 582 5350 774 5432; x_wconf 77' lang='lat' dir='ltr'><strong>lectio,</strong></span> <span class='ocrx_word' id='word_1_701' title='bbox 809 5351 1002 5432; x_wconf 70' lang='lat' dir='ltr'><strong>inquit</strong></span> <span class='ocrx_word' id='word_1_702' title='bbox 1030 5350 1837 5432; x_wconf 38' lang='lat' dir='ltr'><strong>ille,.mag-isﬂcongruit.Vul-</strong></span> 
     </span>
    </p>
   </div>
   <div class='ocr_carea' id='block_1_91' title="bbox 1942 3137 3595 3219">
    <p class='ocr_par' dir='ltr' id='par_1_91' title="bbox 1942 3137 3595 3219">
     <span class='ocr_line' id='line_1_91' title="bbox 1942 3137 3595 3219; baseline 0.013 -27"><span class='ocrx_word' id='word_1_703' title='bbox 1942 3137 2345 3194; x_wconf 87' lang='lat' dir='ltr'><strong>amarissimas</strong></span> <span class='ocrx_word' id='word_1_704' title='bbox 2376 3157 2607 3213; x_wconf 88' lang='lat' dir='ltr'><strong>quoque</strong></span> <span class='ocrx_word' id='word_1_705' title='bbox 2636 3159 2820 3215; x_wconf 89' lang='lat' dir='ltr'><strong>aquas</strong></span> <span class='ocrx_word' id='word_1_706' title='bbox 2848 3146 3029 3203; x_wconf 88' lang='lat' dir='ltr'><strong>maris</strong></span> <span class='ocrx_word' id='word_1_707' title='bbox 3058 3156 3242 3219; x_wconf 89' lang='lat' dir='ltr'><strong>vocat,</strong></span> <span class='ocrx_word' id='word_1_708' title='bbox 3302 3158 3359 3210; x_wconf 90' lang='lat' dir='ltr'><strong>et</strong></span> <span class='ocrx_word' id='word_1_709' title='bbox 3387 3155 3595 3213; x_wconf 68' lang='lat' dir='ltr'><strong>effudit</strong></span> 
     </span>
    </p>
   </div>
   <div class='ocr_carea' id='block_1_92' title="bbox 1944 3227 3596 3315">
    <p class='ocr_par' dir='ltr' id='par_1_92' title="bbox 1944 3227 3596 3315">
     <span class='ocr_line' id='line_1_92' title="bbox 1944 3227 3596 3315; baseline 0.014 -35"><span class='ocrx_word' id='word_1_710' title='bbox 1944 3227 2049 3295; x_wconf 86' lang='grc' dir='ltr'><strong>[Αι.</strong></span> <span class='ocrx_word' id='word_1_711' title='bbox 2084 3227 2295 3298; x_wconf 79' lang='lat' dir='ltr'><strong>fundit]</strong></span> <span class='ocrx_word' id='word_1_712' title='bbox 2328 3245 2426 3284; x_wconf 90' lang='lat' dir='ltr'><strong>eas</strong></span> <span class='ocrx_word' id='word_1_713' title='bbox 2456 3247 2634 3315; x_wconf 83' lang='lat' dir='ltr'><strong>super</strong></span> <span class='ocrx_word' id='word_1_714' title='bbox 2663 3248 2780 3303; x_wconf 91' lang='lat' dir='ltr'><strong>eos,</strong></span> <span class='ocrx_word' id='word_1_715' title='bbox 2821 3236 2923 3306; x_wconf 91' lang='lat' dir='ltr'><strong>qui</strong></span> <span class='ocrx_word' id='word_1_716' title='bbox 2955 3236 3159 3295; x_wconf 85' lang='lat' dir='ltr'><strong>faciem</strong></span> <span class='ocrx_word' id='word_1_717' title='bbox 3192 3258 3362 3298; x_wconf 90' lang='lat' dir='ltr'><strong>suam</strong></span> <span class='ocrx_word' id='word_1_718' title='bbox 3414 3251 3596 3303; x_wconf 88' lang='lat' dir='ltr'><strong>verte-</strong></span> 
     </span>
    </p>
   </div>
   <div class='ocr_carea' id='block_1_93' title="bbox 1943 3318 3584 3404">
    <p class='ocr_par' dir='ltr' id='par_1_93' title="bbox 1943 3318 3584 3404">
     <span class='ocr_line' id='line_1_93' title="bbox 1943 3318 3584 3404; baseline 0.013 -35"><span class='ocrx_word' id='word_1_719' title='bbox 1943 3321 2083 3371; x_wconf 90' lang='lat' dir='ltr'><strong>runt</strong></span> <span class='ocrx_word' id='word_1_720' title='bbox 2115 3318 2186 3404; x_wconf 83' lang='lat' dir='ltr'><strong>ad</strong></span> <span class='ocrx_word' id='word_1_721' title='bbox 2214 3318 2545 3373; x_wconf 90' lang='lat' dir='ltr'><strong>Dominum.</strong></span> <span class='ocrx_word' id='word_1_722' title='bbox 2572 3320 2702 3376; x_wconf 90' lang='lat' dir='ltr'><strong>Ideo</strong></span> <span class='ocrx_word' id='word_1_723' title='bbox 2723 3328 2916 3379; x_wconf 89' lang='lat' dir='ltr'><strong>autem</strong></span> <span class='ocrx_word' id='word_1_724' title='bbox 2942 3333 3106 3381; x_wconf 91' lang='lat' dir='ltr'><strong>vocat</strong></span> <span class='ocrx_word' id='word_1_725' title='bbox 3127 3346 3358 3387; x_wconf 88' lang='lat' dir='ltr'><strong>amaras</strong></span> <span class='ocrx_word' id='word_1_726' title='bbox 3379 3349 3584 3404; x_wconf 89' lang='lat' dir='ltr'><strong>aquas,</strong></span> 
     </span>
    </p>
   </div>
   <div class='ocr_carea' id='block_1_94' title="bbox 1944 3403 3585 3489">
    <p class='ocr_par' dir='ltr' id='par_1_94' title="bbox 1944 3403 3585 3489">
     <span class='ocr_line' id='line_1_94' title="bbox 1944 3403 3585 3489; baseline 0.012 -32"><span class='ocrx_word' id='word_1_727' title='bbox 1944 3407 2009 3458; x_wconf 89' lang='lat' dir='ltr'><strong>ut</strong></span> <span class='ocrx_word' id='word_1_728' title='bbox 2037 3403 2240 3459; x_wconf 89' lang='lat' dir='ltr'><strong>dulces</strong></span> <span class='ocrx_word' id='word_1_729' title='bbox 2272 3405 2463 3473; x_wconf 82' lang='lat' dir='ltr'><strong>faciat,</strong></span> <span class='ocrx_word' id='word_1_730' title='bbox 2490 3411 2547 3461; x_wconf 91' lang='lat' dir='ltr'><strong>et</strong></span> <span class='ocrx_word' id='word_1_731' title='bbox 2570 3408 2779 3463; x_wconf 89' lang='lat' dir='ltr'><strong>educat</strong></span> <span class='ocrx_word' id='word_1_732' title='bbox 2797 3416 2997 3468; x_wconf 89' lang='lat' dir='ltr'><strong>ventos</strong></span> <span class='ocrx_word' id='word_1_733' title='bbox 3023 3415 3094 3469; x_wconf 90' lang='lat' dir='ltr'><strong>de</strong></span> <span class='ocrx_word' id='word_1_734' title='bbox 3115 3415 3408 3474; x_wconf 88' lang='lat' dir='ltr'><strong>thesauris</strong></span> <span class='ocrx_word' id='word_1_735' title='bbox 3436 3403 3585 3489; x_wconf 78' lang='lat' dir='ltr'><strong>suis,</strong></span> 
     </span>
    </p>
   </div>
   <div class='ocr_carea' id='block_1_95' title="bbox 1944 3492 3588 3574">
    <p class='ocr_par' dir='ltr' id='par_1_95' title="bbox 1944 3492 3588 3574">
     <span class='ocr_line' id='line_1_95' title="bbox 1944 3492 3588 3574; baseline 0.011 -27"><span class='ocrx_word' id='word_1_736' title='bbox 1944 3495 1999 3547; x_wconf 91' lang='lat' dir='ltr'><strong>et</strong></span> <span class='ocrx_word' id='word_1_737' title='bbox 2012 3508 2215 3563; x_wconf 89' lang='lat' dir='ltr'><strong>graves</strong></span> <span class='ocrx_word' id='word_1_738' title='bbox 2237 3492 2534 3566; x_wconf 89' lang='lat' dir='ltr'><strong>salsugine</strong></span> <span class='ocrx_word' id='word_1_739' title='bbox 2560 3512 2741 3567; x_wconf 87' lang='lat' dir='ltr'><strong>aquas</strong></span> <span class='ocrx_word' id='word_1_740' title='bbox 2764 3514 2872 3554; x_wconf 88' lang='lat' dir='ltr'><strong>sua</strong></span> <span class='ocrx_word' id='word_1_741' title='bbox 2893 3500 2951 3554; x_wconf 91' lang='lat' dir='ltr'><strong>in</strong></span> <span class='ocrx_word' id='word_1_742' title='bbox 2969 3500 3153 3557; x_wconf 89' lang='lat' dir='ltr'><strong>altum</strong></span> <span class='ocrx_word' id='word_1_743' title='bbox 3167 3504 3439 3574; x_wconf 86' lang='lat' dir='ltr'><strong>jussione</strong></span> <span class='ocrx_word' id='word_1_744' title='bbox 3460 3525 3588 3565; x_wconf 88' lang='lat' dir='ltr'><strong>sus-</strong></span> 
     </span>
    </p>
   </div>
   <div class='ocr_carea' id='block_1_96' title="bbox 1944 3580 3589 3654">
    <p class='ocr_par' dir='ltr' id='par_1_96' title="bbox 1944 3580 3589 3654">
     <span class='ocr_line' id='line_1_96' title="bbox 1944 3580 3589 3654; baseline 0.012 -21"><span class='ocrx_word' id='word_1_745' title='bbox 1944 3581 2181 3652; x_wconf 88' lang='lat' dir='ltr'><strong>pendat,</strong></span> <span class='ocrx_word' id='word_1_746' title='bbox 2214 3580 2601 3654; x_wconf 89' lang='lat' dir='ltr'><strong>eliquansque</strong></span> <span class='ocrx_word' id='word_1_747' title='bbox 2629 3601 2750 3650; x_wconf 85' lang='lat' dir='ltr'><strong>eas,</strong></span> <span class='ocrx_word' id='word_1_748' title='bbox 2781 3590 2837 3641; x_wconf 90' lang='lat' dir='ltr'><strong>et</strong></span> <span class='ocrx_word' id='word_1_749' title='bbox 2867 3589 3114 3646; x_wconf 72' lang='lat' dir='ltr'><strong>aatbcreo</strong></span> <span class='ocrx_word' id='word_1_750' title='bbox 3172 3592 3363 3649; x_wconf 88' lang='lat' dir='ltr'><strong>calore</strong></span> <span class='ocrx_word' id='word_1_751' title='bbox 3412 3597 3589 3653; x_wconf 84' lang='lat' dir='ltr'><strong>deco-</strong></span> 
     </span>
    </p>
   </div>
   <div class='ocr_carea' id='block_1_97' title="bbox 1950 3670 3588 3752">
    <p class='ocr_par' dir='ltr' id='par_1_97' title="bbox 1950 3670 3588 3752">
     <span class='ocr_line' id='line_1_97' title="bbox 1950 3670 3588 3752; baseline 0.012 -31"><span class='ocrx_word' id='word_1_752' title='bbox 1950 3685 2158 3740; x_wconf 88' lang='lat' dir='ltr'><strong>quens,</strong></span> <span class='ocrx_word' id='word_1_753' title='bbox 2183 3670 2486 3741; x_wconf 90' lang='lat' dir='ltr'><strong>dispenset</strong></span> <span class='ocrx_word' id='word_1_754' title='bbox 2505 3670 2564 3725; x_wconf 90' lang='lat' dir='ltr'><strong>in</strong></span> <span class='ocrx_word' id='word_1_755' title='bbox 2585 3671 2835 3743; x_wconf 89' lang='lat' dir='ltr'><strong>pluvias,</strong></span> <span class='ocrx_word' id='word_1_756' title='bbox 2859 3680 2915 3730; x_wconf 89' lang='lat' dir='ltr'><strong>et</strong></span> <span class='ocrx_word' id='word_1_757' title='bbox 2934 3677 3162 3734; x_wconf 89' lang='lat' dir='ltr'><strong>emittat</strong></span> <span class='ocrx_word' id='word_1_758' title='bbox 3180 3696 3358 3752; x_wconf 88' lang='lat' dir='ltr'><strong>super</strong></span> <span class='ocrx_word' id='word_1_759' title='bbox 3383 3683 3588 3741; x_wconf 87' lang='lat' dir='ltr'><strong>faciem</strong></span> 
     </span>
    </p>
   </div>
   <div class='ocr_carea' id='block_1_98' title="bbox 1941 3760 3589 3839">
    <p class='ocr_par' dir='ltr' id='par_1_98' title="bbox 1941 3760 3589 3839">
     <span class='ocr_line' id='line_1_98' title="bbox 1941 3760 3589 3839; baseline 0.012 -28"><span class='ocrx_word' id='word_1_760' title='bbox 1941 3761 2128 3825; x_wconf 69' lang='lat' dir='ltr'><strong>terrae,</strong></span> <span class='ocrx_word' id='word_1_761' title='bbox 2160 3763 2224 3813; x_wconf 91' lang='lat' dir='ltr'><strong>ut</strong></span> <span class='ocrx_word' id='word_1_762' title='bbox 2252 3760 2473 3814; x_wconf 86' lang='lat' dir='ltr'><strong>arentia</strong></span> <span class='ocrx_word' id='word_1_763' title='bbox 2504 3775 2749 3833; x_wconf 61' lang='lat' dir='ltr'><strong>quisque</strong></span> <span class='ocrx_word' id='word_1_764' title='bbox 2770 3762 3033 3836; x_wconf 88' lang='lat' dir='ltr'><strong>rigentur</strong></span> <span class='ocrx_word' id='word_1_765' title='bbox 3058 3766 3370 3839; x_wconf 89' lang='lat' dir='ltr'><strong>imbribus,</strong></span> <span class='ocrx_word' id='word_1_766' title='bbox 3403 3778 3460 3828; x_wconf 88' lang='lat' dir='ltr'><strong>et</strong></span> <span class='ocrx_word' id='word_1_767' title='bbox 3488 3774 3589 3829; x_wconf 91' lang='lat' dir='ltr'><strong>ubi</strong></span> 
     </span>
    </p>
   </div>
   <div class='ocr_carea' id='block_1_99' title="bbox 1943 3846 3328 3928">
    <p class='ocr_par' dir='ltr' id='par_1_99' title="bbox 1943 3846 3328 3928">
     <span class='ocr_line' id='line_1_99' title="bbox 1943 3846 3328 3928; baseline 0.009 -27"><span class='ocrx_word' id='word_1_768' title='bbox 1943 3846 2263 3901; x_wconf 88' lang='lat' dir='ltr'><strong>abundavit</strong></span> <span class='ocrx_word' id='word_1_769' title='bbox 2294 3851 2618 3917; x_wconf 86' lang='lat' dir='ltr'><strong>peccatum,</strong></span> <span class='ocrx_word' id='word_1_770' title='bbox 2653 3854 3090 3921; x_wconf 87' lang='lat' dir='ltr'><strong>superabundet</strong></span> <span class='ocrx_word' id='word_1_771' title='bbox 3118 3857 3328 3928; x_wconf 89' lang='lat' dir='ltr'><strong>gratia.</strong></span> 
     </span>
    </p>
   </div>
   <div class='ocr_carea' id='block_1_100' title="bbox 2014 3934 3583 4020">
    <p class='ocr_par' dir='ltr' id='par_1_100' title="bbox 2014 3934 3583 4020">
     <span class='ocr_line' id='line_1_100' title="bbox 2014 3934 3583 4020; baseline 0.014 -34"><span class='ocrx_word' id='word_1_772' title='bbox 2014 3934 2200 4006; x_wconf 86' lang='lat' dir='ltr'><strong>(Vers.</strong></span> <span class='ocrx_word' id='word_1_773' title='bbox 2232 3935 2287 4002; x_wconf 91' lang='lat'><strong>7,</strong></span> <span class='ocrx_word' id='word_1_774' title='bbox 2321 3935 2399 4003; x_wconf 94' lang='lat'><strong>8.)</strong></span> <span class='ocrx_word' id='word_1_775' title='bbox 2428 3937 2705 4009; x_wconf 85' lang='lat' dir='ltr'><strong>Numquid</strong></span> <span class='ocrx_word' id='word_1_776' title='bbox 2748 3956 2857 3996; x_wconf 86' lang='lat' dir='ltr'><strong>non</strong></span> <span class='ocrx_word' id='word_1_777' title='bbox 2885 3946 2948 3997; x_wconf 86' lang='lat' dir='ltr'><strong>ut</strong></span> <span class='ocrx_word' id='word_1_778' title='bbox 2984 3943 3094 4013; x_wconf 87' lang='lat' dir='ltr'><strong>ﬁlii</strong></span> <span class='ocrx_word' id='word_1_779' title='bbox 3128 3947 3448 4020; x_wconf 61' lang='lat' dir='ltr'><strong>Ethiopian</strong></span> <span class='ocrx_word' id='word_1_780' title='bbox 3489 3966 3583 4008; x_wconf 82' lang='lat' dir='ltr'><strong>vos</strong></span> 
     </span>
    </p>
   </div>
   <div class='ocr_carea' id='block_1_101' title="bbox 1942 4025 3590 4108">
    <p class='ocr_par' dir='ltr' id='par_1_101' title="bbox 1942 4025 3590 4108">
     <span class='ocr_line' id='line_1_101' title="bbox 1942 4025 3590 4108; baseline 0.01 -28"><span class='ocrx_word' id='word_1_781' title='bbox 1942 4025 2070 4080; x_wconf 86' lang='lat' dir='ltr'><strong>estis</strong></span> <span class='ocrx_word' id='word_1_782' title='bbox 2101 4026 2260 4096; x_wconf 85' lang='lat' dir='ltr'><strong>mihi,</strong></span> <span class='ocrx_word' id='word_1_783' title='bbox 2293 4027 2402 4095; x_wconf 83' lang='lat' dir='ltr'><strong>ﬁlii</strong></span> <span class='ocrx_word' id='word_1_784' title='bbox 2430 4027 2625 4096; x_wconf 82' lang='lat' dir='ltr'><strong>Israel,</strong></span> <span class='ocrx_word' id='word_1_785' title='bbox 2645 4028 2727 4082; x_wconf 86' lang='lat' dir='ltr'><strong>ait</strong></span> <span class='ocrx_word' id='word_1_786' title='bbox 2757 4031 3022 4087; x_wconf 84' lang='lat' dir='ltr'><strong>Dominus</strong></span> <span class='ocrx_word' id='word_1_787' title='bbox 3040 4036 3066 4086; x_wconf 84' lang='lat'><strong><em>?</em></strong></span> <span class='ocrx_word' id='word_1_788' title='bbox 3083 4033 3362 4108; x_wconf 83' lang='lat' dir='ltr'><strong>Numquid</strong></span> <span class='ocrx_word' id='word_1_789' title='bbox 3379 4050 3489 4096; x_wconf 82' lang='lat' dir='ltr'><strong>non</strong></span> <span class='ocrx_word' id='word_1_790' title='bbox 3516 4042 3590 4097; x_wconf 82' lang='lat' dir='ltr'><strong>Is-</strong></span> 
     </span>
    </p>
   </div>
   <div class='ocr_carea' id='block_1_102' title="bbox 1945 4113 3594 4193">
    <p class='ocr_par' dir='ltr' id='par_1_102' title="bbox 1945 4113 3594 4193">
     <span class='ocr_line' id='line_1_102' title="bbox 1945 4113 3594 4193; baseline 0.012 -26"><span class='ocrx_word' id='word_1_791' title='bbox 1945 4113 2060 4170; x_wconf 87' lang='lat' dir='ltr'><strong>rael</strong></span> <span class='ocrx_word' id='word_1_792' title='bbox 2088 4113 2374 4170; x_wconf 82' lang='lat' dir='ltr'><strong>ascendere</strong></span> <span class='ocrx_word' id='word_1_793' title='bbox 2397 4116 2509 4186; x_wconf 84' lang='lat' dir='ltr'><strong>feci</strong></span> <span class='ocrx_word' id='word_1_794' title='bbox 2527 4115 2592 4171; x_wconf 90' lang='lat' dir='ltr'><strong>de</strong></span> <span class='ocrx_word' id='word_1_795' title='bbox 2621 4122 2773 4174; x_wconf 85' lang='lat' dir='ltr'><strong>terra</strong></span> <span class='ocrx_word' id='word_1_796' title='bbox 2800 4122 3046 4193; x_wconf 58' lang='lat' dir='ltr'><strong>Egypti,</strong></span> <span class='ocrx_word' id='word_1_797' title='bbox 3077 4126 3128 4178; x_wconf 86' lang='lat' dir='ltr'><strong>et</strong></span> <span class='ocrx_word' id='word_1_798' title='bbox 3159 4125 3497 4185; x_wconf 72' lang='lat' dir='ltr'><strong>Palaestinos</strong></span> <span class='ocrx_word' id='word_1_799' title='bbox 3525 4128 3594 4187; x_wconf 83' lang='lat' dir='ltr'><strong>de</strong></span> 
     </span>
    </p>
   </div>
   <div class='ocr_carea' id='block_1_103' title="bbox 1942 4203 3591 4280">
    <p class='ocr_par' dir='ltr' id='par_1_103' title="bbox 1942 4203 3591 4280">
     <span class='ocr_line' id='line_1_103' title="bbox 1942 4203 3591 4280; baseline 0.01 -20"><span class='ocrx_word' id='word_1_800' title='bbox 1942 4203 2306 4275; x_wconf 82' lang='lat' dir='ltr'><strong>Cappadocia,</strong></span> <span class='ocrx_word' id='word_1_801' title='bbox 2338 4209 2393 4259; x_wconf 89' lang='lat' dir='ltr'><strong>et</strong></span> <span class='ocrx_word' id='word_1_802' title='bbox 2420 4204 2587 4276; x_wconf 81' lang='lat' dir='ltr'><strong>Syros</strong></span> <span class='ocrx_word' id='word_1_803' title='bbox 2617 4205 2681 4262; x_wconf 89' lang='lat' dir='ltr'><strong>de</strong></span> <span class='ocrx_word' id='word_1_804' title='bbox 2711 4209 2918 4280; x_wconf 82' lang='lat' dir='ltr'><strong>Cyrene</strong></span> <span class='ocrx_word' id='word_1_805' title='bbox 2936 4214 2962 4265; x_wconf 74' lang='lat'><strong>.9</strong></span> <span class='ocrx_word' id='word_1_806' title='bbox 2999 4212 3130 4268; x_wconf 88' lang='lat' dir='ltr'><strong>Ecce</strong></span> <span class='ocrx_word' id='word_1_807' title='bbox 3174 4216 3327 4271; x_wconf 86' lang='lat' dir='ltr'><strong>oculi</strong></span> <span class='ocrx_word' id='word_1_808' title='bbox 3370 4218 3591 4276; x_wconf 77' lang='lat' dir='ltr'><strong>Domini</strong></span> 
     </span>
    </p>
   </div>
   <div class='ocr_carea' id='block_1_104' title="bbox 1943 4293 3617 4377">
    <p class='ocr_par' dir='ltr' id='par_1_104' title="bbox 1943 4293 3617 4377">
     <span class='ocr_line' id='line_1_104' title="bbox 1943 4293 3617 4377; baseline 0.011 -31"><span class='ocrx_word' id='word_1_809' title='bbox 1943 4293 2041 4347; x_wconf 88' lang='lat' dir='ltr'><strong>Dei</strong></span> <span class='ocrx_word' id='word_1_810' title='bbox 2066 4309 2231 4365; x_wconf 84' lang='lat' dir='ltr'><strong>super</strong></span> <span class='ocrx_word' id='word_1_811' title='bbox 2258 4309 2487 4365; x_wconf 85' lang='lat' dir='ltr'><strong>regnum</strong></span> <span class='ocrx_word' id='word_1_812' title='bbox 2511 4312 2759 4369; x_wconf 84' lang='lat' dir='ltr'><strong>peccans,</strong></span> <span class='ocrx_word' id='word_1_813' title='bbox 2790 4307 2843 4353; x_wconf 89' lang='lat' dir='ltr'><strong>ct</strong></span> <span class='ocrx_word' id='word_1_814' title='bbox 2886 4304 3165 4358; x_wconf 86' lang='lat' dir='ltr'><strong>conteram</strong></span> <span class='ocrx_word' id='word_1_815' title='bbox 3215 4306 3357 4360; x_wconf 87' lang='lat' dir='ltr'><strong>illud</strong></span> <span class='ocrx_word' id='word_1_816' title='bbox 3385 4323 3422 4361; x_wconf 83' lang='grc' dir='ltr'>α</span> <span class='ocrx_word' id='word_1_817' title='bbox 3444 4309 3617 4377; x_wconf 60' lang='lat' dir='ltr'><strong>facie&quot;</strong></span> 
     </span>
    </p>
   </div>
   <div class='ocr_carea' id='block_1_105' title="bbox 1942 4385 3592 4452">
    <p class='ocr_par' dir='ltr' id='par_1_105' title="bbox 1942 4385 3592 4452">
     <span class='ocr_line' id='line_1_105' title="bbox 1942 4385 3592 4452; baseline 0.009 -15"><span class='ocrx_word' id='word_1_818' title='bbox 1942 4385 2150 4439; x_wconf 72' lang='lat' dir='ltr'><strong>terrae:</strong></span> <span class='ocrx_word' id='word_1_819' title='bbox 2180 4387 2560 4440; x_wconf 75' lang='lat' dir='ltr'><strong>verumtamen</strong></span> <span class='ocrx_word' id='word_1_820' title='bbox 2602 4391 2883 4442; x_wconf 85' lang='lat' dir='ltr'><strong>conterens</strong></span> <span class='ocrx_word' id='word_1_821' title='bbox 2913 4404 3017 4443; x_wconf 89' lang='lat' dir='ltr'><strong>non</strong></span> <span class='ocrx_word' id='word_1_822' title='bbox 3067 4388 3343 4448; x_wconf 84' lang='lat' dir='ltr'><strong>conteram</strong></span> <span class='ocrx_word' id='word_1_823' title='bbox 3370 4394 3592 4452; x_wconf 87' lang='lat' dir='ltr'><strong>domum</strong></span> 
     </span>
    </p>
   </div>
   <div class='ocr_carea' id='block_1_106' title="bbox 1943 4471 3591 4555">
    <p class='ocr_par' dir='ltr' id='par_1_106' title="bbox 1943 4471 3591 4555">
     <span class='ocr_line' id='line_1_106' title="bbox 1943 4471 3591 4555; baseline 0.008 -28"><span class='ocrx_word' id='word_1_824' title='bbox 1943 4471 2124 4538; x_wconf 85' lang='lat' dir='ltr'><strong>Jacob,</strong></span> <span class='ocrx_word' id='word_1_825' title='bbox 2152 4472 2295 4528; x_wconf 86' lang='lat' dir='ltr'><strong>dicit</strong></span> <span class='ocrx_word' id='word_1_826' title='bbox 2322 4473 2608 4529; x_wconf 88' lang='lat' dir='ltr'><strong>Dominus.</strong></span> <span class='ocrx_word' id='word_1_827' title='bbox 2636 4474 2773 4531; x_wconf 84' lang='lat' dir='ltr'><strong>LXX</strong></span> <span class='ocrx_word' id='word_1_828' title='bbox 2798 4493 2811 4530; x_wconf 87' lang='lat'><strong>:</strong></span> <span class='ocrx_word' id='word_1_829' title='bbox 2838 4476 3027 4534; x_wconf 87' lang='lat' dir='ltr'><strong>Nonne</strong></span> <span class='ocrx_word' id='word_1_830' title='bbox 3045 4487 3107 4535; x_wconf 89' lang='lat' dir='ltr'><strong>ut</strong></span> <span class='ocrx_word' id='word_1_831' title='bbox 3122 4481 3233 4549; x_wconf 87' lang='lat' dir='ltr'><strong>ﬁlii</strong></span> <span class='ocrx_word' id='word_1_832' title='bbox 3259 4482 3591 4555; x_wconf 47' lang='lat' dir='ltr'><strong>[Ethiopum</strong></span> 
     </span>
    </p>
   </div>
   <div class='ocr_carea' id='block_1_107' title="bbox 1946 4561 3591 4633">
    <p class='ocr_par' dir='ltr' id='par_1_107' title="bbox 1946 4561 3591 4633">
     <span class='ocr_line' id='line_1_107' title="bbox 1946 4561 3591 4633; baseline 0.008 -17"><span class='ocrx_word' id='word_1_833' title='bbox 1946 4576 2037 4616; x_wconf 82' lang='lat' dir='ltr'><strong>vos</strong></span> <span class='ocrx_word' id='word_1_834' title='bbox 2066 4562 2195 4616; x_wconf 88' lang='lat' dir='ltr'><strong>estis</strong></span> <span class='ocrx_word' id='word_1_835' title='bbox 2225 4561 2373 4618; x_wconf 75' lang='lat'><strong>35]</strong></span> <span class='ocrx_word' id='word_1_836' title='bbox 2402 4562 2561 4630; x_wconf 87' lang='lat' dir='ltr'><strong>mihi,</strong></span> <span class='ocrx_word' id='word_1_837' title='bbox 2594 4563 2706 4633; x_wconf 84' lang='lat' dir='ltr'><strong>ﬁlii</strong></span> <span class='ocrx_word' id='word_1_838' title='bbox 2729 4566 2918 4633; x_wconf 90' lang='lat' dir='ltr'><strong>Israel,</strong></span> <span class='ocrx_word' id='word_1_839' title='bbox 2951 4566 3086 4623; x_wconf 85' lang='lat' dir='ltr'><strong>dicit</strong></span> <span class='ocrx_word' id='word_1_840' title='bbox 3112 4569 3373 4626; x_wconf 85' lang='lat' dir='ltr'><strong>Dominus</strong></span> <span class='ocrx_word' id='word_1_841' title='bbox 3392 4574 3418 4624; x_wconf 77' lang='grc' dir='ltr'><em>γ</em></span> <span class='ocrx_word' id='word_1_842' title='bbox 3442 4573 3591 4629; x_wconf 86' lang='grc' dir='ltr'><strong>Νοη-</strong></span> 
     </span>
    </p>
   </div>
   <div class='ocr_carea' id='block_1_108' title="bbox 1942 4649 3591 4730">
    <p class='ocr_par' dir='ltr' id='par_1_108' title="bbox 1942 4649 3591 4730">
     <span class='ocr_line' id='line_1_108' title="bbox 1942 4649 3591 4730; baseline 0.009 -26"><span class='ocrx_word' id='word_1_843' title='bbox 1942 4667 2013 4706; x_wconf 92' lang='lat' dir='ltr'><strong>ne</strong></span> <span class='ocrx_word' id='word_1_844' title='bbox 2042 4649 2156 4721; x_wconf 81' lang='grc' dir='ltr'><strong>[ΑΙ.</strong></span> <span class='ocrx_word' id='word_1_845' title='bbox 2190 4650 2327 4720; x_wconf 83' lang='grc' dir='ltr'><strong>Νοη)</strong></span> <span class='ocrx_word' id='word_1_846' title='bbox 2373 4652 2543 4706; x_wconf 88' lang='lat' dir='ltr'><strong>Israel</strong></span> <span class='ocrx_word' id='word_1_847' title='bbox 2590 4652 2760 4708; x_wconf 69' lang='lat' dir='ltr'><strong>eduxi</strong></span> <span class='ocrx_word' id='word_1_848' title='bbox 2786 4653 2852 4710; x_wconf 89' lang='lat' dir='ltr'><strong>de</strong></span> <span class='ocrx_word' id='word_1_849' title='bbox 2879 4658 3030 4711; x_wconf 86' lang='lat' dir='ltr'><strong>terra</strong></span> <span class='ocrx_word' id='word_1_850' title='bbox 3085 4659 3327 4730; x_wconf 63' lang='lat' dir='ltr'><strong>Egypti,</strong></span> <span class='ocrx_word' id='word_1_851' title='bbox 3375 4664 3430 4717; x_wconf 90' lang='lat' dir='ltr'><strong>et</strong></span> <span class='ocrx_word' id='word_1_852' title='bbox 3457 4662 3591 4719; x_wconf 86' lang='lat' dir='ltr'><strong>alie-</strong></span> 
     </span>
    </p>
   </div>
   <div class='ocr_carea' id='block_1_109' title="bbox 1942 4738 3589 4820">
    <p class='ocr_par' dir='ltr' id='par_1_109' title="bbox 1942 4738 3589 4820">
     <span class='ocr_line' id='line_1_109' title="bbox 1942 4738 3589 4820; baseline 0.01 -27"><span class='ocrx_word' id='word_1_853' title='bbox 1942 4741 2171 4809; x_wconf 86' lang='lat' dir='ltr'><strong>nigenas</strong></span> <span class='ocrx_word' id='word_1_854' title='bbox 2198 4739 2262 4794; x_wconf 89' lang='lat' dir='ltr'><strong>de</strong></span> <span class='ocrx_word' id='word_1_855' title='bbox 2291 4738 2651 4811; x_wconf 85' lang='lat' dir='ltr'><strong>Cappadocia,</strong></span> <span class='ocrx_word' id='word_1_856' title='bbox 2682 4750 2733 4797; x_wconf 90' lang='lat' dir='ltr'><strong>et</strong></span> <span class='ocrx_word' id='word_1_857' title='bbox 2760 4741 2925 4814; x_wconf 84' lang='lat' dir='ltr'><strong>Syros</strong></span> <span class='ocrx_word' id='word_1_858' title='bbox 2954 4744 3019 4801; x_wconf 88' lang='lat' dir='ltr'><strong>de</strong></span> <span class='ocrx_word' id='word_1_859' title='bbox 3046 4746 3209 4820; x_wconf 85' lang='lat' dir='ltr'><strong>fovea</strong></span> <span class='ocrx_word' id='word_1_860' title='bbox 3227 4751 3252 4801; x_wconf 76' lang='lat'><strong>.9</strong></span> <span class='ocrx_word' id='word_1_861' title='bbox 3279 4750 3413 4806; x_wconf 87' lang='lat' dir='ltr'><strong>Ecce</strong></span> <span class='ocrx_word' id='word_1_862' title='bbox 3439 4751 3589 4809; x_wconf 89' lang='lat' dir='ltr'><strong>oculi</strong></span> 
     </span>
    </p>
   </div>
   <div class='ocr_carea' id='block_1_110' title="bbox 1943 4829 3586 4912">
    <p class='ocr_par' dir='ltr' id='par_1_110' title="bbox 1943 4829 3586 4912">
     <span class='ocr_line' id='line_1_110' title="bbox 1943 4829 3586 4912; baseline 0.009 -28"><span class='ocrx_word' id='word_1_863' title='bbox 1943 4829 2165 4884; x_wconf 87' lang='lat' dir='ltr'><strong>Domini</strong></span> <span class='ocrx_word' id='word_1_864' title='bbox 2182 4830 2281 4883; x_wconf 88' lang='lat' dir='ltr'><strong>Dei</strong></span> <span class='ocrx_word' id='word_1_865' title='bbox 2306 4845 2471 4900; x_wconf 88' lang='lat' dir='ltr'><strong>super</strong></span> <span class='ocrx_word' id='word_1_866' title='bbox 2497 4846 2733 4903; x_wconf 87' lang='lat' dir='ltr'><strong>regnum</strong></span> <span class='ocrx_word' id='word_1_867' title='bbox 2759 4840 3127 4904; x_wconf 82' lang='lat' dir='ltr'><strong>peccatorum,</strong></span> <span class='ocrx_word' id='word_1_868' title='bbox 3160 4843 3215 4892; x_wconf 89' lang='lat' dir='ltr'><strong>et</strong></span> <span class='ocrx_word' id='word_1_869' title='bbox 3242 4842 3492 4912; x_wconf 87' lang='lat' dir='ltr'><strong>auferam</strong></span> <span class='ocrx_word' id='word_1_870' title='bbox 3515 4842 3586 4897; x_wconf 83' lang='lat' dir='ltr'><strong>il-</strong></span> 
     </span>
    </p>
   </div>
   <div class='ocr_carea' id='block_1_111' title="bbox 1945 4917 3590 5001">
    <p class='ocr_par' dir='ltr' id='par_1_111' title="bbox 1945 4917 3590 5001">
     <span class='ocr_line' id='line_1_111' title="bbox 1945 4917 3590 5001; baseline 0.009 -29"><span class='ocrx_word' id='word_1_871' title='bbox 1945 4917 2040 4973; x_wconf 90' lang='lat' dir='ltr'><strong>lud</strong></span> <span class='ocrx_word' id='word_1_872' title='bbox 2078 4934 2113 4973; x_wconf 90' lang='lat' dir='ltr'><strong>a</strong></span> <span class='ocrx_word' id='word_1_873' title='bbox 2137 4919 2281 4990; x_wconf 87' lang='lat' dir='ltr'><strong>facie</strong></span> <span class='ocrx_word' id='word_1_874' title='bbox 2309 4925 2493 4976; x_wconf 51' lang='lat' dir='ltr'><strong>terra.</strong></span> <span class='ocrx_word' id='word_1_875' title='bbox 2528 4920 2904 4977; x_wconf 84' lang='lat' dir='ltr'><strong>Verumtamen</strong></span> <span class='ocrx_word' id='word_1_876' title='bbox 2924 4940 3038 4980; x_wconf 84' lang='lat' dir='ltr'><strong>non</strong></span> <span class='ocrx_word' id='word_1_877' title='bbox 3067 4927 3128 4981; x_wconf 87' lang='lat' dir='ltr'><strong>in</strong></span> <span class='ocrx_word' id='word_1_878' title='bbox 3142 4927 3312 4996; x_wconf 84' lang='lat' dir='ltr'><strong>ﬁnem</strong></span> <span class='ocrx_word' id='word_1_879' title='bbox 3338 4932 3590 5001; x_wconf 86' lang='lat' dir='ltr'><strong>auferam</strong></span> 
     </span>
    </p>
   </div>
   <div class='ocr_carea' id='block_1_112' title="bbox 1943 5008 3589 5090">
    <p class='ocr_par' dir='ltr' id='par_1_112' title="bbox 1943 5008 3589 5090">
     <span class='ocr_line' id='line_1_112' title="bbox 1943 5008 3589 5090; baseline 0.007 -26"><span class='ocrx_word' id='word_1_880' title='bbox 1943 5009 2164 5065; x_wconf 85' lang='lat' dir='ltr'><strong>domum</strong></span> <span class='ocrx_word' id='word_1_881' title='bbox 2192 5008 2372 5079; x_wconf 83' lang='lat' dir='ltr'><strong>Iacob,</strong></span> <span class='ocrx_word' id='word_1_882' title='bbox 2403 5008 2536 5064; x_wconf 86' lang='lat' dir='ltr'><strong>dicit</strong></span> <span class='ocrx_word' id='word_1_883' title='bbox 2564 5010 2847 5067; x_wconf 87' lang='lat' dir='ltr'><strong>Dominus.</strong></span> <span class='ocrx_word' id='word_1_884' title='bbox 2881 5012 2987 5069; x_wconf 92' lang='lat' dir='ltr'><strong>Pro</strong></span> <span class='ocrx_word' id='word_1_885' title='bbox 3014 5014 3251 5089; x_wconf 80' lang='lat' dir='ltr'><strong>Cyrene,</strong></span> <span class='ocrx_word' id='word_1_886' title='bbox 3297 5018 3505 5090; x_wconf 83' lang='lat' dir='ltr'><strong>Aquila</strong></span> <span class='ocrx_word' id='word_1_887' title='bbox 3532 5023 3589 5076; x_wconf 87' lang='lat' dir='ltr'><strong>et</strong></span> 
     </span>
    </p>
   </div>
   <div class='ocr_carea' id='block_1_113' title="bbox 1946 5098 3589 5180">
    <p class='ocr_par' dir='ltr' id='par_1_113' title="bbox 1946 5098 3589 5180">
     <span class='ocr_line' id='line_1_113' title="bbox 1946 5098 3589 5180; baseline 0.008 -26"><span class='ocrx_word' id='word_1_888' title='bbox 1946 5099 2151 5172; x_wconf 88' lang='lat' dir='ltr'><strong>quinta</strong></span> <span class='ocrx_word' id='word_1_889' title='bbox 2178 5098 2353 5155; x_wconf 91' lang='lat' dir='ltr'><strong>editio</strong></span> <span class='ocrx_word' id='word_1_890' title='bbox 2384 5098 2579 5171; x_wconf 88' lang='lat' dir='ltr'><strong>ipsum</strong></span> <span class='ocrx_word' id='word_1_891' title='bbox 2606 5101 2848 5157; x_wconf 90' lang='lat' dir='ltr'><strong>verbum</strong></span> <span class='ocrx_word' id='word_1_892' title='bbox 2876 5102 3225 5162; x_wconf 87' lang='lat' dir='ltr'><strong>Hebraicum</strong></span> <span class='ocrx_word' id='word_1_893' title='bbox 3263 5113 3589 5180; x_wconf 87' lang='lat' dir='ltr'><strong>posuerunt</strong></span> 
     </span>
    </p>
   </div>
   <div class='ocr_carea' id='block_1_114' title="bbox 2015 5274 3585 5360">
    <p class='ocr_par' dir='ltr' id='par_1_114' title="bbox 2015 5274 3585 5360">
     <span class='ocr_line' id='line_1_114' title="bbox 2015 5274 3585 5360; baseline 0.006 -24"><span class='ocrx_word' id='word_1_894' title='bbox 2015 5280 2093 5351; x_wconf 76' lang='grc' dir='ltr'>(ὁ)</span> <span class='ocrx_word' id='word_1_895' title='bbox 2124 5278 2349 5360; x_wconf 39' lang='lat' dir='ltr'><strong>{alludit</strong></span> <span class='ocrx_word' id='word_1_896' title='bbox 2376 5280 2447 5360; x_wconf 73' lang='lat' dir='ltr'><strong>ad</strong></span> <span class='ocrx_word' id='word_1_897' title='bbox 2480 5274 2999 5360; x_wconf 65' lang='lat' dir='ltr'><strong>quis_’Avi_6aotv,</strong></span> <span class='ocrx_word' id='word_1_898' title='bbox 3036 5285 3162 5360; x_wconf 85' lang='lat' dir='ltr'><strong>sive</strong></span> <span class='ocrx_word' id='word_1_899' title='bbox 3187 5282 3478 5360; x_wconf 55' lang='lat' dir='ltr'><strong>dvjlndow,</strong></span> <span class='ocrx_word' id='word_1_900' title='bbox 3513 5288 3585 5360; x_wconf 88' lang='lat' dir='ltr'><strong>de</strong></span> 
     </span>
    </p>
   </div>
   <div class='ocr_carea' id='block_1_115' title="bbox 1944 5350 3584 5425">
    <p class='ocr_par' dir='ltr' id='par_1_115' title="bbox 1944 5350 3584 5425">
     <span class='ocr_line' id='line_1_115' title="bbox 1944 5350 3584 5425; baseline 0.008 -19"><span class='ocrx_word' id='word_1_901' title='bbox 1944 5350 2060 5423; x_wconf 85' lang='lat' dir='ltr'><strong>qua</strong></span> <span class='ocrx_word' id='word_1_902' title='bbox 2086 5350 2218 5425; x_wconf 72' lang='lat' dir='ltr'><strong>vide</strong></span> <span class='ocrx_word' id='word_1_903' title='bbox 2248 5350 2372 5417; x_wconf 77' lang='lat' dir='ltr'><strong>cod.</strong></span> <span class='ocrx_word' id='word_1_904' title='bbox 2394 5350 2971 5425; x_wconf 83' lang='lat' dir='ltr'><strong>Pseudepigraphum</strong></span> <span class='ocrx_word' id='word_1_905' title='bbox 2988 5350 3201 5414; x_wconf 83' lang='lat' dir='ltr'><strong>veteris</strong></span> <span class='ocrx_word' id='word_1_906' title='bbox 3221 5350 3584 5420; x_wconf 77' lang='lat' dir='ltr'><strong>Testamenti</strong></span> 
     </span>
    </p>
   </div>
   <div class='ocr_carea' id='block_1_116' title="bbox 1943 5422 2966 5571">
    <p class='ocr_par' dir='ltr' id='par_1_116' title="bbox 1943 5422 2966 5571">
     <span class='ocr_line' id='line_1_116' title="bbox 1943 5422 2966 5571; baseline 0.004 -17"><span class='ocrx_word' id='word_1_907' title='bbox 1943 5437 2083 5571; x_wconf 45' lang='lat' dir='ltr'><strong>page.)</strong></span> <span class='ocrx_word' id='word_1_908' title='bbox 2106 5422 2334 5555; x_wconf 51' lang='grc' dir='ltr'><strong>ξξὲῗίοβθ</strong></span> <span class='ocrx_word' id='word_1_909' title='bbox 2359 5493 2734 5557; x_wconf 69' lang='grc' dir='ltr'><strong>Μανιὶαιιωυε</strong></span> <span class='ocrx_word' id='word_1_910' title='bbox 2762 5512 2966 5565; x_wconf 78' lang='lat' dir='ltr'><strong>crassa.</strong></span> 
     </span>
    </p>
   </div>
  </div>
