3986 6190
426 244 574 304 1091

1695 247 1758 303 S.
1809 240 2119 304 EUSEBII
2162 242 2603 305 HIERONYMI
2704 191 2713 200 ⁵

3607 244 3725 309 109!

421 377 699 467 matula),
733 375 1114 467 Septuaginta
1134 378 1373 467 foueam,
1395 375 1454 430 id
1487 378 1595 443 est,
1633 372 1848 449 βόθρον,
1881 374 2065 430 Theo-
2096 378 2151 443 Α
2182 391 2258 431 na
2286 375 2587 447 [EthiOpiae
2611 376 2747 432 inde
2763 373 3080 431 detulerint
3096 372 3355 467 victimas
3368 372 3600 467 Domino,
3613 375 3723 467 dice-

418 466 574 523 dotio
603 463 893 538 parietem,
927 464 1313 537 Symmachus
1337 463 1601 535 Cyrenem
1625 480 1637 517 :
1674 479 1847 535 quem
1880 466 1935 518 et
1964 480 2071 518 nos
2180 481 2241 520 re
2262 470 2535 536 poterunt
2562 482 2574 521 :
2606 467 2785 534 Nigra
2811 482 2936 521 sum
2962 472 3014 520 et
3040 466 3302 536 speciosa,
3324 463 3719 538 quoniamdecolo-

416 556 478 611 in
509 555 618 611 hoc
644 545 987 611 loco‘secuti
1020 570 1250 610 sumus.
1283 557 1484 608 Totam
1527 552 1637 608 loci
1686 552 1864 625 hujus
1893 568 2068 623 quem

416 643 711 716 proposui,
740 648 797 698 et
817 644 1085 699 omnium
1109 660 1236 715 quae
1268 642 1375 697 hoc
1396 636 1649 713 capitulo
1673 642 2066 709 continentur,

415 732 864 806 intelligentiam
896 732 1054 788 brevi
1086 748 1355 788 sermone
1386 731 1752 798 concludam,
1785 747 1970 803 usque
1994 732 2065 785 ad

413 839 549 878 eum
584 821 776 877 locum
801 822 857 875 in
884 838 997 892 quo
1021 822 1307 892 scriptum
1328 824 1418 876 est
1441 837 1453 875 :
1478 822 1582 888 Qui
1610 820 1818 889 dicunt,
1842 836 1953 875 non
1972 837 2067 890 ap-

409 910 822 982 propinquabit,
843 914 891 965 et
911 926 1023 965 non
1045 912 1217 965 veniet
1238 926 1401 980 super
1420 926 1517 964 nos
1540 927 1627 963 ma
1638 908 1773 977 lum,
1799 913 1863 963 ut
1884 908 2066 980 possi—

411 1015 544 1056 mus
580 1015 752 1056 nosse
783 1000 938 1071 quod
963 999 1178 1055 dicitur
1202 1017 1214 1054 :
1244 1000 1362 1071 Ego
1385 997 1668 1053 Dominus
1692 998 1846 1054 Deus
1874 998 2063 1052 omni-

410 1093 638 1159 potens,
669 1105 845 1159 quem
878 1088 1052 1143 celari
1113 1088 1219 1156 [Αι.
1256 1087 1462 1160 celare]
1523 1087 1671 1142 nihil
1720 1091 1928 1159 potest,
1963 1086 2065 1159 qui

411 1180 588 1249 tango
626 1181 858 1243 terram,
891 1180 949 1231 et
975 1177 1341 1231 movebitur:
1394 1176 1493 1247 qui
1524 1176 1745 1231 aedifico
1804 1176 1863 1231 in
1922 1176 2062 1231 coelo

410 1264 810 1321 ascensionem
830 1279 1051 1320 meam:
1079 1264 1177 1335 qui
1196 1281 1334 1320 voco
1349 1281 1532 1335 aquas
1548 1264 1748 1336 maris,
1763 1265 2061 1322 etell'undo

409 1368 510 1409 eas
534 1369 708 1423 super
732 1353 937 1408 faciem
960 1356 1123 1408 terra:
1150 1370 1162 1407 :
1198 1353 1369 1423 cujus
1390 1356 1478 1408 est
1510 1369 1721 1409 nomen
1752 1353 2061 1422 Dominus,

408 1441 510 1512 qui
542 1446 768 1496 creator
789 1458 922 1497 sum
945 1441 1210 1496 omnium
1232 1457 1245 1498 :
1271 1446 1516 1497 cunctas
1537 1445 1738 1513 gentes
1765 1443 1833 1496 de
1858 1443 2059 1497 eodem

406 1529 547 1584 ﬁnxi
571 1529 716 1600 luto,
741 1534 797 1584 et
818 1529 1027 1601 aequali
1052 1534 1208 1585 sorte
1242 1530 1531 1602 generavi.
1558 1530 1812 1602 Denique
1841 1530 2058 1585 IEthio-

404 1633 527 1688 pes,
554 1616 922 1685 Palaestinos,
944 1617 1119 1691 Syros
1143 1623 1315 1690 atque
1335 1620 1587 1687 JUdZBOS,
1614 1620 1898 1675 distantes
1914 1619 2057 1675 locis

404 1710 581 1778 atque
611 1707 980 1779 corporibus,
1014 1707 1387 1763 mortalitatis
1433 1707 1555 1780 lege
1598 1709 1834 1783 sociavi,
1867 1712 1924 1762 et
1954 1725 2057 1780 pro

404 1794 645 1851 arbitrio
677 1812 804 1851 meo
836 1812 1032 1851 servos
1066 1812 1225 1850 meos
1249 1796 1361 1850 huc
1385 1795 1640 1867 illucque
1660 1802 1976 1867 commuto,
2001 1800 2058 1852 et

403 1883 465 1939 in
496 1883 800 1940 universas
831 1884 1163 1955 provincias
1193 1885 1502 1940 transfero.
1545 1885 1626 1940 Ne
1659 1886 1964 1954 erigamini
1996 1885 2052 1940 in

403 1972 761 2043 superbiam,
798 1974 953 2045 quod
986 1990 1085 2028 vos
1107 1974 1177 2028 de
1199 1977 1442 2045 zEgypto
1464 1973 1528 2027 ed
1542 1974 1787 2042 uxoriin,
1810 1978 1866 2029 et
1886 1974 2053 2045 quasi

402 2061 755 2133 peculiarem
786 2061 1070 2133 populum
1105 2078 1300 2117 meum
1348 2061 1638 2117 Pharaoni
1690 2062 1905 2117 servire
1936 2078 2051 2117 non

402 2166 614 2221 passus
645 2150 755 2204 sim
784 2166 798 2205 :
827 2150 934 2205 hoc
970 2150 1124 2205 idem
1159 2148 1263 2205 feci
1296 2156 1352 2206 et
1383 2150 1725 2220 Palaestinis,
1772 2168 1919 2223 quos
1952 2152 2049 2207 Se-

400 2239 710 2310 ptuaginta
729 2238 1071 2309 alienigenas
1090 2239 1538 2310 transtulerunt,
1563 2240 1640 2309 (a)
1654 2241 1751 2312 qui
1774 2240 2051 2296 Hebraice

402 2327 773 2398 appellantur
803 2345 1169 2383 CAPHTHORIM
1200 2331 1517 2400 (omnes),
1568 2334 1633 2384 ut
1671 2331 2049 2385 transferrem

399 2432 498 2472 eos
515 2417 587 2471 de
609 2416 993 2488 Cappadocia,
1020 2421 1077 2472 et
1102 2417 1158 2471 in
1179 2415 1497 2472 Palaastinze
1523 2417 1859 2489 regionibus
1878 2418 2051 2474 collos

403 2521 594 2561 carem
622 2523 634 2561 :
660 2510 833 2578 Syros
855 2522 1107 2577 quoque,
1142 2505 1200 2561 id
1224 2511 1331 2573 est,
1366 2524 1524 2562 ARAM
1557 2505 1728 2578 (DWN)
1774 2507 2049 2563 transtuli

400 2595 471 2649 de
500 2594 754 2667 Cyrene:
790 2611 858 2650 ex
889 2611 1003 2665 quo
1035 2594 1133 2666 qui
1156 2595 1708 2664 aequaliconditione
1729 2601 1869 2651 sunt
1892 2597 2047 2664 facti,

398 2683 607 2755 aequali
632 2683 841 2755 judicii
873 2684 985 2740 mei
1018 2684 1308 2740 sententia
1356 2684 1692 2755 punientur,
1746 2689 1805 2740 et
1853 2685 2050 2741 omnia

400 2774 625 2845 absque
644 2773 991 2828 discretione
1013 2774 1606 2845 personarum,impia
1623 2775 2050 2847 rcguasubver-

402 2864 547 2916 tam.
567 2861 682 2916 Vos
712 2866 930 2929 autem,
954 2878 986 2917 ο
1018 2862 1121 2915 filii
1153 2862 1351 2929 Israel,
1382 2863 1452 2916 de
1480 2863 1695 2934 quibus
1726 2863 1840 2917 dixi
1866 2880 1878 2917 :
1929 2865 2051 2918 Pri-

403 2951 710 3018 mogenitus
739 2949 893 3018 ﬁlius
917 2966 1068 3004 meus
1099 2950 1265 3004 Israel
1313 2950 1508 3018 (Exod.
1544 2967 1616 3020 IV,
1668 2952 1785 3018 22).
1825 2951 1931 3005 Et:
1970 2956 2051 3007 Ex

404 3039 642 3108 .Egypto
672 3039 862 3093 vocavi
913 3038 1095 3107 ﬁlium
1142 3053 1325 3094 meum
1379 3038 1546 3109 (Osee.
1576 3056 1677 3105 κη,
1712 3039 1784 3106 1),
1843 3056 2047 3110 percu-

401 3127 544 3184 tiam
575 3126 635 3181 in
665 3126 847 3198 virga,
881 3131 937 3182 et
966 3126 1212 3182 visitabo
1244 3131 1477 3198 peccata
1513 3130 1738 3193 vestra;
1801 3127 1900 3182 sed
1934 3125 2047 3182 non
2078 3116 2121 3184 C

401 3214 462 3270 in
493 3219 840 3286 perpetuum
889 3218 1207 3279 conteram,
1260 3220 1317 3269 et
1372 3216 1525 3271 352
1585 3215 2046 3272 misericordiam

398 3320 588 3359 meam
613 3319 729 3358 non
754 3305 1017 3358 auferam
1052 3320 1085 3359 a
1115 3304 1276 3358 vobis
1310 3306 1422 3374 (Ps.
1456 3309 1746 3373 Lxxxvm),
1791 3310 1848 3360 et
1877 3306 2046 3377 quasi

394 3392 454 3447 in
485 3393 675 3448 cribro
706 3392 955 3465 agitatos
983 3397 1159 3464 atque
1190 3409 1527 3460 concussos,
1557 3395 1853 3449 mundabo
1875 3399 1932 3449 et
1950 3393 2048 3450 eli-

395 3497 553 3554 gam,
585 3484 650 3536 ut
680 3481 780 3553 qui
808 3480 1046 3552 lapillus
1078 3481 1270 3552 fuerit,
1309 3486 1365 3537 et
1396 3497 1498 3553 per
1527 3482 1927 3553 paenitentiam
1962 3500 2048 3537 ro-

400 3571 661 3635 boratus,
686 3570 756 3625 de
787 3570 976 3625 cribro
1008 3586 1136 3625 meo
1168 3586 1283 3626 non
1314 3570 1572 3626 excidat:
1609 3571 1704 3640 qui
1736 3576 1933 3627 autem
1963 3573 2049 3626 in-

400 3662 522 3714 star
540 3658 798 3730 pulveris
814 3659 1086 3714 ceciderit
1101 3659 1157 3713 in
1189 3664 1425 3725 terram,
1452 3660 1811 3731 percutiatur
1831 3660 2043 3732 gladio,

398 3756 457 3802 ut
492 3748 597 3818 (At.
632 3749 709 3817 et]
743 3749 1072 3803 moriantur
1100 3753 1429 3820 peccatores
1475 3748 1673 3821 populi
1732 3750 1884 3805 mei:
1931 3768 2046 3806 non

397 3836 537 3907 quia
566 3841 700 3892 ante
731 3837 1093 3908 peccaverint
1120 3855 1133 3905 ;
1163 3839 1263 3893 sed
1297 3838 1437 3909 quia
1468 3854 1653 3909 usque
1695 3839 1766 3893 ad
1800 3846 2044 3895 mortem

397 3925 891 3997 perseveraverint
939 3926 999 3980 in
1041 3926 1313 3997 peccatis.
1348 3926 1552 3981 Omnis
1581 3930 1778 3981 autem
1811 3927 1910 3999 qui
1959 3932 2050 3983 est

400 4013 575 4068 Israel
595 4018 651 4067 et
671 4012 834 4084 prius
858 4013 1041 4067 Deum
1061 4018 1255 4068 mente
1276 4013 1665 4085 conspiciens,
1680 4016 1754 4087 (b)
1777 4016 2047 4073 eductus-

398 4116 515 4171 que
536 4101 608 4155 de
644 4104 910 4171 Egypto,
946 4101 995 4156 si
1026 4101 1368 4157 desiderans
1398 4104 1539 4157 vitia
1566 4104 1816 4176 Egypti,
1850 4108 1907 4159 et
1936 4122 2048 4160 sae-

397 4187 513 4243 culi
544 4187 889 4260 voluptates,
925 4206 1042 4244 non
1072 4190 1263 4246 solum
1286 4190 1344 4245 in
1368 4196 1698 4263 Egyptum,
1737 4194 1836 4249 sed
1863 4193 1922 4248 in
1953 4196 2046 4250 ZE-

396 4275 683 4347 thiopiam
716 4281 1056 4344 revertatur,
1089 4277 1150 4333 in
1183 4296 1298 4350 qua
1330 4280 1428 4351 qui
1461 4280 1653 4349 fuerit,
1679 4283 1851 4352 juxta
1889 4285 2045 4340 lere-

398 4365 577 4421 miam
613 4366 778 4438 (Cap.
812 4369 957 4435 xm),
992 4366 1201 4438 pellem
1235 4384 1403 4423 suam
1427 4373 1655 4425 mutare
1689 4388 1803 4426 non
1836 4375 2045 4442 potest,

2178 556 2325 610 ravit
2350 570 2440 609 me
2467 555 2549 609 sol
2580 554 2761 626 (Cant.
2796 572 2835 622 ι,
2866 556 2942 622 4).
2974 554 3221 626 Corpora
3239 553 3386 608 enim
3404 552 3599 609 umbris
3615 554 3719 611 otio~

2179 660 2291 715 que
2309 644 2654 710 marcentia,
2677 644 3035 719 tentationes
3055 646 3114 699 et
3128 647 3297 699 estus
3313 640 3491 698 saeculi
3510 642 3630 698 ferre
3641 659 3719 699 non

2178 738 2452 804 possunt:
2475 750 2603 805 quae
2625 737 2820 788 autem
2844 731 2916 788 ad
2938 732 3153 787 luctam
3174 736 3232 787 et
3248 731 3315 786 ad
3333 730 3615 787 certamina
3627 747 3725 802 pra-

2177 826 2479 892 parantur,
2503 824 2624 878 sole
2653 821 2872 877 siccata
2902 823 3182 892 superant
3211 819 3405 875 mundi
3444 819 3668 891 injurias,
3689 825 3726 876 et

2175 909 2635 966 benedictionem
2659 911 2844 966 sancti
2867 910 3121 982 Spiritus
3143 915 3570 980 consequuntur,
3584 908 3725 964 dicen-

2173 999 2249 1053 tis
2280 1000 2350 1054 ad
2375 1001 2609 1069 justum
2636 1018 2648 1055 :
2677 1001 2784 1055 Per
2802 998 2949 1054 diem
2977 1000 3059 1054 sol
3090 1014 3199 1053 non
3227 1002 3345 1053 uret
3371 1007 3436 1064 te,
3463 1013 3612 1069 neque
3635 998 3729 1052 luas

2170 1103 2267 1158 per
2290 1097 2501 1143 noctem
2531 1090 2699 1159 (Psal.
2724 1105 2848 1159 cxx,
2876 1088 2952 1159 6).
2986 1086 3278 1158 [Ethiopes
3322 1102 3451 1159 ergo
3491 1090 3730 1141 vertuntur

2170 1175 2231 1231 in
2262 1176 2416 1232 ﬁlios
2445 1178 2566 1246 Dei,
2611 1178 2659 1232 si
2721 1177 2945 1249 egerint
2998 1175 3416 1249 penitentiam,
3461 1179 3513 1230 et
3554 1173 3730 1230 ﬁliiDei

2169 1268 2479 1321 transeunt
2505 1266 2563 1321 in
2594 1265 2917 1338 zEthiopes,
2953 1266 3000 1321 si
3051 1265 3112 1320 in
3142 1264 3487 1337 profundum
3531 1262 3733 1319 venerint

2169 1354 2562 1425 peccatorum.
2586 1354 2716 1426 Ipse
2737 1355 2896 1409 enim
2924 1354 3162 1410 Greater
3192 1352 3445 1408 omnium
3473 1352 3605 1408 Deus
3626 1351 3731 1423 Cap-

2170 1442 2419 1514 padoces
2448 1443 2621 1499 vertit
2641 1442 2699 1498 in
2722 1441 3082 1514 Palaestinos,
3107 1446 3166 1498 et
3182 1459 3279 1498 eos
3299 1441 3399 1513 qui
3425 1440 3737 1496 versabantur

2166 1530 2227 1586 in
2246 1531 2459 1605 frigore
2481 1532 2637 1599 ﬁdei,
2658 1538 2716 1588 et
2731 1531 3007 1603 Aquiloni
3028 1535 3199 1588 vento
3216 1530 3515 1586 durissimo
3534 1528 3735 1600 subjaoo-

2169 1620 2328 1691 bant,
2354 1620 2488 1676 fecit
2509 1620 2773 1676 bibentes
2797 1621 3023 1692 cadere,
3042 1625 3099 1676 et
3118 1619 3377 1691 deposita
3399 1617 3735 1690 su‘perbimDo-

2167 1708 2310 1763 mini
2342 1710 2558 1765 sentire
2582 1708 2896 1780 judicium.
2931 1710 3107 1779 Syros
3128 1724 3380 1781 quoque,
3403 1706 3458 1762 id
3479 1708 3572 1773 est,
3597 1702 3735 1761 excel-

2166 1814 2263 1854 sos
2285 1802 2459 1869 atque
2477 1798 2783 1865 sublimes,
2813 1798 2913 1870 qui
2939 1798 3220 1854 dicuntur
3237 1813 3394 1853 suum
3410 1807 3522 1856 mn
3536 1797 3736 1850 transtu-

2163 1886 2230 1942 lit
2249 1887 2321 1942 de
2352 1889 2590 1959 Cyrene,
2621 1888 2854 1942 infirmo
2885 1887 3124 1958 pariete,
3152 1886 3272 1943 sive
3309 1902 3431 1958 quas
3459 1882 3735 1940 imminebat

2163 1975 2533 2032 amarissimo
2564 1976 2733 2044 mari,
2767 1980 2824 2031 et
2853 1975 3044 2031 vicina
3088 1974 3356 2047 Syrtibus
3385 1978 3520 2039 erat,
3544 1977 3595 2028 et
3609 1971 3735 2042 juxta

2162 2065 2301 2119 LXX
2324 2065 2384 2119 in
2416 2065 2579 2121 fovea
2606 2066 2934 2131 tenebatur,
2961 2064 3213 2120 mutavit
3233 2064 3292 2118 in
3324 2064 3525 2119 bonam
3545 2065 3732 2134 partem,

2161 2160 2226 2209 ut
2255 2154 2511 2210 excelsos
2542 2155 2774 2209 faceret.
2796 2154 2961 2209 Oculi
2983 2154 3139 2209 enim
3164 2152 3391 2209 Domini
3414 2166 3573 2223 super
3587 2147 3735 2204 omnia

2160 2247 2297 2299 sunt
2328 2259 2507 2316 regna
2535 2244 2690 2300 853
2721 2243 3040 2315 peccantia,
3076 2259 3205 2313 quin
3252 2241 3496 2298 ostendit
3521 2235 3732 2294 diabolus

2164 2333 2403 2388 Domino
2434 2332 2651 2403 (Matth.
2684 2332 2784 2403 IV),
2821 2335 2878 2387 et
2906 2333 2976 2389 de
3008 2332 3227 2404 quibus
3266 2329 3558 2404 Apostolus
3598 2325 3729 2381 dicit:

2156 2421 2274 2477 Non
2302 2430 2489 2493 regnet
2504 2426 2786 2492 peccatum
2805 2423 2866 2476 in
2888 2421 3113 2477 mortali
3132 2428 3304 2477 vestro
3322 2433 3542 2490 corpore,
3562 2415 3620 2472 ad
3641 2414 3727 2471 obc-

2157 2509 2416 2566 diendum
2443 2510 2727 2566 desideriis
2751 2511 2867 2581 ejus
2897 2510 3075 2580 (Rom.
3116 2527 3197 2565 vr.
3234 2510 3341 2581 12).
3387 2507 3730 2563 Verumtamen

2158 2617 2292 2655 cum
2322 2599 2381 2654 in
2408 2600 2571 2671 virga
2599 2599 2792 2655 visitet
2834 2603 3189 2671 peccatores,
3216 2603 3274 2655 et
3302 2599 3545 2654 conterat
3569 2610 3648 2650 eos
3668 2594 3731 2647 at-

2158 2705 2270 2761 que
2288 2689 2593 2760 percutiat,
2618 2688 2719 2760 qui
2741 2688 3179 2759 permanserint
3199 2688 3258 2743 in
3281 2690 3525 2759 peccato:
3543 2699 3625 2740 eas
3640 2679 3731 2736 ani-

2157 2794 2306 2845 mas,
2342 2794 2468 2849 quae
2490 2776 2862 2848 appellantur
2881 2777 3093 2832 domus
3113 2776 3317 2846 Jacob,
3341 2780 3397 2831 et
3415 2771 3729 2847 supplantant

2157 2872 2481 2939 peccatum,
2512 2870 2570 2921 et
2599 2866 2657 2920 in
2714 2866 3031 2921 certamine
3078 2869 3378 2939 superant,
3429 2868 3481 2920 et
3525 2860 3730 2934 plantam

2158 2954 2382 3011 cruenti
2415 2955 2609 3010 fratris
2642 2954 2947 3023 invadunt,
3008 2954 3069 3009 in
3128 2959 3408 3010 aeternum
3460 2950 3620 3024 perire
3644 2961 3728 3002 non

2158 3045 2398 3116 patitur.

2233 3136 2417 3205 (Vers.
2452 3134 2510 3200 9,
2542 3134 2654 3204 10.)
2681 3134 2810 3188 Ecce
2839 3134 2989 3188 enim
3013 3147 3109 3204 ego
3165 3131 3455 3201 mandabo,
3507 3137 3550 3184 et
3587 3138 3731 3182 coacu-

2154 3223 2295 3277 tiam
2319 3222 2377 3276 in
2407 3222 2659 3277 onmibus
2687 3222 2933 3292 gentibus
2957 3221 3184 3277 domum
3220 3222 3409 3287 Israel,
3434 3221 3560 3275 sicut
3582 3228 3730 3272 concu-

2156 3312 2294 3365 titur
2317 3309 2529 3381 (Addit.
2558 3309 2727 3382 Vulg.
2754 3311 3022 3382 triticum]
3040 3312 3101 3365 in
3119 3312 3325 3377 cribro,
3349 3319 3398 3365 et
3414 3324 3513 3364 non
3529 3303 3653 3360 cadet
3669 3301 3728 3354 la-

2151 3400 2323 3471 pillus
2350 3414 2509 3470 super
2534 3406 2755 3454 terram.
2788 3400 2846 3454 In
2869 3399 3052 3468 gladio
3072 3402 3385 3456 morientur
3409 3411 3572 3455 omnes
3588 3405 3726 3465 μεσαι-

2154 3497 2289 3544 tores
2316 3489 2506 3559 populi
2532 3489 2643 3543 mei
2673 3491 2769 3561 qui
2815 3488 3005 3543 dicunt
3024 3506 3043 3543 :
3074 3489 3200 3545 Non
3244 3482 3664 3560 appropinquabat,
3688 3484 3727 3531 et

2154 3596 2266 3633 non
2282 3579 2457 3634 veniet
2478 3594 2641 3648 super
2663 3593 2759 3632 nos
2772 3578 3002 3632 malum.
3030 3577 3171 3632 LXX
3191 3595 3212 3633 :
3231 3579 3373 3647 Quia
3399 3592 3503 3632 ecce
3517 3588 3592 3641 ego
3615 3581 3725 3639 μνε-

2153 3669 2296 3739 cipio
2318 3675 2369 3723 et
2388 3666 2661 3722 ventilabo
2683 3668 2741 3722 in
2762 3667 2970 3721 cunctis
2988 3667 3241 3737 gentibus
3271 3667 3481 3723 domum
3501 3656 3645 3725 Israel,
3661 3653 3724 3707 si-

2153 3761 2215 3811 ut
2243 3757 2548 3811 ventilatur
2576 3757 2635 3809 in
2664 3755 2986 3822 ventilabro,
3017 3764 3071 3810 et
3114 3773 3233 3812 non
3258 3756 3407 3814 cadet
3433 3748 3632 3809 contritio
3649 3758 3727 3799 ﬂl-

2151 3861 2250 3917 per
2278 3853 2499 3900 terram.
2532 3846 2595 3899 In
2621 3844 2807 3915 gladio
2837 3846 3148 3900 morientur
3176 3861 3358 3903 omnes
3374 3848 3637 3917 peccatores
3654 3846 3729 3904 ρο·

2151 3935 2273 4007 puli
2301 3937 2433 4000 mei,
2467 3936 2564 4005 qui
2592 3934 2819 3989 dicunt:
2855 3935 2974 3989 Non
3002 3933 3482 4007 appropinquabit,
3510 3940 3651 3999 neque
3670 3935 3731 3978 νο·

2154 4025 2309 4079 nient
2328 4038 2489 4094 super
2507 4039 2605 4078 nos
2625 4023 2792 4077 mala.
2817 4022 2971 4078 Deus
2993 4023 3094 4093 qui
3112 4040 3359 4079 mensus
3378 4025 3462 4078 est
3474 4030 3629 4088 aquas
3644 4024 3731 4066 ma-

2156 4129 2256 4182 nu,
2285 4110 2576 4167 etcmlum
2608 4110 2825 4183 palmo,
2858 4115 2915 4167 et
2952 4127 3190 4167 omnem
3241 4117 3450 4167 terram
3502 4096 3731 4163 concludit

2156 4198 2374 4272 pugillo
2406 4201 2557 4268 (Isai.
2588 4200 2702 4271 xc),
2738 4199 2863 4271 ipse
2896 4216 3000 4271 pro
3031 4200 3439 4273 magnitudine
3479 4211 3589 4260 sua,
3614 4193 3731 4245 utm-

2156 4305 2268 4361 que
2290 4305 2468 4344 manu
2485 4291 2692 4344 tenens
2716 4288 3011 4361 margines
3027 4292 3217 4361 terrae,
3239 4286 3404 4362 quasi
3419 4277 3732 4343 cribrumhuo

2154 4377 2409 4449 illucque
2426 4377 2715 4433 concutiet
2736 4396 2749 4433 :
2770 4382 2834 4432 ut
2850 4377 3033 4449 paleis
3054 4394 3122 4434 ac
3144 4378 3417 4435 sordibus
3431 4375 3731 4448 peccatorum

398 4453 615 4511 Christi
634 4454 903 4552 salvatur
930 4456 1036 4527 [Αι.
1070 4455 1277 4527 salvat]
1305 4458 1576 4526 adventu,
1605 4463 1662 4514 et
1692 4458 2045 4530 impleturin
2075 4487 2121 4552 Β
2154 4466 2212 4522 in
2230 4472 2447 4523 terram
2474 4465 2838 4537 cadentibus,
2859 4483 3074 4538 purum
3096 4468 3455 4524 frumentum
3480 4454 3731 4552 remaneat.

400 4560 466 4601 eo
497 4545 651 4615 quod
683 4544 969 4617 scriptum
1002 4548 1128 4602 est:
1182 4548 1460 4618 IEthiOpia
1501 4550 1799 4619 praeveniet
1849 4565 2047 4605 manus

396 4634 515 4705 ejus
544 4636 648 4691 Deo
680 4636 791 4706 (Ps.
844 4653 1014 4703 vau,
1053 4637 1165 4705 32).
1225 4642 1487 4710 Cumque
1516 4655 1650 4693 eum
1701 4640 2043 4712 adoraverit,

399 4722 630 4778 dicetur
658 4723 730 4779 de
760 4723 860 4780 illo
889 4742 901 4780 :
935 4727 998 4780 In
1027 4734 1310 4796 conspectu
1332 4727 1451 4798 ejus
1466 4728 1750 4799 procident
1773 4730 2048 4800 XEthiOpes

399 4810 513 4883 (Ps.
548 4830 696 4881 LXXI,
731 4812 807 4885 9).
840 4814 948 4877 Qui
980 4831 1113 4870 cum
1145 4816 1520 4887 prociderint,
1552 4821 1608 4872 et
1642 4821 1807 4875 trans
1851 4818 2047 4875 ﬂumi-

470 4988 547 5061 (a)
570 4989 826 5070 Luxatus
848 4992 1086 5049 omnino
1105 4999 1192 5050 est
1212 4994 1375 5051 locus
1396 4996 1524 5070 iste,
1544 4994 1944 5070 legendusque
1964 4998 2049 5054 in-

396 5075 562 5142 verso
584 5063 896 5142 ordine,_ut
927 5069 1284 5142 transferrem
1313 5083 1403 5142 eos
1435 5063 1518 5142 de
1563 5063 1922 5140 Cappadocia,
1956 5072 2051 5142 qui

398 5132 655 5189 IIebraice
673 5136 1024 5207 appellantur
1046 5137 1417 5210 Cuphthorim.
1434 5132 1661 5195 Etenim
1676 5132 1811 5212 quis
1831 5132 2051 5198 nesciat

400 5236 738 5296 Palaestinos
774 5242 1045 5318 llebraice
1079 5229 1345 5309 ωηπώξ,
1376 5246 1711 5318 ,Phelesthim
1745 5247 2049 5318 appellari,

401 5325 514 5364 non
537 5313 1217 5390 q7n1j3:,_(._7aplitliorirn,
1239 5317 1391 5388 quod
1418 5313 1927 5390 estCappaddcum
1954 5313 2051 5375 no;

402 5395 533 5436 men
556 5381 583 5436 ?
617 5383 798 5439 Aliter
828 5381 1120 5443 Victorius
1153 5381 1223 5442 de
1253 5381 1359 5443 suo
1382 5381 1618 5461 corrigit
1640 5381 1658 5444 ἶ
1681 5392 2052 5463 quiHebraice

396 5489 748 5566 appellantur
771 5476 1017 5566 nynwbs
1050 5501 1107 5548 ut
1135 5497 1495 5566 transferrem
1542 5512 1629 5552 eos
1679 5506 1938 5565 1111533,
1992 5497 2049 5554 id

395 5559 477 5621 est
504 5559 570 5620 de
599 5562 981 5641 Cappadocia:
1006 5565 1163 5642 quod
1183 5559 1379 5626 minus
1401 5559 1715 5646 probatur,
1747 5559 1883 5629 cum
1914 5559 2049 5647 pos-

2156 4557 2309 4630 quod
2340 4555 2627 4611 condatur
2655 4555 2714 4610 in
2744 4556 2989 4612 horrea:
3021 4556 3143 4621 sive
3191 4560 3259 4612 ut
3302 4555 3437 4613 LXX
3480 4543 3734 4630 transtule-

2155 4628 2312 4713 runt,
2344 4644 2731 4701 ventilabrum
2784 4644 3004 4701 tenebit
3058 4645 3118 4700 in
3177 4662 3376 4713 manu,
3418 4648 3471 4699 et
3520 4628 3734 4714 purgtbit

2156 4751 2352 4791 aream
2386 4751 2575 4801 suam,
2609 4738 2668 4789 et
2694 4734 2955 4790 triticum
2987 4734 3197 4791 condet
3224 4735 3285 4789 in
3315 4731 3544 4796 horreis,
3583 4722 3733 4798 palﬁl6

2156 4827 2351 4881 autem
2386 4826 2691 4880 comburat
2713 4823 2834 4896 igni
2857 4822 3352 4896 inexstinguibili;
3378 4822 3448 4877 de
3475 4816 3656 4891 quibus
3677 4807 3734 4863 lo'

2158 5003 2234 5059 sit
2262 5001 2446 5071 locus,
2481 5001 2662 5057 nullis
2690 5000 2946 5074 inductis
2976 5017 3045 5074 ex
3072 5001 3310 5074 ingenio
3336 4997 3540 5062 verbis,
3579 4987 3731 5074 ordia}

2157 5062 2513 5148 tantum_,'ut
2539 5073 2866 5148 innuimus,
2897 5062 3219 5148 incisoer
3256 5075 3490 5148 mutato,

2158 5146 2267 5202 Sed
2301 5146 2523 5201 nullam
2556 5145 2712 5200 ineat
2739 5162 2773 5199 a
2805 5144 3120 5217 lectoribus
3143 5145 3392 5217 gratiam
3410 5140 3728 5217 biartianagllfj

2160 5201 2566 5289 quierrorem,
2602 5220 2669 5289 ut
2698 5216 2777 5289 ait
2804 5215 3121 5289 Victorius,
3143 5201 3480 5289 “complosis
3516 5201 3727 5289 maning

2160 5266 2587 5359 gxplodendum
2610 5286 3020 5358 dissimulavit,
3034 5266 3141 5343 au’t
3160 5266 3393 5359 penitus
3414 5299 3519 5340 non
3531 5266 3730 5336 animad°

2160 5361 2351 5415 vertit.
3675 5406 3701 5421 ,,

2233 5412 2468 5503 (b)Haec
2498 5431 2762 5503 omnium
2791 5430 3075 5487 librorum
3106 5434 3195 5486 est
3223 5427 3414 5503 lectio,
3444 5412 3724 5503 θρᾳυθβιξ]

2161 5488 2505 5576 perspicua:
2542 5501 2838 5576 nec__video
2871 5519 2974 5559 cur
3001 5504 3186 5558 mutet
3225 5488 3437 5557 Victor.
3466 5488 3540 5551 In"
3560 5488 3719 5550 enim

2162 5573 2259 5652 ea,
2289 5573 2579 5653 dicatque,
2612 5573 2781 5635 aliter
2809 5590 2925 5635 non
2954 5578 3219 5637 constare
3244 5584 3499 5633 sensum.
