4008 6184
476 303 638 368 1099

1731 309 1798 370 S.
1842 310 2154 374 EUSEBII
2198 313 2638 375 HIERONYMI

3657 320 3767 382 ΙΙΟΟ

475 437 560 494 Ex
580 439 796 510 quibus
815 437 1462 510 psrspicueostenditur
1485 458 1963 515 unamquamque
1997 450 2125 500 ata-
2155 449 2208 512 Α
2238 446 2541 501 exordium
2573 446 2790 519 Abdia,
2824 450 2880 503 et
2908 447 3238 503 orationum
3269 453 3485 504 tuarum
3505 449 3768 521 auxilio,cui

476 531 596 582 tem
627 527 687 583 in
717 543 824 584 suo
853 544 981 584 esse
1013 529 1349 600 perfectam,
1383 534 1439 586 et
1467 547 1534 586 ex
1587 548 1874 587 annorum
1916 534 2123 590 debere

478 632 721 672 numero
741 616 1014 688 jadicari.
1047 619 1158 675 Sed
1191 619 1310 691 jam
1362 624 1597 692 tempus
1657 625 1748 676 est
1799 637 2122 694 proponere

2233 535 2501 590 volumen
2537 535 2644 591 hoc
2675 535 2969 606 scribitur,
3002 537 3400 610 confragosum
3423 554 3581 607 mare,
3627 544 3673 594 et
3693 557 3769 596 sa-

2234 623 2349 678 culi
2374 641 2641 680 recurvos
2673 626 2935 698 gurgites
2967 627 3356 683 transfretare.

1641 855 2186 950 INCIPIT
2274 858 2714 953 LIBER.

553 1160 822 1234 (Vers.t.)
844 1161 982 1216 Visio
1013 1159 1224 1217 Abdiae.
1259 1159 1334 1232 (a)
1361 1161 1521 1215 llunc
1543 1159 1711 1216 aiunt
1731 1177 1860 1216 esse
1881 1160 2124 1228 Hebraei,

487 1251 588 1322 qui
617 1250 728 1306 sub
761 1265 894 1321 rege
925 1249 1198 1304 Samaria
1232 1247 1451 1314 Achab,
1520 1254 1578 1304 et
1627 1249 1982 1321 impiissima
2037 1249 2128 1303 Je-

482 1337 644 1394 zabel
669 1337 828 1410 pavit
857 1341 1088 1393 centum
1123 1337 1436 1409 prephetas
1457 1337 1516 1392 in
1549 1337 1967 1410 specubus,qui
2012 1355 2126 1393 non

484 1430 868 1484 curvaverunt
912 1442 1065 1498 genu
1125 1426 1282 1493 Baal,
1352 1432 1408 1482 et
1463 1427 1534 1482 de
1584 1432 1806 1498 septem
1866 1427 2128 1482 millibus

484 1520 670 1588 erant,
739 1531 886 1587 quos
943 1514 1096 1570 Elias
1144 1515 1412 1588 arguitur
1460 1515 1762 1587 ignorasse
1820 1516 1918 1586 (ΙΙΙ
2002 1515 2124 1586 Reg.

482 1607 666 1676 xvm),
700 1603 1155 1676 sepulcrumque
1174 1605 1302 1675 ejus
1333 1621 1519 1675 usque
1541 1603 1712 1659 hodie
1743 1621 1874 1659 cum
1907 1607 2128 1659 Mauso-

484 1693 574 1751 leo
605 1693 794 1750 Elisai
818 1693 1110 1766 propheta
1142 1693 1295 1748 363
1345 1697 1402 1748 et
1441 1693 1709 1764 Baptista
1767 1693 2011 1748 Joannis
2067 1693 2126 1748 in

483 1783 721 1840 Sebaste
749 1781 1104 1838 venerationi
1135 1781 1404 1848 habetur,
1429 1798 1557 1853 qua
1587 1781 1728 1837 olim
1759 1782 2024 1837 Samaria
2042 1781 2126 1835 di-

2239 1178 2365 1216 rum
2397 1181 2408 1217 :
2445 1169 2575 1219 Ecce
2602 1164 3037 1235 parvulnmdedi
3066 1169 3116 1219 te
3139 1167 3198 1219 in
3229 1162 3784 1236 gentibus,deDeutero-

2239 1250 2433 1306 nomio
2465 1268 2771 1308 sumemus
2800 1253 3158 1324 exemplum,
3191 1253 3249 1307 in
3283 1269 3394 1323 quo
3451 1268 3554 1306 non
3599 1267 3688 1319 res,
3711 1251 3779 1306 sed

2238 1340 2410 1393 verba
2439 1346 2796 1396 cernuntur:
2831 1341 3076 1408 Attende,
3103 1340 3311 1412 inquit,
3343 1340 3457 1408 tibi,
3512 1344 3558 1395 et
3596 1356 3786 1394 conserva

2236 1431 2482 1485 animam
2508 1434 2662 1486 tuam
2693 1432 3124 1500 vehementer,ne
3142 1433 3280 1502 forte
3307 1430 3616 1486 obliviscaris
3639 1443 3785 1482 sermo-

2236 1535 2390 1588 num,
2421 1535 2554 1591 quos
2584 1519 2837 1574 viderunt
2881 1520 3033 1575 oculi
3067 1521 3152 1574 tui
3174 1519 3348 1590 (Deut.
3384 1535 3454 1586 ιν,
3478 1518 3547 1588 9).
3575 1517 3634 1571 Et
3655 1516 3784 1571 Joan-

2239 1625 2341 1663 nes
2401 1609 2460 1663 in
2516 1607 2813 1679 Epistola:
2877 1609 3030 1676 Quod
3084 1607 3334 1675 vidimus,
3400 1606 3590 1678 inquit,
3661 1605 3782 1660 oculis

2239 1699 2469 1764 nostris,
2499 1697 2640 1768 quod
2667 1699 3080 1768 perspeximus,
3111 1706 3164 1752 et
3213 1713 3408 1751 manus
3463 1704 3639 1750 nostra
3685 1693 3792 1750 864

2233 1785 2606 1856 palpaverunt
2633 1785 2698 1840 de
2733 1786 2896 1842 Verbo
2925 1788 3047 1841 vita
3077 1787 3124 1856 (l
3141 1787 3297 1842 Joan.
3329 1802 3368 1856 1,
3403 1786 3469 1849 1).
3527 1783 3584 1838 Ει
3631 1783 3792 1854 Moyses

485 1873 745 1930 cebatur.
779 1871 940 1926 Hanc
969 1871 1224 1926 Herodes
1256 1887 1353 1925 rex
1380 1870 1594 1926 Judaa
1625 1871 1920 1943 Antipatri
1945 1870 2126 1941 filius,
2167 1893 2207 1957 Β
2236 1890 2433 1928 vocem
2453 1874 2705 1940 Domini,
2741 1891 2868 1945 qua
2890 1875 2960 1929 ad
2994 1891 3129 1929 cum
3162 1874 3516 1945 loquebatur,
3544 1870 3722 1926 vidisse
3754 1886 3794 1925 se

485 1960 546 2017 in
569 1961 850 2017 honorem
870 1959 1142 2031 Augustii
1165 1959 1603 2015 CasarisGraco
1622 1975 1889 2015 sermone
1909 1958 2132 2015 vocavit

486 2050 805 2121 Augustam.
839 2047 941 2102 Hic
968 2046 1167 2118 igitur,
1193 2047 1331 2119 quia
1361 2055 1590 2103 centum
1624 2047 1936 2120 prophetas
1971 2048 2128 2104 alue-

484 2141 597 2205 rat,
630 2135 853 2210 accepit
881 2136 1126 2208 gratiam
1155 2136 1576 2209 prophetalem,
1599 2142 1656 2192 et
1683 2138 1752 2192 de
1785 2138 1932 2193 duce
1966 2154 2130 2193 exer-

489 2226 661 2294 citus,
693 2226 760 2282 ﬁt
785 2225 903 2280 dux
933 2223 1216 2281 Ecclesia.
1250 2225 1415 2280 Tunc
1457 2225 1516 2280 in
1566 2226 1831 2281 Samaria
1889 2243 2130 2297 parvum

487 2331 726 2389 gregem
760 2317 1032 2388 paverat:
1067 2330 1223 2369 nunc
1252 2314 1310 2368 in
1342 2319 1462 2370 toto
1496 2315 1635 2370 orbe
1691 2315 1904 2370 Christi
1948 2314 2134 2386 pascit

486 2403 862 2469 Ecclesias,et
885 2399 1242 2480 φερωνῦμως,
1275 2403 1426 2459 sicut
1459 2403 1517 2458 in
1538 2405 1698 2460 Actis
1719 2404 2130 2476 Apostolorum

486 2493 818 2566 Stephanus
848 2491 1128 2564 martyrio
1157 2496 1466 2548 coronatus
1497 2492 1634 2564 (Act.
1683 2493 1809 2564 vn),
1845 2493 1924 2549 ita
1955 2498 2011 2548 et
2039 2493 2133 2548 hic

490 2599 694 2640 servus
715 2580 1041 2655 appellatus
1069 2585 1159 2638 est
1187 2581 1437 2637 Domini.
1492 2581 1666 2638 Porro
1716 2583 1870 2654 quod
1934 2585 2134 2638 contra

489 2673 808 2728 Idumaam
841 2687 1106 2736 cernens,
1149 2686 1264 2726 non
1323 2687 1477 2740 onus,
1537 2670 1594 2726 id
1651 2677 1760 2737 est,
1811 2667 2032 2744 λήμμα,
2080 2677 2136 2727 et

485 2760 697 2833 pondus
725 2761 990 2816 Idumaa
1019 2758 1177 2814 videt
1197 2760 1523 2814 secundum
1557 2759 1822 2831 regulam
1855 2765 1911 2814 et
1931 2759 2136 2815 distin-

490 2850 945 2919 ctionem,quam
969 2847 1029 2902 in
1054 2846 1284 2902 Nahum
1311 2847 1681 2919 scripsimus,
1707 2847 1853 2903 illud
1878 2848 1936 2903 in
1960 2865 2138 2905 causa

495 2941 605 3007 est,
651 2935 805 3008 quod
861 2934 950 2991 vel
1001 2935 1196 3002 Edam,
1253 2935 1313 2990 id
1370 2941 1483 3002 est,
1541 2937 1686 2990 Esau
1744 2936 1898 3007 (Gen.
1957 2938 2134 3009 xxvx),

493 3042 609 3082 non
637 3025 709 3080 de
747 3023 1040 3080 extraneis
1069 3024 1345 3096 gentibus
1378 3028 1768 3094 computatur,
1794 3025 1950 3082 filius
1979 3029 2137 3082 Isaac

495 3119 554 3171 et
583 3114 764 3168 frater
789 3112 1005 3168 Jacob:
1037 3113 1194 3169 unde
1223 3118 1280 3168 et
1307 3118 1461 3168 terra
1493 3112 1653 3168 illius
1680 3131 1795 3168 non
1854 3116 2028 3170 datur
2077 3115 2135 3171 in

498 3200 932 3275 possessionem
967 3201 1167 3268 Israel,
1203 3217 1306 3256 nec
1337 3201 1657 3257 dimittitur
1681 3201 1896 3258 bellare
1936 3209 2138 3261 eontra

500 3292 578 3365 (b)
608 3307 759 3358 eam,
793 3294 850 3345 et
888 3290 1169 3345 adversus
1226 3290 1464 3345 fratrem
1523 3291 1738 3346 armari
1797 3291 2140 3363 prohibetur

498 3380 785 3455 (Deut.u):
844 3378 933 3436 vel
996 3383 1148 3434 certe
1232 3379 1373 3435 visio
1454 3384 1560 3447 est,
1642 3397 1757 3435 non
1847 3380 2133 3450 Idumaa,

496 3464 652 3544 quod
683 3473 929 3542 poterat,
961 3467 1011 3524 si
1039 3467 1117 3523 ila
1146 3467 1431 3540 scriptum
1463 3469 1836 3536 esset,t‘acere
1865 3471 2135 3540 quastio-

495 3577 668 3628 nem;
701 3559 804 3614 sed
835 3557 1055 3625 Abdia,
1085 3556 1262 3623 idest,
1284 3558 1431 3612 servi
1460 3557 1708 3624 Domini,
1743 3574 1919 3628 quam
1979 3559 2137 3614 videt

491 3647 788 3722 gentibus,
823 3647 894 3702 ad
925 3662 1072 3718 quas
1099 3645 1357 3718 legatum
1392 3645 1556 3701 misit
1588 3646 1889 3702 Dominus.
1915 3647 1984 3702 Et
2005 3648 2132 3720 qui-

489 3739 602 3793 bus
631 3735 876 3791 dicitur:
908 3735 1149 3806 Surgite},
1172 3738 1225 3790 et
1251 3750 1650 3804 cousurgamus
1681 3734 1972 3790 adversum
2005 3753 2133 3792 eam

488 3827 548 3882 in
570 3825 853 3897 proelium.
887 3824 1215 3881 Destructio
1237 3824 1392 3878 enim
1426 3825 1711 3892 Idumaa,
1737 3823 1882 3880 visio
1923 3826 1996 3898 (e)
2018 3826 2130 3881 Na-

487 3914 631 3971 hum
661 3919 768 3970 est.
817 3913 916 3968 Sin
971 3916 1166 3968 autem
1219 3912 1498 3983 quaritur
1545 3930 1723 3984 quare
1782 3919 2032 3985 ponatur
2071 3916 2127 3970 in

485 4003 678 4071 titulo,
717 4004 858 4059 Visio
885 4001 1110 4069 Abdia;
1143 4006 1199 4057 et
1227 4000 1373 4056 nihil
1401 4007 1602 4073 postea
1631 4003 1785 4074 quod
1805 4003 1993 4058 visum
2039 4009 2130 4060 est

485 4093 938 4160 demonstretur,
975 4091 1302 4146 secundum
1332 4089 1478 4145 illud
1514 4089 1709 4146 Isaia:
1777 4090 1895 4146 Vidi
1945 4093 2126 4147 Domi-

482 4198 621 4238 num
649 4179 877 4237 sabaoth
904 4178 1178 4235 sedentem
1231 4194 1393 4250 super
1439 4180 1699 4234 thronum
1746 4181 2022 4234 excelsum
2077 4186 2127 4237 et

481 4271 751 4329 eleuatum
778 4269 941 4340 (lsai.
966 4285 1042 4323 v1.
1071 4268 1142 4339 1).
1175 4265 1244 4322 Et
1273 4266 1528 4323 Ezechiel
1555 4284 1567 4323 :
1608 4269 1794 4339 Aperti
1820 4277 1949 4323 sunt
1981 4271 2122 4339 caeli,

478 4368 533 4418 et
557 4359 672 4416 vidi
696 4359 928 4414 visiones
957 4357 1087 4412 Dei:
1115 4356 1437 4427 statimque
1467 4355 1850 4428 subjungitur
1873 4362 1962 4413 :Et
1989 4358 2120 4428 vidi,

478 4454 664 4506 etecce
691 4447 920 4520 spiritus
949 4444 1190 4502 turbinis
1246 4442 1355 4516 [ΑΙ.
1409 4443 1692 4518 auferens]
1757 4446 2004 4501 veniebat
2055 4449 2122 4502 ab

475 4537 770 4611 Aquilone,
802 4541 854 4593 et
880 4536 1052 4592 nubes
1078 4534 1369 4604 magna,ei
1394 4533 1656 4605 splendor
1672 4536 1732 4589 in
1749 4537 1983 4590 circuitu
2010 4536 2120 4604 eius

2239 1962 2378 2017 dicit
2409 1962 2598 2034 (Exod.
2630 1965 2745 2033 xx).
2779 1963 2838 2016 Si
2864 1978 2999 2034 ergo
3031 1968 3162 2034 post
3219 1962 3493 2017 visionem
3545 1959 3795 2013 inferuntur

2239 2067 2366 2123 qua
2393 2051 2550 2106 dicta
2577 2057 2737 2118 sunt,
2767 2055 2825 2107 et
2852 2051 3123 2106 videntur
3153 2051 3366 2106 mentis
3395 2049 3564 2105 oculis
3587 2065 3688 2120 qus.-
3711 2049 3794 2100 ac-

2242 2140 2405 2195 ribus
2429 2139 2646 2212 percipi
2680 2139 2888 2206 solent,
2939 2144 3091 2195 recte
3146 2139 3372 2207 videns,
3429 2138 3523 2210 qui
3577 2136 3794 2209 propheta

2242 2233 2412 2284 antea
2433 2229 2792 2284 vocabantur
2819 2227 3262 2298 videntes,titulo
3279 2231 3552 2300 pranotat
3569 2225 3794 2280 visionem.

2312 2318 2434 2373 Haec
2461 2318 2594 2373 dicit
2621 2317 2882 2374 Dominus
2914 2318 3050 2372 Deus
3090 2318 3172 2390 ad
3223 2317 3424 2373 Edam:
3478 2316 3661 2371 Parcus
3705 2327 3794 2383 pro-

2242 2407 2435 2478 pheta,
2467 2423 2742 2462 versuum
2777 2406 3215 2479 supputatione,
3250 2424 3361 2461 non
3392 2419 3661 2460 sensuum.
3686 2398 3794 2455 Alio-

2243 2496 2384 2566 quin
2418 2501 2482 2550 ut
2513 2495 2570 2549 in
2593 2493 3194 2551 tribusvoluminibus
3221 2488 3796 2557 Salomonis,Canticum

2244 2583 2606 2639 canticorum
2639 2589 2857 2655 quanto
2891 2583 3126 2640 brevius
3155 2589 3272 2656 est,
3301 2588 3454 2638 tanto
3484 2574 3797 2635 difﬁcilius.Et

2245 2671 2501 2744 Epistola
2530 2673 2600 2728 ad
2618 2671 3017 2728 Philemonem
3051 2688 3231 2744 quem
3265 2687 3494 2728 sensum
3517 2670 3798 2732 baberet,ex-

2245 2762 2590 2833 pressimus.
2619 2760 2998 2833 Evangelicus
3047 2777 3286 2833 quoque
3333 2776 3513 2816 sermo
3557 2754 3791 2816 breviatus,

2244 2850 2545 2906 laciniosis
2577 2851 2748 2922 Legis
2777 2850 3053 2921 operibus
3075 2851 3382 2922 angustior
3404 2854 3503 2904 est.
3535 2843 3799 2913 Itahicquo-

2247 2955 2358 3013 que
2391 2939 2675 3011 propheta
2695 2939 2861 3011 quasi
2886 2956 3087 2994 servus
3117 2939 3353 2994 Domini
3378 2940 3534 3009 juxta
3560 2931 3797 2992 Abraham,

2247 3031 2425 3093 Isaac,
2455 3033 2512 3084 et
2539 3027 2739 3099 Jacob,
2772 3033 2828 3083 et
2853 3031 3084 3099 Moysen
3112 3027 3403 3083 famulum
3456 3026 3567 3091 Dei,
3616 3027 3662 3077 et
3703 3035 3797 3090 apo-

2248 3115 2463 3171 stolum
2495 3132 2688 3171 sermo
2721 3115 2956 3186 Christi,
2989 3131 3056 3171 ea
3085 3116 3266 3183 videt,
3301 3133 3367 3172 ea
3389 3113 3556 3176 audit,
3584 3127 3686 3182 qua
3709 3121 3797 3178 pro-

2253 3204 2468 3277 phetali
2490 3205 2668 3277 digna
2693 3209 2833 3260 sunt
2863 3205 3163 3260 servitute.
3199 3204 3364 3260 Multi
3386 3200 3715 3276 putanljuxta
3738 3194 3798 3246 in-

2250 3294 2723 3366 terpretationem
2764 3293 3042 3364 nominis,
3075 3295 3236 3365 quod
3262 3311 3457 3350 servus
3493 3291 3587 3345 iste
3625 3287 3684 3341 sit
3723 3287 3795 3335 Do-

2247 3381 2410 3448 mini,
2445 3381 2537 3437 cui
2567 3381 2782 3438 dicitur
2810 3387 2869 3437 in
2902 3382 3079 3438 Isaia:
3111 3383 3371 3454 Magnum
3400 3381 3493 3437 tibi
3511 3386 3574 3435 est
3589 3373 3734 3432 vocari
3763 3373 3796 3423 τε

2239 3487 2476 3542 puerum
2529 3487 2713 3527 meum
2769 3472 2896 3543 (Isa.
2945 3488 3093 3538 χιιι,
3143 3473 3202 3541 6,
3264 3489 3367 3527 sec.
3425 3469 3583 3537 LXX),
3635 3461 3712 3533 qui
3753 3473 3795 3511 96

2243 3559 2557 3615 exinanivit
2579 3561 2823 3616 formam
2849 3560 3000 3615 servi
3031 3559 3328 3632 accipiens
3379 3557 3581 3631 (Philip.
3625 3554 3670 3623 ι).
3716 3544 3794 3601 Sed

2243 3648 2290 3704 si
2324 3649 2430 3704 hoc
2455 3648 2536 3703 ita
2567 3648 3051 3714 intellexerimus,
3101 3647 3260 3704 alius
3323 3649 3485 3704 nobis
3529 3635 3792 3714 quaerendus

2248 3737 2358 3792 erit
2385 3737 2634 3809 legatus,
2665 3737 2766 3810 qui
2797 3741 2885 3793 est
2916 3737 3104 3792 misus
3134 3739 3212 3792 ad
3247 3743 3466 3810 gentes.
3497 3733 3549 3789 Et
3571 3729 3677 3784 dum
3701 3728 3790 3776 tro-

2241 3826 2531 3899 pologiam
2590 3827 2916 3899 sequimur,
2975 3827 3287 3897 perdimus
3345 3815 3791 3881 manifestissimum

2240 3915 2628 3988 prophetiam.
2663 3914 2990 3980 Quarimus
3011 3931 3150 3986 ergo
3195 3916 3331 3988 quis
3390 3915 3461 3970 sit
3507 3911 3600 3965 iste
3647 3902 3790 3962 Edoni,

2237 4004 2324 4060 vel
2357 4004 2631 4075 Idumaa,
2665 4005 2735 4059 ad
2769 4020 2944 4075 quam
2979 4020 3134 4058 nunc
3168 4021 3273 4076 per
3303 4003 3534 4058 Abdiam
3588 3991 3793 4076 Dominus

2239 4092 2512 4164 loquitur.
2548 4073 2623 4145 Ini
2644 4073 3100 4147 libro‘Geneseos
3125 4073 3279 4148 Esau
3306 4091 3482 4146 ﬁlium
3505 4087 3640 4142 Isaac
3657 4073 3793 4164 appel-

2235 4162 2422 4234 latum
2456 4179 2637 4241 fuisse
2665 4178 2872 4247 Edom,
2905 4179 3044 4251 quia
3069 4184 3314 4252 propter
3343 4179 3526 4235 rufum
3577 4162 3790 4252 lenticula

2233 4269 2427 4324 cibum
2453 4268 2839 4340 primogenita
2856 4250 3201 4341 vendiderit,
3241 4261 3674 4324 manifestissime
3695 4250 3790 4341 legi-

2234 4373 2366 4413 mus
2386 4358 2592 4424 (Genes.
2627 4357 2798 4427 xxv):
2832 4357 2998 4412 Edam
3027 4338 3194 4413 enim
3215 4359 3606 4429 interpretatur
3624 4338 3787 4417 πδρῥόε,

2231 4447 2288 4503 id
2320 4452 2428 4512 est,
2461 4448 2640 4516 rufus.
2677 4446 2739 4500 In
2770 4445 2973 4501 eodem
3029 4444 3332 4501 volumine
3387 4441 3637 4500 scribitur
3683 4433 3790 4524 1101.10

2230 4535 2503 4592 eumdem
2533 4538 2801 4590 vocatum
2825 4551 2952 4589 esse
2985 4534 3123 4604 Seir,
3155 4535 3214 4590 id
3261 4540 3374 4600 est,
3417 4533 3648 4604 pilosum.
3693 4529 3789 4590 qu”

475 4607 699 4700 (ἐπειδὴ.
728 4644 767 4698 ι,
789 4630 842 4682 et
860 4629 1046 4697 seqq):
1074 4623 1177 4679 sed
1228 4626 1362 4694 post
1415 4621 1699 4679 visionem
1739 4623 1936 4678 Abdia
1989 4640 2119 4695 pro-
2153 4633 2198 4697 ι)
2232 4624 2501 4696 hispidus
2534 4629 2743 4689 orat,et
2771 4639 2884 4678 non
2909 4623 3163 4678 habebat
3188 4623 3484 4678 lenitatem
3504 4607 3790 4700 incohibilis

472 4717 635 4773 tinus
663 4716 982 4772 inferatur:
1017 4715 1139 4770 Haec
1165 4711 1299 4768 dicit
1319 4713 1586 4767 Dominus
1614 4711 1684 4766 ad
1714 4711 1896 4767 Edom.
1915 4712 1982 4768 Et
2012 4712 2116 4768 ite-

542 4857 622 4929 (α)
651 4857 765 4929 Nec
795 4858 919 4929 ipse
941 4854 1168 4929 abludit
1189 4853 1720 4929 Hieronymusaive
1741 4853 2029 4929 Eusebius
2050 4855 2108 4910 in

469 4925 772 4998 Chronico,
805 4925 903 4984 ubi
936 4928 1046 4983 sub
1067 4926 1350 4998 Josaphat
1371 4925 1744 4998 Hebraeorum
1765 4926 1793 4979 J
1808 4927 1931 4980 uda
1955 4943 2105 4998 rege,

511 5017 585 5072 uo
617 4995 876 5072 tempore
908 4995 1280 5072 Hebraeorum
1315 4995 1487 5051 Israel
1519 4995 1715 5072 Achab
1739 5013 1838 5072 rex
1868 4995 2108 5072 fuitﬁb-

508 5071 625 5128 iam
640 5067 806 5128 docet
823 5069 1489 5143 prophetasse.S.tamen
1519 5068 1883 5143 Augustinus
1903 5067 1934 5143 _l
1948 5086 2105 5143 .xxm

464 5145 536 5201 de
565 5143 684 5200 Civ.
720 5139 977 5214 Deifcap.
1014 5143 1116 5214 3t:
1154 5143 1294 5211 Tres,
1328 5139 1537 5214 inquit,
1567 5139 1839 5210 propheta
1881 5139 1948 5194 de
2003 5142 2105 5195 mi-

461 5217 691 5273 noribus
719 5211 950 5277 Abdias',
982 5213 1221 5282 Nahum,
1253 5219 1308 5266 et
1334 5211 1648 5277 Ambacum,
1680 5227 1780 5265 nec
1806 5228 1907 5266 sua
1965 5216 2104 5266 tem-

457 5303 597 5360 pora
621 5285 957 5360 dicuntipsi,
987 5301 1085 5360 nec
1113 5286 1169 5340 in
1203 5283 1485 5360 chronicis
1517 5282 1745 5360 Eusebii
1769 5291 1865 5337 aut
1903 5283 2101 5360 _Iliero-

457 5353 619 5430 nymi
645 5353 862 5430 quando
887 5355 1347 5430 prophetauerint,
1380 5355 1676 5430 inuenitur.
1710 5353 1954 5430 Qua__de
2011 5370 2098 5430 re-

523 5448 628 5486 ura
641 5425 809 5486 nobis
837 5425 910 5484 ad
925 5425 1143 5483 annum
1163 5425 1719 5498 quintumJosaphat
1742 5425 1796 5478 in
1815 5425 2098 5480 Chronico

497 5500 702 5558 icenda
731 5504 890 5558 sunt.

527 5573 605 5645 (b)
635 5571 759 5628 Duo
789 5571 1030 5645 palatini
1063 5575 1431 5637 mss.,contra
1461 5586 1608 5640 eum,
1629 5577 1679 5626 et
1699 5568 1955 5629 adversus
1970 5569 2091 5644 fra-

456 5642 603 5703 trem
627 5642 1186 5723 arma'prohibentur.

2207 5477 2390 5552 latino
2414 5477 2532 5551 me.
2564 5477 2823 5550 sedandi
2841 5477 3020 5550 manu
3051 5477 3085 5550 a
3113 5477 3376 5550 studioso
3395 5477 3671 5564 quapiaml

2204 5567 2495 5637 annotari,
2530 5571 2823 5640 expuncta
2851 5565 3140 5624 Nationum
3170 5581 3306 5626 voce
3335 5563 3688 5624 observamus.

2226 4729 2362 4785 ergo
2393 4717 2570 4783 atque
2588 4711 2744 4766 idem
2770 4711 2960 4766 tribus
2981 4711 3323 4766 nominibus
3349 4697 3788 4782 appellaturﬁsau,

2293 4856 2361 4926 (ε)
2385 4856 2517 4919 Qua
2543 4853 2822 4926 hactenus
2849 4852 3104 4926 obtinuit
3123 4854 3179 4907 in
3198 4852 3368 4926 libris
3396 4833 3784 4926 omnibusnleclif

2218 4915 2539 4988 Notionum,
2577 4940 2678 4996 pro
2701 4924 2945 4990 Nahum,
2982 4923 3150 4994 plane
3182 4925 3308 4980 visa
3348 4915 3782 4996 estumanitestutn

2220 4981 2722 5066 mendum,'c‘ujus
2751 4981 2943 5050 causa,
2967 4981 3024 5050 et
3043 5001 3350 5050 contextus
3407 4981 3778 5066 Hierony'mlsllj»

2217 5075 2271 5123 et
2301 5085 2480 5124 sacra
2513 5056 2773 5121 Historia
2795 5082 3002 5121 sensus
3027 5066 3225 5121 nullus
3245 5067 3523 5121 constaret
3541 5065 3590 5115 et
3604 5056 3775 5129 verutis:

2216 5141 2284 5196 Et
2307 5139 2504 5196 mirari
2522 5137 2980 5210 subiit,crrorem
3001 5138 3295 5210 insignem
3324 5137 3595 5210 editorum
3620 5129 3775 5210 nflglf"

2214 5210 2585 5275 suboluisse;
2619 5209 2876 5281 proctive
2900 5215 3088 5264 auten.
3121 5202 3520 5281 Eratgopinari,
3571 5202 3773 5281 antiqlff'

2214 5283 2365 5338 rium
2391 5281 2500 5336 scri

2214 5301 2365 5338 rium
2391 5299 2500 5336 scri
2554 5299 2717 5347 tura,
2750 5299 2927 5351 quam
2961 5299 3457 5352 compendiariam
3483 5299 3631 5330 lauuu
3655 5299 3755 5337 γαν·-

2211 5355 2357 5409 verit
2378 5299 2765 5409 similitudine
2797 5353 3128 5424 deceptum.
3161 5351 3344 5406 Nobis
3400 5344 3674 5424 prOpheta
3701 5344 3769 5424 29'

2212 5443 2342 5480 men
2378 5423 2624 5490 restitui,
2646 5423 2770 5493 jam
2804 5400 3164 5494 prop‘ositum
3199 5400 3571 5494 erat,cum'in
3591 5400 3766 5494 uncle

2554 5266 2717 5352 tura,
2750 5296 2927 5351 quam
2961 5266 3457 5352 compendiariam
3483 5266 3631 5352 facile
3655 5266 3776 5352 pulf'

3675 5474 3764 5528 dem
