3988 6170
257 327 410 401 4408

1194 329 1947 401 COMMENTARIORUM
1992 328 2072 394 IN
2117 329 2416 397 ABDIAM
2458 333 2715 398 LIBER.

3502 301 3660 400 uos

252 474 329 539 te,
356 474 415 526 et
435 469 759 527 absconditi
781 469 1413 546 teneb_ris,circuissent
1431 471 1642 527 domus
1673 475 1786 526 tuae
1811 486 1903 525 an-
1933 467 1986 534 Α
2015 467 2140 522 tui:
2168 471 2464 538 posuerunt
2492 468 2723 524 insidias
2748 469 2933 526 subter
2961 477 3043 527 te:
3086 485 3198 538 non
3254 477 3332 532 est
3386 435 3662 546 sapientia

253 561 440 634 gulos,
466 560 672 632 utique
694 560 801 615 hoc
825 559 1269 632 tulissentquod
1292 561 1404 615 sibi
1427 561 1709 632 putabant
1731 575 1901 632 posse

252 651 601 717 sufﬁcere,et
615 649 837 721 aliquid
853 649 910 704 in
926 649 1297 722 asdibustuis,
1314 649 1402 705 vel
1438 667 1539 722 per
1550 651 1898 720 satietatem,

249 737 336 794 vel
371 755 472 810 per
504 737 894 810 ignorantiam
927 738 1320 809 reliquissent.
1361 738 1419 793 Si
1450 738 1902 794 vindemiatores

248 826 592 882 introissent
617 825 846 882 vineam
883 832 1064 897 tuam,
1100 831 1156 882 et
1183 844 1308 882 eam
1343 826 1433 882 vel
1462 827 1752 882 hostiliter
1781 845 1902 883 vas-

246 919 422 985 stare,
455 915 541 971 vel
581 933 614 971 a
645 920 698 972 te
723 917 991 972 conducti
1021 917 1310 972 demetere
1331 916 1901 988 cuperent,quamvis

243 1003 494 1077 diligens
524 1020 724 1060 eorum
748 1005 956 1060 fuisset
973 1005 1285 1073 vindemia,
1309 1010 1505 1060 tamen
1531 1021 1791 1060 racemos
1813 1005 1899 1059 vi-

241 1092 404 1148 tibus
426 1093 709 1164 soliisque
739 1092 978 1160 celatos,
1005 1094 1156 1148 inter
1181 1093 1451 1165 palmites
1502 1093 1896 1165 reliquissent.

238 1180 348 1237 Sed
384 1181 582 1237 omnia
614 1180 833 1246 hostes,
861 1181 958 1252 qui
988 1182 1059 1237 ad
1083 1187 1158 1245 te,
1190 1182 1710 1253 Dominojubente,
1736 1199 1900 1238 vene-

237 1274 382 1324 runt
412 1269 726 1342 (signiﬁcat
749 1273 946 1325 autem
973 1270 1342 1342 Babylonios,
1366 1275 1422 1325 et
1451 1272 1772 1325 exercitum
1793 1271 1899 1324 Na-

232 1357 732 1429 buchodonosor),
759 1358 1254 1430 investigaverunt
1273 1359 1473 1414 omnia
1497 1363 1726 1414 secreta
1777 1364 1896 1427 tua,

230 1450 306 1502 et
325 1461 620 1511 cavernas,
653 1462 720 1502 ac
752 1446 1040 1501 foramina
1069 1446 1508 1518 speluncarum,
1563 1447 1620 1500 in
1681 1446 1898 1518 quibus

232 1533 494 1606 habitas,
532 1535 951 1591 lustraverunt.
980 1537 1047 1590 Et
1069 1551 1286 1605 revera,
1310 1541 1372 1590 ut
1389 1535 1656 1592 dicamus
1673 1535 1896 1608 aliquid

229 1626 300 1678 et
317 1623 388 1678 de
411 1629 623 1678 natura
643 1622 776 1688 loci,
803 1623 994 1678 omnis
1016 1623 1292 1679 australis
1315 1624 1470 1696 regio
1504 1624 1897 1681 ldumaeorum

230 1712 313 1768 de
341 1711 767 1784 Eleutheropoli
791 1729 979 1784 usque
1001 1712 1259 1782 Petram,
1293 1717 1349 1768 et
1381 1712 1566 1768 Ailam
1611 1713 1754 1785 (hac
1811 1720 1900 1772 est

227 1801 398 1858 enim
431 1802 724 1873 possessio
748 1801 945 1872 Esau),
971 1801 1029 1856 in
1067 1802 1358 1873 specubus
1403 1802 1898 1861 habitatiunculas
1930 1837 1978 1901 B

225 1890 433 1946 habet.
448 1890 516 1945 Et
531 1895 767 1963 propter
784 1889 997 1945 nimios
1013 1895 1234 1946 calores
1254 1891 1561 1963 solis,quia
1584 1893 1903 1951 meridiana

222 1977 536 2051 provincia
553 1983 662 2044 est,
681 1980 1079 2035 subterraneis
1101 1979 1354 2052 tuguriis
1390 1980 1591 2036 utitur.
1637 1982 1898 2054 Disoope-

220 2069 347 2139 ναί,
380 2068 592 2140 inquit,
626 2071 800 2134 Esau,
833 2069 891 2124 id
923 2074 1031 2137 est,
1053 2069 1207 2141 quod
1238 2073 1391 2124 terra
1423 2071 1798 2140 premebatur
1838 2073 1898 2126 in

225 2156 500 2212 medium
519 2156 755 2227 protuli,
777 2168 833 2211 et
851 2161 1052 2229 aperta
1064 2164 1201 2212 sunt
1215 2157 1410 2213 omnia
1429 2175 1555 2229 quis
1586 2157 1899 2215 claudebas

229 2245 755 2317 substantiamque
771 2250 933 2301 tuam
956 2263 1049 2301 me
1065 2247 1282 2318 pariter
1294 2263 1426 2301 cum
1458 2246 1729 2302 hostibus
1771 2266 1900 2319 per-

227 2331 524 2404 quirente,
554 2332 718 2388 nulla
762 2338 1078 2406 potuerunt
1137 2339 1362 2391 secreta
1420 2335 1631 2390 celare.
1697 2336 1898 2404 Aliter,

233 2423 425 2478 Euros
455 2427 513 2478 et
541 2421 817 2488 latrones,
844 2424 944 2494 qui
969 2424 1348 2494 egrediuntur
1379 2427 1566 2495 nocte,
1601 2425 1738 2496 quia
1796 2425 1900 2480 ﬁlii

237 2516 387 2566 sunt
409 2510 596 2566 noctis
615 2516 672 2566 et
692 2511 1090 2576 tenebrarum,
1107 2511 1406 2568 haereticos
1425 2517 1584 2584 puto,
1611 2512 1902 2569 contraria

238 2599 479 2656 veritati
501 2600 774 2671 dogmata
787 2600 1296 2672 praedicantes,qui
1319 2601 1588 2657 furantur
1612 2602 1903 2658 sufﬁcien-

239 2689 336 2744 tia
361 2688 499 2757 sibi,
524 2688 855 2760 etquotidie
877 2690 947 2744 de
977 2690 1245 2745 Ecclesiae
1275 2691 1551 2763 gregibus
1577 2708 1776 2764 rapere
1819 2692 1900 2746 fe-

246 2777 1006 2850 stinanthtiingredientes
1033 2779 1262 2834 vineam
1279 2779 1509 2835 Domini
1529 2781 1709 2836 nostri
1734 2782 1900 2850 (Psal.

252 2866 468 2938 uxlx),
501 2883 675 2938 quam
711 2868 781 2922 de
811 2868 1050 2939 Egypto
1071 2867 1249 2938 hujus
1275 2868 1471 2924 saeculi
1495 2869 1815 2937 transtulit,
1849 2873 1906 2926 et

253 2956 335 3011 de
353 2957 522 3026 cujus
535 2955 1047 3028 geniminevinum
1072 2973 1132 3012 se
1150 2973 1278 3012 esse
1301 2958 1625 3013 bibiturum
1644 2958 1702 3013 in
1729 2975 1904 3031 regno

260 3044 457 3099 Patris
476 3043 798 3116 pollicetur,
819 3045 899 3100 ita
919 3045 1162 3117 cupiunt
1184 3047 1457 3102 universa
1493 3046 1782 3120 populari,
1841 3053 1906 3102 ut

255 3132 353 3188 vix
375 3149 664 3189 racemum
690 3134 1026 3206 relinquant
1047 3134 1105 3188 in
1129 3136 1335 3190 ea.Sed
1360 3136 1683 3192 econtrario
1708 3136 1903 3191 Domi-

2013 556 2072 610 in
2092 571 2171 611 eo.
2206 556 2453 620 Quidam
2476 557 2534 613 id
2559 560 2710 630 quod
2747 577 2927 632 supra
2956 559 3354 632 exposuimus.
3389 547 3663 635 Quomodd

2007 655 2380 716 perscrutatus
2409 656 2492 718 est,
2517 650 2677 716 Esau,
2700 653 2752 704 et
2772 651 3163 722 comprehensa
3188 659 3314 706 sunt
3340 650 3660 726 abscondita

2009 735 2145 808 ejus,
2181 736 2250 790 ad
2284 736 2566 792 terminos
2589 755 2776 809 usque
2796 740 3205 811 distinguunt:
3239 743 3304 815 ut
3327 740 3404 797 sit
3426 756 3657 814 sensus,

2011 822 2351 878 abscondita
2381 830 2482 882 tua
2503 831 2677 897 atque
2699 833 2920 884 secreta
2946 845 3134 900 usque
3160 829 3239 887 ad.
3258 829 3536 886 terminos
3568 844 3658 885 re-

2009 911 2200 967 velata
2232 918 2389 969 sunt.
2425 915 2602 970 Nobis
2622 921 2815 972 autem
2846 916 3058 974 melius
3086 918 3335 983 videtur,
3402 922 3467 974 ut
3522 903 3662 974 cum

2009 1001 2432 1070 posterioribus
2463 1004 3081 1077 ecpuletur.Veniente
3111 1023 3247 1078 ergo
3273 1007 3656 1068 Nabuchodo-

2011 1089 2293 1162 nosor(dc
2326 1109 2439 1163 quo
2464 1093 2521 1148 in
2549 1093 2801 1149 Jeremia
2832 1099 3033 1150 contra
3062 1095 3378 1152 Idumteam
3411 1096 3654 1167 dicitur:

2009 1178 2502 1252 Eccequasileo(b)
2519 1183 2766 1238 ascendet
2787 1184 3387 1260 desuperbialordanis
3425 1185 3495 1242 ad
3527 1185 3655 1257 pul-

2007 1268 2378 1325 chritudinem
2402 1271 2698 1344 robustam,
2732 1273 3048 1345 quiasubito
3067 1291 3290 1330 currere
3300 1291 3433 1331 cum
3450 1276 3665 1346 faciam,

2007 1355 2078 1409 ad
2129 1357 2288 1412 illam
2348 1359 2480 1431 (Jer.
2541 1378 2696 1428 XLIX,
2755 1363 2881 1434 1.9):
2943 1371 3024 1419 Ac
3073 1363 3480 1420 deindezEcce
3503 1365 3664 1438 quasi

2006 1446 2200 1516 aquila
2231 1447 2478 1504 ascendet
2500 1454 2556 1505 et
2583 1451 2804 1520 volabit,
2837 1457 2890 1507 et
2918 1453 3190 1525 expandet
3217 1454 3334 1510 alas
3351 1470 3476 1510 suas
3499 1469 3660 1525 super

2010 1534 2255 1606 Bosram,
2279 1541 2332 1592 et
2358 1540 2470 1593 erit
2492 1555 2584 1595 cor
2606 1542 2838 1610 fortium
2867 1541 3127 1600 Idumaeas
3143 1545 3200 1616 in
3235 1543 3325 1598 die
3345 1543 3466 1614 illa,
3499 1545 3662 1615 quast

2007 1639 2102 1678 cor
2125 1624 2385 1682 mulieris
2405 1632 2779 1699 parturientis
2809 1630 2977 1702 (Ibid.
3009 1631 3121 1705 22),
3153 1649 3358 1705 omnes
3379 1632 3480 1704 qui
3523 1625 3665 1696 ante

2008 1715 2176 1786 erant
2212 1713 2471 1771 fcederati
2493 1716 2698 1785 Edom,
2721 1723 2777 1774 et
2796 1719 2856 1774 in
2888 1704 3156 1792 prasidio
3180 1704 3342 1792 urbis
3369 1711 3663 1796 superbis?

2009 1801 2173 1857 simae
2203 1803 2455 1875 fuerant,
2490 1804 2851 1877 reliquerunt
2880 1824 3038 1871 eum.
3071 1813 3131 1864 et
3147 1809 3340 1880 juncti
3389 1809 3665 1886 hostibus,

2013 1893 2213 1946 contra
2243 1907 2377 1946 eum
2401 1893 2651 1949 insidias
2676 1897 3088 1954 tetenderunt:
3119 1893 3666 1971 praevalueruntque

2012 1978 2291 2034 adversus
2322 1997 2478 2048 eum,
2513 1987 2568 2037 et
2596 1988 2735 2047 tunc
2767 1984 3092 2045 indicatum
3132 1992 3241 2058 est,
3300 1988 3442 2060 quia
3499 1987 3664 2049 nulla

2012 2067 2071 2121 in
2087 2067 2266 2124 Edom
2285 2075 2439 2126 esset
2453 2071 2742 2143 sapientia
2769 2091 2782 2128 :
2800 2075 2941 2130 dum
2956 2075 3222 2149 speratin
3242 2075 3333 2130 his
3351 2077 3452 2150 qui
3469 2061 3667 2146 advers

2012 2155 2150 2210 sarii
2166 2157 2549 2214 demonstrati
2568 2165 2725 2216 sunt.
2748 2161 3107 2219 Aliter:Cum
3131 2163 3473 2221 abscondita
3487 2164 3661 2231 Esau,

2011 2247 2065 2297 et
2097 2245 2263 2314 quasi
2297 2253 2666 2304 sacramenta
2690 2250 3023 2321 magniﬁca,
3047 2251 3264 2323 quibus
3281 2253 3444 2322 prius
3461 2235 3663 2325 populi

2011 2331 2498 2401 fuerantirretiti,
2533 2336 2758 2408 prolata
2791 2338 3007 2400 fuerint
3034 2339 3093 2394 in
3136 2340 3416 2410 medium,
3463 2340 3544 2406 ita
3598 2344 3664 2396 ut

2009 2419 2098 2474 vir
2130 2420 2570 2479 Ecclesiasticus
2601 2425 2787 2495 possit
2810 2425 2999 2481 dicere
3027 2442 3039 2480 :
3073 2428 3190 2484 Non
3241 2429 3389 2483 enim
3417 2429 3662 2499 ignora-

2011 2524 2133 2564 mus
2161 2510 2277 2580 ejus
2309 2514 2540 2567 astutias
2568 2514 2644 2580 (ΙΙ
2673 2512 2793 2569 Cor.
2827 2514 2912 2585 ιι),
2945 2499 3350 2587 derelinquent
3378 2515 3662 2585 terminos

2014 2598 2214 2665 Edom,
2248 2603 2306 2654 et
2336 2600 2632 2655 dimittent
2663 2618 2818 2671 eum,
2846 2606 2904 2657 et
2933 2619 3121 2675 usque
3152 2604 3224 2658 ad
3258 2603 3540 2671 terminos
3561 2593 3664 2683 Ec-

2004 2685 2204 2741 .clesiae
2219 2689 3336 2762 transmigrantes,proferentdoctrinas
3350 2692 3656 2765 pessimae.

2015 2775 2177 2830 Tunc
2204 2775 2454 2832 illudent
2484 2779 2637 2835 312
2660 2783 2717 2835 et
2737 2779 3013 2835 resistent
3035 2781 3330 2852 quondam
3377 2769 3666 2853 magistro.

2013 2865 2455 2935 suo(c)dicentes
2470 2867 2613 2922 falsa
2625 2884 2752 2923 esse
2769 2885 2895 2939 quae
2915 2868 2970 2922 di
2978 2865 3667 2946 dicerantzprmvalebunt'

2013 2959 2216 3008 contra
2246 2971 2403 3023 eum,
2436 2959 2492 3010 et
2521 2957 2734 3012 eruditi
2767 2957 2879 3013 ﬁde
2909 2957 3197 3029 Ecclesiae,
3215 2957 3424 3016 falsum
3449 2956 3663 3030 dogma

2014 3042 2332 3099 convincat.
2371 3042 2456 3098 Illi
2488 3045 2590 3116 qui
2625 3045 2921 3115 quondam
2954 3046 3339 3102 comedebant
3367 3046 3521 3120 apud
3543 3037 3664 3102 his;

2014 3131 2242 3200 reticos,
2277 3149 2392 3188 non
2423 3150 2634 3205 panem
2668 3133 3177 3204 Eucharistiw,sed
3202 3151 3412 3207 panem
3442 3134 3662 3204 luctus,

259 3238 377 3277 nus
406 3222 560 3294 agit:
595 3223 794 3278 omnia
823 3223 979 3278 enim
1012 3227 1233 3278 secreta
1288 3240 1513 3293 eorum,
1574 3228 1630 3279 et
1677 3226 1904 3280 occulta
1935 3203 1976 3268 (ἶ
2015 3225 2072 3274 et
2102 3237 2311 3291 panem
2343 3222 2801 3278 subcinericium
2833 3223 2933 3295 qui
2957 3240 3069 3279 non
3095 3228 3664 3300 reversatur,propo-

249 3311 552 3383 mysteria,
586 3315 644 3367 et
674 3311 1136 3384 patriarcharum
1174 3316 1325 3368 Esau
1360 3313 1489 3384 (hos
1538 3313 1753 3386 quippe
1812 3314 1902 3368 in-

246 3398 454 3472 telligo
477 3399 577 3470 qui
599 3399 774 3472 primi
799 3399 1048 3456 haereses
1065 3401 1508 3466 adinvenerunt)
1531 3418 1634 3472 per
1674 3407 1906 3457 sanctos

249 3504 402 3546 suos
442 3492 501 3543 et
533 3488 967 3544 Ecclesiasticos
996 3490 1150 3545 viros
1181 3494 1354 3560 atque
1397 3491 1662 3545 doctores
1691 3491 1909 3563 profert

246 3576 316 3632 in
349 3576 631 3645 medium,
664 3583 722 3634 et
759 3577 949 3649 prima
972 3577 1132 3633 illius
1162 3577 1403 3633 victoria
1424 3583 1532 3642 est,
1563 3582 1758 3649 patere
1781 3596 1907 3650 quas

242 3666 605 3738 tegebantur
633 3666 878 3722 occulta.
917 3667 1074 3722 Unde
1103 3670 1159 3721 et
1189 3683 1321 3721 cum
1346 3667 1734 3722 admiratione
1766 3666 1908 3722 dici-

244 3759 372 3811 tur.
411 3754 680 3822 Quomodo
710 3759 1078 3825 perscrutatus
1109 3759 1189 3810 est
1219 3759 1385 3825 Esau,
1418 3755 1751 3825 deprehensa
1787 3759 1913 3810 sunt

250 3845 478 3900 occulta
503 3845 663 3915 ejus?
694 3843 837 3898 Vide
880 3844 1229 3899 Marcionem
1286 3849 1342 3898 et
1396 3842 1793 3910 Valentinum,
1859 3848 1915 3899 et

253 3949 469 3990 omnes
501 3933 824 3994 haereticos,
859 3933 1007 3988 371
1046 3933 1338 4002 quomodo
1369 3931 1429 3986 in
1472 3932 1755 3988 doctrinis
1800 3934 1914 3988 daa-

253 4021 619 4090 moniorum,
645 4021 1028 4076 cauteriatam
1066 4020 1348 4076 habentes
1371 4021 1921 4094 conscientiam,ap-

257 4110 552 4180 plaudant
573 4109 706 4176 sibi,
725 4113 780 4164 et
805 4109 1102 4180 simplices
1120 4109 1349 4164 animas
1371 4109 1539 4181 quasi
1567 4110 1919 4181 quibusdam

259 4197 483 4254 divinis
517 4198 813 4270 mysteriis
835 4198 1161 4264 initiantes,
1185 4198 1505 4269 composito
1534 4215 1802 4256 sermone
1823 4201 1920 4255 de-

266 4287 516 4358 cipiant.
542 4287 653 4343 Sed
685 4302 817 4341 cum
851 4287 1092 4359 triginta
1107 4304 1320 4353 monas,
1345 4293 1401 4343 et
1418 4289 1494 4358 (a)
1515 4289 1928 4364 quadradas,et

262 4375 550 4432 ootoadas
570 4381 628 4431 et
649 4375 1039 4446 duodecadas,
1065 4380 1123 4430 et
1152 4375 1443 4447 duplicem
1478 4377 1676 4442 deum,
1710 4382 1766 4432 et
1795 4393 1927 4448 por-

261 4468 572 4520 tentosum
589 4464 917 4520 Abraxasin
935 4463 1194 4518 medium
1219 4481 1410 4519 sermo
1434 4463 1771 4536 protulerit:
1792 4470 1931 4520 tunc

264 4551 587 4627 prudentia
616 4553 769 4608 Esau
793 4552 1044 4608 stultitia
1065 4552 1586 4620 dcmonstrahitur,
1609 4557 1667 4608 et
1696 4553 1930 4608 investi-
1961 4575 2008 4640 D

269 4641 581 4715 gabuntur
609 4645 831 4696 secreta
861 4641 1008 4711 ejus.

344 4729 539 4802 (Vers.
573 4729 653 4801 7.)
689 4731 863 4800 Usque
890 4730 959 4784 ad
987 4731 1250 4785 terminos
1277 4730 1579 4784 emiserunt
1634 4734 1686 4785 te
1743 4747 1934 4786 omnes

269 4820 393 4874 viri
419 4817 642 4889 [aderis
671 4819 778 4884 tui,
801 4819 1099 4875 illuserunt
1123 4820 1247 4890 tibi,
1267 4819 1622 4875 incaluerant
1641 4819 1934 4875 adversum

269 4912 327 4964 te
355 4908 470 4963 viri
495 4909 648 4975 pacis
671 4915 801 4975 tuae,
835 4912 931 4980 qui
945 4911 1227 4965 comedunt
1248 4917 1446 4976 tecum,
1465 4917 1671 4980 ponent
1701 4909 1936 4965 insidias

271 4998 466 5052 subter
496 5000 545 5050 te
567 5015 586 5050 :
615 5013 727 5051 non
757 5003 837 5051 est
862 4998 1160 5068 prudentia
1190 5000 1368 5067 in_eo.
1404 4997 1572 5052 LXX:
1633 4999 1808 5068 Usque
1865 4997 1937 5052 ad

276 5086 546 5141 terminos
571 5085 916 5140 dimiserunt
944 5090 994 5141 te
1019 5103 1031 5141 :
1059 5102 1241 5141 omnes
1270 5087 1380 5140 viri
1412 5088 1725 5141 testamenti
1745 5090 1830 5140 tui
1851 5102 1936 5139 re-

273 5176 540 5230 stiterunt
569 5174 695 5240 tibi,
716 5177 1129 5246 praevaluerunt
1153 5176 1441 5230 adversum
1466 5177 1519 5229 te
1565 5176 1674 5229 viri
1721 5175 1942 5246 paciﬁci

359 5368 442 5438 (a)
469 5368 724 5452 Aliquot.
741 5387 907 5452 mss_._,
939 5371 1348 5452 quadragenas;
1383 5369 1947 5452 alii,'quadrigas.De

281 5441 537 5494 Abraxas
568 5440 804 5498 nomine
837 5440 1097 5498 diximus
1128 5440 1301 5514 paulo
1335 5440 1608 5514 superius
1647 5441 1705 5495 in
1765 5449 1946 5497 Amos

281 5527 428 5584 cap.
455 5529 538 5567 ιη.
571 5516 677 5567 Pro
712 5515 772 5567 in
800 5515 1062 5584 medium,
1096 5513 1450 5584 Mar‘tian.‘in
1479 5513 1659 5568 medio
1685 5514 1946 5568 retinuit.

361 5576 438 5657 (b)
487 5584 580 5638 Sic
622 5600 764 5657 mss.
829 5589 886 5641 et
941 5576 1202 5652 Grécus,
1266 5576 1612 5657 ἀναϐᾑσεται.
1674 5583 1946 5650 Martian,

289 5653 449 5712 male
476 5655 740 5711 ascendit.

2017 3315 2157 3365 nent
2185 3311 2535 3382 quaestiones
2553 3312 2622 3366 de
2641 3312 2979 3384 Scripturis,
3002 3313 3242 3368 tendent
3262 3312 3507 3391 insidias
3532 3313 3666 3369 Idu-

2020 3415 2163 3453 mazo
2195 3405 2371 3470 atque
2397 3403 2644 3466 terreno,
2679 3405 2736 3454 et
2767 3401 2825 3454 in
2878 3401 3153 3457 omnibus
3197 3417 3408 3457 carneo
3456 3392 3670 3474 prisce-

2022 3488 2169 3558 ptori
2203 3488 2473 3555 (hareses
2503 3489 2661 3543 enim
2693 3489 2764 3542 ad
2797 3490 3029 3545 Galatas
3061 3489 3214 3545 inter
3243 3489 3436 3544 carnis
3495 3475 3673 3560 opera

2025 3581 2361 3630 numeratas
2391 3575 2643 3648 legimus
2672 3575 2874 3647 (Galat.
2908 3578 2984 3648 v),
3027 3580 3084 3632 et
3137 3581 3277 3633 tunc
3333 3573 3674 3634 ostendetur

2028 3680 2141 3718 non
2173 3679 2300 3719 esse
2332 3663 2644 3734 prudentia
2672 3663 2732 3717 in
2761 3664 2964 3718 Edom.

2096 3752 2283 3822 (Vers.
2315 3752 2368 3821 8,
2402 3753 2455 3805 9.
2493 3753 2510 3821 )
2543 3751 2817 3820 Numquid
2847 3767 2957 3807 non
2987 3753 3047 3806 in
3076 3751 3164 3806 die
3194 3752 3314 3820 illa,
3375 3752 3517 3808 dicit
3571 3751 3676 3818 Do-

2027 3842 2233 3910 minus,
2267 3843 2494 3910 perdam
2521 3840 2792 3909 sapientes
2820 3855 2889 3895 ex
2917 3839 3175 3906 Idumwa,
3225 3842 3278 3894 et
3327 3839 3683 3912 prudentiam

2029 3928 2095 3984 de
2125 3933 2307 3984 monte
2329 3929 2522 3983 Esau?
2550 3929 2615 3983 Et
2635 3929 2902 3983 timebunt
2931 3931 3105 3999 fortes
3123 3929 3208 3983 tui
3238 3945 3275 3984 α
3304 3929 3528 3984 Meridie
3547 3948 3569 3984 :
3623 3936 3685 3984 ut

2033 4019 2274 4074 intereat
2292 4020 2380 4073 vir
2407 4017 2473 4072 de
2499 4024 2682 4072 monte
2709 4019 2874 4072 Esau.
2900 4016 3035 4073 LXX
3063 4035 3076 4073 :
3109 4019 3172 4072 In
3194 4017 3282 4073 die
3302 4019 3424 4089 illa,
3439 4017 3573 4091 dicit
3590 4019 3689 4075 Do-

2034 4109 2238 4177 minus,
2258 4107 2482 4177 perdam
2494 4112 2766 4178 sapientes
2795 4122 2866 4162 ea:
2895 4106 3159 4172 Idumaza,
3183 4110 3233 4162 et
3253 4107 3688 4178 intelligentiam

2037 4195 2102 4251 de
2115 4201 2300 4251 monte
2313 4197 2476 4250 Esau.
2500 4197 2567 4250 Et
2574 4196 2848 4267 pavebant
2862 4200 3198 4268 pugnatores
3224 4199 3308 4251 tui
3327 4197 3395 4252 de
3419 4197 3688 4267 Theman,

2036 4294 2098 4340 ut
2127 4287 2415 4356 auferatur
2446 4284 2602 4340 homo
2627 4285 2692 4339 de
2707 4290 2888 4340 monte
2907 4286 3069 4340 Esau.
3107 4284 3251 4340 Cum
3301 4285 3488 4341 hostis
3544 4285 3692 4346 ﬁnes

2038 4379 2174 4430 tuos
2207 4375 2552 4446 possederit,
2575 4379 2632 4431 et
2652 4391 2856 4430 omnes
2878 4373 2984 4428 viri
3010 4374 3240 4429 foederis
3264 4373 3350 4428 tui
3398 4373 3695 4434 illuserint

2040 4463 2149 4520 tibi
2179 4468 2236 4518 et
2263 4462 2674 4535 praevaluerint
2703 4467 2908 4518 contra
2937 4465 2995 4516 te
3021 4477 3033 4517 :
3056 4466 3197 4518 tunc
3229 4460 3442 4534 peribit
3469 4462 3697 4534 sapien-

2041 4554 2123 4609 tia
2145 4553 2214 4607 de
2247 4553 2302 4606 Id
2315 4569 2502 4606 umzea
2524 4555 2580 4606 et
2596 4550 2886 4606 calliditas
2901 4550 3030 4621 ejus
3051 4550 3302 4606 stultitia
3323 4550 3696 4608 demonstra-

2043 4642 2220 4697 bitur.
2253 4640 2626 4696 Prudentiam
2661 4654 2894 4710 quoque
2926 4638 3050 4710 ipse
3083 4638 3365 4694 Dominus
3381 4638 3604 4696 auferet
3624 4639 3696 4696 de

2043 4734 2240 4786 monte
2269 4728 2516 4795 Esau,id
2548 4731 2655 4799 est,
2676 4728 2746 4782 de
2778 4726 3077 4785 montibus
3099 4727 3245 4795 Seir,
3277 4726 3363 4783 vel
3394 4726 3532 4800 quia
3553 4725 3696 4804 urbs

2044 4820 2299 4875 Idumaza
2329 4818 2386 4872 in
2417 4821 2616 4874 monte
2647 4817 2757 4873 sita
2787 4821 2896 4888 est,
2912 4815 3002 4874 vel
3032 4817 3172 4890 quia
3193 4817 3384 4874 omnis
3416 4815 3519 4874 illa
3537 4816 3696 4891 regio

2047 4923 2172 4979 qua:
2204 4908 2274 4962 ad
2311 4910 2589 4963 Austrum
2622 4923 2866 4977 vergens
2897 4906 3146 4962 confinis
3176 4910 3266 4961 est
3291 4922 3508 4975 eremo,
3542 4923 3697 4980 prae-

2049 4996 2240 5068 ruptis
2265 4996 2324 5050 in
2349 4995 2649 5050 montibus
2679 4995 2834 5049 edita
2857 4995 2950 5050 sit.
2986 4994 3147 5050 Unde
3177 4999 3233 5051 et
3261 4995 3701 5062 diciturzl’ave-

2052 5087 2184 5142 bunt
2203 5089 2538 5156 pugnatores
2559 5086 2642 5138 tui
2665 5084 2729 5138 de
2753 5083 3179 5154 Theman,quod
3206 5100 3313 5140 nos
3337 5084 3701 5158 interpretati

2053 5191 2282 5243 sumus,
2313 5173 2626 5228 meridiem.
2665 5172 2965 5238 Quomodo
2985 5176 3184 5228 autem
3208 5189 3390 5243 supra
3418 5173 3700 5243 dixeram,

2127 5373 2196 5449 (ρ)
2228 5367 2520 5449 Rescribit
2549 5365 2765 5449 Victor:
2803 5366 3077 5449 docentes,
3110 5367 3472 5449 alteramque
3509 5375 3561 5423 et
3614 5383 3709 5424 co-

2059 5441 2256 5514 pulam
2290 5439 2468 5493 verbo
2499 5437 2876 5514 praevalebunt
2906 5439 3210 5510 praeponit.
3234 5437 3393 5514 Nulli
3434 5440 3713 5514 tamque

2058 5506 2301 5574 nostris,
2332 5506 2527 5584 ucque
2559 5525 2626 5584 ei}
2656 5507 2749 5574 iis,
2782 5506 3007 5584 opinor,
3028 5506 3192 5584 “quos
3249 5508 3376 5584 ipse
3395 5509 3713 5584 consuluit,

2062 5601 2208 5640 mss.
2245 5581 2476 5638 codices
2506 5580 2922 5654 suffragantur.
