4008 6184
365 279 521 349 1107

1614 284 1678 346 S.
1723 279 2036 347 EUSEBII
2081 277 2526 344 HlERONYMI

3557 275 3678 344 1108

367 419 519 477 Esau
534 417 724 474 tribus
743 417 1082 475 nominibus
1095 416 1573 492 appellatumzita
1584 421 1640 474 et
1660 416 1832 490 plaga
1843 417 2011 490 regni
2040 415 2094 481 Α
2126 415 2445 471 exercitum
2476 414 2656 470 Jacob
2687 417 2744 470 et
2772 411 3244 486 ingrediebantur
3262 427 3358 484 per
3383 415 3554 485 portas
3580 413 3678 483 ejus

368 509 518 580 ejus,
534 524 660 580 quae
677 508 747 563 ad
768 509 1048 564 Austrum
1068 507 1272 580 vergit,
1295 507 1487 563 tribus
1507 506 1803 563 vocabulis
1817 506 2014 580 appel-

366 597 542 662 latur,
576 597 797 666 Darem,
828 598 1081 665 Theman,
1115 598 1295 669 Nageb
1317 597 1440 668 (1:1
1481 606 1605 682 pan
1645 596 1830 668 D111),
1887 612 2012 668 quae

368 685 567 742 omnia
589 687 760 757 juxta
791 685 1073 754 Ezechiel,
1107 690 1392 754 Austrum,
1423 687 1690 757 Africum,
1736 685 2015 741 Meridiem

369 790 482 848 que
494 774 1174 847 signiﬁcant.Postquam
1188 792 1319 830 vero
1343 775 1646 830 timuerint
1660 775 1838 831 fortes
1851 774 2013 846 regni

369 863 520 934 ejus,
547 863 647 934 qui
671 863 1018 920 habitabant
1050 865 1154 933 [Αἰ.
1181 864 1468 936 habitant]
1493 864 1552 919 in
1585 864 1845 929 Meridie,
1877 867 2015 918 tunc

368 952 635 1008 interibit
651 952 738 1009 vir
768 953 838 1007 de
858 957 1054 1009 monte
1077 955 1247 1020 Esau,
1273 953 1373 1025 qui
1397 957 1453 1009 et
1474 969 1734 1025 pugnare
1756 970 1857 1024 pro
1877 952 2015 1008 civi-

369 1044 510 1109 tate,
525 1045 580 1096 et
600 1043 916 1113 prudenter
933 1044 1069 1098 dare
1088 1042 1399 1098 consilium
1421 1042 1628 1098 solitus
1648 1046 1790 1097 erat.
1812 1041 2014 1096 Aliter:

371 1132 691 1201 Postquam
705 1129 764 1185 hi
779 1131 878 1202 qui
907 1131 1070 1202 prius
1089 1131 1314 1202 decepti
1336 1130 1786 1197 erant,conversi
1804 1130 2020 1185 fuerint

373 1219 445 1274 ad
467 1217 786 1274 Ecclesiam
806 1237 818 1274 :
839 1220 1117 1290 tuncipso
1142 1221 1383 1275 Domino
1407 1219 2020 1291 dimicante,peribunt

374 1307 671 1379 sapientes
687 1307 1080 1380 Idumam,qui
1103 1309 1360 1364 carnalia
1379 1312 1435 1364 et
1453 1312 1680 1364 terrena
1693 1308 2016 1380 sepiebant,

374 1398 431 1451 et
462 1395 756 1451 auferetur
773 1397 1086 1468 prudentia
1107 1398 1176 1452 de
1191 1401 1387 1453 monte
1403 1399 1577 1463 Esau,
1601 1414 1725 1468 quae
1755 1396 2017 1453 elevaba-

372 1486 470 1541 tur
500 1483 654 1540 378
685 1487 888 1540 contra
916 1485 1221 1542 scientiam
1254 1486 1373 1540 Dei.
1413 1487 1483 1541 Et
1539 1487 1639 1558 qui
1695 1485 1857 1558 prius
1917 1501 2019 1558 pro

372 1571 546 1640 Esau,
582 1575 641 1628 et
674 1572 930 1628 Idumam
948 1573 1250 1630 dialectica
1271 1579 1392 1630 arte
1414 1575 1837 1647 pugnabant,et
1855 1578 2022 1630 erant

372 1661 434 1716 in
465 1660 756 1733 praesidiis
787 1663 1042 1730 Theman,
1067 1664 1220 1734 quod
1243 1663 1660 1735 interpretatur
1673 1679 2020 1719 consumma-

375 1752 473 1819 tio,
505 1750 773 1806 desinent
794 1768 1056 1824 pugnare
1076 1769 1181 1824 pro
1215 1752 1512 1825 magistris
1553 1753 1862 1825 prioribus.
1895 1753 2022 1810 Sive

377 1838 478 1912 qui
500 1843 635 1896 ante
655 1839 861 1895 lumen
878 1840 990 1896 sibi
1017 1841 1270 1896 scientia
1294 1841 1727 1914 promittebant,
1765 1846 1822 1897 et
1851 1846 2020 1914 puta-

377 1929 524 1984 bant
543 1944 750 1985 seesse
770 1929 828 1983 in
854 1929 1116 2000 meridie,
1150 1929 1443 1985 timebunt
1486 1934 1542 1985 et
1599 1930 2019 1999 formidabunt,

379 2015 775 2072 ecclesiastico
806 2017 924 2073 viro
947 2017 1245 2073 obtinente
1270 2018 1632 2089 sophismata
1655 2035 1858 2074 eorum
1884 2037 1896 2075 :
1930 2020 2021 2074 in-

377 2106 610 2158 tantum
640 2107 706 2159 ut
724 2103 923 2161 nullus
946 2105 1196 2160 resideat
1213 2105 1313 2176 qui
1341 2106 1546 2178 possit,
1572 2106 1660 2161 vel
1694 2107 1845 2180 regis
1887 2125 2021 2164 con-

382 2190 537 2260 silio,
569 2191 662 2247 vel
693 2192 770 2264 (a)
802 2194 1228 2266 pugnatoribus
1266 2195 1428 2264 viris,
1463 2212 1566 2267 pro
1619 2195 2024 2253 haereticorum

385 2281 663 2352 superbia
691 2285 748 2336 et
776 2282 920 2338 falso
951 2284 1220 2355 dogmate
1249 2283 1551 2339 dimicare.

452 2369 640 2437 (Vers.
676 2370 764 2440 10,
800 2371 910 2440 11.)
937 2377 1165 2444 Propter
1184 2375 1620 2444 interfectionem
1639 2382 1692 2430 et
1715 2374 1904 2448 [Vulg.
1926 2377 2027 2432 ad-

384 2457 472 2513 dit
495 2461 738 2530 propter]
761 2461 1118 2533 iniquitatem
1138 2463 1198 2516 in
1221 2463 1451 2533 fratrem
1465 2465 1622 2517 tuum
1642 2465 2032 2537 Jacob,operiet

383 2554 435 2602 te
460 2548 728 2619 confusio,
761 2556 811 2603 et
829 2550 1044 2620 peribis
1079 2551 1141 2604 in
1170 2560 1455 2606 aeternum.
1485 2553 1548 2607 In
1575 2552 1665 2607 die
1694 2569 1821 2608 cum
1862 2557 2033 2610 stares

385 2635 650 2692 adversus
669 2652 815 2705 eum,
839 2639 1058 2710 quando
1078 2640 1368 2711 capiebant
1387 2641 1564 2696 alieni
1577 2645 1877 2698 exercitum
1892 2645 2033 2715 ejus,

385 2731 440 2780 et
467 2728 726 2799 extranei
753 2727 1206 2797 ingrediebantur
1230 2733 1418 2800 portas
1445 2731 1584 2800 ejus,
1615 2736 1669 2785 et
1698 2748 1861 2803 super
1877 2735 2032 2788 Jeru-

385 2814 559 2869 salem
577 2816 864 2870 mittebant
891 2820 1093 2872 sortem
1114 2834 1134 2872 .·
1166 2821 1225 2871 tu
1251 2834 1458 2888 quoque
1483 2835 1607 2874 eras
1635 2823 1792 2890 quasi
1810 2837 1950 2876 unus
1968 2839 2038 2878 ea:

392 2903 492 2957 eis.
526 2902 708 2958 LXX:
740 2909 970 2975 Propter
997 2907 1435 2976 interfectionem
1467 2915 1518 2961 et
1549 2909 1882 2979 impietatem
1936 2911 2039 2966 ad-

392 3005 614 3045 versum
640 2992 876 3063 fratrem
907 2997 1063 3048 tuum
1091 2996 1271 3060 Jacob,
1304 2997 1509 3066 Operiet
1565 2999 1616 3050 te
1667 3000 1936 3068 confusio,
1985 3004 2042 3054 et

396 3079 667 3148 aufereris
691 3080 751 3133 in
779 3088 1063 3136 xternum.
1087 3085 1169 3136 Ea:
1198 3082 1286 3138 die
1315 3101 1424 3155 qua
1439 3086 1690 3141 restitiin
1733 3092 1946 3154 contra,
1980 3090 2040 3144 in

394 3144 483 3220 die
495 3165 571 3236 (b)
585 3171 646 3220 ut
658 3177 914 3238 caperent
926 3170 1254 3240 alienigena?
1267 3144 1645 3242 fortitudinem
1661 3175 1856 3244 ejus,et
1867 3144 2042 3232 alieni
2071 3144 2112 3209 Ο

403 3255 641 3323 ingressi
658 3263 788 3311 sunt
802 3261 989 3327 portas
1007 3258 1127 3329 ejus
1147 3277 1166 3314 :
1197 3269 1247 3315 et
1266 3277 1428 3332 super
1450 3263 1749 3317 Jerusalem
1771 3266 2044 3320 miserunt

400 3349 642 3405 sortem;
671 3347 722 3398 et
751 3361 840 3400 vos
854 3347 1028 3400 eratis
1053 3350 1212 3418 qnasi
1235 3365 1379 3404 unus
1401 3365 1471 3404 ea:
1499 3352 1596 3404 eis.
1619 3350 2044 3408 Idcircointeri-

398 3429 484 3486 bit
512 3432 602 3487 vir
630 3433 701 3488 de
732 3439 927 3490 monte
958 3439 1127 3502 Esau,
1162 3441 1218 3492 et
1249 3437 1459 3508 peribit
1481 3438 1767 3510 sapientia
1786 3441 1856 3495 de
1909 3443 2038 3498 ldu-

398 3536 563 3592 mma,
597 3525 654 3576 et
683 3523 997 3594 prudentia
1025 3525 1096 3579 de
1127 3529 1325 3580 monte
1343 3530 1514 3594 Esau,
1541 3528 1680 3599 quia
1699 3528 2041 3587 interfecisti

394 3625 762 3680 germanum,
793 3615 850 3666 et
879 3612 1080 3684 inique
1109 3614 1280 3685 egisti
1319 3619 1521 3671 contra
1576 3616 1812 3672 fratrem
1869 3623 2038 3675 tuum

391 3698 612 3755 Jacob:
647 3701 881 3772 quando
911 3701 1216 3770 Chaldaeis,
1252 3703 1702 3777 llabyloniisquc
1759 3709 2039 3764 vastanti-

395 3787 508 3843 bus
537 3788 891 3857 Jerusalem,
924 3793 980 3845 et
1008 3791 1418 3848 obsidentibus
1441 3793 1755 3860 civitatem,
1779 3800 1835 3851 et
1855 3796 2041 3869 ingre-

391 3876 689 3933 dientibus
720 3883 918 3949 portas
950 3879 1098 3949 ejus,
1149 3880 1635 3953 mittentibusque
1681 3889 1918 3952 sortem,
1980 3885 2039 3940 in

395 3965 680 4021 divisione
727 3966 1077 4035 przedarum,
1096 3971 1152 4022 te
1183 3984 1383 4022 eorum
1406 3969 1600 4025 socius
1622 3987 1770 4039 eras,
1795 3978 1852 4027 et
1868 3973 1926 4028 in
1944 3973 2039 4029 ho-

391 4052 571 4107 stium
591 4068 838 4107 numero
861 4055 1207 4110 versaberis.
1231 4055 1412 4111 Aliter
1437 4076 1448 4112 :
1474 4058 1694 4114 Cuncta
1711 4077 1838 4132 qum
1861 4079 2041 4134 supra

391 4140 609 4209 scripta
640 4143 781 4194 sunt
812 4139 1072 4211 patieris,
1099 4159 1130 4197 o
1151 4144 1333 4199 Edom
1359 4151 1616 4218 cruente,
1642 4153 2037 4216 terrene,cru-

389 4225 533 4281 delis
560 4244 572 4281 :
598 4226 738 4298 quia
756 4227 901 4284 falsa
918 4230 1087 4284 morti
1098 4231 1332 4302 feraque
1356 4234 1702 4303 doctrina,et
1724 4239 2035 4296 adversum

390 4314 703 4371 Dominum
732 4315 1089 4389 impietatem
1123 4318 1414 4391 loquente,
1474 4323 1735 4379 occidisti
1796 4327 2034 4384 fratrem

384 4404 768 4472 tuumJacob,
797 4405 1070 4477 Legimus
1095 4407 1153 4462 in
1177 4407 1780 4484 Salomone:Suntqui
1799 4415 2030 4486 loquun-

2125 504 2280 562 374
2308 502 2368 558 in
2393 503 2694 576 pacificam
2726 503 3023 574 quondam
3053 501 3382 562 Jerusalem.
3404 502 3677 559 mittebant-

2125 611 2238 666 que
2267 599 2475 660 sortes,
2503 597 2568 649 ut
2605 593 2732 665 ejus
2762 591 2876 649 sibi
2907 591 3095 664 spolia
3123 592 3444 662 dividerent,
3472 598 3527 647 tu
3565 611 3682 651 unus

2124 700 2253 738 eras
2285 699 2354 738 ex
2383 683 2676 738 hostibus.
2721 680 3015 754 Legimus,
3054 679 3319 746 vidimus,
3375 682 3685 755 quotidieque

2126 773 2597 843 comprobamus,
2632 773 2865 842 quando
2888 770 3208 841 persecutio
3229 774 3420 826 contra
3433 771 3687 829 Ecclesiam

2126 861 2330 924 oritur,
2363 862 2547 915 multo
2570 861 2794 932 pejores
2816 863 3214 931 persecutores
3234 859 3450 914 Judaeos
3477 863 3527 914 et
3548 859 3690 916 hare-

2126 949 2271 1005 ticos
2293 949 2350 1004 in
2375 948 2736 1004 Christianos
2762 948 2905 1012 fieri,
2934 964 3111 1018 quam
3133 946 3404 1003 ethnicos.
3427 947 3693 1006 Possumus

2127 1043 2429 1094 extraneos
2459 1038 2850 1110 ingredientes
2882 1042 3077 1108 portas
3104 1035 3421 1092 Jerusalem
3446 1031 3694 1109 γολισμοῦς

2127 1129 2183 1184 id
2242 1133 2348 1196 est,
2407 1129 2758 1197 cogitationes
2814 1127 3102 1198 pessimas
3160 1126 3363 1193 dicere,
3436 1131 3695 1199 portasque

2126 1217 2480 1285 Jerusalem,
2509 1217 2566 1271 id
2600 1220 2707 1282 est,
2741 1217 2947 1271 animae
2993 1214 3344 1287 quiescentis
3397 1219 3449 1271 et
3493 1215 3698 1272 videntis

2131 1313 2332 1374 Deum,
2364 1306 2625 1378 quinque
2655 1322 2864 1361 sensus
2885 1304 3272 1376 interpretari,
3295 1319 3392 1376 per
3409 1320 3540 1376 quos
3557 1304 3697 1360 intro-

2129 1400 2263 1451 eant
2289 1396 2507 1465 hostes,
2541 1400 2595 1450 et
2617 1394 2805 1467 spolia
2824 1393 3086 1449 dividant
3113 1392 3449 1449 Jerusalem.
3471 1393 3524 1449 Si
3539 1392 3700 1448 videri-

2130 1501 2264 1540 mus
2282 1484 2585 1541 mulierem
2605 1485 2672 1539 ad
2699 1483 3700 1554 concupiscendum[Al.concupiscen-

2129 1575 2265 1630 dam
2297 1577 2446 1644 eam]
2481 1573 2785 1644 (Matt/av).
2804 1588 2960 1627 mors
2989 1572 3255 1643 ingressa
3273 1571 3702 1642 estperfenestras

2130 1665 2362 1717 nostras
2395 1662 2524 1732 (Jer.
2559 1661 2673 1732 Ix):
2709 1659 2756 1716 si
2790 1658 3225 1730 susceperimus
3255 1674 3353 1730 per
3377 1672 3533 1712 aures
3582 1672 3705 1712 men-

2050 1780 2098 1844 B
2130 1751 2361 1806 dacium
2395 1745 3397 1821 acjudiciumsanguinis,peraliam
3419 1745 3704 1818 portath-

2131 1839 2237 1894 stis
2268 1838 2572 1911 ingressus
2602 1842 2709 1893 est.
2744 1837 3032 1893 Odoratus
3064 1852 3316 1907 quoque,
3342 1838 3533 1907 gustus
3557 1838 3604 1889 et
3638 1836 3703 1889 ta-

2131 1932 2281 1998 ctus,
2310 1927 2358 1982 si
2388 1926 2474 1982 vel
2505 1926 2684 1981 variis
2716 1925 3014 1992 odoribus,
3047 1924 3137 1980 vel
3167 1924 3434 1980 dulcibus
3461 1923 3605 1990 cibis,
3637 1921 3704 1977 vel

2132 2015 2497 2087 amplexibus
2525 2013 2790 2070 delicatis
2812 2023 3017 2087 captus
3049 2014 3244 2084 fuerit,
3268 2030 3368 2085 per
3397 2011 3528 2069 alias
3552 2014 3705 2086 portas

2131 2104 2382 2177 ingressi
2410 2107 2551 2158 sunt
2579 2103 2916 2170 adversarii,
2947 2106 3003 2158 et
3032 2101 3221 2174 spolia
3245 2102 3499 2158 dividunt
3532 2100 3705 2156 misere

2133 2191 2480 2250 Jerusalem.
2513 2193 2592 2246 Eo
2631 2191 2811 2264 igitur
2866 2194 3130 2262 tempore
3188 2208 3301 2264 quo
3357 2187 3706 2263 persecutionis

2135 2282 2382 2354 impetu,
2413 2285 2470 2336 et
2500 2281 2816 2336 mortiferis
2835 2280 3241 2352 voluptatibus
3261 2281 3331 2336 de
3351 2278 3582 2336 Ecclesia
3594 2276 3709 2348 quis-

2137 2371 2294 2444 piam
2327 2370 2628 2439 corruerit,
2651 2369 2918 2425 videmus
2941 2371 3048 2438 [Al.
3079 2369 3298 2440 videas]
3321 2367 3585 2425 exsultare
3622 2365 3709 2421 he-

2139 2459 2371 2525 reticos,
2408 2460 2662 2531 gaudere
2690 2459 2983 2527 Judaeum,
3013 2462 3071 2514 et
3101 2476 3288 2514 unum
3318 2475 3440 2514 esse
3474 2459 3536 2513 de
3560 2471 3710 2529 perse-

2139 2548 2464 2617 cutoribus,
2489 2551 2546 2603 et
2574 2547 2633 2603 in
2661 2547 3026 2603 ethnicorum
3048 2564 3149 2604 eos
3172 2564 3408 2604 numero
3426 2544 3711 2619 computari.

2210 2638 2399 2709 (Vers.
2434 2637 2544 2709 12.)
2574 2639 2638 2692 Et
2656 2653 2769 2692 non
2785 2636 2852 2708 (c)
2870 2636 3143 2709 despicies
3165 2638 3226 2692 in
3246 2637 3333 2692 die
3347 2639 3525 2709 fratris
3540 2637 3625 2701 tui,
3669 2635 3715 2688 in

2141 2726 2230 2782 die
2247 2727 2716 2796 peregrinationis
2743 2729 2886 2797 ejus.
2907 2727 2972 2780 Et
3017 2742 3131 2782 non
3154 2726 3421 2784 laetaberis
3446 2741 3592 2797 super
3607 2723 3715 2794 ﬁlios

2141 2814 2284 2872 Juda
2303 2817 2363 2869 in
2382 2815 2469 2870 die
2483 2815 2812 2886 perditionis
2835 2831 3042 2882 eorum,
3066 2823 3119 2870 et
3151 2832 3259 2872 non
3304 2813 3640 2884 magnificam
3675 2825 3716 2866 os

2147 2905 2301 2958 tuum
2323 2903 2482 2958 indie
2499 2905 2770 2972 angustia
2781 2921 2802 2958 :
2824 2919 2999 2974 neque
3018 2904 3349 2974 ingrediens
3364 2907 3558 2976 portam
3570 2900 3715 2974 pepuli

2145 2993 2259 3047 mei
2276 2994 2337 3046 in
2360 2991 2448 3047 die
2471 2994 2659 3049 ruinw
2673 3009 2879 3046 corum.
2914 2993 3086 3048 LXX:
3124 2996 3191 3050 Et
3216 3011 3321 3049 non
3354 2994 3585 3065 despicies
3606 2989 3716 3047 diem

2147 3082 2343 3151 fratris
2363 3083 2447 3136 tui
2458 3082 2515 3135 in
2532 3081 2622 3136 die
2642 3082 3040 3138 alienorum.Et
3051 3099 3166 3138 non
3179 3085 3443 3141 laetaberis
3459 3098 3598 3153 super
3610 3079 3718 3150 ﬁlios

2149 3171 2289 3228 Juda
2318 3171 2377 3224 in.
2398 3170 2484 3225 die
2504 3170 2830 3241 perditionis
2848 3187 3037 3227 eorum
3064 3190 3077 3227 :
3111 3177 3168 3228 et
3195 3189 3302 3229 non
3325 3189 3510 3242 magna
3537 3170 3716 3243 loqueris

2150 3263 2210 3315 in
2229 3260 2318 3314 die
2337 3261 2641 3330 angustiae:
2663 3275 2835 3330 neque
2855 3261 2911 3314 in
2917 3259 3186 3328 gredieris
3237 3266 3414 3334 portas
3452 3260 3716 3332 populorum

2149 3351 2206 3405 in
2229 3349 2315 3405 die
2345 3350 2593 3405 laborum
2619 3365 2828 3404 eorum.
2848 3337 3006 3404 Idem
3038 3365 3254 3406 sensus
3284 3350 3380 3422 qui
3411 3345 3713 3421 supra:Cum

2149 3437 2434 3494 interierit
2451 3439 2538 3492 vir
2558 3439 2630 3492 de
2647 3443 2843 3492 monte
2863 3439 3038 3506 Esau,
3053 3444 3293 3511 propter
3312 3436 3712 3501 interfectionem,

2149 3531 2206 3583 et
2226 3526 2584 3598 impietatem
2604 3526 2679 3596 (ά)
2694 3525 2752 3580 in
2776 3525 3012 3581 fratrem
3043 3526 3177 3597 ejus
3195 3527 3394 3596 Jacob,
3412 3530 3466 3582 et
3489 3519 3711 3596 operuerit

2149 3632 2282 3674 eum
2314 3621 2529 3671 aeterna
2558 3614 2843 3682 confusio,
2869 3631 3248 3687 nequaquam
3286 3617 3449 3672 faciet
3473 3629 3570 3684 quis
3607 3607 3704 3664 fecit

2150 3709 2284 3761 ante
2315 3709 2518 3760 contra
2538 3720 2882 3777 germanum
2911 3721 2925 3772 ;
2959 3721 3073 3759 non
3105 3705 3270 3761 enim
3292 3703 3543 3777 despiciet
3556 3703 3704 3768 etper-

2147 3794 2437 3866 vipendet,
2469 3793 2673 3848 videns
2705 3793 2941 3848 fratrem
2973 3809 3150 3869 suum
3185 3794 3268 3849 ire
3305 3793 3595 3866 captivum:
3633 3798 3712 3840 nec

2148 3883 2439 3938 lzstabitur
2467 3882 2574 3953 [Αἰ.
2609 3881 2923 3951 laetaberis]
2977 3898 3160 3953 super
3219 3882 3368 3938 ﬁlios
3419 3879 3566 3937 Juda.
3613 3873 3714 3929 Due

2149 3972 2304 4028 enim
2327 3971 2517 4026 tribus
2546 3975 2783 4041 excepta
2817 3969 3085 4038 Levitica,
3110 3987 3244 4042 quae
3277 3969 3570 4044 regnabant
3591 3959 3717 4018 inle-

2149 4059 2427 4128 rusalem,
2459 4063 2516 4115 et
2546 4057 2990 4130 appellabantur
3017 4059 3050 4115 J
3057 4060 3196 4128 uda,
3230 4078 3264 4116 a
3293 4056 3551 4116 Chaldaeis
3581 4051 3716 4122 capta

2146 4153 2305 4207 sunt.
2335 4150 2403 4204 Et
2428 4163 2801 4219 nequaquam
2833 4148 2988 4204 192
3009 4164 3226 4220 magna
3247 4146 3509 4220 loqueris,
3528 4147 3575 4198 et
3590 4133 3717 4212 quasi

2146 4253 2328 4292 unum
2361 4237 2434 4292 de
2460 4235 2777 4292 victoribus
2807 4251 2936 4292 esse
2965 4241 3021 4292 te
3041 4238 3309 4306 credens,
3333 4239 3390 4291 in
3411 4231 3584 4290 fratris
3600 4226 3716 4283 ride-

2143 4325 2236 4382 bis
2266 4325 2559 4398 angustia.
2573 4324 2772 4398 Neque
2786 4325 2845 4380 in
2858 4324 2953 4380 die
2993 4325 3290 4382 vastitatis
3309 4329 3366 4381 et
3384 4323 3546 4380 ruina;
3563 4311 3716 4392 populi

2143 4413 2281 4483 mei,
2306 4418 2368 4468 tu
2390 4430 2490 4486 per
2507 4413 3070 4486 portamJerusalem
3087 4413 3501 4486 gloriabundus
3514 4404 3713 4464 incedas.

357 4490 476 4548 "tur
498 4494 546 4548 el
580 4495 927 4564 interﬁciuni
954 4496 1138 4564 gladio
1165 4498 1346 4569 (Prov.
1381 4517 1512 4568 xxv,
1548 4501 1656 4573 18).
1688 4503 1755 4557 Et
1800 4503 1860 4558 in
1919 4503 2031 4562 alio
2062 4509 2108 4573 D
2140 4503 2206 4558 Et
2227 4503 2356 4558 ideo
2379 4503 2492 4559 ista
2510 4519 2624 4558 non
2644 4503 2843 4573 facies,
2878 4502 3017 4574 quia
3044 4507 3102 4558 et
3130 4507 3197 4559 tu
3247 4501 3458 4559 similia
3509 4492 3711 4570 patieris.

381 4581 506 4638 loco
533 4599 545 4637 :
586 4585 854 4638 Venenum
881 4585 1131 4656 aspidum
1151 4587 1247 4641 sub
1270 4588 1435 4643 labiis
1456 4606 1641 4645 eorum
1671 4591 2026 4664 (Ps.cxxx1x,

377 4670 454 4742 5).
487 4672 578 4726 Et.
606 4674 823 4741 Lingua
852 4689 1046 4728 eorum
1079 4675 1296 4745 gladius
1359 4681 1550 4732 acutus
1608 4679 1719 4750 (Ps.
1779 4697 1890 4745 LVI,
1947 4682 2024 4752 5).

377 4759 608 4831 Operiet
620 4777 756 4834 ergo
773 4765 828 4816 te
841 4763 1126 4830 confusio,
1149 4768 1206 4819 et
1225 4765 1382 4820 dices
1408 4784 1420 4821 :
1444 4767 1701 4838 Confusio
1722 4769 1901 4824 vultus
1919 4772 2030 4827 mei

377 4850 588 4918 operuit
611 4867 698 4905 me
723 4854 841 4918 (Ps.
875 4869 1068 4918 vam,
1103 4853 1197 4924 8):
1232 4870 1297 4909 ac
1331 4855 1569 4926 peribis,
1599 4874 1711 4912 non
1735 4859 1805 4912 ad
1858 4859 2026 4916 breve

376 4939 634 5010 tempus.
665 4940 765 4995 sed
796 4939 855 4994 in
887 4945 1196 4997 aeternum.
1223 4946 1450 4999 Eterno
1470 4945 1624 4999 enim
1649 4951 1934 5016 quantum
1964 4948 2024 5004 in

375 5028 433 5082 te
463 5027 575 5082 fuit
606 5027 843 5083 fratrem
874 5028 1112 5086 vulnere
1139 5032 1503 5102 percussisti.
1532 5033 1643 5089 Sed
1677 5039 1733 5090 et
1762 5035 1884 5090 haec
1913 5037 2024 5092 erit

373 5130 552 5172 causa
580 5117 909 5173 cruciatus:
942 5134 1078 5174 nam
1119 5121 1353 5190 quando
1412 5120 1583 5177 alieni
1643 5123 2024 5180 devastabant

408 5380 418 5391 υ
445 5311 524 5391 (a)
557 5312 766 5368 Victor.
801 5315 857 5391 et
885 5311 1087 5391 Brixia:
1124 5312 1539 5386 Florentizeque
1560 5317 1861 5374 codicibus
1893 5336 2018 5375 cor-

372 5383 513 5454 rigit
538 5385 870 5454 pugnatori:
899 5385 1131 5439 viribus.

442 5453 516 5524 (b)
540 5453 946 5533 Nostri‘mss.‘
969 5457 1030 5510 in
1057 5456 1145 5511 die
1168 5472 1291 5511 cum
1308 5461 1791 5531 caperent.Graec.,
1809 5459 1858 5513 ἐν
1884 5461 2018 5533 ἡμέο

374 5522 514 5598 ραξςὲ
548 5522 1111 5598 εἰχμαλωτευόντων,
1143 5532 1253 5584 etc.

444 5579 516 5664 (cl
547 5579 808 5652 Re'iinuit
835 5579 1111 5654 Martian:
1142 5579 1428 5671 despicias,
1482 5603 2018 5662 contradicentibus

2141 4592 2318 4647 Aliter
2346 4592 2579 4663 quando
2601 4591 2893 4663 captivum
2920 4590 3137 4647 videris
3155 4590 3398 4647 diversis
3421 4579 3710 4662 persecutio-

2138 4681 2312 4736 uibus
2345 4681 2580 4736 fratrem
2603 4685 2793 4751 tuum,
2825 4684 2882 4736 et
2911 4680 3123 4735 abduci
3145 4681 3401 4736 vinctum
3419 4679 3482 4735 de
3500 4669 3713 4732 Ecclesia

2136 4769 2271 4841 ﬁde,
2305 4787 2408 4826 nec
2438 4769 2723 4826 civitatem
2749 4769 3047 4840 suam,sed
3078 4769 3385 4843 peregrina
3399 4771 3714 4839 quaequom-

2136 4859 2268 4930 tari,
2284 4875 2655 4932 nequaquam
2668 4858 3125 4930 laetaberis,quia
3136 4864 3194 4914 et
3207 4863 3270 4914 tu
3287 4856 3497 4914 similia
3505 4845 3711 4926 patieris.

2135 4947 2450 5004 Laetabaris
2472 4947 2626 5002 enim
2649 4947 2882 5019 quando
2925 4947 3266 5019 capiebatur
3285 4945 3476 5008 Jacob,
3503 4946 3554 4997 et
3578 4947 3712 5006 ευρθι·

2135 5035 2284 5091 filios
2307 5035 2338 5091 J
2347 5036 2480 5104 uda,
2507 5051 2654 5108 quos
2685 5035 3006 5108 discipulos
3029 5035 3244 5091 Christi
3275 5030 3711 5104 intelligimus,“-

2132 5123 2470 5180 sultabasin
2483 5124 2577 5181 die
2588 5124 2934 5197 perditionis
2949 5140 3170 5181 eorum.
3187 5118 3705 5198 Signiﬁcaturautem

2131 5338 2241 5402 ms,
2276 5324 2446 5402 atque
2470 5319 2604 5402 ipso
2631 5319 3046 5402 quem‘laudat
3098 5320 3311 5375 Victor.
3368 5311 3619 5372 Hebraico
3662 5305 3702 5358 et

2127 5391 2388 5462 Vulgata;
2419 5391 2695 5447 editionis
2724 5394 2906 5448 textu.

2200 5453 2277 5532 (cl)
2300 5462 2424 5518 Duo
2444 5462 2688 5519 Palatio.
2710 5479 2852 5518 mss.
2879 5463 3134 5535 editique
3154 5462 3249 5518 alii
3271 5461 3398 5516 libri
3417 5453 3696 5527 impietatem

2124 5535 2321 5604 fratris
2344 5536 2480 5606 ejus.
