3988 6170
179 271 340 341 uas

1117 268 1872 351 COMMENTARIORUM
1914 270 2003 338 IN
2040 275 2346 346 ABDIAM
2389 280 2647 347 LIBER.

3427 280 3586 350 HM

175 410 397 468 dicitur
409 408 655 468 med
675 414 859 470 Esau:
891 410 997 471 Sed
1012 412 1297 471 dominum
1313 420 1469 470 tuum
1487 413 1651 470 illum
1680 414 1785 473 feci
1804 429 1823 468 :
1852 408 1909 476 Α
1936 416 2146 486 putant
2169 428 2300 473 eam
2319 416 2650 489 Sephelam,
2666 416 2727 475 id
2749 420 2857 488 est,
2876 421 3264 492 campestrem
3285 421 3584 497 regionem

170 509 228 557 et
256 516 441 557 onmes
467 503 669 570 fratr“
692 506 811 558 tuos
855 503 1061 565 subieci
1088 505 1143 559 ei
1169 520 1349 560 servos
1373 521 1386 560 :
1420 505 1692 576 fratrique
1736 507 1826 560 tuo

165 592 375 647 servies
394 590 551 660 (Gen.
570 608 704 661 xxv,
732 592 848 664 37).
883 594 953 649 Et
980 609 1096 649 non
1129 598 1301 650 erunt
1330 592 1593 666 reliquie
1614 594 1827 650 domus

162 681 579 753 Esau,quando
592 681 1021 740 omniaChristo
1034 698 1144 755 gen
1153 682 1424 739 uﬂectent
1434 682 1757 738 caelestium
1770 686 1829 739 et

162 769 561 840 terrestrium,
596 773 654 826 et
679 770 1045 827 infernarum
1079 771 1307 843 (Philip.
1334 772 1417 842 ιι),
1441 776 1497 827 θῖ
1516 771 1829 843 subjicien-

162 861 270 913 tur
298 857 351 913 ei
382 858 675 925 universa,
707 864 773 915 ut
800 860 848 916 si
881 865 1032 916 Deus
1059 861 1256 916 omnia
1278 860 1336 915 in
1361 860 1655 917 omnibus.
1681 860 1829 928 Quia

160 962 307 1004 vero
339 946 488 1003 Esau
521 963 698 1019 super
727 948 1177 1005 fundamentum
1206 950 1419 1006 Christi
1440 950 1577 1005 vitio
1601 967 1708 1007 suo
1730 966 1826 1006 ex-

162 1039 467 1092 etruxerat
487 1035 708 1108 fenum,
725 1036 886 1108 ligna
905 1041 964 1093 et
984 1037 1261 1110 stipulam
1283 1040 1299 1110 (
1308 1039 1326 1094 Ι
1341 1040 1461 1095 Cor.
1477 1039 1564 1110 ιιι)
1582 1055 1594 1093 :
1616 1038 1828 1094 idcirco

162 1124 389 1179 domus
410 1128 469 1179 et
485 1123 664 1180 Jacob
689 1129 746 1181 et
763 1125 981 1198 Joseph
1004 1126 1063 1181 in
1086 1126 1281 1199 ignem
1305 1131 1560 1183 vertetur
1578 1132 1637 1184 et
1656 1128 1829 1183 ﬂam-

165 1227 359 1282 mam,
390 1212 633 1269 imitans
667 1214 979 1270 Dominum
1012 1232 1209 1283 suum,
1233 1216 1333 1287 qui
1367 1216 1545 1272 dicit:
1579 1218 1689 1286 Ego
1709 1233 1831 1273 sum

164 1302 319 1357 Deus
345 1302 502 1375 ignis
527 1316 852 1358 consumens
884 1303 1061 1373 (Deut.
1086 1320 1161 1371 ιν,
1183 1305 1298 1376 24),
1321 1308 1386 1360 ut
1409 1305 1698 1361 devoratis
1723 1321 1830 1377 pa-

162 1389 283 1447 leis
312 1399 702 1461 peccatorum,
738 1392 1095 1450 frumentum
1127 1410 1341 1464 purum
1372 1394 1433 1449 in
1455 1394 1666 1451 horrea
1692 1411 1828 1451 con-

160 1483 465 1552 gregstur.
475 1480 697 1537 Cuncta
716 1498 844 1554 quae
865 1482 980 1537 dixi
988 1487 1206 1553 mus,et
1221 1500 1351 1555 quae
1365 1484 1521 1539 dictu
1530 1484 1579 1539 ri
1598 1501 1827 1553 sumus,

157 1568 363 1625 εἰειάωί
394 1568 509 1625 sibi
539 1570 738 1627 futuro
767 1574 1031 1644 tempore
1060 1570 1433 1644 pollicentur,
1468 1575 1702 1645 quando
1726 1592 1830 1647 pro

160 1656 407 1715 Christo
435 1658 718 1732 recipient
744 1659 1195 1731 Antichristum,
1246 1660 1489 1733 impleta
1527 1662 1834 1735 prophetia

1936 518 2064 574 quae
2094 503 2247 559 circa
2306 504 2799 579 Eleutheropolim
2843 512 2950 577 est,
3002 509 3374 581 repromitti:
3426 514 3582 585 quod

1937 592 2009 648 ad
2042 592 2525 661 Rhinocoruram,
2558 602 2615 652 et
2645 596 2717 651 ad
2757 613 2918 652 mare
2946 614 3136 669 usque
3163 600 3457 656 tendenda
3485 602 3582 669 sit,

1934 680 1995 736 id
2025 686 2133 743 est.
2165 682 2237 738 de
2265 683 2422 737 tribu
2451 684 2603 740 Juda
2632 702 2746 740 non
2775 685 2965 741 solum
2987 685 3477 761 Eleutheropolim
3499 694 3585 747 te-

1940 775 2136 837 neant,
2170 773 2270 827 sed
2294 789 2482 845 usque
2503 774 2575 829 ad
2600 774 2895 830 maritima
2914 776 3272 847 perveniant,
3296 782 3354 834 et
3373 779 3583 837 Philis-

1936 859 2110 915 thiim
2132 877 2238 916 suo
2261 860 2506 933 imperio
2529 863 2866 935 subjugent,
2881 881 3029 936 quos
3049 865 3214 937 prius
3236 884 3351 923 non
3374 867 3589 925 habue-

1938 953 2073 1005 rant
2102 950 2466 1022 subjugatos.
2504 951 2848 1008 Dilatabitur
2877 970 3108 1026 quoque
3129 956 3418 1013 terminus
3439 957 3588 1014 ﬁlio-

1939 1054 2070 1093 rum
2093 1039 2242 1094 Juda
2264 1056 2451 1112 usque
2473 1042 2543 1096 ad
2568 1040 2864 1113 Ephraim,
2888 1042 2987 1097 ubi
3011 1059 3165 1097 nunc
3186 1043 3459 1116 Neapolis
3477 1050 3586 1117 est,

1938 1131 1996 1183 et
2026 1144 2214 1199 usque
2244 1130 2316 1183 ad
2347 1129 2641 1201 regionem
2672 1131 2969 1198 Samarias,
3022 1132 3122 1188 ubi
3169 1134 3409 1190 Sebaste
3453 1151 3589 1191 con-

1938 1215 2062 1270 dita
2091 1220 2200 1272 est.
2255 1218 2559 1289 Benjamin
2591 1223 2786 1275 autem
2817 1221 2989 1292 cujus
3019 1221 3216 1277 statim
3249 1222 3322 1278 ab
3351 1223 3591 1280 Jerusa-

1938 1303 2075 1372 lem,
2109 1308 2310 1360 contra
2339 1306 2793 1377 septentrionem
2823 1308 3058 1364 termini
3088 1309 3426 1377 dilatantur,
3448 1329 3590 1369 cun-

1940 1396 2093 1448 ctam
2125 1393 2449 1465 possidebit
2476 1395 2774 1459 Arabiam.
2806 1414 2932 1469 quaa
2954 1398 3119 1470 prius
3142 1399 3464 1455 vocabatur
3480 1404 3591 1457 Ga-

1938 1481 2093 1549 laad,
2118 1486 2176 1539 θῖ
2197 1499 2354 1539 nunc
2377 1483 2592 1539 Gerasa
2614 1485 2720 1556 [AL
2749 1485 2985 1557 Gerara]
3003 1492 3396 1561 nuncupatur.
3417 1492 3594 1546 Juxta

1941 1571 2325 1644 Septuaginta
2348 1576 2543 1627 autem
2577 1577 2632 1628 et
2662 1579 2920 1630 montem
2945 1575 3245 1647 Ephraim,
3274 1580 3332 1633 et
3355 1593 3595 1651 campos

1941 1659 2238 1727 Samaria,
2271 1664 2329 1716 et
2357 1661 2684 1732 Benjamin,
2717 1667 2776 1717 et
2802 1662 3041 1731 Galaad,
3073 1664 3133 1719 hi
3167 1666 3265 1737 qui
3298 1665 3514 1721 fuerint
3534 1666 3595 1723 in

160 1747 404 1804 Domini
435 1748 753 1827 Salvator-is
786 1767 798 1806 :
847 1753 960 1824 Ego
989 1752 1116 1807 veni
1144 1753 1206 1806 in
1232 1753 1459 1807 nomine
1488 1754 1677 1808 Patris
1701 1755 1829 1825 mei,
1864 1781 1914 1847 Β
1943 1747 2184 1847 Meridie
2235 1749 2657 1847 possidebunt:
2691 1750 2799 1807 hoc
2833 1756 3030 1807 utrum
3064 1753 3281 1809 factum
3313 1754 3408 1847 sit,
3440 1755 3595 1812 Deus

157 1842 237 1895 at
253 1852 369 1893 non
391 1840 706 1910 suscepistis
734 1854 824 1895 me
847 1856 866 1894 :
898 1842 949 1894 si
977 1841 1133 1895 alius
1159 1842 1372 1896 venerit
1392 1843 1454 1896 in
1471 1844 1698 1897 nomine
1718 1859 1836 1909 suo,

160 1927 343 1983 illum
390 1928 665 1999 recipietis
710 1928 895 1999 (Joau.
946 1945 1004 1994 v,
1054 1928 1162 1999 43).
1221 1929 1289 1984 Εῖ
1317 1928 1604 2002 quidquid
1638 1935 1841 1988 contra

162 2015 497 2073 Idumaeam
530 2014 895 2088 interpretati
927 2033 1157 2083 sumus,
1198 2016 1281 2072 illi
1315 2018 1596 2074 adversus
1627 2019 1838 2076 Roma-

172 2118 329 2160 num
350 2118 596 2176 regnum
619 2105 949 2161 somniant:
972 2106 1128 2178 quod
1148 2123 1253 2162 nos
1274 2106 1546 2178 dicimus,
1562 2109 1841 2180 autjuxta

176 2192 495 2249 historiam
518 2193 629 2248 sub
651 2193 966 2251 Zorobabel
996 2211 1126 2251 esse
1147 2195 1273 2265 jam
1303 2196 1542 2261 factum,
1569 2201 1670 2252 aut
1691 2205 1842 2254 certe

168 2281 350 2352 juxta
370 2281 759 2354 prophetiam,
777 2287 835 2339 et
856 2282 1135 2356 mysticus
1150 2283 1485 2340 intellectus
1503 2286 1763 2357 quotidie
1780 2286 1841 2342 in

183 2368 449 2426 Ecclesia
477 2370 623 2442 ﬁeri,
656 2375 713 2427 et
740 2370 800 2426 in
832 2388 1010 2445 regno
1039 2371 1246 2427 animae
1270 2373 1551 2429 adversus
1581 2389 1839 2446 carnem,

185 2457 255 2514 in
287 2474 645 2531 unoquoque
673 2460 974 2533 compleri.
1019 2461 1491 2518 Frumentarium
1525 2466 1721 2518 autem
1752 2480 1841 2519 se-

189 2563 453 2604 cunoum
472 2548 861 2621 tropologiam
884 2549 1149 2606 desinere
1165 2566 1295 2607 esse
1315 2550 1567 2606 dicimus
1589 2551 1647 2606 in
1667 2551 1843 2608 haere-

178 2637 344 2703 ticis,
367 2638 600 2709 quando
626 2636 827 2694 nullus
847 2638 1022 2695 fuerit
1042 2638 1141 2711 qui
1164 2640 1319 2712 apud
1346 2656 1444 2695 eos
1468 2656 1716 2712 granum
1738 2641 1841 2696 tri-

181 2725 311 2793 tici,
343 2726 497 2797 quod
529 2726 586 2781 in
618 2731 775 2783 terra
802 2732 1101 2784 mortuum
1132 2732 1240 2795 θεῖ,
1272 2732 1330 2784 θῖ
1356 2744 1566 2800 panem
1589 2730 1660 2785 de
1680 2728 1841 2786 caelis

184 2815 407 2871 habere
435 2831 499 2871 se
517 2816 723 2887 jactet.
757 2816 907 2872 Sunt
937 2818 1039 2889 qui
1072 2833 1188 2873 non
1236 2816 1569 2895 πυροφόρον,
1623 2818 1681 2873 id
1731 2822 1838 2888 est,

181 2906 619 2975 Mamurium
641 2922 655 2961 :
680 2905 782 2960 sed
808 2904 1107 2982 πυρφόρον,
1127 2905 1238 2961 hoc
1259 2910 1367 2971 est,
1382 2909 1478 2978 qui
1492 2915 1703 2976 gestare
1720 2924 1840 2979 pos-

188 2994 266 3048 sit
293 2994 615 3062 igniculum.
649 3010 683 3049 a
709 2994 1090 3067 Septuaginta
1110 2994 1461 3050 translatum
1485 2999 1709 3067 putent.
1733 2998 1843 3052 Ac-

193 3080 558 3153 quieseentes
586 3082 772 3156 igitur
799 3082 1047 3138 diversis
1064 3082 1669 3154 interpretationibus,
1692 3084 1843 3141 dice-

1943 1836 2189 1902 viderit;
2223 1842 2415 1909 potest
2445 1839 2603 1894 enim
2626 1854 2694 1894 ex
2723 1844 2883 1910 parte
2904 1856 3007 1912 per
3031 1858 3217 1898 annos
3247 1843 3598 1915 quingentos

1947 1942 2136 1997 usque
2167 1927 2239 1982 ad
2272 1927 2586 1983 adventum
2610 1927 2823 1983 Christi
2856 1945 2985 1985 esse
3014 1930 3408 2003 completum:
3441 1931 3599 2003 quod

1949 2015 2103 2071 sicut
2122 2015 2198 2088 (b)
2223 2016 2548 2071 certissime
2566 2016 2707 2081 scio,
2731 2017 2885 2073 882
2908 2017 3167 2090 quotidie
3187 2018 3531 2091 completur,
3545 2023 3603 2076 et

1950 2103 2010 2159 in
2032 2120 2209 2176 regno
2230 2104 2498 2160 Ecclesia:
2517 2106 2915 2162 conﬁrmatur.
2949 2107 3016 2163 Hi
3037 2107 3195 2163 enim
3216 2108 3315 2180 qui
3334 2107 3604 2165 habitant

1949 2191 2010 2247 in
2040 2192 2300 2263 Meridie,
2333 2194 2388 2248 id
2422 2198 2532 2261 est,
2564 2194 2624 2250 in
2654 2194 2877 2268 Nageb,
2912 2199 2969 2251 et
2998 2196 3058 2251 in
3087 2213 3221 2253 vero
3252 2201 3391 2254 sunt
3419 2196 3600 2253 lumi-

1951 2298 2043 2347 ne,
2076 2285 2135 2337 et
2164 2282 2264 2353 qui
2295 2285 2497 2338 tenent
2525 2283 2876 2356 campestria
2904 2288 2963 2339 et
2989 2284 3256 2353 humilia,
3288 2286 3345 2341 id
3378 2290 3486 2354 θεῖ,
3513 2286 3601 2342 di-

1950 2370 2162 2441 scipuli
2193 2371 2341 2441 ejus,
2373 2371 2591 2441 quibus
2622 2371 2797 2427 dicit:
2844 2372 3042 2429 Discite
3088 2390 3120 2427 a
3160 2389 3247 2429 me
3288 2376 3420 2446 quia
3448 2375 3601 2430 mitis

1926 2476 2095 2532 sum,
2154 2464 2206 2515 et
2254 2460 2479 2515 humilis
2523 2460 2686 2515 corde
2732 2461 2907 2532 (Matt.
2941 2479 2997 2527 x,
3036 2463 3166 2531 24),
3217 2462 3603 2535 possidebunt

1951 2552 2211 2604 montem
2239 2549 2387 2604 Esau
2422 2553 2479 2603 et
2506 2548 2861 2605 Philisthiim
2888 2567 2902 2605 :
2944 2566 3093 2621 quos
3121 2566 3440 2623 possumus
3467 2567 3600 2629 pro-

1940 2641 2079 2709 pter
2108 2637 2442 2707 superbiam
2480 2638 2843 2710 dogmatum,
2866 2642 2925 2694 et
2944 2637 3337 2710 eloquentiam
3360 2639 3601 2695 saecula-

1950 2743 2072 2782 rem
2104 2726 2164 2782 in
2199 2725 2575 2781 Ethnicorum
2606 2742 2856 2799 persona
2884 2727 3165 2800 accipere.
3198 2728 3271 2783 Ut
3300 2727 3359 2783 in
3405 2732 3603 2785 monte

1952 2815 2071 2871 sint
2091 2814 2375 2886 magistri,
2394 2814 2454 2869 in
2478 2814 2857 2880 Philisthiim,
2872 2818 2929 2870 et
2950 2815 3291 2888 alienigenis
3307 2816 3603 2887 discipuli,

1951 2903 2051 2975 qui
2073 2903 2489 2975 magistrorum
2507 2903 2849 2960 auctoritate
2864 2904 3259 2960 ducuntur.Et
3277 2921 3391 2960 non
3410 2904 3601 2961 solum

1950 2996 2211 3049 montem
2242 2993 2414 3056 Esau,
2446 2996 2503 3047 et
2522 2991 2900 3064 alienigenas,
2931 2992 3030 3048 sed
3054 2993 3350 3064 regionem
3372 3007 3606 3065 quoque

1952 3080 2226 3154 Ephraim
2250 3085 2306 3136 et
2317 3079 2594 3136 Samarias
2615 3080 3020 3151 possidebunt.
3035 3080 3311 3151 Ephraim
3334 3084 3391 3136 et
3409 3085 3607 3137 Sama-

187 3185 326 3226 mus
364 3171 532 3242 juxta
576 3154 988 3244 tropologiam,
1021 3188 1135 3227 non
1168 3171 1357 3227 solum
1391 3172 1839 3229 frumentarium
1873 3154 1919 3222 C
1954 3170 2101 3226 riam
2133 3170 2334 3226 crebro
2365 3170 2424 3224 in
2448 3169 2592 3226 Osee
2619 3168 2893 3241 legimus,
2924 3173 2980 3223 et
3009 3167 3067 3223 in
3100 3167 3441 3240 haeresibus,
3475 3185 3603 3240 qua:

178 3263 553 3316 cessaturum
602 3261 758 3333 apud
790 3260 1095 3316 haereticos
1123 3276 1135 3316 :
1170 3261 1319 3316 31!
1357 3262 1456 3317 sed
1490 3266 1546 3317 et
1573 3279 1707 3318 eum
1740 3264 1839 3335 qui

176 3345 375 3404 lucem
405 3347 623 3405 Christi
653 3347 866 3405 habere
888 3364 950 3405 se
972 3348 1229 3404 simulat.
1266 3350 1332 3404 Et
1350 3350 1505 3405 enim
1530 3349 1657 3422 ipse
1674 3355 1838 3407 Sata-

180 3451 292 3492 nas
320 3437 749 3509 tranﬁguratur
786 3437 847 3492 in
877 3437 1164 3509 Angelum
1194 3436 1345 3493 lucis
1374 3438 1446 3510 (II
1478 3439 1598 3496 Cor.
1630 3441 1732 3510 x1).

252 3525 442 3597 (Vers.
470 3525 583 3598 19.)
605 3528 670 3583 Et
689 3525 1090 3583 haereditabunt
1112 3527 1174 3581 hi
1190 3528 1287 3598 qui
1314 3527 1395 3582 ad
1414 3528 1674 3582 Austrum
1691 3531 1841 3595 sunt,

174 3621 420 3671 mentem
457 3616 602 3671 Esau
634 3631 647 3669 :
698 3619 750 3671 et
779 3616 875 3685 qui
902 3616 962 3670 in
992 3615 1401 3686 campestribus,
1460 3617 1797 3671 Philisthiim
1825 3633 1843 3671 :

172 3708 234 3761 et
259 3704 611 3777 passidebunt
638 3705 918 3774 regionem
954 3705 1238 3775 Ephraim,
1271 3712 1322 3759 et
1350 3706 1627 3775 regionem
1656 3705 1847 3760 Sama-

176 3795 321 3849 rite:
345 3798 398 3850 et
415 3795 706 3867 Benjamin
733 3792 1031 3866 possidebit
1054 3792 1279 3849 Galaad.
1312 3793 1449 3849 LXX
1475 3811 1487 3849 :
1520 3795 1585 3849 Et
1609 3795 1846 3865 posside-

179 3884 325 3939 bunt
336 3884 435 3955 qui
454 3885 516 3938 in
537 3884 983 3953 Nageb,montem
1004 3886 1149 3938 Esau
1165 3898 1178 3935 :
1200 3886 1253 3937 et
1268 3884 1368 3954 qui
1380 3883 1441 3936 in
1453 3882 1845 3954 Sephela,alie-

182 3973 447 4044 περιέκαε,
476 3980 531 4028 et
557 3971 909 4044 possidebunt
936 3979 1172 4028 montem
1203 3971 1492 4043 Ephraim,
1514 3975 1567 4028 et
1585 3988 1845 4045 campum

185 4061 562 4128 Samariaet
584 4061 896 4131 Benjamin,
920 4064 973 4116 et
996 4059 1219 4116 Galaad.
1244 4060 1491 4117 Reverso
1511 4060 1570 4115 in
1595 4077 1841 4135 regnum

181 4166 365 4207 suum
411 4150 588 4218 Iuda,
638 4149 739 4221 qui
789 4148 1071 4205 habitavit
1112 4150 1172 4204 in
1204 4150 1465 4217 Meridie,
1498 4153 1555 4205 et
1586 4149 1844 4223 possedit

182 4243 462 4296 cunctam
487 4238 808 4312 regionem,
819 4239 991 4309 juxta
1014 4237 1356 4293 divisionem
1378 4239 1518 4295 Jesu
1542 4238 1643 4293 filii
1668 4240 1840 4309 Nave,

181 4344 321 4403 qua:
347 4327 532 4400 vergit
547 4327 618 4383 ad
638 4327 1028 4399 scorpionem,
1041 4326 1101 4381 id
1118 4326 1393 4397 est,(a)ad
1411 4342 1645 4382 omnem
1669 4329 1842 4383 Acra-

182 4417 538 4483 bitthenam,
571 4416 632 4471 hi
658 4416 759 4489 qui
782 4414 947 4488 prius
971 4415 1240 4471 terminis
1262 4415 1636 4471 arctabantur
1655 4431 1842 4489 augu-

1950 3259 2061 3315 sub
2078 3258 2315 3315 nomine
2330 3258 2659 3315 Christiano
2681 3256 2995 3313 Ecclesiam
3014 3257 3304 3323 dividunt,
3318 3257 3606 3330 interpre-

1948 3348 2056 3404 tati
2086 3364 2314 3403 sumus.
2348 3348 2418 3402 Et
2448 3347 2523 3401 ibi
2557 3346 2715 3401 enim
2746 3351 3018 3417 speratur
3045 3347 3302 3411 ubertas,
3326 3351 3382 3401 et
3402 3345 3482 3401 ibi
3503 3363 3605 3402 cu-

1952 3436 2203 3491 stodiam
2236 3435 2371 3490 ﬁdei
2405 3434 2838 3506 repromittunt.
2887 3433 3063 3487 Porro
3094 3432 3421 3502 Benjamin,
3454 3434 3606 3503 ﬁlius

1949 3526 2213 3592 dextere,
2247 3528 2423 3595 atque
2452 3523 2704 3589 virtutis,
2735 3521 2834 3576 ubi
2866 3519 3176 3591 Templum
3208 3519 3305 3575 Dei
3329 3524 3437 3585 est,
3470 3537 3603 3592 pos-

1953 3613 2169 3668 sidebit
2201 3612 2426 3681 Galaad,
2475 3627 2601 3682 quae
2631 3611 3049 3681 interpretatur
3077 3610 3492 3678 transmigratio
3521 3616 3603 3664 te-

1950 3702 2219 3768 stimonii,
2235 3700 2507 3756 Israelem
2531 3714 2808 3754 carneum
2828 3696 3196 3769 significans:
3222 3698 3293 3752 ab
3311 3696 3428 3753 illis
3447 3697 3603 3753 enim

1952 3791 2025 3847 ad
2075 3806 2182 3844 nos
2229 3776 2631 3844 testimonium
2686 3786 2912 3841 Domini
2964 3785 3389 3856 commigravit.
3429 3785 3605 3841 Juxta

1952 3877 2337 3950 Septuaginta
2366 3881 2561 3932 autem
2592 3880 2650 3931 et
2678 3876 2874 3948 ipsum
2910 3873 3238 3944 Benjamin,
3271 3878 3329 3929 et
3357 3872 3598 3944 Galaad,

1952 3967 2014 4023 hi
2046 3970 2145 4039 qui
2178 3965 2393 4022 iuerint
2421 3966 2481 4021 in
2513 3965 2772 4035 Meridie,
2805 3963 3212 4035 possidebunt.

2025 4056 2211 4113 (Vera.
2232 4057 2325 4123 20,
2345 4056 2460 4127 21.)
2493 4056 2559 4110 Et
2586 4055 3003 4125 transmigratio
3031 4054 3308 4108 exercitus
3325 4053 3444 4124 ejus
3466 4052 3605 4124 ﬁlio-

1950 4162 2079 4201 rum
2109 4145 2319 4200 Israel:
2367 4146 2556 4200 omnia
2598 4143 3040 4201 Chananaeorum
3086 4158 3256 4214 usque
3300 4141 3372 4197 ad
3409 4141 3603 4214 Sarep-

1951 4236 2102 4291 tham
2145 4233 2257 4306 [AL
2303 4234 2645 4307 Saraptam].
2701 4235 2767 4288 Et
2807 4232 3231 4303 transmigratio
3280 4232 3601 4298 Jerusalem,

1949 4339 2077 4397 quae
2108 4326 2167 4379 in
2199 4327 2474 4395 Bosphoro
2496 4329 2595 4388 est,
2624 4322 2931 4394 possidebit
2949 4320 3193 4375 civitates
3221 4318 3429 4374 Austri.
3458 4320 3522 4373 Et
3547 4335 3605 4373 a-

1948 4413 2205 4469 scendent
2231 4413 2528 4468 salvatores
2556 4414 2618 4466 in
2644 4414 2831 4467 monte
2855 4410 3015 4477 Sion,
3056 4407 3321 4478 judicare
3368 4413 3603 4477 montani

180 4506 316 4574 stis,
341 4503 728 4579 possidebunt
751 4508 1011 4560 montem
1035 4503 1206 4568 Esau,
1230 4504 1288 4558 id
1311 4508 1422 4569 est,
1445 4508 1675 4560 montes
1691 4505 1838 4573 Seir,
1874 4524 1918 4590 Β
1952 4504 2135 4559 Esau:
2163 4505 2216 4559 et
2242 4503 2346 4558 erit
2375 4502 2606 4558 Domino
2636 4515 2881 4590 regnum.
2925 4496 3107 4590 bXX-z
3145 4500 3214 4590 Et
3238 4496 3600 4590 transmigra-

176 4600 241 4654 et
270 4597 553 4651 montana
581 4610 709 4666 qua:
742 4594 924 4649 Bdom
955 4596 1091 4649 ante
1119 4591 1478 4665 possederat.
1512 4591 1620 4656 Qui
1641 4595 1837 4649 autem

176 4683 534 4741 habitabant
553 4682 615 4738 in
633 4680 901 4755 Sephela,
934 4681 992 4736 id
1017 4684 1125 4751 est,
1149 4680 1208 4735 in
1234 4681 1686 4753 campestribus,
1707 4681 1839 4737 Lid-

180 4774 323 4830 dam
377 4775 435 4828 et
484 4771 788 4838 Emmaus,
845 4768 1163 4842 Diospolim
1206 4768 1449 4835 scilicet,
1481 4769 1841 4841 Nicopolim-

177 4879 298 4936 qua
326 4859 694 4935 signiﬁcans,
725 4858 1116 4932 possidebunt
1165 4857 1527 4926 Palaestinos,
1578 4858 1841 4931 quinque

180 4952 365 5008 urbes
396 4949 859 5015 Palestinorum,
904 4948 1142 5013 Gazam,
1173 4946 1540 5014 Ascalonem,
1571 4949 1837 5017 Azotum,

179 5043 466 5108 Accaron,
499 5038 673 5107 G'eth,
700 5036 792 5095 vel
821 5052 1057 5093 omnem
1085 5035 1247 5092 illam
1270 5035 1503 5109 plagam
1531 5037 1842 5109 quaajuxta

180 5135 370 5190 Actus
399 5126 813 5203 Apostolorum
843 5126 1096 5183 Saronas
1125 5124 1474 5198 appellatur.
1528 5124 1664 5182 Allii
1706 5141 1841 5183 vero

253 5397 337 5469 (a)
367 5395 608 5453 Palatia.
647 5411 818 5465 mss.,
845 5394 919 5450 ad
945 5392 1215 5469 scorpion,
1237 5393 1295 5449 id
1315 5397 1414 5469 est,
1436 5409 1649 5450 omnem
1669 5395 1839 5450 Acra-

178 5465 486 5527 bitte'.Nam
515 5468 595 5540 hi,
626 5472 761 5532 etc.,
794 5465 1163 5540 quamquam
1190 5466 1247 5521 in
1282 5465 1463 5540 altero
1510 5481 1617 5522 vox
1648 5470 1839 5540 ΔΑσνιι-

180 5542 320 5614 bitte
338 5539 711 5614 expungitur,
734 5536 838 5611 pro
862 5554 979 5611 qua
996 5536 1200 5614 'Arabia
1220 5536 1841 5614 subroga_tur_ad_mar-

179 5608 754 5687 ginemCVic'torius;
774 5608 948 5683 quem
972 5608 1299 5681 sequimur,
1327 5608 1685 5667 concinniori
1715 5624 1838 5666 cer-

1949 4594 2119 4649 tionis
2160 4592 2506 4663 principium
2547 4588 2697 4643 istud
2738 4588 2887 4658 ﬁliis,
2922 4583 3096 4641 Israel
3129 4599 3142 4637 :
3195 4588 3343 4639 terra
3393 4582 3603 4639 Chana-

1947 4697 2195 4737 nazorum
2221 4695 2392 4751 usque
2418 4677 2761 4749 Sareptham,
2791 4679 2844 4731 et
2872 4674 3282 4744 transmigratio
3298 4671 3603 4728 Jerusalem

1947 4786 2118 4841 usque
2166 4769 2518 4841 Euphratem,
2573 4764 2928 4838 possidebunt
2980 4762 3228 4818 civitates
3277 4761 3475 4833 Nageb.
3538 4763 3605 4817 Et

1949 4857 2239 4916 ascendant
2256 4856 2352 4929 qui
2370 4856 2513 4912 salvi
2539 4857 2762 4926 fuerant
2780 4853 2844 4909 de
2862 4858 3046 4910 monte
3062 4852 3199 4907 Sion
3227 4867 3241 4907 :
3275 4854 3338 4906 ut
3357 4851 3601 4922 puniant

1946 4955 2185 5005 montem
2213 4948 2381 5017 Esau,
2412 4952 2463 5001 et
2489 4946 2594 4999 erit
2615 4944 2843 4999 Domino
2865 4957 3113 5012 regnum.
3136 4938 3387 4995 Multum
3406 4937 3467 4994 in
3490 4938 3601 4995 hoc

1947 5035 2074 5093 loco
2118 5034 2429 5091 translatio
2461 5036 2661 5089 nostra
2699 5031 2990 5101 discrepat
3017 5028 3091 5083 ab
3139 5027 3408 5083 Editioue
3453 5027 3598 5083 Vul-

1948 5133 2115 5199 gata:
2150 5124 2306 5181 unde
2328 5122 2610 5179 debemus
2631 5120 2688 5174 in
2711 5117 3069 5191 expositione
3089 5116 3344 5173 historia;
3368 5115 3599 5174 Hebrai-

1946 5398 2002 5450 te
2033 5408 2231 5456 sensu,
2262 5407 2411 5459 nam,
2442 5403 2579 5445 voce
2608 5401 3040 5461 supervacanea
3069 5383 3324 5453 sublata,
3355 5399 3475 5439 una
3504 5399 3595 5439 se-

1948 5468 2306 5607 “bibisti:
2338 5547 2506 5597 mss.,
2536 5530 2679 5604 quod
2707 5529 3006 5585 certissime
3032 5529 3146 5582 scio
3174 5524 3434 5598 quotidie,
3464 5527 3599 5597 quia

1944 5608 2261 5679 completur,
2292 5608 2402 5660 etc.
