4008 6184
325 349 480 417 {illi

1568 356 1636 419 S.
1680 349 1997 419 EUSEBII
2041 349 2487 418 HIERONYMI

3587 345 3739 414 1118

323 503 451 543 cam
481 486 781 542 veritatem
813 485 999 559 sequi.
1052 486 1159 554 Qui
1198 487 1269 544 de
1299 487 1591 561 Babylone
1614 488 1785 560 juxta
1813 486 1968 542 volu-
2000 486 2050 551 Α
2083 485 2158 557 (d)
2191 486 2550 542 PHELETIM
2572 470 2840 558 (Dtuths)
2871 487 3109 544 Hebraeo
3144 501 3413 544 sermone
3434 484 3734 542 dicuntur-

321 592 453 632 men
479 576 672 631 Esdra
704 579 758 630 et
789 576 1036 632 Neemia:
1069 577 1279 633 reversi
1329 578 1559 633 fuerant
1590 578 1646 632 in
1677 577 1964 640 Judzeam,

317 665 395 735 (α)
419 669 567 719 recte
589 664 1023 736 transmigratio
1044 667 1424 720 vocabuntur.
1440 671 1616 722 Totus
1639 665 1736 720 ille
1761 663 1968 720 exerci-

316 755 412 808 tus
435 751 687 809 ﬁliorum
713 753 885 809 Israel
915 755 984 808 ad
1019 755 1318 810 Meridiem
1353 756 1610 827 quidem,
1633 759 1689 810 et
1711 755 1781 808 ad
1805 752 1965 808 Occi-

321 843 643 909 dentem,et
669 843 737 897 ad
765 844 1229 915 Septentrionem
1255 845 1640 916 possidebunt
1664 845 1964 912 Idumaeos,

317 932 470 986 383
503 937 559 986 et
589 931 948 997 Palaestinos,
981 937 1036 987 et
1068 938 1322 988 montem
1347 933 1648 1004 Ephraim,
1679 944 1735 986 et
1757 932 1965 985 Sama-

317 1020 487 1076 riam.
511 1021 814 1091 Benjamin
839 1039 1068 1093 quoque
1100 1022 1238 1093 quia
1257 1022 1503 1077 conﬁnis
1526 1028 1612 1076 est
1635 1019 1963 1075 solitudini.

316 1110 646 1181 specialiter
676 1111 960 1166 obtinebit
989 1111 1228 1166 Galaad.
1262 1111 1474 1166 Contra
1505 1111 1794 1165 Orientem
1830 1126 1961 1164 vero

315 1199 541 1255 cunctis
572 1217 699 1270 qua-3
731 1198 787 1252 in
821 1204 974 1254 terra
1009 1200 1468 1254 Chananmorum
1503 1204 1657 1266 sunt,
1707 1199 1963 1269 impera-

315 1287 464 1342 bunt
495 1304 681 1358 usque
711 1289 781 1342 ad
817 1288 1162 1360 Sareptham
1196 1288 1591 1357 Sidoniorum,
1645 1288 1738 1342 ubi
1776 1304 1962 1358 quon-

314 1377 447 1431 dam
481 1376 662 1430 Ellam
696 1377 852 1448 pavit
881 1378 1054 1432 vidua
1084 1378 1178 1444 (IV
1209 1380 1332 1448 Reg.
1365 1379 1485 1447 vn).
1541 1383 1715 1432 Porro
1764 1377 1819 1430 hi
1863 1376 1961 1448 qui

314 1465 384 1519 de
413 1464 541 1536 ipsa
567 1464 892 1520 Jerusalem
929 1465 1232 1537 metropoli
1280 1467 1510 1520 civitate
1543 1467 1808 1520 translati
1842 1467 1961 1520 tue-

312 1558 445 1608 rant
477 1554 535 1607 in
563 1554 884 1624 Sapharad,
912 1555 1062 1626 quod
1090 1573 1195 1611 nos
1219 1555 1276 1608 in
1300 1555 1637 1626 Bosphorum
1658 1555 1960 1619 vertimus,

311 1641 691 1714 psssidebunt
709 1643 968 1699 civitates
983 1644 1200 1710 Austri,
1219 1661 1342 1715 quae
1366 1648 1503 1698 sunt
1523 1645 1578 1697 in
1600 1645 1755 1698 tribu
1771 1644 1957 1698 Juda:

310 1732 522 1786 reversi
553 1732 710 1786 enim
743 1733 801 1786 in
837 1733 1039 1788 urbem
1089 1750 1280 1799 suam,
1335 1750 1401 1788 ea
1445 1749 1570 1804 qua:
1614 1732 1744 1786 urbi
1774 1732 1962 1786 vicina

310 1823 450 1874 sunt
478 1818 844 1874 obtinebunt.
871 1819 1129 1891 Cumque
1153 1819 1272 1873 haec
1303 1819 1528 1890 expleta
1550 1819 1782 1888 fuerint,
1808 1819 1961 1872 sicut
1992 1855 2039 1920 B

309 1906 370 1961 in
397 1908 674 1963 Judicum
703 1907 871 1975 libro,
908 1908 1176 1962 mittebat
1208 1907 1487 1962 Dominus
1521 1907 1834 1962 salvatores
1858 1907 1959 1977 qui

309 1995 591 2066 pbpulum
639 1996 709 2050 de
752 1995 1083 2067 captivitate
1131 1996 1459 2050 salvarent:
1504 1995 1588 2050 sic
1620 1995 1959 2062 ascendent,

309 2087 367 2138 et
395 2085 628 2139 venient
657 2084 712 2137 in
749 2089 1005 2139 montem
1037 2085 1194 2151 Sion,
1246 2089 1310 2139 ut
1341 2084 1605 2155 judicent
1635 2088 1808 2154 atque
1840 2083 1958 2139 dis-

311 2178 570 2242 cernant,
605 2173 771 2245 quasi
805 2174 1156 2244 subjectum,
1190 2177 1246 2227 et
1276 2174 1621 2229 servientem
1654 2173 1766 2227 sibi
1801 2189 1961 2227 mon-

306 2265 422 2316 tem
458 2262 629 2329 Esau,
667 2262 770 2317 hoc
801 2267 906 2330 est,
942 2263 1226 2317 Idumaeos
1257 2279 1268 2317 :
1303 2263 1751 2334 subjugatisque
1767 2261 1955 2316 omni-

308 2349 440 2417 bus,
462 2350 574 2405 erit
591 2351 834 2407 Domino
855 2368 1120 2424 regnum.
1143 2351 1243 2408 Ubi
1266 2368 1372 2406 nos
1394 2351 1703 2421 posuimus
1726 2351 1957 2421 Bospho-

306 2455 452 2506 rum,
485 2440 543 2494 in
578 2440 855 2496 Hebraico
888 2441 1063 2496 habet
1092 2441 1475 2496 SAPHABAD
1509 2439 1708 2509 (1150)
1743 2456 1754 2492 :
1799 2440 1953 2511 quod

306 2528 503 2583 nescio
553 2546 658 2584 cur
703 2530 1078 2601 Septuaginta
1126 2528 1377 2600 Ephrata
1413 2530 1729 2583 transferre
1756 2527 1953 2582 volue-

308 2615 427 2672 rint
457 2617 562 2686 [Αἰ.
596 2618 932 2690 potuerint],
967 2634 1099 2673 cum
1132 2621 1189 2673 et
1217 2617 1450 2689 Aquila,
1485 2622 1541 2672 et
1570 2616 1956 2690 Symmachus

306 2709 363 2760 et
417 2705 739 2762 Theodotio
789 2723 921 2761 cum
973 2706 1251 2762 Hebraica
1297 2706 1536 2761 veritate
1583 2706 1956 2763 concordent.

305 2793 422 2850 Nos
452 2799 649 2850 autem
681 2796 752 2850 ab
783 2796 854 2850 ab
877 2796 1133 2866 Hebraeo,
1158 2795 1254 2863 qui
1279 2812 1383 2850 nos
1407 2795 1464 2848 in
1487 2793 1799 2864 Scripturis
1822 2811 1955 2849 san-

305 2882 414 2937 ctis
465 2884 735 2948 erudivit,
791 2883 1108 2938 didicimus
1137 2883 1493 2954 bosphorum
1529 2883 1612 2938 sic
1642 2883 1866 2936 vocari:
1900 2886 1958 2937 et

307 2971 476 3042 quasi
502 2971 763 3039 Judzeus,
801 2973 933 3042 Ista,
968 2971 1177 3041 inquit,
1210 2975 1298 3026 est
1329 2971 1508 3044 regio,
1541 2971 1608 3025 ad
1645 2987 1821 3041 quam
1846 2970 1954 3024 Ha-

309 3059 553 3113 drianus
594 3058 849 3130 captivos
878 3060 1197 3115 transtulit.
1231 3061 1471 3124 Quando
1503 3076 1639 3131 ergo
1686 3058 1954 3114 Christus

306 3151 504 3202 noster
532 3147 772 3216 venerit,
805 3153 946 3203 tunc
975 3164 1278 3203 reversura
1297 3154 1385 3203 est
1407 3149 1465 3202 in
1490 3149 1752 3204 Judmam
1777 3147 1950 3202 etiam

2079 575 2223 638 Quia
2246 577 2414 644 juxta
2436 575 2765 642 historiam,
2791 582 2854 631 ut
2886 577 3204 648 potuimus,
3240 575 3612 647 interpretati
3644 592 3734 631 su-

2081 670 2290 730 mus,et
2305 664 2453 718 inter
2468 665 2840 736 confragosos
2855 666 3127 738 scopulos
3142 671 3399 720 nostram
3415 663 3738 720 naviculam

2078 753 2373 807 reximus:
2399 753 3132 826 spiritualisintelligentiaz
3154 753 3278 809 vela
3302 755 3736 826 pandamus,ut

2081 842 2251 897 flante
2288 842 2548 910 Domino,
2583 847 2639 896 ct
2667 860 2774 898 sua
2807 847 3099 898 reserante
3134 843 3430 914 mysteria,
3462 842 3573 896 laeti
3613 859 3739 914 per-

2075 930 2379 984 veniamus
2411 931 2479 984 ad
2515 935 2768 1000 portum.
2824 931 2898 986 Eo
2951 936 3209 1002 tempore
3255 948 3369 1003 quo
3425 930 3736 1000 Benjamin

2077 1020 2415 1090 possederat
2466 1020 2571 1089 (Al.
2606 1020 2950 1091 possederit]
3007 1019 3244 1086 Galaad,
3298 1019 3740 1086 transmigratio

2075 1108 2359 1162 exercitus
2383 1107 2633 1162 ﬁliorum
2662 1107 2858 1174 Israel,
2878 1109 2964 1163 vel
2990 1113 3142 1164 certe
3169 1108 3520 1180 principium
3551 1113 3745 1164 trans-

2077 1197 2443 1268 migrationis
2477 1197 2666 1252 carnei
2702 1199 2998 1268 quondam
3027 1197 3227 1262 Israel,
3249 1198 3406 1253 istud
3429 1198 3563 1262 erit,
3589 1202 3654 1250 ut
3673 1197 3746 1252 ad

2074 1285 2530 1339 Chananmorum
2590 1289 2803 1340 terram
2866 1285 3182 1357 perveniat,
3245 1290 3300 1340 et
3360 1285 3750 1357 propheticus

2074 1389 2265 1428 sermo
2297 1373 2394 1444 qui
2433 1374 2584 1427 fame
2618 1373 3056 1444 periclitabatur
3085 1374 3142 1428 in
3172 1374 3396 1438 Judaaa,
3443 1373 3746 1428 exsiccato

2072 1460 2281 1516 vellere
2303 1460 2503 1526 Israel,
2524 1461 2594 1515 ad
2620 1461 2882 1533 gentium
2905 1461 2974 1532 (e)
3000 1478 3190 1517 rorem
3210 1465 3469 1516 transeat
3493 1478 3506 1515 :
3535 1461 3753 1533 ibique

2078 1554 2371 1620 pascatur,
2405 1555 2461 1604 et
2494 1554 2710 1620 pascat,
2741 1551 2879 1604 dum
2908 1555 2966 1604 et
2987 1549 3261 1620 recipitur
3281 1567 3315 1605 a
3339 1549 3749 1618 credentibus,

2073 1646 2129 1693 et
2162 1638 2502 1711 pascitipse
2533 1639 2852 1693 credentes.
2914 1638 3202 1710 Sareptha,
3252 1637 3340 1693 vel
3386 1655 3454 1693 ex
3501 1638 3751 1694 duobus

2073 1728 2460 1799 compositum
2511 1734 2615 1794 est,
2667 1731 2723 1782 et
2775 1728 3194 1798 interpretatur
3239 1729 3494 1796 angustia
3521 1729 3744 1798 panis:

2071 1815 2158 1870 vel
2193 1833 2373 1870 unum
2408 1817 2651 1870 verbum
2686 1820 2792 1882 cst,
2825 1819 2882 1870 et
2914 1815 3265 1870 transfertur
3295 1816 3351 1870 in
3385 1816 3742 1870 incendium.

2071 1905 2344 1960 Chanaan
2376 1921 2512 1959 vero
2555 1905 2613 1958 in
2647 1901 2834 1975 σάλον,
2868 1905 2925 1958 id
2957 1909 3046 1959 est
3073 1894 3280 1968 motum
3311 1904 3590 1959 vertitur:
3625 1909 3750 1961 aut

2069 1998 2223 2049 certe
2252 1995 2568 2062 negotiator
2597 1997 2655 2047 et
2685 1993 2915 2047 humilis
2946 1991 3290 2064 appellatur.
3328 1992 3508 2064 Igitur
3530 1997 3745 2048 trans-

2071 2083 2340 2154 migratio
2365 2081 2620 2136 ﬁliorum
2649 2081 2823 2136 Israel
2848 2082 3081 2153 quando
3110 2081 3464 2136 occidentem
3487 2080 3752 2137 dimise-

2068 2172 2185 2226 rint
2213 2171 2487 2238 litteram,
2522 2175 2579 2225 et
2609 2170 2680 2224 ad
2715 2170 2987 2241 spiritum
3018 2169 3286 2225 venerint
3313 2169 3748 2241 viviﬁcantem,

2069 2260 2323 2316 movebit
2376 2264 2584 2314 cuncta
2633 2276 2760 2327 quae
2809 2259 2976 2331 Legis
3022 2264 3181 2314 sunt.
3225 2257 3624 2330 Negotiabitur
3653 2260 3744 2314 de

2065 2348 2265 2404 multis
2279 2348 2612 2420 margaritis
2628 2364 2801 2402 unam
2821 2347 3309 2418 pretiosissimam
3329 2347 3711 2418 margaritam
3725 2393 3746 2418 ,

2065 2443 2121 2494 et
2149 2439 2414 2509 deposita
2433 2437 2771 2492 Judzeorum
2796 2436 3090 2507 superbia,
3123 2435 3512 2490 humilitatem
3537 2442 3742 2492 secta-

2066 2528 2224 2582 bitur
2244 2525 2720 2595 Christianam,et
2743 2524 2880 2580 illuc
2898 2541 3086 2596 usque
3107 2525 3524 2597 perveniet,ubi
3545 2530 3745 2582 antea

2065 2615 2175 2670 fuit
2197 2614 2492 2670 tribulatio
2518 2613 2708 2685 panis,
2733 2617 2790 2668 et
2813 2612 3024 2668 mulier
3046 2611 3219 2668 vidua
3241 2631 3274 2667 a
3295 2629 3399 2668 suo
3423 2612 3746 2670 conditore

2065 2706 2294 2760 deserta
2317 2703 2607 2776 pupillum
2633 2702 2845 2757 ﬁilium
2862 2703 2956 2757 vix
2976 2701 3189 2770 alebat,
3208 2704 3273 2774 (Γ)
3296 2705 3352 2757 et
3374 2702 3469 2756 ubi
3496 2704 3750 2758 univer-

2065 2810 2130 2848 sa
2158 2792 2318 2846 illius
2349 2796 2602 2863 peccata,
2651 2795 2708 2846 et
2736 2791 2875 2846 vitia
2905 2795 3368 2846 concrementur.
3401 2790 3741 2860 Captivitas

2063 2887 2257 2937 autem
2289 2881 2408 2936 sive
2438 2879 2876 2951 transmigratio
2905 2878 3255 2944 Jerusalem,
3287 2879 3383 2935 ubi
3417 2880 3738 2951 quondam

2061 2975 2184 3026 erat
2211 2969 2356 3024 visio
2390 2969 2572 3041 pacis,
2601 2973 2658 3023 et
2686 2985 2813 3039 quae
2847 2985 3003 3023 nunc
3034 2968 3090 3022 in
3124 2972 3244 3024 toto
3279 2969 3417 3023 orbe
3447 2968 3738 3040 dispersa

2060 3066 2167 3127 est,
2201 3058 2524 3131 possidebit
2566 3056 2826 3112 civitates
2872 3057 3080 3123 austri,
3137 3055 3196 3110 id
3252 3061 3362 3123 est,
3421 3056 3734 3115 Ecclesiae

2061 3149 2216 3203 verbi
2245 3153 2301 3202 et
2332 3146 2565 3218 perfecti
2600 3146 2864 3212 luminis,
2898 3145 3168 3217 dicetque
3197 3162 3329 3200 cum
3354 3162 3573 3217 sponsa
3597 3163 3734 3218 pce-

307 3234 408 3289 illa
437 3234 760 3306 captivitas.
813 3237 1134 3291 Possumus
1183 3241 1376 3290 autem
1407 3236 1598 3291 locum
1632 3236 1953 3307 quemlibet
1983 3224 2024 3289 C
2061 3237 2289 3291 nitens:
2327 3235 2425 3291 Ubi
2451 3236 2651 3306 pascis,
2685 3235 2782 3288 ubi
2800 3234 2967 3288 cubas
2990 3236 3049 3289 in
3067 3233 3298 3290 meridie
3323 3234 3505 3305 (Cant.
3536 3251 3603 3300 ιι,
3627 3237 3738 3307 6)?

308 3323 470 3395 regni
503 3322 810 3392 Babylonis
839 3324 1180 3397 intelligere,
1215 3342 1570 3396 quamquam
1595 3330 1651 3379 et
1681 3324 1837 3379 aliud
1870 3343 1956 3379 ar-

309 3412 508 3468 bitrer.
535 3413 679 3468 Nam
699 3414 1140 3469 consuetudinis
1159 3414 1572 3486 prophetarum
1597 3418 1703 3479 est,
1720 3415 1953 3485 quando

303 3501 630 3573 loquuntur
649 3505 850 3558 contra
868 3503 1238 3574 Babylonem,
1260 3504 1636 3568 Ammonitas,
1653 3504 1952 3575 Moabitae,

304 3590 682 3662 Philisthiim,
712 3597 766 3645 et
787 3596 1024 3647 caeteras
1048 3591 1333 3661 nationes,
1360 3591 1562 3646 multis
1586 3592 1954 3646 sermonibus

303 3679 519 3752 linguae
550 3697 751 3735 eorum
786 3681 968 3746 abuti,
994 3686 1051 3735 et
1073 3697 1300 3736 servare
1327 3681 1608 3735 idiomata
1633 3680 1955 3751 provincia-

308 3785 459 3824 rum.
477 3769 621 3834 Quia
640 3786 776 3840 ergo
799 3769 1001 3840 lingua
1023 3770 1392 3842 Assyriorum
1417 3773 1702 3835 terminus,
1723 3769 1819 3840 qui
1845 3769 1953 3823 He-

307 3858 499 3912 braice
519 3862 760 3913 vocatur
780 3859 1011 3914 GEBUL
1035 3843 1227 3928 (572:),
1252 3858 1550 3928 dicitur(b)
1575 3859 1656 3912 SA
1669 3858 1953 3912 PHARAD

309 3947 531 4017 (1150,)
549 3946 703 4001 hunc
716 3963 954 4001 sensum
971 3964 1097 4001 esse
1109 3947 1373 4016 conjicio:
1392 3948 1540 4001 Tran
1551 3947 1852 4018 smigratio
1865 3947 1957 4000 Je-

311 4035 588 4100 rusalem,
614 4051 743 4104 quae
770 4035 826 4088 in
850 4034 1076 4089 cunctis
1100 4035 1364 4089 terminis
1387 4035 1840 4106 regionibusque
1863 4035 1953 4088 di-

306 4122 431 4178 visa
451 4127 560 4188 est,
578 4122 750 4176 urbes
775 4122 993 4189 Austri,
1011 4123 1067 4177 id
1090 4127 1198 4190 est,
1215 4123 1402 4178 tribus
1425 4141 1541 4178 sua:
1566 4124 1820 4195 recipiet.
1849 4124 1956 4178 Pro

310 4227 376 4265 eo
402 4214 598 4264 autem
632 4211 784 4280 quod
822 4228 928 4265 nos
961 4211 1321 4282 interpretati
1346 4229 1572 4274 sumus,
1597 4221 1646 4268 et
1666 4212 1957 4268 ascenderit

308 4299 621 4367 satvatores,
655 4301 726 4369 (ο)
756 4317 820 4353 ac
850 4301 1228 4372 Septuaginta
1257 4301 1696 4367 transtuleruct,
1725 4303 1879 4356 384
1900 4303 1957 4356 hi

309 4389 406 4459 qui
434 4389 579 4442 salvi
605 4391 833 4458 fuerint,
885 4389 942 4443 in
993 4389 1228 4444 Hebraeo
1269 4389 1552 4462 scriptum
1585 4394 1692 4454 est,
1725 4389 1956 4444 MOSIM

310 4478 629 4549 (DVWWD):
651 4477 748 4548 qui
773 4495 886 4534 non
913 4478 1213 4549 utAquila,
1229 4482 1285 4533 et
1304 4477 1958 4550 Septuaginta,etTheo-

308 4565 466 4620 dotio
488 4565 714 4637 passive
734 4565 1084 4638 σεσωσμένοι,
1102 4566 1188 4621 vel
1213 4564 1642 4637 ἀνασωζόμενοιῑ
1674 4566 1772 4621 sed
1788 4567 1959 4635 juxta
1992 4594 2034 4658 D

308 4654 728 4726 Symmachum
762 4655 1044 4725 σώζοντες,
1097 4656 1151 4709 id
1186 4660 1292 4721 est,
1329 4656 1510 4710 active
1539 4654 1840 4710 salvatores
1869 4654 1957 4708 in-

308 4742 608 4814 telligendi
631 4749 788 4798 sunt.
812 4743 1110 4815 Siquidem
1144 4743 1495 4815 σεσωσμέθοι,
1521 4743 1577 4797 id
1606 4747 1713 4810 est,
1738 4745 1959 4811 salvati,

381 4884 457 4954 (al
488 4884 704 4939 Iterum
739 4901 880 4940 mss.
917 4883 1182 4954 Palatini,
1216 4890 1359 4940 recte
1383 4885 1492 4954 filii
1517 4887 1957 4954 transmigratio-

308 4957 406 5081 ἓίῖ
425 4956 794 5081 vagabantur:
831 4959 888 5010 et
917 4955 1089 5027 paulo
1119 4962 1251 5027 post
1268 4957 1635 5026 possederunt,
1663 4975 1765 5027 pro
1784 4975 1958 5029 pass:-

345 5044 372 5081 ε
410 5044 483 5080 un
518 5069 529 5080 .

345 5035 529 5081 ebunt.

380 5098 765 5169 (blNotatum
798 5097 1014 5153 criticis
1045 5097 1201 5164 viris,
1248 5099 1476 5169 Sephar,
1520 5115 1633 5153 non
1678 5098 1961 5158 δευΙιαναά

311 5168 590 5293 appellari
616 5171 915 5224 terminum
941 5168 1532 5242 Assyriorum’lingua
1557 5187 1568 5224 ;
1601 5172 1831 5225 tametsi
1859 5188 1960 5227 nec

312 5239 324 5292 i
404 5241 664 5293 pronric:
709 5257 841 5293 nam
902 5241 1276 5293 Grammatici
1337 5247 1632 5293 exnonunt
1676 5243 1956 5293 dicentes.

312 5239 664 5312 id’proprie;
709 5257 841 5294 nam
873 5239 1276 5312 (Grammatici
1337 5239 1632 5312 exponunt
1676 5243 1956 5309 dicentes,

313 5328 440 5383 esse
471 5316 681 5366 terram
709 5311 1079 5383 populorum,
1111 5331 1234 5383 quae
1255 5311 1443 5367 vicina
1465 5313 1539 5366 sit
1559 5319 1722 5368 terra:
1747 5314 1956 5368 Israel:

313 5381 601 5437 interdum
636 5381 829 5438 autem
865 5383 1031 5438 aliter
1058 5381 1364 5454 explicant,
1400 5390 1464 5438 ut
1483 5400 1613 5438 cum
1640 5385 1842 5439 dicunt
1869 5402 1961 5440 es-

315 5469 374 5508 se
404 5453 693 5508 civitatem
725 5455 974 5509 vicinam
1023 5453 1189 5521 mari,
1245 5456 1303 5510 id
1357 5460 1445 5510 est
1488 5455 1862 5511 maritimam.
1897 5457 1959 5511 In

313 5523 518 5598 J_osue_
549 5525 714 5598 littus
761 5527 942 5580 maris
993 5528 1300 5598 exponitur
1338 5528 1409 5580 ab
1440 5527 1754 5597 interprete
1785 5527 1959 5582 Chal-

315 5595 435 5671 daeo
489 5595 696 5671 sep/car
744 5599 978 5671 iamma.
1039 5595 1305 5671 Drusius
1340 5599 1481 5671 adeo
1541 5595 1958 5671 Hieronymum

316 5663 790 5720 hallucinationis
823 5673 1058 5722 accusat
1085 5671 1156 5724 ob
1185 5668 1341 5724 vocis
1363 5669 1671 5741 utriusque
1691 5663 1963 5726 similitu-

2062 3326 2131 3380 Et
2161 3340 2293 3378 cum
2323 3322 2536 3394 Joseph
2572 3323 2630 3378 in
2661 3323 2962 3394 antiquam
2987 3323 3436 3396 germanitatem
3461 3329 3732 3396 recepta,

2064 3412 2448 3468 inebriabitur
2481 3411 2766 3483 sanguine
2799 3411 3068 3482 pastoris,
3090 3414 3176 3476 ,et
3208 3410 3510 3483 principis.
3556 3411 3730 3475 Quod

2065 3503 2213 3558 385
2259 3501 2306 3556 si
2343 3503 2515 3571 juxta
2546 3499 2931 3572 Septuaginta
2960 3499 3213 3570 Ephrata
3242 3500 3515 3571 legimus,
3569 3501 3730 3556 nulli

2064 3591 2309 3646 dubium
2332 3593 2438 3655 est,
2471 3589 2614 3660 quin
2637 3587 2854 3644 Christi
2880 3588 3245 3660 intelligatur
3267 3589 3431 3643 ﬁdes.
3465 3588 3727 3659 Ephrata

2064 3680 2219 3736 enim
2267 3679 2682 3750 interpretatur
2727 3676 3093 3753 καρποφορία,
3140 3677 3199 3731 in
3245 3682 3352 3748 est,
3387 3678 3618 3743 ubertas,
3655 3682 3717 3731 et

2066 3766 2348 3840 δυώνυμος
2382 3773 2491 3834 est,
2525 3766 2968 3838 appellaturque
2991 3765 3310 3832 Bethleem,
3335 3767 3391 3820 in
3415 3783 3528 3837 qua
3546 3771 3718 3822 ortus

2065 3865 2153 3915 est
2182 3857 2429 3913 caelestis
2460 3856 2649 3928 panis.
2685 3856 2786 3910 liis
2819 3860 3015 3910 autem
3051 3855 3133 3910 ita
3160 3854 3364 3926 gestis,
3401 3855 3730 3911 ascendant

2065 3949 2379 4004 salvatores
2399 3945 2488 3999 vel
2513 3945 2608 4016 qui
2642 3944 2845 3999 salvati
2877 3945 3095 3999 fuerint
3125 3945 3196 3999 de
3226 3943 3490 4013 reliquiis
3519 3944 3728 4016 populi

2063 4035 2290 4093 Judaici
2324 4036 2382 4088 in
2417 4039 2669 4089 montem
2694 4033 2855 4102 Sion,
2881 4037 2946 4087 ut
2967 4032 3258 4103 judicent,
3282 4037 3339 4087 et
3357 4031 3732 4089 ulciscantur

2067 4129 2321 4181 montem
2355 4125 2524 4178 Esau.
2549 4120 3075 4186 Quomodolumcn
3099 4120 3379 4177 Dominus
3401 4121 3596 4177 lucem
3621 4139 3731 4195 ap-

2067 4213 2240 4286 pellat
2266 4210 2571 4282 Apostolos
2603 4227 2763 4276 suos,
2797 4214 2854 4264 et
2883 4209 3058 4265 dicit:
3095 4209 3190 4265 Vos
3217 4211 3352 4264 estis
3383 4210 3486 4265 lux
3522 4211 3733 4266 mundi

2066 4305 2248 4375 (Matt.
2281 4317 2335 4366 v,
2375 4300 2458 4368 14)
2485 4316 2496 4351 :
2535 4303 2590 4353 et
2620 4299 2749 4369 ipsa
2781 4303 2942 4370 petra
2972 4298 3138 4354 Petro
3171 4297 3422 4366 donarit,
3455 4304 3528 4353 ut
3558 4305 3733 4370 petra

2067 4391 2180 4455 sit;
2211 4393 2408 4459 pastor
2431 4403 2662 4458 quoque
2687 4386 2874 4441 bonus
2897 4385 3015 4441 illis
3036 4390 3336 4458 pastorum
3357 4385 3613 4459 largitus
3643 4395 3738 4445 est

2067 4477 2340 4533 nomina:
2375 4481 2430 4531 et
2461 4476 2870 4547 quodcumque
2899 4475 3114 4530 dicitur
3143 4475 3214 4530 de
3244 4492 3333 4546 eo,
3383 4475 3570 4531 servis
3623 4478 3737 4533 tri-

2067 4567 2195 4622 buit
2223 4569 2287 4619 ut
2311 4565 2582 4618 dicantur
2612 4580 2624 4618 :
2674 4563 2756 4618 sic
2787 4563 2913 4635 ipse
2942 4562 3204 4618 Salvator
3241 4563 3556 4635 Apostolos
3586 4581 3738 4622 suos

2069 4653 2274 4710 mundi
2301 4668 2428 4708 esse
2457 4651 2638 4708 voluit
2668 4651 3004 4719 salvatores,
3039 4651 3140 4724 qui
3174 4653 3491 4708 ascendere
3523 4670 3741 4726 specu-

2067 4744 2183 4799 lam
2217 4741 2432 4796 montis
2461 4739 2753 4807 Ecclesiae,
2786 4744 2842 4795 et
2871 4741 3228 4813 deponentes
3258 4741 3600 4814 superbiam
3624 4743 3741 4800 Ju-

2067 4886 2287 4941 dinem.

2140 4957 2206 5028 (c)
2230 4954 2475 5028 Copula,
2495 4969 2593 5028 _ac,
2627 4954 2859 5028 deerat:
2896 4970 3023 5028 quae
3054 4953 3736 5028 sequunturinterpun-

2067 5023 2277 5084 ctionis
2292 5023 2634 5080 laborabant
2652 5023 2808 5080 vitio.
2825 5023 2935 5080 Pro
2954 5023 3406 5081 Mosim'Palatini
3429 5023 3734 5083 mssfcum

2069 5098 2286 5168 duplici
2316 5099 2338 5151 i
2368 5097 2593 5168 legunt,
2625 5095 2855 5168 Mosiim,
2889 5097 3044 5168 quod
3078 5113 3193 5152 non
3224 5097 3517 5168 improbo.

2140 5120 2144 5154 ι
2193 5118 2286 5154 llCl
2316 5118 2337 5151 ι
2368 5118 2593 5168 tegunt,
2625 5118 2855 5163 musam,
2889 5118 3044 5168 quoa
3078 5118 3193 5152 non
3224 5118 3485 5168 Impronc

2140 5118 2215 5314 (Et)
2250 5169 2430 5224 Iidem
2462 5184 2625 5238 mss.,
2662 5167 2939 5223 fortassse
2970 5168 3210 5238 rectius,
3242 5169 3485 5224 Flettim.

2163 5250 2210 5314 e)
2242 5246 2349 5294 Pro
2382 5255 2581 5314 rorem,
2607 5255 2793 5314 quam
2825 5255 3046 5314 vocem,
3071 5244 3312 5314 cogente
3341 5245 3485 5314 rectc

2163 5250 2210 5314 e)
2242 5246 2349 5294 Pro
2382 5255 2581 5314 rorem,
2607 5255 2793 5314 quam
2825 5255 3046 5314 vocem,
3071 5244 3312 5314 cogente
3341 5245 3497 5314 recto
3525 5255 3733 5314 sensu,

2069 5309 2310 5368 ex'mss.
2345 5309 2779 5376 substituimus,
2827 5310 3110 5366 hactenus
3141 5309 3396 5366 obtinuit
3425 5328 3589 5366 rura.
3623 5309 3730 5366 V84

2069 5401 2199 5438 rum
2233 5383 2374 5452 nihil
2395 5382 2486 5436 hic
2517 5385 2641 5436 erat
2660 5397 2767 5436 vox
2786 5379 3009 5449 isthzec,
3034 5398 3138 5438 nec
3166 5381 3363 5438 velleri
3384 5381 3726 5438 Judaaorum

2069 5456 2351 5512 exsiccato
2381 5453 2800 5524 opponebatur,
2853 5470 2980 5523 qua:
3030 5471 3207 5510 causa
3252 5453 3362 5509 fuit
3414 5459 3484 5509 ut
3532 5455 3722 5510 locum

2069 5527 2381 5583 emendare
2414 5541 2526 5579 non
2559 5524 2986 5580 dubitaremus.

2103 5617 2105 5619 ‘
2140 5600 2206 5670 (Ῑ)
2237 5598 2343 5654 Alii
2375 5596 2515 5652 editi
2545 5594 2703 5663 libri,
2735 5599 2794 5651 ut
2827 5597 3120 5654 universae.
