3988 6170
196 326 344 388 1121

998 327 1747 393 COMMENTARIORUM
1792 329 1872 390 ΙΝ
1917 323 2182 392 JONAM
2226 327 2485 392 LIBER.
2534 328 2708 393 CAP.
2756 333 2803 392 l.

3445 337 3616 400 41%

193 459 312 515 sive
338 459 528 515 dolens
557 460 899 534 (utrumque
924 462 1082 518 enim
1114 463 1549 536 interpretatur,
1583 463 1670 519 vel
1704 463 1843 536 quia
1873 465 1926 529 Α
1956 465 2238 533 tempore,
2272 463 2595 519 verebatur.
2618 465 2780 520 Uude
2811 465 3077 521 imitatus
3107 466 3248 522 Cain
3274 468 3458 524 Jonas
3485 469 3610 541 (Ge-

193 548 447 620 Spiritus
495 554 737 606 sanctus
780 550 839 606 in
891 553 1081 623 specie
1142 552 1422 608 columba:
1449 553 1768 620 descendit,
1794 557 1851 608 et

193 637 414 693 mansit
471 638 531 693 in
587 655 652 694 eo
675 640 825 707 (Luc.
860 642 995 711 xix),
1029 641 1116 696 vel
1141 640 1240 713 qui
1263 642 1479 697 nostris
1511 641 1697 697 doluit
1727 642 1850 712 ipse

191 724 558 792 vulneribus,
588 731 647 782 et
669 727 824 782 ﬂevit
853 745 1030 800 super
1057 728 1405 797 Jerusalem,
1438 733 1494 783 et
1517 727 1693 783 livore
1723 730 1849 798 ejus

191 814 385 872 sanati
418 831 624 870 sumus
655 817 817 886 (Isai.
855 818 971 886 LIII)
1001 835 1012 871 :
1054 834 1184 872 vere
1209 816 1365 872 filius
1389 816 1675 882 veritatis;
1697 818 1851 872 Deus

192 903 414 975 quippe
444 905 659 961 veritas
690 906 825 977 est),
859 907 1112 960 mittitur
1142 908 1212 961 ad
1241 907 1487 961 Niniven
1521 906 1847 978 pulchram,

189 993 246 1047 id
280 998 392 1061 est,
429 993 738 1062 mundum,
774 1011 889 1065 quo
921 995 1064 1048 nihil
1109 994 1413 1067 pulchrius
1444 994 1628 1049 oculis
1659 995 1852 1050 carnis

189 1081 299 1152 [ΑΙ.
328 1081 579 1152 carneis]
631 1083 952 1154 aspicimus
1000 1085 1176 1155 (Joan.
1228 1087 1366 1155 xw).
1416 1085 1581 1139 Unde
1612 1089 1668 1138 et
1697 1085 1850 1156 apud

190 1169 422 1225 Graecos
441 1171 513 1225 ab
528 1175 735 1226 ornatu
762 1189 975 1228 nomen
998 1174 1221 1244 accepit
1238 1175 1315 1244 (a)
1328 1171 1534 1244 κόσμος
1553 1190 1564 1227 :
1587 1190 1855 1228 consum-

191 1259 491 1332 matisque
522 1260 798 1332 operibus
829 1261 1190 1334 singulis,de
1221 1280 1286 1318 eo
1318 1263 1496 1318 dicit:
1535 1264 1686 1318 Vidit
1717 1264 1855 1318 Deus

187 1349 322 1419 quia
358 1348 556 1405 bonum
586 1351 779 1406 est.Ad
801 1351 1071 1420 Niniven,
1103 1352 1369 1424 inquam,
1401 1353 1694 1407 civitatem
1731 1369 1854 1406 ma-

187 1453 396 1509 gnam,
430 1443 494 1494 ut
517 1439 656 1511 quia
677 1439 854 1496 Israel
885 1441 1089 1496 audire
1119 1441 1492 1512 contempsit,
1525 1445 1682 1496 totus
1712 1457 1854 1512 gen-

184 1525 342 1580 tium
412 1528 675 1583 mundus
733 1528 1026 1584 exaudiat.
1080 1529 1148 1583 Et
1203 1529 1313 1584 hoc
1364 1534 1685 1601 propterea,
1719 1529 1858 1600 quia

185 1615 527 1670 ascenderit
547 1615 774 1672 malitia
813 1618 942 1688 ejus
966 1634 1160 1673 coram
1187 1617 1323 1674 Deo.
1359 1618 1501 1673 Cum
1523 1617 1678 1673 enim
1704 1617 1857 1672 Deus

186 1703 372 1776 quasi
403 1705 724 1776 quamdam
746 1705 1204 1778 pulcherrimam
1235 1708 1388 1763 ειη
1414 1707 1654 1762 domum
1679 1706 1856 1762 servi-

1958 568 2073 606 nes.
2108 552 2207 620 ιν),
2242 557 2300 606 et
2331 554 2610 608 recedens
2642 572 2673 608 ει
2733 554 2874 610 facie
2917 555 3167 623 Domini,
3206 557 3404 629 fugere
3433 558 3619 614 voluit

1961 638 2020 692 in
2054 639 2316 704 Tharsis,
2352 657 2526 711 quam
2557 643 2849 713 Josephus
2877 643 3290 715 interpretatur
3322 646 3612 703 Tharsum

1961 727 2174 783 Cilicia:
2197 729 2792 803 civitatem,(c)prima
2805 737 2998 787 tamen
3014 732 3206 788 littera
3222 741 3615 791 commutata:

1961 823 2250 887 quantum
2281 835 2413 873 vero
2446 820 2504 873 in
2529 820 3009 891 Paralipomenon
3045 821 3207 876 libris
3240 822 3485 896 intelligi
3517 826 3618 880 da-

1963 910 2078 972 tur,
2114 906 2352 976 quidam
2380 907 2543 962 locus
2567 908 2738 962 Indian
2789 909 2870 962 sic
2893 914 3147 963 vocatur.
3184 915 3358 965 Porro
3392 912 3618 967 Hebraei

1960 1010 2202 1048 TIIARSIS
2237 995 2516 1064 ($723111),
2553 1013 2710 1050 mare
2771 997 2883 1051 dici
2931 999 3276 1068 generaliter
3306 1005 3621 1055 autumant

1965 1083 2183 1136 secund
2197 1100 2292 1137 um
2329 1083 2498 1138 illud:
2529 1089 2592 1139 In
2611 1085 2824 1152 spiritu
2842 1089 3500 1160 vehementiconfringes
3519 1107 3618 1144 na-

1964 1186 2056 1225 ves
2094 1171 2333 1227 ’I‘harsis
2357 1175 2472 1244 (Ps.
2506 1191 2673 1242 XLVII,
2707 1174 2784 1244 8),
2811 1173 2868 1227 id
2893 1179 3002 1242 est,
3026 1177 3307 1230 maris.Et
3339 1177 3396 1230 in
3432 1177 3618 1234 Isaia:

1971 1261 2226 1324 Utulate,
2281 1279 2456 1316 naves
2521 1262 2755 1318 Tharsis
2799 1264 2952 1334 (Isai.
3015 1282 3075 1330 ιι,
3133 1266 3236 1336 14).
3293 1267 3476 1338 Super
3506 1283 3622 1338 quo

1965 1353 2100 1403 ante
2129 1367 2315 1404 annos
2347 1350 2631 1422 plurimos
2689 1353 2744 1406 in
2775 1352 3019 1424 epistola
3075 1355 3330 1425 quadam
3358 1355 3429 1410 ad
3461 1354 3621 1410 Mar-

1967 1437 2174 1492 cellam
2207 1439 2425 1494 dixisse
2456 1456 2548 1494 me
2579 1440 2816 1495 memini
2843 1459 2855 1496 :
2889 1442 3012 1496 Non
3039 1443 3219 1513 igitur
3239 1443 3525 1514 propheta
3547 1445 3618 1500 ad

1971 1531 2195 1581 certum
2222 1527 2418 1599 fugere
2440 1528 2914 1599 cupiebatlocum
2938 1548 2949 1597 ;
2978 1531 3078 1586 sed
3095 1531 3622 1604 mareingrediens,

1977 1632 2348 1688 quocumque
2381 1634 2616 1689 pergere
2649 1618 2956 1674 festinabat
2989 1636 3001 1672 :
3036 1624 3092 1676 et
3125 1620 3312 1693 magis
3343 1621 3451 1676 hoc
3483 1638 3620 1678 con-

1971 1705 2130 1758 venit
2160 1705 2422 1776 fugitivo,
2458 1712 2513 1759 et
2543 1705 2768 1777 timido,
2822 1724 2934 1762 non
2968 1707 3162 1762 locum
3215 1710 3363 1782 fugae
3424 1710 3624 1766 otiosae

1970 1791 2180 1864 eligere
2208 1811 2221 1858 ;
2243 1795 2338 1848 sed
2361 1794 2608 1872 primam
2629 1797 2992 1850 occasionem
3017 1797 3268 1868 arripere
3290 1799 3624 1870 navigandi.

1978 1880 2094 1935 Hoc
2126 1898 2358 1952 quoque
2409 1899 2723 1953 possumus
2767 1885 2976 1950 dicere,
3028 1886 3126 1955 qui
3162 1891 3360 1940 notum
3393 1891 3623 1942 tantum

185 1798 330 1848 turo
379 1793 491 1849 sibi
528 1793 752 1850 homini
784 1794 1153 1862 exstruxerit,
1189 1797 1543 1867 depravatus
1574 1795 1858 1850 esthomo

188 1882 441 1954 propria
460 1881 842 1951 voluntate,et
863 1901 896 1939 a
917 1884 1167 1955 pueritia
1195 1884 1506 1956 diligenter
1529 1884 1860 1956 appositum

187 1975 289 2027 est
321 1971 392 2026 ad
416 1971 638 2027 malum
669 1989 767 2028 cor
811 1974 940 2044 ejus
962 1972 1113 2043 (Gen.
1142 1974 1301 2043 vni):
1330 1973 1640 2045 posuitque
1671 1973 1729 2027 in
1761 1989 1866 2028 ca:-

196 2058 331 2114 lum
358 2076 422 2115 os
443 2077 644 2126 suum,
673 2066 728 2115 et
750 2066 1046 2117 exstructa
1069 2067 1224 2116 turre
1257 2062 1543 2134 superbiae
1567 2063 1722 2130 (Gen.
1764 2062 1863 2133 xu),

194 2153 467 2204 meretur
523 2150 595 2204 ad
654 2166 715 2204 se
767 2149 1217 2205 descendentem
1270 2150 1481 2205 Filium
1515 2151 1635 2220 Dei,
1671 2157 1734 2206 ut
1767 2168 1867 2223 per

194 2237 283 2308 (b)
313 2237 664 2310 pcenitentite
689 2238 920 2293 ruinam
943 2239 1298 2294 conscendat
1317 2240 1386 2294 ad
1410 2238 1745 2311 cmlum,qui
1768 2257 1868 2312 per

195 2330 497 2382 tumorem
527 2327 810 2398 superbiae
837 2328 943 2396 [AL
977 2327 1194 2398 subire]
1225 2345 1337 2382 non
1371 2328 1578 2399 potuit.

281 2417 345 2470 Et
371 2417 618 2471 surrexit
640 2418 828 2482 Jonas,
863 2426 922 2471 ut
943 2419 1156 2487 fugeret
1187 2419 1248 2471 in
1281 2417 1492 2471 Tharsis
1523 2435 1556 2471 a
1585 2419 1728 2488 facie
1755 2418 1864 2471 Do-

197 2505 373 2560 mini.
396 2505 536 2561 LXX
557 2505 848 2562 similiter.
875 2505 991 2561 Scit
1019 2506 1320 2578 propheta,
1355 2510 1556 2561 sancto
1589 2505 1700 2560 sibi
1732 2505 1864 2577 Spi-

199 2593 326 2649 ritu
349 2595 883 2666 suggerente,quod
909 2595 1250 2666 poenitentia
1279 2594 1564 2666 gentium,
1587 2594 1758 2649 ruina
1789 2593 1866 2649 sit

196 2682 797 2738 Judaorumldcirco
821 2688 1046 2738 amator
1069 2682 1267 2754 patriae
1296 2700 1434 2748 sua},
1471 2699 1584 2737 non
1618 2689 1736 2738 tam
1769 2700 1863 2738 sa-

199 2770 319 2827 luti
344 2770 564 2826 invidet
584 2771 807 2841 Ninive,
841 2788 1020 2843 quam
1073 2788 1185 2827 non
1209 2771 1333 2825 vult
1361 2772 1548 2843 perire
1581 2772 1861 2843 populum

212 2875 418 2916 suum.
451 2858 722 2931 Alioquin
764 2859 981 2931 legerat
1001 2861 1236 2932 Moysen
1268 2860 1737 2932 rogantedixisse
1760 2877 1862 2932 pro

1976 1971 2219 2041 putabat
2279 1971 2335 2024 in
2369 1972 2570 2026 Judzea
2605 1972 2786 2027 Deum
2848 1974 3019 2041 (Psat.
3055 1974 3238 2044 Lxxv),
3272 1979 3328 2030 et
3355 1975 3411 2030 in
3452 1976 3627 2032 Israel

1975 2074 2253 2129 magnum
2287 2077 2498 2115 nomen
2562 2062 2708 2130 ejus,
2771 2067 3080 2132 postquam
3143 2061 3308 2118 illum
3351 2065 3536 2119 sensit
3567 2065 3625 2120 in

1976 2145 2272 2213 ﬂuctibus,
2307 2149 2637 2214 confitetur,
2671 2155 2726 2203 et
2755 2150 2932 2205 dicit:
2975 2151 3239 2207 llebraaus
3265 2169 3369 2224 ego
3397 2170 3542 2219 sum,
3572 2163 3630 2210 et

1973 2235 2268 2289 Dominum
2296 2237 2422 2291 eteli
2443 2253 2553 2307 ego
2583 2238 3034 2310 timeo,gui/ecit
3059 2257 3227 2294 mare
3256 2247 3310 2294 et
3340 2242 3587 2298 aridam
3612 2260 3624 2297 :

1976 2322 2023 2376 si
2057 2328 2252 2378 autem
2288 2325 2410 2395 ipse
2444 2327 2574 2379 fecit
2606 2343 2762 2380 mare
2799 2331 2855 2380 et
2872 2327 3122 2393 aridam,
3145 2345 3250 2382 cur
3282 2330 3506 2386 aridam
3541 2349 3627 2388 re-

1972 2409 2248 2482 linquens
2280 2412 2582 2468 arbitraris
2612 2419 2665 2468 te
2723 2414 3080 2470 conditorem
3147 2417 3326 2472 maris
3387 2419 3445 2473 in
3479 2419 3625 2474 mari

1975 2517 2147 2570 posse
2174 2500 2392 2555 vitare?
2435 2501 3069 2573 Simulqueinstruitur
3088 2521 3190 2576 per
3213 2505 3461 2562 salutem
3487 2525 3624 2564 con-

1971 2589 2421 2660 versionemque
2463 2595 2796 2659 nautarum,
2829 2592 3006 2646 etiam
3038 2596 3260 2648 tantam
3294 2594 3624 2651 multitudi-

1973 2694 2106 2742 nem
2155 2677 2356 2732 Ninive
2389 2679 2568 2734 simili
2596 2696 2762 2750 posse
2786 2680 2862 2750 (d)
2894 2680 3259 2736 confessione
3284 2681 3513 2738 salvari.
3552 2686 3628 2741 De

1973 2765 2217 2820 Domino
2236 2771 2431 2821 autem
2456 2773 2509 2822 et
2527 2767 2818 2823 Salvatore
2849 2773 3045 2824 nostro
3070 2787 3386 2841 possumus
3410 2772 3623 2842 dicere,

1973 2854 2125 2926 quod
2158 2854 2448 2910 dimiserit
2501 2856 2765 2920 domum,
2824 2869 2881 2912 et
2910 2858 3160 2929 patriam
3221 2876 3413 2926 suam,
3444 2866 3502 2916 et
3529 2879 3626 2918 as-

198 2965 272 3004 eo
297 2967 316 3004 :
341 2948 399 3002 Si
422 2947 656 3003 dimittis
682 2951 736 3004 ei
782 2953 1079 3020 peccatum,
1131 2949 1344 3003 dimitte
1363 2967 1380 3002 :
1408 2951 1498 3003 sin
1545 2957 1723 3005 autem
1753 2965 1859 3005 non

203 3036 520 3103 dimittis,et
550 3053 635 3092 me
664 3035 788 3093 dele
807 3037 872 3093 de
896 3038 1033 3105 libro
1061 3041 1338 3109 tuo,quem
1367 3039 1638 3109 scripsisti
1669 3037 1857 3108 (Exod.

209 3141 394 3189 xxxu,
425 3124 509 3195 31,
539 3124 649 3196 32),
681 3131 736 3180 et
783 3127 855 3180 ad
890 3142 1087 3197 preces
1137 3125 1297 3181 illius
1327 3131 1618 3181 servatum
1660 3126 1858 3195 Israel,

1973 2948 2208 3014 sumpta
2229 2960 2422 3014 carne,
2457 2945 2890 3015 quodammodo
2921 2946 2992 3000 de
3024 2947 3356 3003 cmlestibus
3387 2949 3620 3021 fugerit,

1969 3032 2306 3103 veneritque
2351 3033 2410 3087 in
2439 3032 2698 3104 Tharsis,
2725 3033 2830 3089 hoc
2862 3039 2970 3105 est,
3004 3035 3064 3090 in
3095 3052 3254 3091 mare
3275 3037 3429 3092 394
3456 3037 3626 3096 istius

1971 3120 2186 3188 saeculi,
2221 3122 2544 3176 secundum
2602 3123 2755 3193 quod
2817 3122 2955 3178 alibi
3016 3124 3264 3180 dicitur:
3315 3131 3435 3182 Hoc
3460 3144 3625 3184 mare

211 3218 274 3269 et
308 3213 538 3286 Moysen
587 3214 658 3270 dc
679 3214 830 3269 libro
853 3231 966 3269 non
992 3214 1171 3270 fuisse
1200 3213 1630 3286 deletum,quin
1664 3216 1858 3286 potius
1889 3204 1931 3269 C
1969 3225 2245 3278 magnum
2274 3217 2325 3265 et
2354 3213 2699 3283 spatiosum,
2731 3212 2812 3267 ibi
2843 3214 3107 3284 reptitia,
3131 3231 3374 3286 quorum
3401 3232 3509 3272 non
3537 3224 3620 3273 est

195 3301 520 3359 Dominum
544 3303 904 3358 occasionem
937 3303 1224 3374 accepisse
1257 3320 1358 3374 per
1383 3320 1635 3368 servum,
1658 3309 1724 3358 ut
1756 3321 1864 3360 c33-
1970 3315 2264 3355 numerus.
2301 3301 2609 3357 Animalia
2638 3301 2846 3370 pusilla
2873 3318 3001 3358 cum
3033 3305 3266 3374 magnis,
3293 3306 3420 3361 illic
3451 3323 3624 3364 naves

193 3391 344 3448 teris
375 3391 674 3447 conservis
718 3391 878 3446 illius
909 3395 1188 3463 parceret.
1223 3391 1371 3446 Dum
1404 3392 1558 3446 enim
1592 3393 1748 3462 dicit,
1782 3393 1862 3448 di-
1945 3391 2398 3468 .pertransibunt
2447 3387 3090 3462 [ALperambuIabunt].
3116 3397 3304 3449 Draco
3325 3397 3432 3449 iste
3458 3413 3624 3468 quem

191 3481 379 3536 miitte
409 3497 514 3549 me,
547 3479 800 3535 ostendit
852 3496 913 3536 se
943 3497 1114 3552 posse
1173 3480 1430 3534 retineri.
1466 3481 1605 3536 Tale
1636 3482 1776 3552 quid
1808 3486 1864 3536 et
1971 3478 2253 3549 formasti
2270 3476 2732 3533 adittudendum
2757 3481 2816 3533 ei
2836 3480 3154 3549 (Ps.cm,?.5
3177 3482 3370 3552 seqq.)
3406 3483 3622 3540 Idcirco

189 3568 520 3642 Apostolus
547 3568 838 3640 loquitur:
877 3569 1154 3640 Optabam
1181 3569 1472 3624 anathema
1489 3585 1602 3624 esse
1624 3584 1724 3640 pro
1743 3572 1860 3639 fra-
1971 3565 2126 3620 enim
2160 3570 2216 3619 et
2247 3570 2301 3620 in
2328 3565 2597 3637 passione
2629 3565 2856 3621 dicebat
2880 3585 2892 3621 ε
2919 3569 3117 3636 Pater,
3142 3570 3199 3624 si
3225 3571 3487 3640 possibile
3516 3582 3620 3643 est,

186 3659 377 3713 tribus
396 3659 653 3728 meis,qui
675 3662 805 3712 sunt
825 3659 1102 3714 Israelita:
1120 3657 1417 3712 secundum
1437 3673 1661 3713 carnem
1683 3659 1858 3728 (Rom.
1970 3659 2238 3708 transeat
2267 3670 2335 3708 ca
2348 3655 2440 3708 lia:
2471 3656 2577 3708 iste
2606 3672 2642 3709 ιι
2669 3670 2760 3708 me
2783 3674 2801 3708 :
2835 3673 2906 3710 ne
2938 3655 3150 3726 populo
3183 3658 3616 3714 conclamante:

189 3763 279 3813 ix,
309 3747 386 3817 3).
419 3746 543 3801 Non
573 3747 729 3818 quod
789 3746 915 3818 ipse
975 3746 1161 3818 perire
1205 3745 1516 3812 desideret,
1551 3747 1642 3800 cui
1674 3745 1862 3802 vivere
1973 3742 2265 3812 Cruci/ige,
2297 3743 2561 3812 crueiﬁge
2607 3744 2788 3798 tatem
2831 3745 2986 3811 (Luc.
3037 3762 3175 3812 xxn,
3227 3747 3337 3817 42).
3373 3746 3476 3800 Et:
3508 3751 3625 3803 Nos

189 3833 466 3891 Christus
487 3839 595 3901 est,
629 3839 685 3890 et
710 3834 1108 3890 morilucrum
1133 3835 1399 3906 (Philipp.
1434 3837 1514 3906 1);
1550 3836 1647 3890 sed
1675 3835 1862 3906 magis
1969 3848 2080 3886 non
2112 3832 2388 3887 habemus
2420 3848 2610 3901 regem
2651 3832 2764 3886 nisi
2797 3831 3084 3889 Ca’sarem
3134 3835 3321 3905 (Joan.
3359 3851 3472 3900 XIX,
3509 3836 3618 3907 15),

188 3929 464 3979 meretur
484 3922 685 3991 vitam,
722 3924 861 3978 dum
887 3923 1110 3979 salvare
1150 3922 1273 3978 vult
1296 3927 1552 3979 crateres.
1583 3927 1863 3980 Praeterea
1971 3921 2269 3992 plenitudo
2301 3920 2562 3993 gentium
2578 3921 3025 3987 subintraret,et
3048 3922 3452 3994 frangerentur
3472 3923 3621 3980 rami

189 4013 406 4068 videns
435 4012 618 4069 Jonas
652 4012 1100 4084 comprophetas
1127 4030 1266 4067 suos
1297 4012 1448 4067 mitti
1471 4014 1540 4066 ad
1566 4031 1700 4068 oves
1731 4029 1860 4084 per-

192 4102 357 4158 ditas
381 4102 590 4156 domus
617 4100 885 4169 Israel,ut
908 4101 976 4156 ad
1007 4102 1407 4172 paenitentiam
1433 4101 1713 4174 populum
1736 4119 1861 4173 pro-

192 4190 735 4259 vocarent,Balaam
759 4207 992 4262 quoque
1041 4191 1305 4245 divinum
1329 4191 1398 4246 de
1416 4189 1604 4246 salute
1636 4191 1859 4247 Israeli-

195 4278 301 4334 tici
335 4278 534 4352 populi
567 4278 946 4351 prophetasse
1008 4283 1192 4347 (Num.
1248 4280 1410 4350 xxii),
1470 4279 1625 4336 delet
1683 4298 1744 4336 se
1775 4298 1860 4336 so-

190 4367 328 4422 lum
361 4367 514 4423 893
542 4367 811 4436 electum,
846 4368 944 4440 qui
990 4369 1318 4424 mitteretur
1347 4369 1417 4423 ad
1450 4369 1719 4442 Assyrios
1751 4369 1859 4424 ini-

197 4453 390 4508 micos
422 4454 617 4521 lsrael,
651 4460 706 4511 et
762 4456 832 4510 ad
866 4457 1156 4512 civitatem
1218 4456 1476 4512 hostium
1517 4457 1857 4523 maximam,
1969 4459 2122 4510 certe
2154 4455 2431 4527 quoniam
2471 4453 2700 4508 Tharsis
2757 4454 3171 4525 interpretatur
3199 4457 3620 4525 comtemplatio

195 4541 303 4596 ubi
328 4541 782 4611 idololatria,ubi
804 4543 1092 4616 ignoratio
1119 4545 1218 4600 Dei
1257 4549 1348 4599 :et
1370 4545 1524 4615 quod
1550 4544 1640 4599 his
1666 4547 1860 4615 majus
1891 4577 1937 4641 D
1967 4545 2188 4613 gaudii,
2223 4544 2462 4599 veniens
2517 4543 2587 4641 ad
2640 4546 2858 4641 {oppon
2916 4542 3219 4641 propheta,
3250 4559 3376 4614 quin
3407 4549 3464 4598 et
3489 4543 3620 4641 ipsa

195 4635 314 4700 est,
347 4629 595 4686 timebat
625 4649 694 4687 ne
726 4647 829 4704 per
857 4633 1220 4688 occasionem
1253 4632 1686 4705 praedicationis
1715 4651 1854 4701 sum,
1891 4629 1933 4641 ”
1968 4635 2279 4704 speciosam
2311 4637 2500 4697 sonat,
2536 4631 2618 4686 ire
2642 4631 2876 4686 festinat
2898 4631 2967 4685 ad
2987 4631 3296 4702 gaudium,
3327 4631 3617 4702 etquietis

193 4717 322 4773 illis
355 4720 650 4776 conversis
681 4721 753 4775 ad
816 4721 1244 4793 paenitentiam,
1297 4720 1474 4776 Israel
1504 4722 1738 4792 penitus
1770 4738 1858 4778 re-
1971 4721 2330 4778 beatitudine
2351 4719 2860 4791 (e)perfrui.totum
2883 4735 2943 4773 se
2967 4720 3193 4774 tradere
3215 4718 3471 4784 theoriae,
3495 4736 3613 4775 me-

191 4807 585 4880 linqueretur.
627 4809 872 4865 Noverat
928 4810 1083 4868 enim
1119 4811 1320 4866 eodem
1363 4810 1594 4882 spiritu,
1628 4827 1742 4882 quo
1774 4810 1856 4866 illi
1971 4809 2084 4865 lius
2115 4826 2242 4864 esse
2272 4808 2566 4862 arbitrans
2595 4805 3031 4878 pulchritudine
3051 4811 3107 4862 et
3130 4806 3407 4862 varietate
3425 4807 3617 4862 scien-

195 4894 467 4967 gentium
497 4897 851 4967 praeconium
912 4898 1274 4964 credebatur,
1333 4915 1448 4970 quo
1493 4899 1724 4970 quando
1757 4916 1856 4954 na-

197 4983 395 5038 tiones
424 4984 833 5050 credidissent,
885 4991 1024 5041 tunc
1057 4987 1271 5058 periret
1326 4987 1538 5042 domus
1570 4987 1769 5051 Israel,
1803 4991 1860 5043 et

197 5073 361 5143 quod
392 5071 708 5144 aliquando
742 5074 1004 5130 futurum
1037 5080 1180 5145 erat,
1216 5074 1323 5130 hoc
1366 5091 1437 5130 ne
1468 5074 1522 5128 in
1559 5092 1666 5130 suo
1697 5076 1860 5132 fieret

1969 4009 2150 4073 olivae,
2212 4025 2314 4080 pro
2367 4007 2582 4080 quibus
2636 4009 2865 4064 oleastri
2898 4011 3153 4082 virgulta
3191 4017 3624 4068 succrescerent

1970 4099 2148 4169 (Rom.
2183 4099 2283 4168 χι).
2318 4099 2635 4169 Tantzeque
2667 4097 2897 4169 pietatis
2951 4103 3008 4154 et
3038 4099 3256 4155 amoris
3287 4101 3396 4155 fuit
3427 4101 3482 4156 in
3518 4119 3619 4174 po-

1969 4187 2173 4258 pulum
2208 4204 2309 4258 pro
2341 4186 2618 4241 electione
2679 4193 2934 4258 patrum,
2977 4193 3033 4243 et
3062 4189 3516 4261 repromissione
3547 4192 3619 4248 ad

1967 4275 2360 4346 Abrahammt
2381 4275 2436 4329 in
2471 4291 2640 4329 cruce
2661 4275 2891 4346 pasitus
2914 4277 3168 4333 diceret:
3193 4280 3624 4352 Pater,ignosoe

1968 4366 2229 4437 eis,quod
2259 4365 2412 4420 enim
2431 4364 2678 4434 faciunt,
2710 4365 2972 4420 nesciunt
2994 4366 3147 4436 (Luc.
3181 4384 3342 4434 XXIII,
3373 4369 3485 4439 24).
3519 4368 3620 4424 Vel

1968 4898 2059 4952 tiae
2093 4896 2332 4969 perfrui,
2368 4913 2544 4967 quam
2589 4912 2690 4967 per
2719 4894 3082 4951 occasionem
3116 4894 3322 4950 salutis
3352 4895 3616 4967 gentium

1967 4991 2304 5042 cazterarum
2364 4984 2550 5056 perire
2611 4983 2916 5055 populum,
2974 4985 3044 5039 de
3095 5001 3210 5056 quo
3261 4983 3523 5039 Christus
3555 4984 3615 5040 in

1965 5092 2139 5132 carne
2171 5073 2539 5146 generandus
2560 5071 2656 5128 sit.

2035 5236 2106 5308 (ο)
2137 5233 2380 5308 Palatin.
2414 5248 2550 5295 ms.,
2581 5231 2768 5308 prima
2799 5237 3045 5308 tantum
3073 5233 3295 5308 littera.
3329 5233 3611 5288 Caeterum

1966 5304 2096 5362 vide
2123 5323 2249 5378 qua
2279 5305 2334 5358 in
2383 5308 2560 5374 caput
2593 5304 2750 5378 Isaiae
2783 5320 2821 5357 ιι
2856 5304 2962 5378 hac
3015 5305 3085 5360 de
3107 5321 3177 5378 ire
3207 5305 3608 5371 observamus,

1964 5374 2273 5466 epistolam
2307 5391 2538 5447 quoque
2595 5375 2666 5429 ad
2725 5374 3053 5430 Marcellam
3101 5377 3160 5430 in
3193 5381 3394 5431 nostra
3421 5390 3617 5431 recen-

2155 5486 2164 5500 .
2201 5467 2244 5502 t.

1965 5451 2558 5591 Sl‘iilfviictoriusmro
2573 5516 2952 5589 confessione,
2980 5517 3204 5590 reponit
3227 5533 3294 5574 ex
3313 5516 3612 5576 Florentia

1965 5588 2263 5650 codicibus
2300 5588 2686 5645 conversione.

2031 5664 2105 5742 (θ)
2123 5663 2284 5724 Idem
2305 5661 2378 5720 ad
2399 5659 2605 5720 Brixia:
2627 5659 2818 5734 oodd.,
2849 5660 3182 5743 perfruens.

274 5231 352 5304 (a)
371 5231 634 5287 Graecum
665 5231 892 5305 κόσμος,
927 5250 991 5288 ex
1020 5251 1163 5288 mss.
1194 5238 1323 5305 post
1346 5233 1663 5288 Victorium
1689 5236 1858 5292 suffe-

274 5253 352 5304 (a)
371 5253 634 5287 UI'ZBCUIII
665 5253 765 5285 κοσ
781 5253 892 5299 ως,
927 5253 991 5288 0X
1020 5253 1163 5288 H189.
1194 5253 1323 5305 pOSL
1356 5253 1663 5288 νιΟῐΟΙῚυῐΠ

196 5301 432 5376 cimus;
468 5319 600 5376 mox
624 5321 725 5375 pro
756 5253 821 5360 de
848 5321 928 5370 eo,
963 5305 1168 5376 legunt
1215 5303 1452 5376 quidam
1485 5323 1519 5358 a
1549 5305 1674 5360 Deo.

271 5375 350 5445 (ὁ)
384 5374 518 5429 Post
537 5374 856 5432 Victorium
877 5377 947 5431 ad
967 5374 1371 5432 Brixianorum
1395 5376 1659 5432 codicum
1682 5377 1855 5434 ﬁdem

193 5446 702 5519 restituimus,per
728 5449 1061 5519 pmaitentiaz
1089 5451 1443 5518 ruinam,pro
1477 5464 1588 5519 quo
1621 5449 1853 5506 Martia-

193 5517 757 5592 naaus‘retinuitmer
783 5521 1167 5592 paenitentiam
1189 5517 1597 5592 ruina:.Turris
1619 5521 1856 5592 erectio-

193 5589 417 5719 nem?
451 5585 965 5718 Dpctor'sup'erbia:
995 5595 1314 5665 comparat,
1346 5591 1591 5664 ejusque
1620 5591 1854 5650 ruinam

194 5677 357 5719 omni
389 5675 462 5719 en
493 5677 582 5719 ιω.

194 5675 582 5744 pauitantia.
