4008 6184
252 317 413 381 1125

1064 315 1811 382 COMMENTARIORUM
1857 315 1936 380 IN
1979 317 2238 380 JONAM
2282 317 2539 380 LIBER.
2587 319 2758 381 CAP.
2805 322 2853 381 Ι.

3500 321 3658 384 1126

251 454 612 510 atleviaretur
648 453 828 508 navis.
861 451 1240 507 Arbitrantur
1293 467 1496 507 navem
1529 451 1698 507 solito
1730 466 1903 506 onere
1933 453 1988 518 Α
2016 450 2260 505 victimae
2286 451 2641 522 spirituales,
2699 469 2847 524 quas
2879 453 2964 508 uti
3021 469 3092 508 ne
3115 454 3285 525 juxta
3315 454 3568 513 litteram
3600 459 3657 514 in

253 540 626 615 praegravari,
660 545 718 597 et
748 557 862 596 non
912 539 1250 612 intelligunt
1297 545 1482 597 totum
1517 543 1745 613 pondus
1776 557 1903 596 esse

254 631 484 703 fugitivi
513 630 828 702 prophetaa.
853 631 1090 686 Timent
1113 633 1322 698 nautae,
1348 630 1562 685 clamat
1582 630 1902 702 unusquis-

255 738 373 794 que
395 720 464 775 ad
492 720 675 775 Deum
694 737 868 775 suum
895 720 1253 792 ;ignorantes
1269 721 1715 785 veritatem,non
1740 719 1901 790 igno-

253 814 394 868 rant
423 809 870 880 providentiam,
909 814 968 864 et
996 809 1106 864 sub
1165 825 1357 864 errore
1385 807 1682 881 religionis
1712 809 1906 862 sciunt

256 898 486 972 aliquid
509 915 638 954 esse
658 899 1056 953 venerandum
1089 899 1427 970 :projiciunt
1447 914 1622 953 onera
1645 898 1700 952 in
1725 913 1903 963 mare,

255 994 329 1045 ut
359 987 825 1060 magnitudinem
849 988 1134 1042 fluctuum
1153 986 1552 1043 classislevior
1568 984 1906 1041 transiliret.

256 1080 331 1134 At
351 1082 550 1132 contra
565 1075 739 1132 Israel
757 1093 860 1132 nec
882 1075 1052 1131 bonis
1074 1093 1177 1131 nec
1201 1076 1372 1131 malis
1395 1075 1668 1147 intelligit
1690 1079 1867 1130 Deum
1893 1090 1904 1128 :

257 1167 578 1240 plangente
607 1165 838 1221 Christo
870 1163 1172 1238 populum,
1205 1165 1392 1220 siccos
1415 1165 1615 1220 oculos
1645 1164 1838 1220 habet.

333 1304 402 1357 Et
426 1302 589 1356 Jonas
618 1298 898 1353 descendit
926 1299 995 1352 ad
1033 1300 1300 1354 interiora
1329 1301 1510 1362 navis,
1539 1307 1589 1352 et
1606 1298 1911 1352 dormiebat

254 1405 446 1461 sopore
473 1389 652 1458 gravi.
683 1386 819 1442 LXX
842 1403 863 1447 ;
891 1391 1060 1442 Jonas
1084 1392 1271 1443 autem
1290 1387 1562 1442 descendit
1583 1389 1643 1441 in
1673 1390 1912 1441 ventrem

256 1480 440 1546 navis,
473 1485 521 1532 et
549 1476 870 1541 dormiebat,
896 1485 947 1531 et
971 1479 1252 1532 stertebat.
1299 1476 1588 1542 Quanium
1623 1477 1693 1531 ad
1727 1475 1909 1530 histo-

258 1568 412 1624 riam
450 1565 720 1638 pertinet,
754 1565 1048 1637 prOpheta:
1081 1581 1246 1620 mens
1287 1583 1490 1620 secura
1523 1566 1908 1621 describitur:

259 1674 381 1714 non
413 1659 779 1726 tempestate,
817 1671 931 1708 non
983 1654 1259 1726 periculis
1308 1656 1711 1726 conturbatur,
1744 1671 1912 1709 eum-

260 1748 398 1802 dem
429 1749 485 1800 et
512 1744 570 1798 in
603 1742 940 1816 tranquillo,
975 1749 1032 1798 et
1062 1745 1406 1800 imminente
1449 1745 1752 1816 naufragio
1785 1743 1912 1798 ani-

263 1852 428 1892 mum
460 1849 689 1906 gerens.
721 1833 981 1904 Denique
1037 1833 1132 1888 alii
1163 1833 1422 1892 clamant
1478 1835 1548 1888 ad
1583 1835 1724 1889 deos
1754 1850 1914 1900 suos,
1947 1823 1992 1886 Β

261 1942 403 1980 vasa
417 1922 963 1996 projiciunt,nititur
980 1923 1386 1993 unusquisque
1405 1923 1556 1994 quod
1579 1921 1818 1994 potest.I
1833 1926 1919 1976 ste

261 2018 384 2068 tam
418 2017 630 2083 quetus
661 2015 748 2065 est
777 2016 834 2065 et
864 2027 1127 2076 securus,
1161 2010 1460 2081 animique
1499 2010 1823 2081 tranquilli,
1853 2015 1920 2064 ut

263 2103 337 2157 ad
370 2101 533 2155 navis
565 2098 846 2154 interiora
877 2099 1266 2168 descendens,
1295 2115 1502 2154 somno
1530 2099 1757 2169 placido
1790 2115 1916 2170 per-

267 2192 516 2246 fruatur.
549 2189 661 2244 Sed
685 2189 872 2244 ethoc
904 2187 1016 2242 dici
1051 2193 1274 2258 potest:
1307 2188 1584 2243 Conscius
1615 2193 1746 2242 erat
1769 2190 1916 2259 fugae

267 2284 326 2335 et
345 2278 711 2351 peccati,quo
737 2277 969 2333 Domini
995 2283 1280 2349 praecepta
1305 2276 1679 2348 neglexerat:
1701 2283 1756 2331 et
1778 2282 1919 2332 tem-

267 2372 580 2441 pestatem,
613 2367 1020 2438 ignorantibus
1072 2365 1316 2432 czeteris,
1377 2369 1579 2422 contra
1625 2383 1686 2421 se
1717 2367 1918 2422 saevire

268 2458 581 2513 cernebat:
614 2456 744 2512 ideo
767 2456 1069 2510 descendit
1101 2457 1173 2510 ad
1200 2455 1477 2510 interiora
1509 2454 1691 2523 navis,
1723 2459 1781 2509 et
1810 2455 1917 2510 tri-

267 2547 379 2603 stis
412 2545 814 2611 absconditur,
851 2561 921 2600 ne
953 2545 1120 2616 quasi
1153 2544 1253 2599 Dei
1285 2544 1543 2599 vindices
1575 2544 1786 2598 ﬂuctus
1818 2546 1916 2598 ad-

265 2652 503 2691 versum
536 2652 598 2690 se
629 2635 848 2689 videret
880 2634 1287 2688 intumescere.
1341 2634 1503 2698 Quod
1555 2637 1750 2687 autem
1783 2634 1918 2687 dor-

265 2726 397 2791 mit,
432 2742 545 2780 non
577 2723 909 2779 securitatis
932 2727 1040 2788 est,
1073 2723 1173 2778 sed
1199 2722 1485 2777 mceroris.
1513 2723 1658 2776 Nam
1692 2727 1748 2776 et
1768 2725 1916 2795 Apo—

264 2813 450 2870 stolos
478 2813 730 2884 legimus
753 2813 811 2866 in
834 2812 1063 2866 Domini
1089 2809 1358 2883 passione
1383 2828 1497 2883 prie
1522 2812 1767 2866 tristitie
1794 2828 1916 2866 ma-

261 2902 574 2975 gnitudine
605 2919 811 2957 somno
833 2902 1014 2957 fuisse
1061 2902 1370 2972 depressos
1401 2900 1606 2971 (Matth.
1629 2905 1798 2968 xxvx).
1823 2902 1920 2956 Sin

265 2995 463 3046 autem
497 2991 952 3061 interpretamur
980 2990 1038 3043 in
1072 2993 1227 3061 typo,
1261 3005 1506 3044 somnus
1539 2990 1831 3060 propheta:
1863 2995 1921 3044 et

263 3079 655 3153 gravissimus
673 3095 848 3150 sopor
864 3078 1162 3133 hominem
1182 3078 1697 3151 signiﬁcaterroris
1715 3095 1921 3150 sopore

265 3174 619 3241 torpentem,
653 3168 745 3223 cui
781 3185 894 3223 non
943 3167 1254 3222 suffecerat
1307 3168 1526 3240 fugisse
1556 3187 1590 3224 a
1622 3169 1763 3224 facie
1797 3169 1916 3234 Dei,
1949 3191 1991 3255 ρ

266 3258 380 3314 nisi
401 3263 459 3313 et
479 3259 731 3329 quadam
751 3257 1021 3312 vecordia
1038 3274 1206 3312 mens
1221 3257 1378 3312 illius
1390 3259 1920 3330 obruta,ignoraret

263 3348 635 3402 iracundiam
673 3345 788 3412 Dei,
823 3351 879 3402 et
908 3346 1074 3417 quasi
1108 3362 1349 3401 securus
1394 3347 1675 3402 dormiret
1700 3351 1758 3401 et
1787 3363 1916 3418 pro-

265 3436 691 3493 fundissimum
725 3452 1000 3491 somnum
1033 3452 1210 3491 rauca
1240 3453 1379 3490 nare
1408 3437 1484 3506 (a)
1515 3441 1832 3492 resonaret.

336 3589 524 3659 (Vers.
552 3589 632 3656 6.)
662 3589 724 3643 Et
753 3589 976 3642 accessit
1029 3587 1098 3641 ad
1127 3604 1249 3642 eum
1306 3586 1657 3657 gubernator,
1691 3592 1746 3642 et
1775 3587 1919 3642 dixit

261 3680 315 3734 ei
344 3696 357 3734 :
395 3677 536 3746 Quid
564 3687 623 3732 tu
652 3692 845 3748 sopore
898 3677 1272 3747 deprimeris?
1326 3675 1497 3746 Surge
1525 3677 1720 3732 invoca
1749 3677 1920 3730 Deum

263 3777 448 3836 tuum,
478 3770 529 3822 si
555 3769 697 3837 forte
754 3768 1007 3837 recogitet
1037 3765 1189 3819 398
1226 3769 1368 3820 Deus
1423 3765 1488 3819 de
1528 3768 1702 3832 nobis,
1731 3769 1780 3820 et
1810 3781 1919 3820 non

258 3871 573 3927 pereamus,
600 3854 730 3909 LXX
752 3871 764 3910 :
791 3857 854 3910 Et
877 3856 1095 3909 accessit
1113 3852 1182 3907 ad
1203 3870 1327 3909 eum
1339 3858 1582 3924 proreta,
1601 3863 1652 3910 et
1674 3854 1750 3925 (b)
1771 3854 1921 3909 dixit

260 3945 338 4011 ei,
365 3943 496 4014 quid
522 3948 580 3998 tu
608 3945 789 3998 stertis
812 3947 834 3998 Ρ
854 3949 1058 4011 Surge,
1087 3945 1276 3996 invoca
1303 3944 1477 3998 Deum
1506 3951 1681 4012 tuum,
1705 3945 1754 3996 si
1782 3959 1916 4014 quo-

261 4034 428 4088 modo
457 4033 629 4088 salvos
657 4034 830 4104 faciat
855 4048 953 4087 nos
985 4032 1146 4095 Deus,
1177 4036 1228 4086 et
1261 4047 1372 4087 non
1397 4047 1704 4102 pereamus.
1737 4031 1918 4087 Natu-

261 4120 388 4177 rale
418 4127 506 4176 est
538 4138 1022 4194 unumquemque
1053 4122 1108 4175 in
1132 4138 1239 4176 suo
1271 4120 1527 4192 periculo
1551 4121 1621 4177 de
1642 4121 1754 4176 alio
1785 4121 1916 4192 plus

261 4227 506 4283 sperare
535 4227 546 4264 :
580 4211 735 4266 unde
766 4211 1142 4283 gubernator,
1175 4211 1293 4264 sive
1324 4215 1578 4282 proreta,
1603 4210 1701 4281 qui
1734 4215 1917 4266 vecto-

260 4317 358 4355 res
383 4300 626 4355 timidos
646 4301 926 4355 debuerat
955 4297 1267 4368 consolari,
1297 4315 1538 4355 cernens
1559 4298 1916 4354 discriminis

260 4390 759 4461 magnitudinem,
792 4387 1006 4443 excitat
1035 4388 1451 4453 dormientem,
1500 4392 1557 4442 et
1586 4387 1777 4460 arguit
1806 4388 1915 4442 im-

259 4478 518 4551 provida:
556 4477 908 4544 securitatis,
943 4481 1390 4546 commonetque
1430 4481 1494 4530 ut
1526 4476 1650 4543 ipse
1682 4493 1915 4548 quoque

2010 539 2221 595 mediis
2250 539 2522 596 ﬂuctibus
2556 558 2668 597 non
2701 543 3012 602 habebant.

2082 627 2270 696 (Vers.
2301 630 2381 699 7.)
2426 632 2492 685 Et
2521 631 2666 686 dixit
2704 635 2789 687 vir
2817 636 2886 690 ad
2933 640 3193 712 collegam
3238 658 3435 696 suum:
3476 645 3666 701 Venite

2011 721 2062 772 et
2090 719 2370 774 mittamus
2399 723 2588 786 sortes,
2648 727 2697 776 et
2722 725 2958 782 sciamus
3010 744 3179 800 quare
3237 731 3335 786 hoc
3362 736 3569 788 malum
3597 736 3666 790 sit

2012 808 2167 862 nobis
2185 822 2207 868 ,'
2236 811 2287 861 et
2313 809 2579 864 miserunt
2600 815 2790 878 sortes,
2815 817 2866 867 et
2885 816 3080 872 cecidit
3105 835 3221 873 sors
3240 836 3408 891 super
3433 826 3660 880 Ionam.

2018 895 2153 950 LXX
2174 914 2192 950 :
2222 898 2287 950 Et
2315 897 2459 952 dixit
2490 901 2865 973 unusquisque
2891 904 2962 958 ad
2986 910 3309 977 proximum
3338 927 3495 966 suum
3521 930 3539 966 :
3574 914 3665 968 Ve-

2014 989 2153 1052 nite,
2182 987 2464 1040 mittamus
2508 997 2695 1055 sortes,
2717 994 2769 1044 et
2787 1007 3172 1062 cognoscamus
3201 997 3270 1068 (ε)
3300 1001 3454 1070 cujus
3481 1005 3671 1073 gratia

2016 1074 2243 1128 malitia
2273 1075 2392 1131 iure
2419 1083 2494 1131 est
2522 1092 2687 1148 super
2707 1096 2838 1135 nos:
2871 1090 2926 1136 et
2949 1084 3220 1141 miserunt
3249 1091 3434 1158 sortes,
3457 1104 3507 1145 et
3527 1095 3666 1147 ceci-

2017 1162 2098 1217 dit
2125 1179 2238 1217 sors
2266 1180 2431 1234 super
2460 1166 2671 1221 Ionam.
2727 1167 3018 1226 Noverant
3076 1179 3344 1231 naturam
3379 1179 3580 1250 maris,
3613 1187 3670 1236 et

2018 1256 2180 1306 tanto
2199 1256 2455 1324 tempore
2475 1256 2812 1327 navigantes
2827 1260 3089 1317 sciebant
3105 1269 3520 1337 tempestatum
3540 1287 3670 1324 ven-

2022 1344 2331 1412 torumque
2361 1344 2634 1411 rationes,
2668 1350 2724 1400 et
2747 1349 2946 1419 utique
2967 1351 3017 1404 si
3050 1353 3278 1420 solitos,
3301 1360 3538 1428 et‘quos
3561 1357 3669 1413 ali-

2021 1430 2254 1502 quando
2271 1432 2486 1502 experti
2507 1433 2972 1505 fuerant,ﬂuclus
2994 1441 3278 1498 vidissent
3295 1461 3665 1518 consurgere,

2023 1536 2343 1590 numquam
2378 1522 2524 1576 forte
2553 1529 2850 1580 auctorem
2911 1530 3201 1602 naufragii
3233 1542 3576 1604 quaererent,
3612 1543 3671 1593 et

2023 1625 2124 1679 per
2154 1625 2274 1663 rem
2304 1609 2610 1677 incertam,
2645 1619 2865 1668 certum
2909 1625 3185 1700 cuperent
3215 1621 3430 1678 evitare
3457 1625 3668 1680 discri-

2025 1712 2178 1750 men.
2203 1697 2316 1751 Nec
2340 1698 2534 1752 statim
2555 1700 2838 1756 debemus
2862 1697 2979 1759 sub»
2997 1705 3102 1761 hoc
3124 1709 3388 1781 exemplo
3411 1713 3670 1770 sortibus

2025 1786 2280 1846 credere,
2307 1785 2390 1840 vel
2426 1785 2567 1841 illud
2601 1789 2672 1843 de
2707 1792 2946 1848 Actibus
2987 1795 3394 1864 Apostolorum
3422 1800 3556 1856 huic
3588 1810 3670 1858 te~

2028 1873 2302 1929 stimonio
2337 1875 2630 1946 copulare,
2665 1879 2762 1933 ubi
2792 1886 2944 1936 sorte
2998 1883 3055 1937 in
3085 1887 3488 1954 Apostolatum
3525 1892 3668 1948 Mat-

2027 1962 2179 2018 thias
2210 1962 2447 2034 eligitur
2477 1966 2675 2034 (Actor.
2713 1977 2773 2034 ι),
2797 1985 2929 2024 cum
2974 1973 3275 2046 privilegia
3303 1976 3671 2050 singulorum

2029 2069 2141 2106 non
2171 2053 2396 2123 possint
2427 2052 2611 2124 legem
2637 2055 2821 2112 facere
2842 2075 3237 2118 communem.
3259 2065 3592 2124 Sicutenim
3615 2071 3673 2126 in

2028 2141 2571 2197 condemnationem
2594 2143 2827 2200 Balaam
2849 2148 3289 2222 asinaloquitur
3305 2156 3487 2226 (Num.
3508 2163 3674 2228 xxu),

2027 2227 2310 2284 etPharao
2333 2230 2482 2299 (Gen.
2510 2232 2644 2302 xu),
2665 2239 2720 2288 et
2741 2235 3276 2297 Nabuchodonosor
3297 2244 3354 2298 in
3371 2227 3676 2316 judicicim

2029 2316 2117 2370 sui
2142 2317 2302 2387 (Dan.
2329 2334 2390 2384 ιι,
2416 2320 2490 2385 4),
2515 2321 2762 2377 somniis
2785 2323 2984 2380 futura
3001 2338 3380 2402 cognoscunt,
3403 2339 3460 2389 et
3482 2341 3676 2392 tamen

2028 2403 2211 2496 Deum
2242 2407 2723 2496 nonintelligunt
2753 2413 3101 2470 revelantem
3128 2434 3140 2471 :
3174 2419 3421 2492 Caiphas
3445 2439 3678 2496 quoque

2028 2493 2337 2564 prephetat
2369 2495 2666 2567 ignorans,
2719 2500 2871 2569 quod
2930 2505 3224 2574 expediret
3273 2493 3677 2582 unumiper—ire

2029 2598 2132 2652 pro
2163 2583 2389 2638 cunctis
2419 2588 2610 2650 (Joan.
2643 2603 2698 2641 χι
2727 2591 2778 2641 et
2825 2591 2986 2661 xvm)
3012 2608 3024 2645 :
3077 2592 3157 2648 ita
3187 2602 3242 2650 et
3271 2595 3365 2652 hic
3397 2599 3676 2670 fugitivus

2032 2676 2185 2726 sorte
2215 2671 2687 2743 deprehenditur,
2741 2694 2853 2733 non
2885 2679 3107 2736 viribus
3137 2684 3404 2753 sortium,
3438 2689 3590 2745 899
3620 2697 3678 2748 et

2033 2759 2280 2815 maxime
2312 2761 2568 2818 sortibus
2613 2765 3000 2837 ethnicorum,
3063 2771 3164 2825 sed
3222 2773 3520 2832 voluntate
3549 2780 3677 2850 ejus

2031 2846 2129 2918 qui
2162 2853 2348 2903 sortes
2382 2851 2617 2921 regebat
2661 2853 2930 2910 incertas.
2983 2857 3143 2920 Quod
3197 2866 3391 2916 autem
3420 2846 3675 2921 dicitur:

2030 2937 2102 2990 Et
2131 2952 2506 3027 cognoscamus
2533 2951 2753 3012 propter
2780 2960 2939 3014 quem
2987 2950 3212 3004 malitia
3242 2950 3353 3006 haec
3381 2958 3464 3008 est
3515 2971 3679 3027 super

2030 3041 2146 3091 nos,
2174 3025 2265 3080 hic
2299 3027 2579 3084 malitiam
2613 3047 2716 3102 pro
2746 3032 3061 3091 afﬂictione
3090 3042 3146 3092 et
3177 3039 3505 3097 calamitate
3535 3025 3680 3100 acci-

2033 3131 2167 3185 pere
2197 3115 2500 3184 debemus,
2526 3122 2849 3177 secundum
2877 3123 3019 3179 illud
3042 3145 3061 3180 :
3083 3127 3299 3197 Sufﬁcit
3319 3129 3438 3186 diei
3460 3134 3681 3189 malitia

2029 3219 2132 3258 sua
2162 3203 2370 3273 (Matth.
2406 3223 2482 3270 vx,
2541 3207 2652 3277 34).
2686 3211 2755 3264 Et
2809 3211 2868 3266 in
2899 3215 3076 3270 Amos
3135 3217 3454 3290 propheta:
3514 3221 3578 3277 Si
3603 3227 3683 3279 est

2027 3292 2249 3347 malitia
2280 3294 2340 3346 in
2368 3296 2589 3350 civitate
2617 3314 2781 3366 quam
2840 3301 3100 3358 Dominus
3124 3321 3235 3361 non
3275 3310 3471 3378 fecerit
3499 3311 3684 3382 (Amos

2030 3397 2113 3446 ιιι,
2145 3381 2222 3451 6).
2257 3381 2322 3435 Et
2350 3382 2408 3436 in
2443 3383 2629 3439 Isaia:
2660 3387 2770 3455 Ego
2800 3389 3062 3446 Dominus
3090 3396 3188 3464 qui
3213 3399 3361 3465 facio
3386 3415 3594 3468 pacem,
3629 3403 3682 3455 et

2027 3485 2150 3524 creo
2179 3472 2326 3524 mata
2357 3472 2505 3541 (Isai.
2551 3490 2674 3544 XLV,
2705 3476 2781 3546 7).
2818 3477 2874 3531 in
2935 3479 3050 3534 alio
3107 3499 3240 3538 vero
3299 3485 3424 3540 loco
3457 3487 3682 3542 malitia

2027 3559 2318 3614 contraria
2338 3560 2536 3615 virtuti
2562 3563 2665 3632 (At.
2689 3565 2940 3634 veritati)
2959 3568 3321 3642 intelligitur,
3337 3574 3506 3644 juxta
3526 3577 3679 3646 quod

2029 3646 2086 3700 in
2118 3647 2226 3703 hoc
2248 3649 2449 3704 eodem
2474 3650 2754 3722 propheta
2777 3670 2954 3724 supra
2977 3655 3227 3728 legimus
3253 3678 3265 3716 :
3299 3662 3549 3718 Ascendit
3567 3665 3683 3720 cta-

2027 3753 2147 3792 mor
2173 3739 2410 3794 malitia:
2431 3741 2552 3809 ejus
2582 3740 2651 3794 ad
2681 3758 2788 3796 me.

2098 3825 2283 3894 (Vers.
2305 3826 2386 3898 8.)
2410 3831 2476 3882 Et
2499 3829 2778 3885 dixerunt
2799 3833 2874 3886 ad
2893 3849 3023 3888 eum
3051 3852 3070 3889 :
3089 3836 3284 3892 Indica
3306 3839 3482 3906 nobis,
3517 3845 3682 3913 cujus

2025 3929 2198 3970 causa
2227 3914 2450 3970 malum
2474 3919 2634 3974 istud
2651 3920 2722 3974 sit
2747 3922 2926 3985 nobis,
2948 3924 3099 3994 quod
3128 3941 3267 3997 opus
3289 3927 3482 4000 (Vulg.
3517 3930 3683 3986 addit

2025 4009 2131 4072 est)
2147 4009 2329 4074 tuum,
2347 4011 2934 4080 quarterratua,(d)et
2954 4029 3064 4084 quo
3083 4015 3362 4083 vadis,vel
3376 4034 3571 4090 exquo
3582 4036 3681 4091 po-

2025 4093 2168 4162 pulo
2197 4111 2256 4148 es
2283 4105 2346 4149 tu
2366 4098 2391 4148 .9
2421 4096 2603 4151 LXX:
2634 4100 2707 4152 lz't
2755 4099 3030 4156 dixerunt
3073 4106 3155 4158 ad
3182 4121 3311 4159 eum
3338 4123 3350 4161 :
3384 4107 3683 4164 Annuatiu

2024 4185 2184 4238 nobis
2205 4186 2367 4254 cujus
2387 4188 2589 4258 gratia
2609 4188 2728 4243 haec
2744 4191 2974 4245 malitia
2989 4197 3073 4246 est
3098 4193 3155 4247 in
3171 4195 3517 4270 nobis,quod
3539 4213 3684 4271 opus

2025 4281 2206 4341 tuum,
2237 4279 2290 4327 et
2313 4275 2461 4330 unde
2481 4278 2658 4342 venis,
2689 4286 2745 4333 et
2774 4295 2883 4348 quo
2904 4281 3096 4348 vadis,
3119 4289 3174 4336 et
3195 4301 3270 4338 ea:
3288 4301 3408 4355 qua
3438 4287 3682 4359 regione

2023 4378 2101 4427 es,
2134 4371 2189 4418 et
2217 4380 2292 4417 ea:
2319 4381 2431 4435 quo
2461 4368 2670 4433 populo
2698 4385 2756 4421 es
2787 4371 2887 4422 tu?
2923 4368 3104 4432 Quem
3138 4388 3266 4426 sors
3296 4373 3678 4442 indicaverat,

2025 4457 2240 4522 cogunt
2269 4470 2404 4508 voce
2435 4455 2672 4525 propria
2701 4457 2980 4523 confiteri,
3027 4476 3131 4512 cur
3161 4463 3322 4514 tanta
3352 4466 3677 4532 tempestas

257 4539 366 4640 pro
395 4566 553 4622 virili
585 4567 851 4638 portione
882 4566 1226 4637 deprecetur
1255 4564 1440 4620 Deum
1475 4581 1648 4619 suum
1677 4581 1688 4618 :
1724 4570 1788 4620 ut
1815 4539 1916 4620 cu-
1948 4559 1996 4622 D
2029 4539 2124 4640 ῗίίν
2155 4541 2240 4638 ῩΟῙ
2274 4559 2464 4640 9W9,
2485 4548 2686 4640 θοῐξίτθδ
2717 4561 2815 4599 eos
2846 4545 2944 4600 Dei
2983 4545 3076 4640 ira
3107 4547 3417 4640 desaeviat:
3450 4550 3675 4618 Ῐηάίσαν

245 4659 356 4730 jus
386 4663 511 4712 erat
533 4672 845 4712 commune
868 4654 1215 4727 periculum,
1247 4653 1577 4710 communis
1603 4658 1757 4710 esset
1781 4671 1917 4709 ora-

253 4749 364 4803 tio.
401 4747 577 4801 Porro
603 4746 776 4816 juxta
801 4743 1185 4816 tropologiam
1236 4742 1434 4814 plures
1481 4748 1623 4798 sunt
1653 4744 1749 4814 qui
1782 4760 1914 4798 cum

250 4836 405 4892 Jona
422 4835 782 4907 navigantes,
813 4838 868 4888 et
899 4833 1181 4888 habentes
1205 4832 1469 4904 proprios
1499 4833 1658 4900 deos,
1691 4833 1760 4887 ad
1785 4849 1918 4888 con-

251 4923 698 4995 templationem
756 4923 956 4994 gaudii
987 4922 1067 4976 ire
1127 4920 1429 4977 festinant.
1462 4921 1569 4976 Sed
1604 4925 1915 4994 postquam

250 5013 435 5069 Jonas
486 5012 658 5067 fuerit
714 5015 867 5067 sorte
927 5009 1351 5081 deprehensus,
1412 5015 1468 5065 et
1517 5015 1702 5066 morte
1759 5010 1915 5065 illius

255 5101 466 5157 mundi
491 5101 692 5156 sedata
714 5105 1052 5171 tempestas,
1087 5099 1354 5172 marique
1376 5098 1770 5170 tranquillitas
1793 5101 1917 5154 red-

251 5189 401 5258 dita,
435 5195 574 5244 tunc
605 5205 758 5244 unus
791 5187 1132 5243 adorabitur
1164 5193 1333 5256 Deus,
1363 5192 1418 5242 et
1445 5187 1916 5242 immolabuntur

326 5350 406 5420 (a)
437 5348 614 5415 Alias,
648 5350 850 5404 rhoncs
870 5365 1027 5413 nare,
1051 5353 1105 5403 et
1128 5348 1327 5404 rhonco
1356 5365 1492 5403 nare
1512 5355 1768 5404 sonaret:
1793 5365 1911 5404 ma-

249 5420 466 5476 luisset
497 5421 697 5476 victor.
752 5421 950 5476 rhonco
996 5421 1189 5474 naris:
1250 5427 1338 5475 est
1394 5420 1607 5491 quippe
1655 5420 1913 5477 rhoncus

248 5493 560 5549 stertentis
588 5509 791 5548 sonus.

319 5565 401 5636 (b)
428 5564 676 5619 Palatin.
701 5579 846 5630 mss,
878 5572 928 5619 et
945 5563 1088 5620 dixit
1109 5564 1179 5635 ei,
1201 5563 1332 5634 quid
1355 5571 1415 5619 tu
1437 5578 1626 5634 sopore
1645 5563 1911 5637 deprime-

240 5639 325 5704 ris
346 5637 376 5697 Τ
403 5651 583 5714 surge,
615 5639 724 5701 etc.

2031 4629 2489 4700 inquiunt,nobis
2501 4632 2659 4701 cujus
2672 4648 2854 4688 causa.
2873 4633 3089 4688 malum
3112 4636 3264 4691 istud
3277 4638 3533 4707 sitsuper
3543 4653 3644 4694 nos
3659 4655 3672 4692 :

2029 4718 2167 4790 quid
2200 4719 2391 4790 operis
2421 4735 2580 4790 agas,
2608 4720 2678 4776 de
2699 4738 2817 4792 qua
2848 4727 3016 4790 terra,
3042 4724 3112 4778 de
3143 4741 3260 4795 quo
3294 4725 3506 4796 populo
3538 4743 3677 4798 pro-

2028 4807 2324 4874 ﬁciscaris,
2359 4824 2474 4880 quo
2507 4808 2668 4864 abire
2701 4810 2961 4866 festines.
3013 4812 3082 4867 Et
3112 4815 3367 4869 notanda
3399 4814 3675 4885 brevitas,

2029 4914 2202 4968 quam
2238 4897 2515 4952 admirari
2548 4898 2606 4952 in
2639 4897 2877 4971 Virgilio
2910 4899 3282 4958 solebamus:

2426 5005 2677 5071 Juvenes,
2711 5019 2830 5068 quas
2862 5008 3274 5071 causa_subegit

2120 5067 2330 5134 Ignotae
2357 5070 2568 5134 tentare
2599 5067 2737 5134 vias,
2760 5082 2868 5131 quo
2907 5069 3146 5134 tenditis.
3179 5067 3386 5134 inquit:

2119 5130 2218 5188 Qui
2240 5144 2428 5193 genus;
2455 5130 2594 5180 unde
2613 5130 3052 5194 domo,pacemne
3074 5133 3179 5182 huc
3208 5130 3371 5191 fertis,
3395 5148 3461 5183 an
3483 5149 3630 5184 arma
3647 5136 3674 5183 ?

2865 5195 3047 5255 (dinei.
3081 5195 3170 5244 lib.
3200 5198 3272 5256 ν.)

2095 5347 2164 5416 (c)
2198 5345 2377 5420 Iidem
2410 5361 2578 5414 mss.,
2606 5352 2826 5420 propter
2841 5349 3241 5420 quemmatitia
3262 5347 3382 5420 haec
3405 5352 3481 5404 est
3508 5365 3675 5420 super

2023 5434 2119 5473 nos
2142 5419 2386 5498 :caateris
2408 5433 2534 5486 qua
2548 5418 2989 5487 subsequuntur
3004 5418 3181 5490 hujus
3201 5419 3329 5475 testi
3341 5419 3517 5475 monii
3534 5418 3674 5493 prae-

2023 5495 2331 5545 termissis.

2093 5561 2166 5632 (εἰ)
2199 5559 2380 5632 Verb,
2405 5575 2511 5630 quo
2565 5557 2737 5632 vadis,
2768 5575 2930 5632 _cum
2991 5559 3106 5632 hic,
3138 5569 3264 5617 tum
3321 5577 3499 5632 penes
3532 5563 3672 5623 LXX

2023 5628 2561 5708 interpretationem
2594 5630 2652 5688 in
2684 5628 2928 5703 Palatia,
2961 5628 3104 5694 mss.
3136 5649 3254 5693 non
3296 5628 3454 5696 sunt.
