4008 6184
295 298 451 377 1135

1564 297 1633 369 S.
1676 290 1989 365 EUSEBII
2033 291 2477 365 HIERONYMI

3540 284 3700 363 {-136

297 436 545 493 animum
570 447 769 499 meam,
784 430 1011 504 abyssus
1029 430 1259 485 vallavit
1277 446 1380 486 me.
1398 429 1559 483 LXX.
1595 430 1942 500 Circumfusa
1973 429 2025 494 Α
2056 443 2171 498 quo
2203 427 2313 483 sub
2337 442 2583 499 persona
2607 425 2736 499 Cyri
2765 425 2826 482 in
2848 424 2999 487 Isaia
3017 423 3305 497 legimus:
3335 422 3496 481 Fores
3512 436 3700 479 mea:

299 531 379 579 est
395 522 534 591 mihi
552 536 699 592 aqua
720 534 895 593 usque
919 519 990 574 ad
1008 521 1257 575 animam
1279 536 1459 575 meam
1482 535 1495 573 :
1528 519 1754 591 abyssus
1774 518 1946 573 valla-

296 614 376 668 vit
402 628 491 666 me
516 612 836 666 novissima.
870 610 1047 682 Aquae
1080 609 1223 680 ista),
1250 626 1375 681 quae
1395 608 1596 664 vicinae
1617 610 1755 663 sunt
1772 607 1943 679 abys-

300 701 403 767 sis,
420 716 548 773 quae
561 699 622 755 in
640 699 812 755 terris
824 698 1161 770 volvuntur,
1175 703 1231 754 et
1247 698 1533 769 deﬂuunt,
1549 713 1676 769 quas
1694 695 1945 751 multum

299 806 500 846 secum
521 789 649 844 limi
669 789 934 858 trahunt,
954 804 1069 843 non
1091 804 1324 860 corpus,
1346 787 1448 844 sed
1470 786 1729 842 animam
1752 784 1947 839 nitun-

299 881 397 933 tur
412 877 901 947 occidere,amicae
914 876 1130 953 quippe
1145 879 1286 932 sunt
1301 890 1607 946 corporum
1618 878 1697 943 ,et
1715 874 1764 944 ej
1777 890 1843 928 us
1855 889 1949 928 vo-

301 966 628 1041 luptatibus
657 967 1048 1023 contoventur.
1080 965 1243 1021 Unde
1265 965 1589 1020 secundum
1616 962 1760 1017 illud
1791 962 1946 1033 quod

303 1074 483 1131 supra
502 1056 779 1124 diximus,
794 1054 1055 1128 loquitur
1066 1054 1349 1109 Dominus
1371 1054 1429 1108 in
1442 1052 1675 1108 Psalmo
1692 1070 1704 1107 :
1725 1052 1949 1107 Salvum

303 1163 391 1202 me
408 1148 516 1218 fac,
547 1146 795 1213 Domine,
827 1145 1088 1216 quoniam
1115 1145 1469 1199 intraverunt
1494 1156 1659 1214 aquae
1690 1156 1854 1214 usque
1881 1139 1950 1195 ad

305 1236 554 1291 animum
581 1250 760 1290 meam
799 1234 913 1303 (Ps.
950 1250 1139 1297 vam,
1174 1233 1246 1304 1).
1281 1232 1351 1287 Et
1386 1231 1446 1286 in
1478 1230 1592 1286 alio
1624 1230 1787 1285 loco:
1821 1230 1950 1284 Tor-

303 1328 512 1380 rentem
536 1324 864 1394 pertransiit
891 1323 1081 1377 anima
1108 1326 1298 1376 nostra
1329 1320 1498 1391 (Psal.
1523 1335 1719 1391 cxxm,
1743 1319 1819 1389 3).
1847 1318 1945 1373 Et:

303 1419 389 1471 Ne
414 1416 615 1487 urgeat
641 1427 804 1481 super
830 1427 918 1467 me
942 1418 1140 1481 puteus
1169 1426 1226 1466 os
1256 1424 1441 1477 suum,
1473 1424 1646 1480 neque
1662 1405 1952 1465 concludat

304 1500 761 1574 infernus,(1bid.,
787 1517 976 1568 vam,
998 1500 1084 1573 16)
1105 1517 1119 1566 ;
1144 1516 1260 1554 non
1283 1497 1427 1552 mihi
1445 1498 1692 1570 deneget
1708 1495 1952 1562 exitum,

307 1590 406 1664 qui
428 1594 633 1665 sponte
660 1589 954 1659 descendi,
970 1592 1177 1661 sponte
1200 1586 1609 1655 conscendam,
1625 1585 1725 1656 qui
1748 1583 1952 1639 volun-

306 1679 495 1736 tarius
524 1677 784 1751 captivus
812 1676 964 1744 veni,
1015 1676 1195 1731 debeo
1228 1673 1548 1731 deliberare
1577 1672 1857 1745 captivos,
1891 1678 1955 1726 ut

2054 525 2348 585 conteram,
2381 525 2431 573 et
2460 521 2630 574 vectes
2672 518 2878 589 ferreos
2916 516 3271 587 con/ringam
3316 512 3447 585 (lsa.
3497 529 3577 583 1v,
3624 512 3701 583 2),

2055 605 2128 661 ad
2160 605 2447 662 montium
2478 609 2736 663 extrema
2765 603 3083 670 descendit,
3116 607 3172 661 et
3201 601 3435 662 aeternis
3464 598 3703 661 conclu-

2056 710 2159 750 sus
2187 699 2276 750 est
2307 694 2590 763 vectibus,
2627 698 2691 751 ut
2718 709 2924 751 omnes
2947 692 3047 766 qui
3067 691 3253 751 clausi
3283 688 3540 761 fuerant,
3562 688 3703 746 libe-

2058 787 2229 839 raret.

2128 872 2308 942 (Vers.
2328 874 2409 942 7.)
2434 875 2499 928 Et
2521 872 2839 929 sublevabis
2859 871 2924 929 de
2941 872 3290 944 corruptione
3312 872 3483 931 vitam
3502 884 3710 935 mean.

2054 964 2286 1019 Domine
2341 963 2482 1019 Deus
2536 979 2709 1017 meus.
2768 961 2956 1019 LXX:
3017 961 3084 1016 Et
3140 960 3407 1018 ascendat
3463 959 3531 1019 de
3589 974 3712 1015 cor-

2056 1053 2308 1124 ruptione
2328 1052 2438 1106 vita
2458 1051 2533 1123 (b)
2564 1067 2702 1120 mea,
2724 1051 2953 1105 Domine
2982 1049 3121 1104 Deus
3146 1063 3318 1104 meus.
3349 1046 3595 1119 Proprie
3621 1046 3710 1103 di-

2058 1142 2161 1212 xit,
2195 1140 2507 1196 sublevabis
2526 1157 2544 1194 :
2577 1138 2664 1195 vel
2694 1138 2956 1197 ascendat
2978 1137 3045 1193 de
3064 1138 3408 1208 corruptione
3428 1136 3543 1195 vita.
3564 1150 3712 1204 mea,

2064 1230 2203 1302 quia
2223 1229 2294 1285 ad
2316 1228 2837 1301 corruptionem,et
2857 1227 2927 1285 ad
2946 1224 3714 1285 internadescenderatﬂoc

2061 1323 2171 1386 est,
2206 1318 2360 1391 quod
2395 1316 2659 1391 Apostoli
2692 1316 3153 1393 interpretantur
3200 1314 3259 1370 in
3305 1314 3511 1386 quinto
3553 1312 3720 1371 deci-

2062 1424 2157 1464 mo
2179 1405 2407 1479 psalmo
2436 1423 2506 1462 ex
2538 1423 2788 1477 persona
2816 1403 3050 1461 Domini
3079 1402 3492 1476 prophetatum
3517 1418 3533 1448 :
3575 1402 3725 1469 Quo-

2061 1499 2218 1551 niam
2246 1511 2357 1551 non
2385 1493 2734 1567 derelinques
2763 1495 3009 1551 animam
3036 1510 3218 1549 meam
3246 1494 3307 1549 in
3339 1493 3588 1563 inferno,
3614 1505 3730 1551 nec

2062 1585 2214 1641 dabis
2231 1590 2483 1643 sanctum
2504 1593 2663 1641 tuum
2680 1583 2865 1641 videre
2884 1584 3292 1653 corruptionem
3314 1598 3327 1637 :
3357 1580 3515 1653 quod
3542 1580 3731 1641 David

2064 1673 2289 1731 scilicet
2306 1676 2571 1729 mortuus
2594 1672 2669 1728 sit
2689 1675 2745 1727 et
2760 1688 2864 1745 sep
2875 1670 3064 1728 ultus:
3082 1668 3397 1726 Salvatoris
3412 1672 3617 1725 autem
3632 1684 3735 1729 oa-

308 1767 624 1841 impleatur
652 1766 799 1822 illud
824 1783 837 1820 :
872 1765 1186 1821 Ascendens
1215 1765 1275 1819 in
1304 1764 1479 1819 altum
1498 1764 1773 1834 captivam
1794 1761 1955 1816 duxit
1985 1792 2033 1858 B
2065 1780 2126 1819 ro
2158 1779 2272 1818 non
2303 1761 2513 1817 viderit
2544 1761 3001 1833 corruptionem.
3033 1758 3144 1814 Alii
3168 1775 3302 1816 vero
3325 1759 3729 1831 interpretan-

307 1858 681 1931 captivitatem
712 1855 826 1928 (Ps.
862 1854 1033 1925 van)
1067 1871 1080 1908 :
1125 1871 1223 1909 eos
1256 1853 1411 1908 enim
1446 1851 1546 1923 qui
1578 1855 1711 1906 ante
1740 1850 1952 1922 captivi
1985 1847 2031 1858 "
2064 1856 2162 1907 tur
2193 1852 2347 1923 quod
2372 1851 2443 1906 ad
2466 1849 2960 1923 comparationem
2981 1847 3233 1905 ccelestis
3253 1847 3643 1905 beatitudinis
3665 1852 3733 1904 et

310 1947 545 2003 fuerant
568 1946 627 2001 in
659 1947 863 2005 morte.
897 1943 1007 1998 iste
1038 1941 1190 2015 cepit
1220 1941 1291 1996 ad
1321 1939 1520 1996 vitam.
1562 1940 1821 2011 Abyssos
1852 1956 1954 1994 au-

308 2038 429 2091 tem
460 2032 816 2107 perniciosas
848 2031 1136 2104 quasdam
1179 2033 1236 2084 et
1266 2030 1552 2102 pessimas
1584 2027 1957 2084 fortitudines

312 2122 573 2195 accipere
595 2121 897 2191 debemus,
911 2119 1001 2175 vel
1023 2118 1329 2174 tormentis
1357 2117 1781 2189 suppliciisque
1803 2115 1960 2172 dedi-

313 2220 404 2270 tas
427 2212 764 2285 potestates,
789 2209 859 2265 ad
883 2225 1030 2281 quas
1056 2214 1112 2263 et
1129 2206 1189 2262 in
1214 2205 1523 2279 Evangelio
1550 2207 1844 2262 daemones
1868 2222 1958 2261 ro-

310 2305 450 2375 gant
478 2316 551 2356 ne
582 2299 665 2354 ire
685 2301 966 2370 cogantur
986 2297 1135 2369 (Luc.
1160 2297 1303 2367 VIII).
1330 2295 1493 2350 Unde
1516 2295 1594 2367 (α)
1617 2300 1675 2350 et
1704 2294 1958 2350 tenebris

312 2392 479 2446 erant
499 2403 676 2460 super
692 2386 970 2460 abyssum
994 2384 1145 2457 (Gen.
1171 2385 1232 2455 1).
1258 2384 1559 2440 Interdum
1584 2384 1833 2456 abyssus
1865 2399 1960 2437 ac-

314 2478 528 2552 cipitur
556 2480 614 2533 et
641 2493 746 2549 pro
777 2473 1158 2531 sacramentis
1178 2490 1245 2529 ac
1267 2472 1745 2546 profundissimis
1776 2473 1960 2529 sensi-

314 2569 449 2636 bus,
483 2570 541 2623 et
565 2565 808 2638 judiciis
839 2563 941 2619 Dei
977 2581 990 2619 :
1035 2562 1251 2619 Iudicia
1280 2563 1503 2618 Domini
1530 2564 1759 2634 abyssus
1786 2562 1965 2617 multa

319 2657 431 2729 (Ps.
463 2671 630 2725 xxxv,
658 2654 736 2726 7).
783 2650 886 2709 Et:
919 2652 1158 2724 Abyssus
1184 2652 1441 2722 abyssum
1470 2653 1704 2717 invocat,
1749 2651 1805 2706 in
1836 2666 1965 2707 voce

318 2749 732 2802 cataractamm
761 2747 984 2797 tuarum
1018 2741 1132 2813 (Ps.
1164 2757 1279 2806 xu,
1309 2740 1387 2811 8).

394 2834 641 2910 Pelagus.
658 2832 875 2903 aperuit
902 2836 1064 2901 caput
1090 2845 1293 2892 meum,
1324 2828 1405 2883 ad
1422 2831 1670 2883 extrema
1695 2828 1970 2885 montium

322 2921 591 2987 descendi,
642 2927 809 2975 terrae
834 2923 1014 2974 vectes
1041 2916 1428 2973 concluserunt
1465 2932 1554 2971 me
1584 2919 1643 2972 in
1671 2922 1964 2974 aeternum.

322 3009 465 3068 LXX
499 3026 512 3066 :
562 3009 793 3064 Intravit
835 3010 999 3078 caput
1025 3021 1209 3061 meum
1254 3005 1325 3060 ad
1353 3007 1621 3060 scissuras
1649 3007 1925 3062 montium
1947 3025 1969 3062 .·

326 3096 578 3154 descendi
598 3097 659 3150 in
679 3099 904 3166 terram,
921 3095 1077 3166 cujus
1105 3097 1273 3149 vectes
1292 3101 1422 3148 sunt
1439 3094 1745 3149 retinacula
1764 3097 1965 3168 sempi-

2064 1940 2237 1997 Verbi
2270 1939 2393 2009 Dei,
2427 1939 2754 1995 humanum
2777 1955 2989 2012 corpus
3009 1939 3302 2010 corruptio
3323 1937 3420 2007 sit,
3449 1936 3608 2009 quod
3630 1953 3732 1995 se-

2070 2028 2328 2084 minatur
2376 2028 2437 2087 in
2487 2028 2891 2101 corruptione;
2934 2031 2992 2084 et
3019 2027 3081 2082 in
3110 2026 3428 2083 centesimo
3457 2026 3735 2084 secundo

2072 2116 2299 2189 psalmo
2330 2133 2399 2172 ex
2428 2132 2676 2188 persona
2701 2116 2856 2172 Justi
2885 2116 2955 2188 (c)
2987 2115 3386 2189 signiﬁcetur:
3419 2115 3525 2185 Qui
3552 2124 3738 2171 sariat

2069 2222 2253 2262 omnes
2272 2207 2329 2260 in
2337 2205 2630 2275 ﬁrmitates
2652 2208 2807 2260 tuas:
2836 2206 2934 2276 qui
2954 2206 3189 2260 redemit
3211 2203 3275 2260 de
3297 2205 3528 2259 interitu
3549 2204 3739 2259 vitam

2071 2303 2243 2352 tuam.
2295 2294 2461 2353 Unde
2509 2298 2566 2349 et
2608 2293 2922 2364 Apostolus
2964 2293 3150 2350 dicit:
3197 2295 3371 2349 Miser
3411 2308 3506 2364 ego
3539 2292 3740 2365 homo,

2071 2386 2192 2456 quis
2208 2400 2294 2439 me
2309 2383 2564 2440 liberabit
2577 2383 2641 2438 de
2654 2397 2880 2455 corpore
2894 2382 3081 2440 mortis
3098 2382 3263 2453 hujus
3281 2385 3458 2453 (Rom.
3470 2398 3524 2436 vn
3535 2398 3576 2451 ι,
3588 2382 3745 2454 24)ῗ

2074 2473 2140 2528 Et
2168 2471 2497 2545 appellatur
2516 2488 2729 2543 corpus
2751 2471 2979 2542 mortis,
3000 2471 3091 2527 vel
3111 2487 3327 2544 corpus
3344 2470 3741 2529 humilitatis.

2071 2562 2188 2618 Hoc
2214 2560 2299 2616 illi
2332 2561 2403 2616 ad
2443 2561 2803 2617 occasionem
2854 2576 2971 2625 suae
3018 2560 3242 2617 ducunt
3281 2558 3610 2616 hereseos:
3658 2565 3742 2617 ut

2074 2652 2185 2707 sub
2203 2667 2451 2722 persona
2462 2649 2676 2706 Christi
2697 2650 3059 2706 mentiantur
3074 2647 3511 2707 antichristum=
3534 2647 3749 2707 Eccle-

2075 2740 2194 2799 sias
2224 2743 2480 2810 teneant,
2507 2742 2571 2793 ut
2596 2741 2857 2794 ventrem
2879 2737 3336 2813 pinguissimum
3358 2737 3645 2809 nutriant,
3675 2743 3749 2796 et

2078 2827 2388 2884 carnaliter
2416 2827 2697 2893 viventes,
2747 2831 2951 2884 contra
2998 2842 3233 2883 carnem
3264 2826 3567 2899 disputent
3614 2827 3745 2899 [AL

2078 2917 2425 2989 disputant].
2441 2916 2556 2971 Nos
2580 2920 2775 2971 autem
2798 2914 3020 2972 scimus
3035 2915 3107 2971 de
3130 2914 3748 2988 incorruptaVirgine

2080 3020 2292 3077 corpus
2306 3008 2826 3076 assumptum,non
2843 3003 3272 3076 corruptionem
3286 3003 3500 3060 Christi
3515 3004 3747 3078 fuisse,

2082 3095 2184 3150 sed
2206 3092 2515 3166 templum.
2530 3093 2693 3158 Quod
2716 3092 2765 3147 si
2792 3092 2852 3148 in
2874 3091 3138 3165 Apostoli
3157 3093 3228 3149 ad
3250 3091 3583 3148 Corinthios
3605 3109 3758 3159 sane

323 3190 500 3243 terna.
547 3184 708 3250 Quod
757 3157 917 3239 Jonas
955 3157 1132 3255 caput
1159 3182 1400 3255 pelagus
1433 3185 1744 3254 operuerit,
1795 3189 1852 3239 et
1872 3157 1968 3240 -ad
2001 3157 2044 3225 (ἶ
2080 3157 2665 3247 ιθηιίαω’ῐιιειὶιὶώυιι,
2696 3181 2755 3236 in
2787 3198 2905 3254 qua
2927 3157 3147 3253 corpus
3176 3182 3391 3238 dicitur
3418 3157 3756 3255 spirituale

323 3273 615 3332 montium
649 3275 906 3328 extrema
937 3270 1322 3341 descenderit,
1357 3274 1415 3326 et
1441 3270 1663 3327 venerit
1684 3288 1872 3344 usque
1897 3274 1969 3330 ad

320 3361 613 3438 profunda
631 3365 944 3426 terrarum,
960 3359 1177 3432 quibus
1198 3359 1366 3432 quasi
1389 3359 1651 3416 vectibus
1669 3363 1725 3416 et
1747 3361 1968 3417 colum-

321 3452 415 3509 nis
430 3450 526 3508 Dei
546 3449 848 3506 voluntate
868 3448 1079 3521 globus
1099 3452 1265 3504 terra:
1288 3452 1670 3519 sustentatur,
1697 3447 1844 3506 nulli
1868 3451 1972 3506 du-

317 3540 482 3597 bium
531 3542 640 3608 est,
698 3538 769 3594 de
798 3555 916 3610 qua
944 3540 1001 3593 et
1028 3536 1167 3592 alibi
1198 3536 1413 3607 dicitur
1440 3552 1453 3583 τ
1506 3539 1616 3606 Ego
1644 3539 1972 3609 conﬁrmavi

314 3631 595 3687 columnas
623 3644 742 3697 opus
771 3628 884 3700 (Ps.
920 3644 1105 3695 LXXIV,
1138 3626 1212 3698 4).
1246 3626 1327 3682 De
1348 3626 1595 3684 Domino
1618 3632 1812 3684 autem
1838 3627 1969 3685 Sal-

313 3723 512 3776 vatore
533 3719 705 3788 juxta
734 3716 1047 3788 utramque
1076 3713 1392 3771 editionem
1424 3715 1654 3771 videtur
1696 3716 1841 3773 mihi
1886 3717 1969 3772 sic

316 3823 490 3881 posse
513 3803 784 3877 intelligi,
808 3804 962 3876 quod
986 3802 1309 3875 principale
1331 3807 1389 3859 et
1411 3808 1585 3875 caput
1604 3805 1752 3875 ejus,
1777 3804 1832 3859 id
1856 3808 1967 3876 est,

319 3895 519 3952 anima
540 3910 718 3967 quam
743 3909 879 3948 cum
903 3907 1140 3963 corpore
1162 3908 1266 3963 pro
1290 3891 1478 3947 salute
1501 3897 1702 3948 nostra
1720 3893 1969 3965 dignan-

318 3989 412 4040 ter
441 3981 783 4053 assumpsit,
810 3979 1219 4036 descenderint
1249 3979 1305 4034 in
1342 3979 1631 4036 scissuras
1654 3981 1967 4049 montium,

322 4073 423 4147 qui
456 4070 732 4126 ﬂuctibus
763 4068 1194 4140 aperiebantur,
1229 4068 1331 4141 qui
1363 4085 1425 4125 se
1455 4086 1489 4125 a
1517 4069 1644 4126 coeli
1670 4070 1970 4128 subtraxe-

322 4163 454 4216 rant
481 4158 768 4226 libertate,
803 4173 951 4227 quos
982 4155 1231 4229 abyssus
1261 4157 1576 4226 ambiebat,
1609 4160 1709 4230 qui
1732 4176 1794 4215 se
1814 4178 1848 4215 a
1868 4159 1964 4217 Dei

320 4247 618 4305 sciderunt
645 4248 740 4300 41
758 4247 793 4300 Ι
831 4245 1156 4315 majestate,
1190 4248 1248 4300 et
1275 4250 1477 4317 postea
1496 4247 1671 4303 etiam
1697 4248 1767 4303 ad
1791 4248 1966 4305 infer-

321 4353 398 4397 na
427 4333 778 4408 penetrarit:
812 4333 885 4389 ad
917 4350 1046 4406 quae
1075 4332 1202 4388 loca
1232 4335 1401 4405 quasi
1433 4335 1492 4391 in
1521 4340 1780 4392 extremo
1826 4335 1966 4395 limo

317 4427 717 4500 peccatorum,
750 4423 958 4479 animae
990 4422 1392 4490 trahebantur,
1442 4424 1670 4481 dicente
1700 4425 1966 4483 Psalmo-

2080 3270 2125 3343 (Ι
2156 3273 2281 3329 Cor.
2310 3270 2427 3343 xv),
2450 3286 2521 3325 ne
2552 3271 2901 3327 contentiosi
2927 3271 3082 3328 412
3110 3270 3436 3341 videamur,
3465 3270 3755 3330 dicemus

2078 3359 2339 3431 idipsum
2371 3357 2609 3431 quidem
2640 3375 2873 3435 corpus,
2907 3364 2965 3415 et
2988 3360 3258 3417 eamdem
3280 3375 3520 3417 carnem
3540 3348 3752 3418 resur-

2080 3464 2237 3522 gere,
2270 3465 2397 3519 quae
2429 3447 2662 3520 sepulta
2692 3453 2800 3516 est,
2853 3464 2981 3520 quae
3024 3448 3083 3504 in
3115 3448 3311 3505 humo-
3328 3448 3602 3517 condita;
3634 3450 3749 3505 sed

2082 3542 2310 3593 mutare
2330 3553 2459 3593 eam
2483 3536 2757 3610 gloriam,
2782 3553 2899 3593 non
2923 3541 3152 3597 mutare
3178 3542 3446 3594 naturam
3471 3554 3486 3594 :
3513 3537 3749 3609 Operm

2077 3629 2226 3681 enim
2244 3627 2620 3697 corruptivum
2644 3627 2740 3682 hoc
2761 3626 2995 3682 induere
3010 3628 3491 3699 incorruptionem,
3503 3634 3555 3681 et
3572 3642 3737 3681 mor-

2076 3715 2187 3769 tale
2206 3715 2304 3770 hoc
2323 3716 2558 3771 induere
2578 3716 3081 3772 immortalitatem.
3097 3716 3341 3782 Quando
3361 3715 3585 3781 dicitur,
3599 3713 3731 3783 hoc,

2079 3804 2515 3876 quodammodo
2535 3803 2766 3859 duobus
2789 3802 3056 3877 digitulis
3080 3803 3571 3876 comprehensum
3593 3819 3741 3859 cor-

2077 3908 2188 3964 pus
2220 3892 2545 3951 ostenditur
2578 3909 2590 3947 :
2625 3892 2734 3948 hoc
2765 3891 2823 3948 in
2856 3908 2972 3964 quo
3004 3891 3328 3959 nascimur,
3377 3892 3490 3947 hoc
3521 3891 3583 3947 in
3616 3908 3741 3965 quo

2079 3979 2382 4049 morimur,
2436 3980 2546 4036 hoc
2596 3980 2752 4052 quod
2784 3981 2995 4037 timent
3023 3980 3279 4052 recipere
3310 3979 3411 4053 qui
3440 3980 3734 4053 puniendi

2079 4074 2239 4139 sunt,
2274 4069 2381 4124 hoc
2413 4069 2568 4141 quod
2602 4068 2904 4142 virginitas
2934 4073 3232 4142 exspectat
3277 4069 3355 4127 ad
3398 4070 3740 4141 premium,

2080 4157 2432 4213 adulterium
2448 4157 2725 4214 formidat
2736 4159 2809 4214 ad
2824 4158 3311 4233 pmnam.SuperJ
3319 4174 3434 4216 ona
3444 4162 3653 4225 autem
3664 4160 3750 4216 ita

2077 4246 2324 4319 intelligi
2345 4251 2572 4320 potest:
2608 4248 2771 4313 Quod
2798 4248 2900 4322 qui
2929 4247 2988 4304 in
3010 4252 3210 4304 ventre
3229 4248 3341 4303 ceti
3362 4248 3541 4319 juxta
3567 4253 3747 4306 natu-

2077 4352 2201 4391 ram
2236 4352 2542 4408 corporum
2573 4337 2868 4410 corrumpi
2891 4336 3190 4404 debuerat,
3221 4340 3279 4392 et
3307 4336 3368 4392 in
3398 4337 3569 4395 cibos
3597 4339 3736 4397 bes-

2075 4424 2167 4479 tia:
2190 4424 2485 4498 proﬁcere,
2508 4441 2573 4481 ac
2605 4441 2709 4497 per
2728 4440 2905 4485 venas
2926 4431 3205 4498 artusque
3228 4425 3504 4497 diffundi,
3527 4442 3747 4501 sospes

314 4514 539 4589 grapho
564 4530 579 4568 :
612 4513 899 4569 Intrabunt
922 4514 982 4568 in
1004 4514 1280 4585 inferiora
1296 4516 1490 4582 terrae,
1511 4524 1696 4583 partes
1718 4516 1969 4587 vulpium
1996 4526 2043 4591 D
2075 4518 2132 4571 et
2161 4514 2384 4587 integer
2428 4514 2730 4570 manserit.
2781 4514 2955 4571 Porro
2987 4515 3145 4588 quod
3172 4514 3257 4571 ait
3284 4530 3297 4571 :
3330 4516 3563 4575 Domine
3591 4516 3748 4575 Deus

311 4611 478 4661 erunt
508 4604 621 4675 (Ps.
655 4619 794 4670 LXII,
828 4602 913 4672 10,
950 4603 1058 4673 11).
1104 4601 1207 4657 Isti
1247 4607 1388 4658 sunt
1433 4608 1625 4659 vectes
1674 4609 1861 4675 terrae,
1910 4608 1969 4662 et

316 4692 489 4768 quasi
517 4692 787 4767 quaedam
821 4707 960 4747 serae
992 4690 1234 4747 extremi
1266 4692 1518 4747 carceris
1550 4709 1616 4747 ac
1648 4691 1965 4765 supplicio-

2075 4621 2250 4673 meus,
2285 4601 2643 4660 blandientis
2689 4603 2932 4660 affectus
2980 4608 3092 4669 est,
3142 4603 3299 4676 quod
3353 4619 3751 4669 communem

2074 4697 2257 4749 Deum
2280 4691 2837 4757 omnium,benelicii
2859 4692 3263 4769 magnitudine
3275 4708 3452 4749 suum
3473 4698 3539 4750 et
3556 4696 3745 4766 quasi

314 4779 751 4848 rum,nolentes
769 4779 840 4835 ab
863 4779 1064 4835 inferis
1082 4779 1311 4836 animas
1332 4780 1487 4837 exire
1506 4780 1786 4853 captivas.
1803 4781 1967 4840 Unde
2074 4781 2377 4855 proprium
2410 4780 2660 4837 senserit
2696 4784 2900 4835 Deum.

314 4869 718 4945 signiﬁcanter
739 4867 877 4923 LXX
897 4866 1127 4943 κάτοχοι
1158 4866 1373 4921 αἰώνιοι
1397 4868 1503 4940 [ΑΙ.
1536 4867 1808 4943 κατόχους
1839 4868 1967 4925 αἰω-

314 4957 488 5032 νίους]
518 4955 968 5029 transtulerunt,
999 4956 1108 5012 hoc
1130 4960 1238 5029 est,
1264 4974 1497 5030 semper
1517 4962 1712 5014 tenere
1733 4959 1968 5030 cupien-

2146 4871 2328 4942 (Vers.
2361 4870 2436 4941 8.)
2467 4872 2606 4927 Cum
2632 4870 3056 4939 angustiaretur
3103 4869 3210 4942 [AL
3259 4871 3630 4945 anxiaretur]
3678 4875 3749 4931 in

2072 4975 2159 5016 me
2188 4961 2380 5014 anima
2408 4974 2549 5025 mea,
2582 4959 2808 5013 Domini
2836 4959 3148 5015 recordatus
3183 4975 3331 5016 sum.
3384 4959 3521 5017 LXX
3549 4976 3564 5017 :
3599 4961 3742 5019 Cum

312 5052 425 5119 tes,
458 5064 605 5121 quos
629 5045 808 5104 semel
828 5046 1183 5103 invaserant.
1210 5046 1322 5102 Sed
1344 5045 1631 5103 Dominus
1651 5051 1869 5117 noster,
1893 5049 1965 5105 de
2071 5049 2316 5121 deﬁceret
2342 5064 2416 5105 ex
2443 5062 2530 5103 me
2574 5047 2767 5103 anima
2792 5062 2939 5116 mea,
2981 5048 3203 5104 Domini
3229 5049 3559 5107 recordatus
3585 5068 3741 5108 sum.

357 5262 465 5391 t(a)
494 5265 632 5325 Mss.
666 5258 935 5331 Palatini,
969 5259 1116 5319 Unde
1142 5268 1221 5317 est
1249 5260 1410 5328 illud,
1436 5266 1491 5317 et
1512 5262 1755 5319 tenebris
1783 5271 1959 5335 erant,

384 5351 434 5391 c.

317 5351 414 5391 etc

314 5474 481 5533 codd.
514 5474 913 5542 fidem,Grzeco
955 5474 1311 5548 assentiente
1340 5474 1781 5548 textu,singulis
1812 5492 1959 5548 pene

311 5548 503 5607 verbis
525 5548 911 5607 restituimus.
925 5549 1109 5603 Antea
1128 5547 1311 5605 multo
1331 5546 1497 5603 aliter
1517 5546 1755 5615 lectum,
1772 5546 1958 5605 ascen-

312 5616 400 5679 det
428 5620 496 5680 de
533 5621 874 5703 corruptione
915 5621 1035 5680 vita
1080 5618 1152 5678 ad
1194 5623 1263 5698 te,
1313 5620 1542 5677 Domine
1591 5619 1732 5678 Deus
1777 5636 1953 5679 meus.

2069 5265 2301 5341 Graecus
2322 5258 2517 5341 habet,
2531 5255 2623 5312 καὶ
2645 5251 2902 5341 ᾇναϐήσςω
2924 5256 2983 5312 ἐκ
3003 5258 3263 5341 φθορᾶς
3283 5260 3397 5330 ζωή
3415 5280 3554 5341 μου,
3568 5260 3738 5341 Κᾷρη

2073 5333 2099 5387 ὁ
2124 5329 2255 5393 est;
2291 5351 2413 5403 μου.
2451 5329 2592 5386 Hinc
2621 5335 2679 5403 et
2710 5330 2884 5402 paulo
2905 5329 3038 5403 post
3065 5329 3322 5391 ascendat
3342 5329 3739 5399 causam,

385 5407 461 5479 (b)
493 5404 879 5479 septuaginta
920 5403 1458 5479 interpretationem
1505 5405 1576 5479 ad
1625 5408 1959 5479 nostrorum
2070 5421 2173 5479 pro
2195 5402 2451 5479 ascendet
2481 5402 2841 5479 reponimus.

2233 5472 2656 5546 MartianJegit
2673 5474 3041 5546 sanctiﬁcatur
3056 5491 3075 5530 :
3102 5479 3228 5530 tum
3245 5472 3462 5531 Victor.
3476 5475 3725 5546 redimit,

2073 5476 2089 5479 “
2140 5476 2210 5602 (ξ)
2233 5476 2656 5556 Ματῑίαηκιεςεὶῐ
2673 5476 3075 5558 ,ςηηεείβεειανς
3102 5479 3228 5530 tum
3245 5476 3462 5559 Yictor.
3476 5476 3725 5546 redimit,

2067 5564 2138 5623 ex_
2209 5547 2409 5622 ulgata
2427 5546 2704 5623 editione,
2726 5545 3123 5623 proredemzt:
3148 5547 3404 5623 denique
3426 5563 3580 5610 mss.
3595 5562 3730 5609 uos-

2065 5620 2165 5692 tri,
2195 5617 2657 5701 ew‘corruptione,
2690 5617 2793 5693 pro
2821 5617 2891 5679 de
2920 5618 3168 5685 interitu,
3266 5636 3275 5655 ι
