3988 6170
225 340 382 410 “3‘1

1007 346 1752 416 COMMENTARIORUM
1799 344 1879 409 IN
1923 344 2184 411 JONAM
2229 346 2488 415 LIBER.
2534 348 2707 416 CAP.
2745 350 2851 419 III.

3479 344 3635 418 H38

221 478 390 553 Cum,
423 480 635 556 inquit,
666 480 896 541 nullum
927 484 1085 543 aliud
1117 503 1412 560 sperarem
1444 485 1751 556 auxilium,
1784 499 1872 538 re-
1902 478 1960 549 Α
1988 482 2328 541 custodiunt
2382 486 2627 557 vanites,
2686 505 2799 544 non
2853 486 3151 563 relinquit,
3209 503 3330 547 non
3378 488 3634 548 detesta-

222 569 482 628 cordatio
511 570 743 628 Domini
776 573 921 628 mihi
953 574 1131 631 saluti
1166 575 1293 648 fuit,
1339 576 1509 647 juxta
1556 573 1741 629 illud:
1776 574 1873 628 Re-

218 659 475 717 oordatus
513 677 636 716 sum
672 661 913 728 Domini,
938 668 989 720 et
1026 665 1245 722 laetatus
1283 682 1407 721 sum
1428 665 1541 737 (Ps.
1574 681 1759 731 LXXVI,
1796 662 1868 731 4).

217 749 290 806 Et
320 749 381 804 in
413 749 527 806 alio
554 749 679 806 loco
714 768 728 806 :
760 752 1091 809 Recordatus
1110 770 1233 809 sum
1259 754 1476 810 dierum
1495 754 1869 824 antiquorum,

214 839 267 894 et
294 854 470 894 annos
498 840 737 896 xtemos
764 839 824 895 in
854 848 1031 897 mente
1060 843 1231 897 habui
1259 847 1374 913 (Ps.
1410 859 1593 909 Lxxvr,
1625 841 1703 914 6).
1753 841 1870 914 Ego

213 943 351 983 cum
376 926 748 1001 desperarem
771 928 1043 999 salutem,
1064 934 1121 986 et
1140 931 1334 987 carnis
1360 930 1645 1003 fragilitas
1667 929 1727 985 in
1755 945 1873 986 me-

211 1015 314 1072 dio
342 1020 542 1071 ventre
573 1016 682 1071 ceti
707 1017 853 1073 nihil
884 1035 976 1074 me
998 1021 1068 1075 de
1091 1018 1208 1075 vita
1228 1035 1463 1092 sperare
1486 1017 1867 1092 permitteret,

210 1104 503 1177 quidquid
520 1104 597 1159 im
607 1105 884 1177 possibile
896 1107 1457 1175 videbatur,Domini
1472 1108 1870 1164 recordatione

206 1198 558 1265 superatum
589 1198 696 1250 est.
727 1193 1009 1252 Videbam
1042 1213 1135 1253 me
1164 1197 1429 1254 clausum
1450 1198 1510 1253 in
1543 1200 1707 1253 utero
1735 1195 1868 1264 ceti,

203 1287 269 1339 et
295 1282 422 1338 tota
447 1297 583 1355 spes
615 1299 744 1338 mea
767 1284 1053 1341 Dominus
1077 1291 1221 1341 erat.
1245 1287 1325 1341 Ex
1347 1286 1563 1359 quibus
1585 1284 1868 1341 discimus

191 1370 761 1444 juxtaSeptuaginta
771 1377 1102 1446 eotempore
1114 1392 1228 1447 quo
1241 1375 1435 1431 deﬁcit
1446 1375 1643 1431 anima
1655 1378 1866 1445 nostra,

201 1462 269 1514 et
289 1474 326 1514 a
344 1458 605 1532 corporis
625 1476 906 1535 compage
925 1461 1237 1531 divellitur,
1264 1481 1377 1519 non
1397 1481 1504 1520 nos
1527 1464 1736 1520 debere
1756 1462 1867 1519 alio

200 1546 628 1620 cogitationem
659 1554 900 1618 vertere,
935 1550 1046 1607 nisi
1075 1551 1147 1607 ad
1170 1568 1326 1620 eum,
1351 1552 1453 1625 qui
1473 1556 1529 1608 et
1550 1552 1607 1607 in
1629 1568 1869 1625 corpore

198 1640 265 1692 et
278 1641 445 1693 extra
464 1651 680 1710 corpus
697 1641 898 1694 noster
917 1643 1007 1695 est
1032 1640 1331 1697 Dominus.
1349 1641 1537 1714 Super
1552 1639 1866 1697 Salvatoris

191 1736 341 1781 vero
381 1741 628 1798 persona
658 1743 772 1782 non
805 1730 895 1783 est
921 1726 1178 1785 difﬁcilis
1207 1728 1629 1802 interpretatio,
1653 1729 1752 1802 qui
1775 1728 1865 1784 di—

194 1810 322 1870 xit:
357 1814 544 1871 Tristis
572 1817 651 1871 est
681 1816 874 1871 anima
901 1833 1023 1873 mea
1060 1834 1229 1890 usque
1273 1819 1343 1874 ad
1383 1823 1611 1875 mortem
1642 1819 1860 1891 (Matth.
1894 1847 1943 1913 Β
1973 1813 2293 1897 immolabo
2331 1815 2458 1887 tibi,
2493 1817 2785 1889 meipsum
2812 1818 3096 1874 offerens:
3130 1819 3262 1892 quia
3290 1819 3502 1876 Pascha
3531 1835 3629 1877 no-
3742 1814 3760 1838 ’

192 1914 355 1972 XXVI,
387 1902 478 1971 38,
509 1904 623 1975 39).
655 1904 767 1959 Et:
802 1908 989 1973 Pater,
1020 1908 1072 1962 si
1092 1906 1358 1979 possibile
1383 1916 1485 1975 est,
1540 1908 1782 1962 transeat
1827 1923 1862 1961 a

189 2000 292 2048 ine
317 1993 478 2048 calix
502 1992 621 2048 iste.
656 1993 725 2048 Et
754 2009 767 2048 :
805 1995 867 2049 In
896 2011 1090 2051 manus
1121 1999 1243 2069 tuas
1271 1995 1581 2052 commendo
1609 1996 1864 2068 spiritum

189 2088 387 2136 meum
417 2079 530 2152 (Ps.
562 2097 692 2153 xxx,
726 2082 782 2154 6)
808 2098 820 2136 :
856 2087 912 2138 et
943 2086 1153 2139 cratera
1177 2083 1270 2139 his
1300 2084 1540 2139 similia.

278 2169 345 2226 Ut
372 2171 558 2225 veniat
583 2170 654 2225 ad
682 2173 735 2226 te
762 2173 937 2227 oratio
969 2180 1108 2239 mea,
1139 2174 1214 2229 ad
1243 2174 1507 2243 templum
1537 2174 1691 2228 413
1740 2190 1863 2229 san—

192 2256 353 2314 dum
380 2262 557 2313 tuum.
586 2258 663 2332 (a)
692 2260 828 2315 LXX
852 2260 1143 2318 similiter.
1166 2261 1386 2318 Idcirco
1408 2263 1467 2317 in
1488 2260 1863 2318 tribulatione

192 2341 440 2402 Domini
470 2347 810 2403 recordatus
838 2364 993 2415 sum,
1027 2351 1092 2404 ut
1130 2349 1314 2405 oratio
1347 2365 1477 2405 mea
1507 2350 1577 2404 de
1606 2353 1862 2404 extremo

194 2432 377 2506 mari,
409 2437 468 2490 et
496 2434 772 2491 Scissuris
804 2436 1092 2492 montium
1115 2438 1471 2494 conscendat
1492 2438 1563 2493 ad
1587 2435 1783 2503 caelos,
1806 2441 1864 2493 et

189 2523 402 2580 veniat
421 2521 493 2579 ad
518 2520 805 2597 templum
829 2529 1100 2581 sanctum
1122 2530 1311 2591 tuum,
1335 2527 1396 2582 in
1419 2544 1534 2599 quo
1562 2531 1624 2582 tu
1647 2530 1865 2582 aeterna

190 2606 418 2669 frueris
464 2611 848 2669 beatitudine.
904 2616 972 2670 Et
1001 2614 1496 2671 considerandum
1527 2615 1682 2688 quod
1715 2631 1862 2671 novo

191 2707 437 2776 genere,
463 2699 650 2757 oratio
674 2700 773 2758 tial
793 2718 898 2774 pro
920 2705 1201 2772 oratione,
1226 2709 1282 2760 et
1303 2709 1572 2777 precetur
1592 2708 1657 2759 ut
1681 2701 1862 2759 oratio

193 2786 366 2845 illius
394 2790 753 2846 conscendat
772 2792 842 2846 ad
864 2791 1151 2864 templum
1180 2793 1301 2850 Dei.
1330 2794 1478 2849 Petit
1499 2797 1693 2849 autem
1717 2809 1861 2865 qua-

195 2876 252 2934 si
286 2876 568 2950 pontifex,
602 2881 666 2933 ut
696 2878 756 2934 in
789 2894 1027 2952 corpore
1058 2896 1165 2937 suo
1196 2880 1448 2955 populus
1478 2881 1773 2937 liberetur.

278 2960 466 3035 (Vers.
494 2962 574 3038 9.)
606 2967 714 3035 Qui
739 2966 1050 3024 custodiunt
1078 2972 1350 3026 vanitates
1373 2973 1607 3042 frustra,
1640 2970 1862 3025 miseri-

204 3052 464 3110 cordiam
482 3054 1153 3128 suam(b)derelinquent.
1181 3058 1357 3114 LXX:
1399 3061 1502 3129 Qu:
1554 3058 1863 3115 custodiunt

202 3152 355 3199 vana
380 3149 434 3199 et
456 3141 761 3213 mendacia,
806 3147 1243 3203 misericordiam
1288 3165 1446 3204 suam
1497 3149 1858 3220 reliquerunt.

196 3229 364 3289 Deus
394 3234 605 3288 natura
635 3210 969 3291 misericors
1018 3240 1126 3304 est,
1178 3240 1235 3292 et
1280 3240 1521 3311 paratus
1569 3210 1634 3293 ut
1680 3235 1864 3292 salvet
1893 3210 1935 3277 (ἶ

195 3318 540 3389 clementia,
590 3336 738 3393 quos
786 3336 902 3377 non
952 3327 1144 3396 potest
1191 3325 1416 3383 salvare
1439 3325 1709 3398 justitia:
1755 3340 1865 3380 nos

196 3412 405 3468 autem
434 3407 575 3467 vitio
605 3414 805 3467 nostro
834 3416 1097 3484 paratam
1126 3412 1611 3485 misericordiam,
1637 3418 1694 3470 et
1714 3413 1864 3469 ultro

198 3510 271 3559 se
288 3498 630 3554 oﬂ'erentem
650 3500 952 3571 perdimus
973 3506 1030 3558 et
1049 3501 1459 3574 relinquimus.
1474 3506 1541 3557 Et
1560 3519 1678 3557 non
1699 3501 1864 3569 dixit,

196 3588 308 3662 qui
331 3588 551 3659 faciunt
580 3588 852 3645 vanitates
895 3588 1158 3662 (Vanitas
1188 3591 1406 3663 quippe
1436 3589 1779 3661 vanitatum,
1812 3593 1869 3645 et

195 3675 410 3734 omnia
457 3675 684 3733 vanitas
729 3677 897 3749 (Eccl.
943 3695 983 3746 ι,
1025 3679 1082 3750 2)
1132 3695 1204 3735 ne
1254 3679 1533 3735 damnare
1576 3678 1871 3734 videretur

199 3765 537 3834 universos,
571 3769 628 3821 et
655 3770 867 3822 cuncto
897 3767 1097 3840 generi
1124 3765 1383 3823 humano
1406 3765 1868 3824 misericordiam

198 3854 535 3927 denegare;
579 3854 679 3910 sed
711 3855 813 3927 qui
843 3855 1187 3912 custodiunt
1214 3856 1521 3924 vanitates,
1555 3855 1676 3912 sive
1706 3871 1868 3912 men-

198 3940 589 4015 dacium,qui
610 3944 972 4000 transierunt
988 3944 1047 4000 in
1071 3944 1340 4001 affectum
1363 3944 1555 4001 cordis
1581 3962 1593 4000 :
1630 3945 1731 4018 qui
1755 3961 1871 4000 non

199 4028 409 4089 solum
440 4026 683 4100 faciunt,
738 4032 839 4088 sed
883 4033 967 4088 ita
996 4032 1339 4089 custodiunt
1365 4033 1673 4103 vanitates,
1707 4033 1873 4106 quasi

202 4116 488 4193 diligant,
507 4123 564 4175 et
582 4119 929 4177 thesaurum
951 4121 1210 4179 invenire
1232 4139 1295 4179 se
1319 4127 1547 4196 putent.
1569 4123 1876 4195 Simulque

204 4216 393 4267 cerne
422 4208 972 4282 magnanimitatem
1003 4211 1320 4283 propheta,
1354 4212 1414 4267 in
1435 4212 1725 4284 profundo
1751 4229 1877 4268 ma-

206 4295 328 4365 ris,
360 4297 421 4353 in
450 4305 650 4354 ventre
680 4300 854 4354 tanta
881 4298 1083 4354 bestiae
1114 4304 1329 4356 aeterna
1348 4304 1516 4357 nocte
1545 4305 1877 4374 coepertus,

207 4402 337 4446 non
371 4386 588 4459 cogitat
617 4385 689 4442 de
719 4384 977 4458 periculo
1008 4403 1137 4457 suo,
1182 4386 1283 4443 sed
1316 4388 1386 4443 de
1416 4392 1627 4444 natura
1657 4405 1875 4456 rerum,

206 4474 480 4553 generali
502 4474 796 4531 sententia
815 4474 1125 4548 philosoph
1135 4479 1286 4532 atur.
1311 4477 1776 4548 Misericorzlz'am,
1796 4476 1880 4531 in-

1983 574 2099 644 tur,
2133 573 2234 629 sed
2263 580 2529 648 expectat
2555 580 2620 632 ut
2648 577 2889 634 redeant
2913 596 2925 633 :
2962 577 3044 634 illi
3076 595 3210 636 vero
3241 581 3497 635 stantem
3521 580 3633 636 mi-

1982 661 2361 719 sericordiam
2394 668 2452 719 et
2484 663 2635 721 ultro
2666 683 2729 722 se
2758 667 3093 723 offerentem
3144 673 3352 740 sponte
3399 668 3635 741 propria

1980 749 2413 823 derelinquunt.
2456 754 2654 810 Potest
2685 754 2794 811 hoc
2841 760 2897 811 et
2927 773 2994 812 ex
3024 773 3272 829 persona
3300 756 3532 813 Domini
3561 758 3634 815 de

1976 836 2314 895 Judaeorum
2334 841 2578 912 perﬁdia
2599 843 2952 915 prophetari,
2975 844 3074 917 qui
3092 845 3234 900 dum
3257 861 3318 901 se
3338 845 3633 902 aestimant

1977 934 2263 999 praecepta
2297 929 2601 986 hominum
2629 936 2686 988 et
2729 930 3152 989 Pharisaeorum
3194 932 3468 989 mandata
3508 950 3629 990 ser-

1975 1031 2129 1085 vare,
2163 1032 2290 1088 quae
2322 1018 2546 1074 vanitas
2580 1024 2752 1092 atque
2798 1022 3173 1078 mendacium
3227 1026 3390 1090 sunt,
3444 1022 3628 1078 Deum

1974 1104 2075 1175 qui
2106 1121 2338 1178 semper
2365 1123 2567 1163 eorum
2601 1108 2877 1165 misertus
2910 1110 3117 1181 luerat,
3152 1109 3535 1182 reliquerunt.

2050 1191 2233 1258 (Vers.
2270 1196 2380 1267 10.)
2420 1197 2527 1266 Ego
2558 1205 2740 1252 autem
2785 1199 2844 1253 in
2874 1214 2995 1255 voce
3025 1197 3206 1255 laudis
3236 1198 3528 1255 immolabo
3556 1199 3629 1254 ti-

1978 1281 2035 1336 bi
2057 1299 2068 1336 :
2104 1285 2259 1338 414
2291 1299 2645 1356 quaecumque
2674 1288 2797 1342 vovi
2824 1288 3050 1343 reddam
3091 1304 3193 1360 pro
3234 1288 3413 1343 salute
3439 1287 3630 1345 Domi-

1974 1385 2066 1425 no.
2100 1370 2239 1426 LXX
2265 1388 2278 1425 :
2313 1373 2421 1444 Ego
2449 1378 2633 1428 autem
2672 1392 2794 1429 tum
2824 1391 2948 1431 voce
2978 1375 3159 1432 laudis
3188 1384 3240 1432 et
3267 1377 3630 1449 con/essionis

1975 1459 2268 1516 immolabo
2297 1462 2419 1527 tibi,
2467 1479 2818 1535 quaecumque
2844 1465 2967 1520 vovi
2994 1464 3226 1522 reddam
3257 1465 3361 1521 tibi
3386 1466 3629 1523 salutare

1973 1546 2224 1604 Domino.
2257 1549 2365 1614 Qui
2398 1550 2737 1607 custodiunt
2764 1553 3070 1626 vanitates,
3104 1570 3273 1611 suam
3296 1553 3625 1610 misericor-

1976 1634 2134 1692 diam
2162 1636 2559 1710 reliquerunt:
2586 1655 2691 1711 ego
2714 1646 2909 1697 autem
2934 1642 3034 1715 qui
3058 1660 3161 1714 pro
3190 1641 3508 1698 multorum
3534 1660 3626 1699 sa-

1975 1723 2097 1780 lute
2126 1726 2437 1783 devoratus
2468 1744 2624 1796 sum,
2670 1729 2729 1783 in
2761 1745 2899 1784 voce
2928 1728 3124 1785 laudis
3155 1735 3211 1785 et
3240 1728 3629 1788 confessionis

1970 1904 2141 1957 stram
2166 1903 2481 1960 immolatus
2501 1908 2580 1960 est
2602 1904 2849 1960 Christus
2868 1905 2913 1977 (Ι
2939 1905 3059 1961 Cor.
3081 1910 3160 1974 v).
3175 1906 3243 1962 Et
3260 1907 3428 1979 quasi
3446 1907 3515 1980 (ο)
3532 1924 3625 1982 ve-

1972 2007 2075 2046 rus
2106 1990 2366 2063 pontifex
2391 1996 2449 2047 et
2492 1992 2616 2048 ovis
2648 1993 2907 2066 seipsum
2941 2010 3046 2066 pro
3077 1994 3246 2051 nobis
3276 1994 3509 2051 obtulit.
3558 1992 3630 2053 Et

1971 2079 2311 2151 confitebor,
2345 2081 2558 2153 inquit.
2589 2082 2697 2137 tibi
2732 2086 2795 2136 ut
2824 2086 2959 2139 ante
2991 2083 3295 2139 confessus
3326 2100 3482 2153 sum,
3535 2082 3628 2139 di-

1971 2184 2149 2224 cens:
2185 2170 2462 2240 Conﬁteor
2511 2169 2615 2241 [AL
2654 2169 2983 2243 Conﬁtebor]
3032 2172 3155 2239 tibi,
3201 2177 3367 2228 Pater
3398 2174 3629 2229 Domine

1946 2257 2097 2323 (creti
2148 2261 2199 2313 et
2245 2263 2415 2315 terra?
2460 2257 2623 2329 (Mat.
2668 2276 2746 2326 x1,
2797 2259 2896 2326 15;
2940 2260 3099 2315 Joan.
3134 2277 3205 2327 vr,
3239 2260 3362 2330 39);
3395 2263 3453 2315 et
3494 2258 3626 2316 red-

1971 2345 2107 2401 dam
2136 2351 2288 2417 vota,
2323 2363 2450 2420 qua;
2476 2345 2584 2401 feci
2618 2364 2719 2417 pro
2751 2346 2939 2403 salute
2967 2347 3235 2403 omnium
3267 2347 3535 2416 Domino,
3562 2351 3628 2404 ut

1971 2450 2143 2491 omne
2165 2436 2317 2507 quod
2344 2426 2556 2491 dedisti
2574 2436 2721 2490 mihi
2745 2452 2858 2491 non
2881 2439 3078 2508 pereat
3098 2436 3154 2489 in
3178 2437 3482 2492 aeternum.
3499 2437 3627 2493 Cer-

1972 2523 2170 2579 nimus
2200 2523 2342 2595 quid
2375 2523 2433 2579 in
2465 2541 2572 2580 sua
2603 2524 2876 2597 passione
2895 2522 3157 2582 Salvator
3185 2540 3287 2597 pro
3311 2528 3512 2581 nostra
3530 2539 3625 2581 sa-

1968 2611 2090 2674 lute
2121 2612 2492 2684 promiserit:
2527 2630 2642 2669 non
2676 2612 2957 2669 faciamus
3006 2613 3345 2670 mendacem
3375 2610 3622 2670 Jesum:

1971 2715 2108 2773 ergo
2133 2701 2339 2756 mundi
2363 2700 2571 2767 simus,
2599 2704 2655 2757 et
2685 2701 2759 2757 ab
2792 2702 3083 2758 universis
3104 2705 3473 2775 peccatorum
3497 2716 3623 2758 sor-

1969 2788 2145 2845 dibus
2194 2788 2467 2862 separati,
2515 2793 2581 2845 ut
2625 2806 2732 2847 nos
2781 2791 2896 2847 Deo
2941 2790 3091 2863 patri
3124 2791 3329 2846 oil'erat
3356 2789 3625 2847 victimas

1973 2892 2121 2950 quas
2150 2883 2402 2934 voverat.

2041 2966 2228 3039 (Vers.
2274 2969 2389 3038 11.)
2417 2968 2481 3024 Et
2507 2967 2654 3023 dixit
2678 2968 2948 3023 Dominus
2970 2969 3117 3040 pisci
3141 2984 3153 3024 :
3188 2976 3238 3025 et
3264 2968 3506 3024 evomuit
3532 2970 3623 3026 Jo-

1968 3073 2102 3111 nam
2131 3057 2192 3111 in
2222 3056 2457 3112 aridam.
2492 3057 2635 3112 LXX
2660 3075 2674 3112 :
2705 3058 2773 3112 Et
2810 3059 3073 3130 praecepit
3101 3060 3234 3126 ceto,
3267 3065 3319 3113 et
3345 3058 3503 3128 ejeeit
3530 3058 3627 3114 Jo-

1969 3161 2103 3199 nam
2128 3161 2293 3217 super
2315 3148 2537 3201 siceum.
2573 3145 2703 3201 Haec
2733 3163 2860 3218 qua
2884 3163 3063 3218 supra
3083 3144 3333 3219 legimus
3362 3146 3472 3203 sub
3493 3161 3624 3219 per-

1973 3246 2117 3290 sona
2144 3234 2304 3290 Jonas
2336 3234 2619 3291 Dominus
2643 3235 2989 3307 deprecatus
3024 3238 3115 3291 est
3155 3236 3217 3292 in
3257 3240 3459 3292 ventre
3488 3234 3624 3308 ceti,

1972 3320 2043 3378 de
2073 3340 2187 3394 quo
2208 3327 2265 3378 et
2286 3324 2393 3379 Job
2416 3323 2659 3397 mystice
2682 3323 2941 3396 loquitur
2964 3340 2978 3378 :
3011 3324 3302 3380 Maledieat
3320 3325 3374 3379 ei
3397 3326 3493 3396 qui
3511 3341 3626 3381 ma-

1974 3410 2168 3467 ιοάίπᾶ
2198 3411 2334 3479 diei,
2369 3411 2465 3467 ille
2494 3413 2592 3482 qui
2617 3428 2880 3483 magnum
2899 3412 3076 3467 cetum
3094 3417 3354 3483 capturus
3374 3418 3454 3467 est
3481 3412 3622 3483 (Job.

1976 3518 2061 3571 ιιι,
2092 3500 2171 3572 8).
2221 3499 2562 3572 Ριιωοὶρὶὶυι·
2590 3516 2726 3572 ergo
2758 3499 2893 3555 huic
2926 3516 3138 3572 magno
3171 3503 3317 3567 ceto,
3366 3503 3424 3555 et
3451 3500 3627 3572 abys-

1974 3588 2058 3644 sis
2087 3592 2147 3643 et
2176 3587 2425 3656 inferno,
2478 3591 2543 3643 ut
2588 3588 2761 3643 terris
2801 3587 3113 3643 restituant
3140 3586 3537 3644 Salvatorem:
3571 3590 3629 3644 et

1976 3677 2077 3749 qui
2108 3680 2375 3732 mortuus
2407 3676 2617 3743 fuerat,
2642 3680 2705 3731 ut
2732 3675 3006 3732 liberaret
3024 3692 3124 3731 eos
3147 3677 3246 3747 qui
3272 3674 3479 3732 mortis
3498 3675 3627 3731 vin-

1977 3765 2125 3823 culis
2154 3765 2523 3833 tenebantur,
2558 3780 2757 3820 secum
2790 3762 3077 3836 plurimos
3099 3763 3309 3819 educat
3329 3763 3401 3819 ad
3428 3763 3627 3820 vitam.

1979 3854 2139 3919 Quod
2171 3858 2366 3909 autem
2400 3852 2677 3908 scribitur
2707 3854 2967 3923 evomuit,
3002 3849 3438 3929 ἐμφατικωτερον
3463 3852 3635 3910 debe-

1979 3960 2113 3999 mus
2143 3941 2405 4014 accipere
2431 3958 2444 3997 :
2478 3941 2636 4013 quod
2667 3957 2737 3998 ex
2766 3940 2902 3996 imis
2932 3940 3207 3997 vitalibus
3256 3941 3485 4011 mortis,
3517 3939 3633 3998 vic-
3682 3996 3695 4007 κ

1981 4031 2095 4088 trix
2123 4031 2241 4087 vita
2269 4030 2638 4104 processerit.

2053 4121 2213 4193 (Cap.
2248 4119 2347 4175 III.
2370 4151 2439 4161 -—
2462 4119 2626 4176 Vers.
2661 4120 2714 4186 l,
2735 4118 2815 4190 2.)
2838 4118 2903 4174 Et
2930 4122 3140 4191 [actum
3168 4123 3251 4175 est
3276 4119 3503 4175 verbum
3534 4119 3635 4175 Do-

1981 4212 2129 4266 mini
2157 4210 2229 4265 ad
2254 4211 2450 4265 Jonam
2478 4209 2735 4279 secundo,
2768 4208 2958 4264 dicens
2983 4224 2995 4263 :
3026 4211 3204 4276 Surge
3223 4211 3275 4264 et
3301 4208 3440 4264 vade
3468 4211 3525 4263 in
3546 4207 3640 4265 Ni-

1982 4302 2146 4356 niven
2161 4300 2437 4354 civitatem
2452 4300 2789 4369 magnam,et
2802 4296 3047 4367 prxdica
3067 4298 3124 4351 in
3142 4312 3209 4351 ea
3222 4295 3297 4368 (ά)
3321 4297 3479 4363 iuxta
3494 4309 3641 4366 prae-

1985 4389 2323 4444 dicationem
2345 4389 2610 4459 priorem,
2642 4402 2809 4457 quam
2837 4400 2932 4456 ego
2964 4385 3155 4455 loquor
3182 4381 3253 4438 ad
3281 4386 3354 4437 te.
3379 4380 3548 4438 LXX:
3572 4383 3640 4438 Et

1984 4480 2159 4549 factus
2190 4481 2271 4532 est
2298 4491 2473 4531 sermo
2522 4475 2750 4531 Domini
2776 4472 2847 4528 ad
2874 4474 3067 4529 Jonam
3111 4470 3361 4543 secundo,
3410 4470 3594 4527 dicens
3624 4485 3639 4526 :

209 4565 370 4641 quit,
401 4576 561 4620 suam
590 4563 989 4638 derelinquent.
1023 4563 1182 4619 Licet
1210 4564 1431 4621 oll'ensa
1451 4565 1529 4621 sit
1549 4564 1879 4620 miscricor-
1910 4574 1958 4639 Ῑ)
1990 4565 2184 4638 Surge,
2211 4574 2263 4621 et
2292 4565 2427 4620 vade
2453 4566 2512 4619 in
2544 4565 2778 4618 Niniven
2808 4562 3082 4616 civitatem
3106 4575 3382 4630 magnam,
3411 4564 3465 4615 et
3487 4576 3642 4632 prae-

208 4653 340 4722 dia,
373 4664 554 4726 quam
587 4668 693 4709 nos
725 4667 1045 4726 possumus
1090 4651 1284 4724 ipsum
1329 4652 1651 4725 intelligere
1701 4659 1879 4708 Deum

210 4741 551 4817 (Misericors
596 4743 744 4798 enim
793 4745 846 4797 et
894 4743 1188 4797 miserator
1233 4742 1515 4809 Dominus,
1566 4743 1782 4813 patiens
1832 4746 1883 4796 et

210 4833 423 4891 multa
468 4833 842 4888 miserationis
893 4831 1005 4903 (Ps.
1055 4845 1238 4901 cxmv,
1282 4830 1360 4900 8),
1405 4834 1601 4888 tamen
1651 4847 1752 4888 eos
1781 4831 1882 4903 qui

299 5083 386 5153 (a)
416 5082 668 5139 Deerant
710 5083 888 5138 verba
933 5083 1058 5137 LXX
1098 5081 1358 5153 similiter
1388 5097 1399 5134 :
1452 5097 1580 5152 quae
1611 5084 1736 5135 tum
1768 5080 1883 5147 hic,

227 5151 778 5235 tumqalibi‘snpius
807 5168 877 5210 ex
906 5168 1050 5235 mss:
1085 5151 1448 5235 su‘iitecimus.
1480 5151 1497 5235 "
1601 5224 1638 5235 Η

302 5223 385 5297 (b)
417 5221 792 5305 Ad_Vulgala3
822 5222 1119 5305 exemplar
1148 5222 1448 5305 Victorius.
1463 5221 1885 5305 derelinquunt:

230 5294 415 5369 quam
444 5294 675 5352 videtur
695 5297 757 5352 in
779 5294 1039 5352 subnexa
1056 5294 1414 5367 expositione
1434 5294 1742 5349 lectionem
1764 5294 1890 5366 ipse

230 5367 509 5440 praeferre
534 5369 593 5424 S.
629 5369 855 5423 Doctor.

300 5438 517 5522 ές)..Ηὲ
536 5456 733 5521 vocem
756 5454 939 5507 verus,
964 5438 1115 5493 infra
1143 5452 1275 5507 ergo
1295 5436 1635 5492 adverbium
1657 5440 1890 5508 printer-

233 5509 422 5565 mittit
449 5509 763 5567 Victorius.

269 5578 1069 5665 -(d)V_Xiotoi-ius.aitillum;
1099 5577 1295 5665 locum
1488 5578 1891 5665 interpretatio

233 5649 505 5710 vitiavit:
533 5652 620 5710 sic
647 5652 806 5711 enim
835 5652 923 5710 illi
948 5655 1284 5717 verterunt;
1319 5649 1705 5723 Hieronymus
1733 5664 1890 5719 vero,

1989 4656 2113 4711 dica
2142 4657 2201 4710 in
2229 4671 2299 4710 ea
2321 4655 2493 4725 juxta
2508 4648 2954 4724 przrdicationem
2968 4650 3233 4720 priorem,
3255 4663 3423 4719 quam
3441 4664 3541 4717 ego
3562 4647 3643 4704 lo-

1989 4753 2145 4801 Culus
2172 4759 2295 4797 sum
2326 4741 2396 4796 ad
2426 4750 2495 4796 te.
2529 4740 2655 4797 Non
2688 4738 2903 4793 dicitur
2933 4735 3248 4809 prophetae,
3299 4752 3478 4808 quare
3526 4752 3643 4793 non
3700 4736 3703 4747 ⁴

1991 4832 2179 4889 fecisti
2211 4830 2367 4902 quod
2398 4829 2505 4885 tibi
2538 4829 2729 4884 fuerat
2764 4826 3138 4899 imperatum,
3193 4825 3296 4881 sed
3343 4823 3563 4881 sufficit
3589 4825 3643 4881 ei

1995 5084 2060 5136 ut
2089 5096 2157 5134 ex
2184 5077 2437 5150 Vulgata
2460 5074 2872 5150 ejuseditione
2902 5075 3162 5146 apparet,
3194 5072 3304 5150 hoc
3336 5070 3546 5150 modo;
3576 5070 3645 5150 βε

2032 5151 2236 5209 νέεάίσα
2265 5141 2334 5205 id
2353 5166 2416 5203 ea
2442 5141 2900 5220 predicationem,
2931 5141 3098 5218 quam
3125 5159 3219 5216 ego
3249 5144 3439 5220 loquor
3466 5141 3547 5220 ad_
3566 5142 3639 5197 te.

2032 5170 2236 5209 réeatca
2265 5170 2326 5205 tn
2353 5170 2416 5203 ea
2442 5170 2900 5220 preawatwnem,
2931 5170 3098 5218 quam
3125 5170 3219 5216 ego
3249 5170 3439 5215 wquur
3466 5170 3537 5197 (ιιι
3567 5170 3639 5197 ιε.

1992 5170 2176 5278 {loces
2202 5221 2378 5286 enim,
2403 5221 2571 5292 jumta
2593 5223 2650 5273 et
2665 5222 2931 5290 priorem,
2958 5232 3073 5271 non
3094 5219 3234 5292 sunt
3258 5212 3642 5292 _in_IIebraicq_,

1997 5310 2102 5349 nec
2133 5292 2306 5347 etiam
2353 5282 2481 5346 esse
2511 5282 2861 5362 potuerunt:
2896 5282 3024 5362 eum
3059 5284 3273 5358 alioqui
3306 5283 3519 5362 falsum
3568 5282 3645 5341 sit

1996 5365 2201 5420 Jonam
2251 5367 2421 5419 antea
2459 5355 2529 5416 in'
2549 5359 2750 5414 Ninivc
2781 5358 3145 5431 praedicasse,
3176 5355 3311 5431 eum
3341 5355 3643 5431 hugusque

1998 5454 2113 5491 non
2151 5435 2262 5489 nisi
2294 5435 2423 5501 ejus
2453 5433 2523 5488 ab
2553 5430 2653 5485 illa
2683 5425 2826 5485 urbe
2854 5425 3219 5501 describatur
3238 5426 3395 5499 fuga.
3419 5425 3647 5501 Expun-

2000 5512 2107 5586 ptas
2132 5511 2271 5586 sunt
2300 5496 2515 5586 itaque.
2542 5518 2726 5586 voces
2759 5503 2830 5586 ab
2878 5499 3006 5586 illo,
3033 5496 3439 5586 .Ioeus‘que'uad
3468 5496 3648 5586 ﬁdem

1998 5579 2261 5634 Vulgata:
2278 5565 2553 5632 editionis
2571 5565 3083 5629 restitutusNobis
3098 5565 3301 5628 contra
3315 5584 3459 5624 mss.
3471 5565 3652 5623 ﬁdem

2008 5594 2109 5633 VIII
2156 5594 2261 5634 aia:
2278 5594 2553 5632 θαιιιοῑιιε
2571 5594 2761 5629 Γθδιιῐῑ

2002 5594 2153 5707 nihﬁ
2182 5648 2354 5705 licere
2384 5646 2761 5705 arbitramur.
