4008 6184
390 329 550 403 1139

1644 327 1712 399 S.
1756 334 2067 400 EUSEBII
2108 332 2555 402 HIERONY—MI

3576 340 3695 410 mo

389 467 683 541 naufragii
731 469 788 525 et
832 468 982 526 415
1017 463 1407 525 devorationis
1452 466 1579 525 sola
1623 468 1928 541 correptio,
1976 472 2042 525 ut
2068 471 2125 538 Α
2156 470 2362 527 diebus
2393 475 2451 527 et
2480 469 2768 539 noctibus,
2795 467 2906 537 vel,
2937 484 3054 526 uno
3083 466 3176 525 die
3204 471 3258 526 et
3283 470 3447 540 nocte,
3474 471 3554 529 sed
3573 474 3695 533 abso-

391 560 494 633 qui
514 559 898 631 imperantem
923 575 1037 613 non
1062 562 1324 614 senserat
1345 558 1676 628 Dominum,
1692 556 2043 631 intelligeret

389 648 758 705 liberantem.
811 646 1082 720 Alioquin
1132 646 1496 720 superﬂuum
1543 652 1630 703 est
1679 646 2040 718 delinquenti

389 753 556 795 servo
586 740 718 810 post
746 736 949 810 plagas
976 736 1123 793 velle
1152 737 1444 809 imputare
1493 737 1658 809 quod
1698 736 1853 803 fecit,
1906 752 2040 790 cum

391 827 803 899 hujuscemodi
823 827 1108 898 correptio
1130 843 1244 881 non
1263 831 1384 882 tam
1406 826 1732 882 emendatio
1754 825 1846 893 sit,
1862 840 2041 897 quam

391 915 779 988 exprobratio.
813 915 1097 971 Dominus
1128 920 1323 971 autem
1365 919 1561 971 noster
1591 918 1723 986 post
1752 929 2040 969 resurrec-

388 1005 614 1061 tionem
645 1005 900 1061 secundo
931 1004 1185 1059 mittitur
1214 1005 1287 1060 ad
1334 1004 1596 1072 Niviven,
1646 1009 1711 1059 ut
1747 1003 1847 1075 qui
1878 1003 2043 1074 prius

394 1094 827 1166 quodammodo
857 1094 1102 1165 fugerat,
1127 1092 1328 1148 dicens
1355 1109 1368 1146 :
1403 1095 1593 1160 Pater,
1615 1094 1664 1147 si
1678 1092 1939 1163 possibile
1963 1098 2043 1147 est

394 1186 637 1239 transeat
666 1199 700 1237 a
727 1198 813 1237 me
841 1183 996 1237 calix
1025 1184 1128 1237 iste
1177 1183 1326 1252 (litat.
1360 1199 1513 1249 xxv1,
1544 1180 1657 1251 39),
1690 1185 1747 1236 et
1777 1180 2044 1236 noluerat

392 1272 534 1329 dare
562 1288 774 1345 panem
805 1270 1061 1326 ﬁliorum
1087 1270 1332 1326 canibus
1353 1271 1534 1339 (Ibid,
1556 1273 1650 1336 xv)
1675 1289 1687 1340 ;
1724 1287 1879 1325 nunc
1905 1270 2043 1341 quia

389 1361 479 1417 illi
511 1362 795 1427 dixerant,
828 1362 1114 1431 Cruciﬁge,
1147 1360 1407 1431 cruciﬁge
1432 1360 1638 1415 talem:
1671 1361 1774 1415 Nos
1801 1375 1909 1415 non
1942 1358 2042 1415 ha-

394 1449 577 1508 bemus
621 1466 807 1519 regem
850 1451 964 1504 nisi
1004 1448 1268 1505 starem
1317 1449 1493 1525 (Joan.
1525 1466 1640 1517 x1x,
1675 1448 1786 1519 15),
1836 1452 2043 1520 sponte

389 1538 583 1615 porgit
611 1539 682 1595 ad
702 1538 969 1607 Niniven,
992 1542 1058 1593 ut
1081 1538 1188 1593 hoc
1215 1538 1487 1610 praedicet
1510 1542 1643 1611 post
1668 1538 2039 1594 resurrectio-

390 1618 550 1695 nem,
578 1628 735 1700 quod
767 1631 830 1682 ut
860 1627 1220 1700 praedicaret,
1253 1630 1310 1683 et
1333 1631 1467 1682 ante
1491 1626 1827 1698 passionem
1847 1627 1898 1683 ei
1918 1627 2039 1681 fue-

390 1720 483 1774 rat
510 1717 888 1790 imperatum.
922 1717 1134 1772 Totum
1166 1719 1359 1771 autem
1391 1715 1545 1787 quod
1581 1716 1843 1786 jubetur,
1885 1716 2041 1787 quod

391 1805 606 1873 obedit,
657 1805 814 1878 quod
845 1822 961 1861 non
991 1804 1137 1872 vult,
1190 1805 1344 1875 quod
1377 1804 1588 1859 iterum
1618 1803 1761 1860 velle
1791 1804 2037 1876 cogitur,

390 1896 546 1968 quod
561 1894 750 1950 Patris
772 1894 1028 1950 secundo
1050 1892 1388 1964 exsequitur
1406 1892 1784 1963 voluntatem,
1804 1893 1953 1948 refer
1969 1892 2041 1949 ad
2074 1892 2087 1926 θ

389 1983 691 2041 hominem
712 1986 769 2038 et
791 1983 862 2038 ad
885 1982 1135 2037 formam
1157 1980 1331 2049 servi,
1365 1982 1458 2036 cui
1480 1980 1619 2037 talia
1639 1982 1815 2037 verba
1838 1998 2041 2037 conve-

389 2073 585 2128 niunt.

463 2160 649 2232 (Vers.
681 2159 763 2232 3.)
808 2161 873 2214 Et
900 2161 1147 2215 surrexit
1177 2161 1363 2226 Jonas,
1412 2164 1465 2214 et
1511 2159 1651 2214 abiit
1702 2159 1763 2214 in
1808 2160 2048 2216 Niniven

390 2249 550 2322 iuxta
590 2249 817 2305 verbum
852 2249 1074 2304 Domini
1103 2267 1120 2303 :
1159 2255 1214 2304 et
1240 2249 1441 2303 Ninive
1479 2256 1597 2303 erat
1625 2250 1815 2304 civitas
1844 2265 2049 2317 magna

389 2340 489 2397 Dei
516 2337 708 2411 [Vulg.
740 2341 895 2394 tacet
926 2339 1064 2405 Dei],
1099 2340 1301 2393 itinere
1330 2338 1498 2393 trium
1525 2337 1781 2393 dierum:
1810 2349 1857 2393 et
1889 2339 2049 2409 capit

386 2427 554 2486 Jonas
576 2428 817 2483 introire
842 2428 903 2481 in
922 2428 1208 2482 civitatem
1227 2427 1425 2482 itinere
1443 2426 1557 2481 diei
1575 2428 1764 2482 unius.
1788 2426 1927 2482 LXX
1947 2444 1960 2482 :
1985 2420 2053 2480 Εε

388 2517 640 2574 surrexit
683 2518 867 2583 Jonas,
918 2524 970 2571 et
1016 2516 1161 2571 abiit
1206 2517 1267 2570 in
1295 2516 1556 2582 Niniven,
1585 2516 1731 2571 sicut
1757 2517 1809 2571 ei
1838 2516 2048 2571 locutus

387 2607 574 2678 fuerat
622 2606 908 2662 Dominus.
963 2607 1096 2661 Erat
1140 2612 1326 2660 autem
1374 2605 1569 2659 Ninive
1618 2606 1814 2660 civitas
1842 2621 2049 2674 magna

388 2694 519 2766 Deo,
550 2695 709 2766 quasi
736 2694 937 2750 itinere
965 2695 1076 2750 viae
1124 2695 1348 2749 dierum
1378 2694 1548 2747 trium
1572 2710 1585 2748 :
1617 2696 1669 2749 et
1696 2695 1852 2765 erepit
1878 2696 2046 2749 Jonas

391 2781 607 2854 ingredi
621 2782 894 2837 civitatem
910 2782 1070 2852 quasi
1085 2781 1285 2836 itinere
1299 2780 1371 2851 (a)
1386 2782 1493 2837 vim
1506 2781 1672 2835 unius
1689 2780 1821 2836 diei.
1836 2779 2043 2836 Statim

389 2870 574 2926 Jonas
619 2869 774 2939 quod
820 2868 1010 2924 fuerat
1056 2867 1167 2923 sibi
1198 2867 1547 2938 imperatum
1582 2884 1753 2939 opere
1783 2868 2041 2940 perfecit.

391 2958 598 3014 Ninive
627 2960 823 3012 autem
854 2960 997 3025 erat,
1032 2956 1104 3012 ad
1126 2972 1303 3027 quam
1336 2957 1612 3027 pergebat
1638 2957 1939 3029 propheta,
1963 2957 2041 3012 ci-

391 3047 547 3103 vitas
575 3060 808 3116 magna,
841 3047 899 3099 et
926 3043 1074 3100 tanti
1105 3044 1385 3114 ambitus,
1410 3049 1476 3098 ut
1494 3044 1588 3099 vix
1606 3044 1787 3100 trium
1813 3044 2041 3101 dierum

393 3137 596 3207 posset
614 3132 820 3188 itinere
843 3131 1159 3187 circumiri.
1183 3133 1254 3186 At
1273 3130 1370 3187 ille
1395 3133 1660 3204 praecepti
1692 3137 1750 3187 et
1778 3133 2040 3205 superio-

393 3205 476 3277 ris
506 3220 796 3293 naufragii
818 3236 1063 3291 memor,
1095 3221 1248 3277 viam
1274 3220 1452 3285 trium
1475 3221 1704 3276 dierum
1730 3222 1908 3278 unius
1928 3222 2042 3279 diei
2074 3205 2116 3272 Ο

390 3309 766 3367 festinatione
789 3308 1118 3381 complevit,
1142 3326 1502 3381 quamquam
1526 3310 1646 3366 sint
1672 3310 1773 3382 qui
1795 3311 1877 3366 ita
1901 3310 2040 3367 sim-

389 3397 620 3471 pliciter
646 3397 997 3471 intelligant,
1031 3399 1188 3470 quod
1220 3398 1278 3453 in
1310 3398 1482 3454 tertia
1510 3403 1739 3455 tantum
1762 3404 1925 3471 parte
1946 3417 2044 3455 ur-

387 3484 482 3545 bis
508 3488 927 3561 prmdicaverit,
960 3492 1018 3543 et
1046 3489 1118 3543 ad
1152 3487 1409 3559 reliquos
1438 3488 1747 3544 confestim
1769 3488 2045 3560 praedica-

387 3576 567 3634 tionis
584 3594 776 3634 sermo
795 3576 1143 3649 pervenerit.
1185 3576 1472 3632 Dominus
1488 3580 1683 3632 autem
1704 3581 1900 3633 noster
1919 3595 2045 3651 pro-

385 3666 511 3739 prie
542 3670 675 3739 post
704 3666 923 3723 inferos
954 3681 1306 3738 consurgere
1336 3665 1569 3732 dicitur,
1603 3673 1659 3721 et
1679 3666 1921 3722 verbum
1944 3673 2046 3723 Do.

382 3753 532 3811 mini
561 3755 896 3827 pradicare,
929 3756 1166 3827 quando
1199 3753 1379 3809 mittit
1427 3753 1725 3826 apostolos
1759 3758 1823 3809 ut
1851 3754 2042 3827 bapti-

381 3846 515 3902 zent
541 3859 662 3912 eos,
695 3843 793 3914 qui
828 3848 995 3899 erant
1041 3843 1102 3898 in
1133 3842 1359 3908 Ninive,
1409 3841 1469 3896 in
1502 3842 1741 3898 nomine
1770 3843 1959 3900 Patris
1989 3849 2045 3900 et

384 3929 514 4012 Filii
545 3934 602 3986 et
631 3930 885 4012 Spiritus
917 3931 1125 3999 sancti,
1182 3931 1293 3986 hoc
1324 3935 1432 3997 est,
1469 3930 1677 3986 itinere
1707 3931 1885 3987 trium
1918 3933 2040 3989 die-

385 4004 540 4075 rum.
573 4019 643 4073 Et
665 4018 776 4073 hoc
804 4004 1001 4090 ipsum
1031 4023 1471 4075 sacramentum
1503 4021 1658 4075 416
1691 4019 1899 4076 salutis
1930 4021 2039 4076 hu-

386 4123 576 4162 mana;
599 4106 776 4161 unius
800 4106 914 4162 diei
930 4107 1006 4179 (b)
1021 4108 1133 4176 via,
1148 4106 1206 4162 id
1234 4112 1342 4176 est,
1358 4108 1536 4164 unius
1556 4107 1654 4163 Dei
1679 4110 2041 4166 confessione

387 4193 706 4267 perﬁcitur,
721 4210 836 4249 non
856 4198 979 4250 tam
998 4195 1302 4267 apostolis,
1317 4212 1494 4267 quam
1516 4196 1579 4252 in
1601 4198 1883 4268 apostolis
1900 4215 2041 4271 prae-

388 4283 619 4338 dicante
645 4283 812 4342 Jona.
847 4284 976 4356 Ipse
1007 4284 1166 4340 enim
1204 4285 1347 4340 dicit
1381 4301 1394 4339 :
1445 4290 1580 4341 Ecce
1626 4302 1720 4357 ego
1768 4288 2036 4343 vobiscum

385 4388 512 4431 sum
539 4373 791 4429 omnibus
819 4373 1007 4429 diebus
1035 4390 1202 4445 usque
1220 4373 1292 4428 ad
1311 4376 1833 4430 consummationem
1852 4377 2041 4432 saeculi

384 4463 548 4531 (Mat.
579 4478 775 4533 XXVIII,
821 4463 933 4534 20).
985 4461 1261 4535 Nullique
1310 4462 1559 4518 dubium
1609 4480 1787 4536 quare
1833 4464 2037 4520 Ninive

2150 560 2291 629 lute,
2322 560 2509 617 diebus
2536 569 2587 617 et
2615 560 2722 626 die,
2756 563 2821 615 ut
2849 560 3183 615 ostenderet
3212 558 3267 614 in
3295 560 3532 633 mysterio
3552 562 3695 619 Trini-

2149 648 2307 719 tatis,
2336 654 2393 705 et
2431 649 2609 705 unius
2656 648 2757 704 Dei
2808 648 3172 704 confessione
3201 645 3336 702 nihil
3364 664 3476 704 esse
3499 651 3699 707 tenebro-

2150 754 2304 793 sum.
2416 775 2421 781 -

2221 826 2407 897 (Vers.
2443 826 2520 898 4.)
2560 829 2625 882 Et
2653 828 2910 882 clamavit
2938 833 2989 881 et
3015 826 3160 880 dixit
3189 843 3207 878 :
3236 825 3395 881 adhuc
3419 826 3703 898 quadraginta

2150 915 2284 982 dies,
2338 920 2389 970 et
2438 916 2636 971 Ninive
2681 917 3042 971 subvertetur.
3093 914 3270 970 LXX:
3317 916 3374 970 Et
3405 915 3708 986 predimvitet

2150 1003 2294 1059 dixit
2319 1020 2331 1059 :
2366 1004 2547 1060 adhuc
2576 1013 2682 1060 tres
2711 1006 2851 1071 dies,
2880 1013 2931 1061 et
2961 1004 3158 1059 Ninive
3184 1003 3513 1058 subvertelur.
3549 1004 3709 1059 Trinus

2152 1095 2222 1163 (ε)
2246 1110 2526 1149 numerus
2543 1094 2642 1165 qui
2668 1093 2903 1166 ponitur
2924 1109 2957 1148 a
2976 1092 3368 1165 Septuaginta,
3382 1109 3483 1147 non
3503 1092 3712 1148 convenit

2150 1181 2500 1254 pmnitentiac
2526 1200 2539 1238 :
2572 1187 2627 1238 et
2658 1183 2802 1239 satis
2851 1182 3032 1237 miror
3062 1197 3166 1237 cur
3194 1180 3276 1236 ita
3306 1180 3612 1236 translatum
3636 1180 3706 1248 sit,

2151 1286 2286 1326 cum
2315 1270 2375 1325 in
2424 1272 2657 1327 Hebraeo
2706 1288 2812 1327 nec
2862 1270 3211 1340 litterarum,
3263 1285 3360 1325 nec
3404 1268 3712 1341 syllabarum,

2151 1376 2256 1415 nec
2281 1365 2648 1426 accentuum,
2673 1376 2776 1416 nec
2797 1360 2956 1415 verbi
2979 1359 3057 1414 sit
3085 1359 3203 1414 ulla
3224 1357 3591 1415 communitas.
3610 1359 3714 1413 Tres

2149 1448 2307 1504 enim
2337 1449 2614 1504 dicuntur
2648 1465 2816 1505 suos
2848 1433 3058 1520 (πώνης),
3092 1451 3149 1503 et
3178 1446 3533 1519 quadraginta
3555 1462 3717 1501 annm

2150 1538 2448 1608 (omne).
2474 1537 2749 1610 Alioquin
2773 1541 2830 1593 et
2851 1538 2921 1592 de
2944 1537 3145 1592 Judeea
3174 1540 3331 1593 tanto
3351 1536 3535 1591 itinere
3552 1534 3719 1590 missus

2150 1625 2433 1697 propheta
2446 1625 3042 1698 inAssyrios,dignam
3062 1642 3179 1680 suae
3197 1622 3585 1697 praedicationis
3596 1623 3723 1695 pomi-

2149 1708 2395 1770 tentiam
2418 1714 2733 1786 ﬂagitabat,
2757 1718 2822 1770 ut
2841 1713 3086 1785 antiqua
3103 1717 3161 1768 et
3185 1712 3409 1786 putrida
3424 1709 3630 1768 vulnera
3645 1710 3716 1766 diu

2150 1820 2222 1876 ap
2228 1804 2413 1876 posito
2428 1821 2496 1860 cu
2505 1807 2771 1859 rarentur
2782 1803 3111 1874 emplastro.
3122 1806 3291 1859 Porro
3304 1798 3723 1873 quadragenarius

2154 1910 2229 1948 nu
2240 1908 2433 1949 merus
2448 1892 2717 1948 convenit
2734 1892 3136 1964 peccatoribus
3151 1895 3210 1948 et
3219 1887 3724 1963 jejunio,etorationi,

2154 1985 2212 2036 et
2239 1998 2426 2050 sacco,
2459 1986 2515 2036 et
2546 1980 2842 2049 lacrymis,
2872 1984 2930 2036 et
2959 1979 3390 2052 perseverantia:
3410 1973 3721 2048 deprecandi:

2157 2070 2229 2125 ob
2261 2071 2415 2142 quod
2448 2073 2506 2126 et
2534 2070 2762 2143 Moyses
2793 2069 3185 2142 quadraginta
3216 2068 3414 2124 diebus
3427 2064 3669 2139 jejunavit
3685 2063 3729 2117 in

2157 2164 2354 2214 monte
2384 2158 2523 2214 Sina
2553 2157 2744 2231 (Exod.
2777 2161 2989 2228 xxvnv),
3021 2163 3080 2214 et
3107 2157 3266 2214 Elias
3297 2156 3510 2229 fugiens
3534 2149 3726 2219 Jezabel,

2158 2247 2377 2303 indicta
2409 2247 2561 2303 fame
2590 2252 2760 2302 terra;
2803 2247 3001 2313 Israel,
3050 2250 3107 2303 et
3135 2246 3240 2303 Dei
3272 2246 3508 2316 desuper
3531 2242 3605 2298 ira
3627 2256 3730 2313 pen-

2157 2336 2350 2406 dente,
2403 2334 2794 2408 quadraginta
2822 2335 2948 2390 dies
2988 2332 3296 2407 jejunasse
3326 2331 3635 2390 describitur
3658 2326 3727 2400 (Ill

2156 2426 2285 2495 Reg.
2318 2425 2530 2496 xxx1v).
2567 2425 2696 2496 Ipse
2726 2440 2958 2496 quoque
2990 2425 3276 2481 Dominus
3303 2439 3463 2480 verus
3483 2421 3614 2476 Jona
3629 2416 3729 2472 mis-

2156 2529 2260 2570 sus
2277 2513 2349 2568 ad
2368 2512 2836 2585 praedicationem
2855 2512 3404 2585 mundi,(d)jejunat
3419 2504 3733 2581 quadraginta

2155 2602 2316 2658 dies:
2349 2606 2406 2656 et
2436 2600 2833 2657 haereditatem
2864 2600 3035 2657 nobis
3063 2601 3275 2671 iejunii
3304 2590 3735 2669 derelinquens,ad

2154 2707 2321 2747 esum
2352 2690 2612 2763 corporis
2642 2690 2734 2746 sui
2766 2690 2875 2745 sub
2907 2689 3018 2746 hoc
3051 2706 3299 2747 numero
3332 2692 3543 2744 nostras
3561 2681 3735 2739 animas

2155 2785 2462 2852 praeparat.
2488 2779 2650 2845 Quod
2682 2782 2877 2834 autem
2908 2777 3211 2847 clamavit,
3234 2774 3611 2850 Evangelicum
3629 2767 3739 2825 illud

2153 2868 2418 2939 expletur
2449 2884 2461 2923 :
2513 2869 2678 2924 Stans
2705 2869 2979 2923 clamabat
3005 2870 3065 2924 in
3097 2868 3300 2941 templo
3330 2867 3539 2922 ditem:
3567 2861 3654 2929 Qui
3684 2856 3737 2911 si-

2152 2959 2238 3024 tit,
2261 2959 2443 3013 veniat
2462 2957 2532 3012 ad
2550 2972 2636 3011 me
2655 2964 2705 3012 et
2728 2958 2891 3013 bibat.
2917 2957 3123 3013 Omnis
3148 2958 3313 3013 enim
3336 2969 3514 3012 sermo
3537 2948 3738 3007 Salvato-

2153 3045 2255 3115 ris,
2288 3045 2428 3118 quia
2456 3046 2528 3101 de
2558 3045 2748 3118 magis
2778 3046 3153 3117 praedicabat,
3207 3046 3423 3102 clamor
3459 3036 3735 3113 appellatur.

2224 3135 2404 3203 (Vers.
2420 3135 2500 3204 5.)
2514 3136 2576 3190 Et
2592 3134 2948 3190 crediderunt
2968 3136 3079 3191 viri
3087 3136 3203 3190 Nin
3212 3137 3356 3191 ivilx
3374 3136 3428 3189 in
3441 3133 3606 3192 Deum,
3624 3122 3734 3180 ΛΠ

2151 3227 2203 3279 et
2228 3224 2668 3295 praedicaverunt
2696 3224 2988 3295 jejunium,
3021 3228 3072 3280 et
3102 3226 3292 3281 vestiti
3307 3225 3426 3281 sunt
3444 3218 3593 3276 saccis
3609 3232 3637 3269 a
3651 3226 3737 3267 ma-

2143 3312 2267 3383 jore
2296 3328 2463 3384 usque
2489 3312 2561 3367 ad
2604 3313 2895 3368 minorem.
2947 3313 3016 3384 (e)
3051 3312 3196 3368 LXX
3228 3311 3502 3369 similiter.
3542 3297 3739 3362 Credidit

2153 3400 2376 3466 Ninive,
2391 3404 2449 3456 et
2461 3400 2639 3457 Israel
2661 3400 3000 3457 incredulus
3019 3404 3379 3472 perseverat.
3397 3394 3617 3455 Credidit
3626 3403 3737 3462 pm-

2153 3490 2408 3561 putium,
2460 3493 2518 3544 et
2546 3488 2913 3546 circumcisio
2945 3494 3257 3561 permanet
3285 3485 3537 3545 inﬁdelis.
3565 3482 3618 3537 Et
3639 3475 3731 3550 pri-

2154 3594 2316 3634 mum
2349 3578 2594 3633 credunt
2622 3577 2822 3633 viride
2850 3578 3075 3649 Ninive,
3102 3580 3210 3652 qui
3240 3580 3313 3635 ad
3347 3581 3546 3633 aetatem
3564 3561 3729 3625 Christi

2153 3670 2535 3738 pervenerant
2559 3683 2572 3721 :
2608 3666 3051 3738 praedicantque
3073 3667 3458 3739 jejunium,et
3475 3655 3726 3738 vestiuntur

2153 3755 2340 3810 saccis
2362 3771 2397 3809 a
2417 3753 2625 3826 majori
2646 3769 2833 3825 usque
2855 3754 2927 3809 ad
2952 3754 3270 3811 minorem.
3294 3755 3503 3827 Dignus
3520 3752 3566 3803 et
3582 3741 3729 3799 victus

2152 3847 2210 3899 et
2228 3843 2464 3899 habitus
2485 3842 2857 3914 pmnitentiaa,
2872 3847 2938 3898 ut
2959 3843 3061 3915 qui
3083 3845 3446 3900 offenderant
3460 3840 3613 3896 Deum
3628 3829 3735 3885 luxu

2116 3981 2121 3986 .
2150 3936 2209 3988 et
2241 3932 2579 4002 ambitione,
2612 3948 2814 3988 eorum
2846 3931 3235 3990 damnatione
3266 3932 3505 4007 placent,
3535 3940 3621 3998 per
3644 3930 3737 3990 (ιυθ

2150 4021 2317 4094 prius
2362 4020 2741 4077 offenderant.
2797 4020 3012 4076 Saccus
3041 4025 3099 4077 et
3129 4022 3431 4094 jejunium
3474 4028 3615 4071 arma
3636 4006 3739 4063 sunt

2150 4110 2520 4183 poenitentia,
2553 4108 2769 4169 auxilia
2797 4114 3174 4181 peccatorum
3200 4129 3213 4166 :
3250 4114 3383 4167 ante
3412 4103 3678 4179 jejunium.
3699 4096 3741 4183 οξ

2148 4181 2232 4255 sic
2264 4215 2503 4266 saccus;
2537 4206 2669 4253 ante
2699 4198 2854 4270 quod
2884 4198 3183 4256 occultum
3215 4204 3328 4268 est,
3352 4202 3408 4254 et
3426 4198 3606 4269 postea
3623 4181 3738 4257 ίΙῑιοά

2150 4287 2341 4360 palam
2363 4306 2375 4343 :
2404 4287 2514 4342 hoc
2536 4303 2768 4359 semper
2780 4287 2918 4354 Deo,
2932 4287 3076 4344 illud
3100 4288 3404 4346 interdum
3423 4281 3688 4342 exhibetur
3702 4273 3743 4326 et

2147 4376 2506 4432 hominibus.
2521 4376 2590 4431 Et
2611 4376 2657 4432 si
2681 4393 2712 4431 e
2733 4376 2963 4432 duobus
2981 4377 3338 4435 necessariis
3364 4389 3536 4431 unum
3553 4372 3627 4425 est
3642 4360 3743 4419 sub-

2146 4464 2753 4537 trahendum,magisj
2764 4465 2810 4534 ej
2824 4464 3028 4520 unium
3049 4466 3282 4538 absque
3297 4472 3643 4533 sacro,quam
3656 4463 3746 4508 sac-

386 4563 601 4620 magna
630 4547 706 4603 sit
735 4548 935 4604 civitas
967 4548 1089 4619 Dei,
1123 4565 1256 4604 cum
1279 4549 1541 4605 mundus
1562 4554 1619 4605 et
1639 4550 1913 4606 universa
1933 4568 2036 4623 per
2064 4570 2109 4635 ι)
2146 4570 2282 4609 cum
2312 4552 2523 4627 eligam
2556 4552 2777 4624 absque
2800 4553 3047 4625 jejunio.
3102 4554 3297 4626 Major
3325 4558 3461 4608 natas
3489 4538 3745 4635 incipit}?t

384 4636 582 4708 ipsum
604 4637 756 4692 facta
773 4635 911 4703 sint,
935 4642 992 4693 et
1011 4638 1136 4693 sine
1153 4637 1281 4710 ipso
1314 4638 1534 4694 factum
1565 4642 1655 4694 est
1685 4638 1830 4693 nihil
1853 4641 2029 4711 (Joan.

385 4741 426 4794 ι,
457 4725 534 4798 3).
568 4725 886 4782 Notantum
920 4743 1154 4799 quoque
1193 4728 1348 4799 quod
1395 4743 1513 4781 non
1562 4727 1793 4795 dixerit,
1845 4728 2035 4787 tribus

455 4867 531 4941 (α)
552 4867 766 4941 Vocem
788 4869 1049 4941 viasqute
1070 4872 1127 4925 et
1142 4868 1201 4924 in
1217 4868 1412 4924 Graeco
1434 4870 1666 4924 resonat
1683 4863 1832 4937 ὁδοῦ,
1849 4873 2033 4929 nostri

384 4938 528 4996 mss.
564 4938 860 5011 supplent.

454 5011 529 5082 (b)
562 5010 778 5066 Iterum
808 5027 935 5077 vox,
968 5012 1079 5077 via,
1107 5010 1166 5065 in
1190 5010 1508 5082 Martiantei
1530 5010 1729 5066 deerat
1757 5011 2031 5082 editione,

381 5080 713 5153 sensusque
741 5083 885 5153 adeo
915 5082 1238 5151 laborabat,
1271 5080 1456 5138 nostri
1487 5097 1629 5136 mss.
1671 5088 1804 5153 post
1835 5080 2033 5140 Victo?-

383 5153 540 5209 rium
574 5152 895 5209 sufﬁciunt.

454 5224 523 5296 (ε)
553 5226 822 5296 Attamen
851 5241 966 5280 non
989 5233 1099 5280 tres
1120 5228 1369 5296 tantum,
1399 5223 1501 5280 sed
1533 5223 1905 5295 quadraginta
1924 5232 2035 5284 tres

383 5295 693 5368 scripsisse
742 5296 1052 5368 videantur
1082 5296 1242 5368 LXX.
1292 5295 1367 5368 Et
1388 5296 1701 5368 verouapud
1732 5298 2031 5356 Justinum

272 5414 281 5417 λ
380 5363 621 5454 ΒίεΙξοεζο
643 5384 778 5422 curn
800 5367 1107 5454 Tryphone
1132 5365 1213 5421 ὅτι
1250 5364 1485 5454 perculit:
1512 5363 1705 5454 ᾅλλοις
1723 5370 1892 5454 τρεῖς)
1912 5389 2032 5454 “rea-

380 5439 683 5512 capéxovcat
709 5439 894 5512 τρεῖς(
912 5440 1182 5512 Quoniam
1205 5443 1327 5511 post
1358 5440 1442 5509 (in
1469 5439 1597 5512 aliis
1625 5439 2032 5511 exemplaribus

264 5552 277 5569 ,
380 5509 523 5591 tres).
540 5509 916 5591 quadraginta
943 5510 1078 5582 dies,
1112 5509 1220 5567 etc:
1256 5512 1318 5565 In
1350 5527 1528 5565 unam
1560 5511 1688 5565 duae
1708 5509 1876 5567 voces
1897 5529 2027 5570 coa-

379 5575 1314 5724 lugrrnteajejunavit,Victorius
1332 5651 1392 5706 in
1406 5649 1788 5726 hunclocum,
1799 5653 2033 5714 Discant

2142 4659 2331 4714 usque
2361 4643 2432 4698 ad
2463 4642 2751 4698 minorem
2782 4643 3046 4713 pervenit
3077 4643 3198 4716 (Job
3229 4660 3363 4715 xxv,
3392 4643 3446 4713 5,
3475 4639 3559 4711 6):
3591 4626 3747 4690 nullus

2142 4732 2299 4788 enim
2323 4732 2545 4803 absque
2563 4734 2817 4803 peccato,
2842 4731 2907 4802 (ί)
2927 4736 2986 4787 et
3006 4731 3056 4788 si
3078 4732 3262 4803 unius
3284 4730 3519 4805 quidem
3537 4720 3636 4782 diei
3653 4719 3747 4774 fue-

2142 4873 2365 4945 inquit,
2388 4889 2457 4928 ex
2481 4871 2574 4945 bis
2594 4871 2797 4945 verbis
2823 4871 3102 4942 haeretici,
3133 4891 3207 4930 ex
3236 4871 3452 4945 Christi
3480 4874 3534 4926 et
3559 4863 3746 4945 apostt):

2143 4930 2720 5020 lorbm'institutione
2742 4930 3217 5020 Quadragesimze
3230 4930 3655 5020 jejuniumes'se
3673 4930 3746 5020 {et

2143 5033 2248 5072 nos
2277 5033 2379 5088 per
2406 5014 2559 5088 illud
2584 5015 2892 5086 praeparari
2909 5012 3005 5088 ad
3025 5033 3197 5072 esum
3220 5012 3344 5073 veri
3366 5012 3569 5088 Christi
3586 5016 3745 5088 ᾳοςροῖ

2143 5089 2245 5156 ris,
2277 5084 2433 5158 quod
2466 5084 2670 5158 quinta
2700 5084 2877 5141 sacrae
2907 5086 3301 5144 hebdomadis
3334 5084 3744 5158 I‘eriataut‘i‘lﬁ0

2058 5165 2070 5179 ‘
2140 5158 2198 5215 in
2225 5148 2500 5231 paschaté
2512 5157 2793 5231 sumitur.
2819 5158 2900 5214 Ex
2921 5158 3246 5231 apostolica
3270 5148 3628 5231 institutione
3636 5148 3744 5231 Qui

2142 5212 2484 5302 anagniae
2500 5212 3459 5302 jejunium_esse:apertiusetiam
3478 5229 3535 5283 in
3550 5212 3744 5302 spatia:

2142 5288 2781 5383 adﬁatcellahissatra
2799 5288 3139 5383 Μροίαηῗυω
3158 5302 3548 5383 “iussimus
3565 5288 3739 5383 έέἱτὲἓὲξε

2212 5373 2283 5443 (e)
2312 5372 2498 5427 Verba
2530 5372 2662 5427 LXX
2680 5371 2957 5440 similiter,
2984 5378 3049 5428 ut
3077 5390 3234 5445 Saepe
3256 5361 3421 5443 alibi,
3446 5385 3581 5427 mss.
3602 5361 3740 5421 nostri

2140 5443 2234 5499 hic
2265 5442 2558 5499 sunnlent.

2185 5443 2234 5499 ic
2265 5460 2331 5499 su
2343 5443 2558 5499 nnlent.

2213 5461 2234 5499 ε
2265 5460 2331 5499 su
2421 5460 2558 5497 Ient.

2213 5516 2276 5587 (Ι)
2306 5460 2689 5589 bﬁigtri_mss_.,
2718 5530 2787 5589 ne
2806 5514 2857 5589 si
2875 5516 3041 5570 unius
3060 5515 3313 5589 quidem,
3339 5501 3733 5589 etp-"‘ijtPl'i'E:

2138 5582 2324 5642 Locus
2355 5589 2463 5656 est,
2494 5583 2848 5656 inquit,_Job
2877 5602 2992 5651 XIV,
3017 5582 3362 5656 ,sécundu'm
3396 5582 3551 5648 LXX,
3579 5582 3629 5634 in
3649 5583 3740 5656 Ill“:

2138 5640 3746 5733 sanedisiegiturﬁpwmi«fé'zlnieﬁivwww
