4008 6184
186 350 350 433 4149

972 352 1724 419 COMMENTARIORUM
1768 351 1849 416 IN
1892 350 2160 417 JONAM
2202 349 2462 416 LIBER.
2508 348 2680 416 CAP.
2724 347 2829 417 ιν.

3449 352 3611 420 MBO

184 486 316 546 lum
373 487 707 563 praebuerit,
765 492 823 546 et
877 486 1225 562 potentiam‘
1254 488 1576 546 ostenderit
1632 488 1729 545 Dei
1775 489 1832 544 in
1863 488 1920 556 Α
1949 485 2110 542 tibus
2129 484 2393 558 loquitur
2411 486 2667 543 Judaais:
2702 487 3089 544 Paenitentiam
3118 487 3342 560 agite,et
3372 488 3605 563 baptizea

185 579 556 652 protectione
581 578 825 635 virentis
875 578 1230 646 umbraculi,
1283 584 1340 634 et
1369 583 1641 634 naturam
1673 595 1843 634 suam

190 672 401 724 secuta
454 670 562 723 est.
622 668 708 723 Ad
766 684 1079 740 personam
1135 684 1271 724 vero
1310 668 1541 723 Domini
1582 667 1845 723 Salvato-

193 756 301 824 ris,
337 772 411 812 ne
439 756 674 828 penitus
698 761 937 828 propter
964 753 1457 832 φιλοκολύκηνθον,
1482 757 1845 812 cucurbitam

203 844 731 918 reliuquamus,sic
760 844 960 901 referri
991 850 1199 918 potest,
1233 850 1298 901 ut
1324 845 1465 901 illud
1501 861 1858 902 commemo-

190 951 400 991 ramus
425 935 587 990 Isaia:
614 951 627 990 :
652 936 1012 1005 Relinquetur
1041 935 1162 1004 ﬁlia
1190 935 1325 991 Sion
1351 937 1496 991 sicut
1518 938 1849 991 tabernacu-

200 1024 325 1079 lum
352 1025 413 1079 in
441 1025 622 1091 vinea,
653 1030 708 1078 et
736 1024 881 1079 velut
930 1025 1121 1079 casula
1165 1026 1225 1079 in
1268 1026 1668 1094 cucumerario,
1698 1026 1858 1096 quasi

190 1115 396 1169 civitas
414 1127 537 1185 quae
557 1116 911 1184 expugnatur
931 1112 1080 1183 (Isai.
1101 1112 1326 1183 vm).Et
1346 1111 1612 1167 dicamus
1630 1112 1770 1184 quia
1790 1111 1850 1167 in

195 1201 318 1259 alio
331 1200 643 1272 Scripturaa
670 1199 797 1257 loco
819 1200 1181 1255 cucurbitam
1201 1217 1316 1255 non
1335 1199 1853 1272 invenimus,quod

196 1291 307 1346 ubi
336 1289 606 1345 cucumis
636 1289 917 1360 nascitur,
942 1288 1022 1344 ibi
1046 1288 1207 1344 nasci
1233 1289 1417 1345 soleat
1440 1294 1497 1345 et
1527 1290 1853 1346 cucurbita.

202 1384 279 1435 Et
302 1377 476 1435 Israel
492 1377 630 1433 huic
643 1378 840 1451 generi
858 1378 932 1449 (a)
952 1380 1540 1450 comparatum,quod
1561 1379 1857 1451 quondam

197 1466 520 1540 protexerit
564 1466 777 1521 Jonam
831 1466 943 1521 sub
1001 1466 1212 1521 umbra
1264 1483 1371 1521 sua
1417 1466 1856 1522 conversionem

196 1557 469 1628 gentium
499 1554 1018 1626 prmetolantem,et
1040 1570 1154 1609 non
1188 1571 1426 1627 parvam
1458 1554 1719 1611 laetitiam
1753 1556 1856 1611 tri-

196 1634 407 1701 buerit
427 1642 480 1699 ei
502 1642 723 1699 faciens
738 1641 1147 1698 umbraculum
1172 1647 1230 1698 et
1262 1642 1728 1712 tabernaculum,
1761 1660 1859 1715 po-

201 1733 332 1790 tius
362 1749 542 1805 quam
572 1732 1072 1799 domum,babens
1101 1737 1385 1788 tectorum
1409 1734 1855 1806 imaginem,do-

200 1837 442 1877 morum
470 1837 585 1875 non
617 1820 841 1877 habens
868 1821 1269 1877 fundamenta.
1299 1826 1475 1878 Porro
1510 1839 1731 1879 CICEION
1753 1841 1856 1879 no-

204 1915 333 1968 stra
361 1907 678 1965 arbuscula
708 1907 1079 1972 modica,cito
1104 1926 1486 1981 consurgens,
1512 1913 1659 1968 427
1702 1916 1761 1967 et
1788 1911 1863 1967 ci-

208 2003 270 2054 to
301 2014 572 2054 arescens
602 1997 806 2053 ordine
861 2001 918 2052 et
946 1997 1064 2052 vita
1122 1998 1229 2069 [Αι.
1277 1999 1391 2070 via]
1424 2000 1865 2071 comparabitur

213 2085 442 2154 Israeli,
472 2086 700 2157 radices
748 2102 955 2158 parvas
1003 2085 1257 2142 mittenti
1307 2087 1366 2142 in
1410 2092 1650 2157 terram,
1682 2093 1740 2145 et
1771 2106 1865 2145 co-

206 2176 375 2232 nanti
410 2175 646 2247 quidem
676 2174 735 2230 in
769 2173 999 2231 excelsa
1032 2174 1305 2245 sustolli;
1366 2177 1466 2233 sed
1496 2176 1867 2233 altitudinem

208 2265 522 2321 cedrorum
558 2263 660 2320 Dei
680 2267 737 2319 et
768 2263 1025 2319 abietum
1058 2281 1177 2320 non
1211 2265 1485 2337 mquanti.
1521 2266 1684 2331 Quod
1718 2265 1867 2321 mihi

210 2353 497 2410 videntur
522 2358 580 2409 et
608 2352 847 2409 locusta;
893 2352 1247 2425 significare,
1283 2353 1497 2425 quibus
1526 2353 1869 2410 vescebatur

206 2446 491 2508 Joannes,
523 2443 624 2514 qui
653 2441 796 2497 dicit
841 2441 951 2498 sub
982 2446 1117 2515 typo
1150 2442 1381 2498 lsraclis
1415 2461 1427 2499 :
1470 2444 1637 2498 Illum
1664 2450 1870 2515 oportet

208 2547 472 2599 crescere,
502 2547 590 2587 me
616 2534 799 2586 autem
827 2532 1013 2586 minui
1038 2535 1222 2600 (Joan.
1247 2548 1332 2597 IlI,
1353 2532 1446 2600 30)
1470 2549 1482 2585 :
1506 2531 1723 2587 animal
1745 2548 1869 2603 par-

209 2620 650 2688 vum,inﬁrmas
674 2619 899 2675 habens
924 2619 1145 2687 alas,de
1173 2624 1329 2676 terra
1357 2620 1593 2692 quidem
1624 2637 1865 2677 consur-

208 2709 490 2782 gens,sed
512 2709 689 2765 altius
708 2725 823 2764 non
844 2707 1044 2764 valens
1071 2708 1396 2774 avolare,ut
1420 2708 1555 2781 plus
1586 2709 1664 2765 sit
1687 2726 1865 2781 quam

208 2797 444 2870 reptile,
475 2802 532 2854 et
560 2802 757 2853 tamen
788 2797 994 2853 avibus
1028 2814 1144 2853 non
1177 2802 1458 2869 aequetur.

278 2886 471 2957 (Vera.
503 2887 536 2939 7
567 2890 623 2942 et
650 2887 730 2955 8.)
762 2888 826 2942 Et
862 2888 1084 2958 paravit
1114 2888 1378 2943 Dominus
1408 2904 1647 2942 vermem
1676 2903 1865 2942 ascen-

206 2977 368 3032 sione
398 2974 647 3031 diluculi
694 2977 753 3030 in
784 2977 1111 3042 crastinum,
1144 2985 1194 3031 et
1219 2978 1483 3047 percussit
1512 2975 1786 3044 hederam,
1816 2979 1866 3032 et

209 3066 474 3121 exaruit:
505 3072 558 3120 et
585 3080 710 3119 cum
757 3071 907 3120 ortus
952 3065 1154 3135 fuisset
1180 3066 1282 3127 sol,
1312 3066 1574 3137 prxcepit
1605 3066 1867 3121 Dominus

207 3160 372 3209 vento
401 3152 578 3209 calido
598 3160 649 3209 et
677 3154 864 3209 urenti
888 3171 901 3220 ;
935 3156 989 3209 et
1004 3156 1267 3225 percussit
1286 3156 1366 3209 sol
1394 3170 1559 3223 super
1579 3158 1742 3226 caput
1767 3160 1865 3212 Jo-

207 3249 381 3308 nx,et
407 3243 674 3299 éBstuabat
699 3261 718 3296 :
759 3250 810 3297 et
858 3244 1020 3313 petiit
1062 3244 1270 3300 animae
1298 3258 1418 3299 suae
1446 3248 1505 3299 ut
1533 3248 1862 3312 moreretur,
1895 3227 1939 3294 C

206 3339 261 3388 et
287 3330 435 3386 dicit
460 3347 474 3387 :
508 3330 693 3387 Melius
708 3337 787 3386 est
814 3331 890 3403 (b)
914 3331 1056 3386 mihi
1078 3333 1418 3403 mori,quam
1446 3335 1642 3388 vivere.
1675 3333 1820 3388 LXX
1847 3349 1860 3388 :

206 3422 276 3476 Et
318 3422 585 3492 praecepit
632 3420 772 3475 Deus
800 3421 973 3476 vermi
1015 3437 1181 3476 mane
1209 3422 1265 3476 in
1303 3423 1632 3490 crastinum,
1663 3426 1715 3477 et
1738 3436 1862 3493 per-

207 3511 379 3566 cussit
408 3510 773 3576 cucurbitam,
819 3514 872 3563 et
904 3511 1146 3580 arefacta
1166 3515 1282 3571 est;
1311 3512 1602 3582 statimque
1630 3519 1693 3565 ut
1718 3518 1866 3565 ortus

206 3608 295 3656 est
319 3600 422 3666 sol,
450 3600 717 3670 prwwpit
745 3598 1011 3654 Dominus
1054 3601 1285 3670 spiritui
1312 3600 1533 3654 ardoris
1561 3601 1763 3666 urenti,
1818 3603 1868 3654 et

200 3689 484 3761 percussit
508 3687 588 3743 sol
633 3703 797 3758 super
840 3692 1004 3759 caput
1030 3689 1203 3755 Jonas,
1235 3691 1285 3742 et
1314 3689 1661 3759 angustiatus
1688 3692 1786 3754 est,
1817 3692 1868 3744 et

206 3776 421 3833 taeduit
445 3791 566 3830 eum
592 3777 807 3833 animx
824 3779 1019 3846 suae,et
1038 3776 1182 3832 dixit
1206 3777 1432 3832 :Melius
1444 3784 1521 3832 est
1538 3775 1682 3831 mihi
1701 3780 1866 3844 mori,

204 3880 385 3938 quam
403 3866 593 3920 vivere.
619 3865 950 3936 Antequam
985 3864 1238 3920 oriretur
1267 3865 1352 3921 sol
1376 3864 1642 3935 justitiae,
1675 3865 1869 3922 virens

205 3957 343 4011 erat
372 3952 803 4019 umbraculum,
838 3958 895 4009 et
924 3970 1040 4010 non
1072 3955 1273 4009 arebat
1307 3953 1482 4010 Israel
1508 3970 1521 4009 :
1558 3959 1867 4027 postquam

205 4042 316 4099 ille
345 4043 615 4110 surrexit,
670 4047 727 4097 et
772 4043 1023 4098 tenebris
1081 4042 1405 4099 Niniviticaa
1434 4044 1561 4114 ejus
1592 4042 1722 4099 luce
1754 4044 1868 4099 dis-

207 4148 400 4189 cussae
431 4135 589 4202 sunt,
614 4135 851 4205 paratus
882 4131 1098 4187 vermis
1126 4132 1185 4186 in
1216 4132 1539 4188 crastinum
1572 4132 1865 4188 ascensio-

208 4236 286 4276 ne
319 4218 562 4275 diluculi
595 4219 690 4288 (de
730 4236 845 4291 quo
876 4218 1193 4275 vicesimus
1223 4220 1450 4292 primus
1480 4219 1745 4292 psalmus
1776 4221 1864 4277 in-

208 4308 529 4365 scribitur:
561 4312 672 4364 Pro
704 4309 1072 4379 assumptione
1093 4310 1367 4363 matutina
1386 4314 1483 4371 ;ct
1512 4310 1612 4381 qui
1644 4310 1869 4382 absque

209 4397 335 4453 ullo
366 4396 590 4453 semine
617 4397 687 4453 de
708 4401 864 4452 terra
884 4396 1154 4464 oritur,et
1176 4397 1319 4452 dicit
1351 4415 1363 4452 :
1394 4400 1503 4467 Ego
1527 4415 1645 4453 sum
1670 4399 1869 4454 vermis

207 4496 263 4544 et
309 4502 425 4542 non
479 4486 635 4542 homo
684 4484 797 4557 (Ps.
848 4503 964 4553 xxi,
1017 4486 1073 4557 7)
1112 4486 1404 4558 percussit
1432 4486 1867 4555 umbraculum,

1961 584 2052 631 tur
2080 577 2454 647 unusquisque
2473 578 2706 632 vestrum
2730 578 2785 632 in
2816 579 3044 634 nomine
3069 579 3196 633 Jesu
3217 578 3423 635 Christi
3452 581 3511 635 in
3522 596 3610 637 re-

1959 664 2276 720 missionem
2300 668 2647 735 peccatorum
2668 674 2995 734 vestrorum,
3024 670 3075 723 et
3103 669 3389 739 accipietis
3405 668 3611 724 donum

1963 754 2205 825 Spiritus
2256 755 2439 808 sancti
2489 755 2629 825 (Act.
2688 772 2751 822 ιι,
2798 757 2911 827 36).
2958 756 3107 812 Sunt
3136 756 3238 827 qui
3269 772 3523 813 vermem
3555 762 3614 814 et

1962 846 2230 898 urentem
2264 846 2529 911 ventum,
2570 847 2864 900 Romanos
2918 844 3250 918 intelligant
3278 846 3475 915 duces,
3509 847 3611 919 qui

1965 935 2097 1002 post
2146 932 2634 988 resurrectionem
2688 932 2928 1004 Christi,
2960 933 3138 989 Israel
3173 933 3408 1006 penitus
3457 934 3614 992 dele-

1964 1025 2194 1075 verunt.

2037 1110 2190 1166 4‘28
2213 1112 2400 1183 (Vere.
2422 1111 2502 1182 9.)
2518 1112 2591 1166 Et
2610 1110 2753 1166 dixit
2774 1113 3044 1189 Dominus
3057 1112 3357 1169 adJonam:
3377 1115 3616 1170 Putasne

1968 1200 2099 1254 bene
2130 1201 2388 1256 irasceris
2419 1209 2479 1255 tu
2506 1216 2670 1272 super
2697 1200 2947 1257 hederam
2965 1201 2993 1256 ‘l
3021 1203 3088 1256 Et
3115 1202 3261 1257 dixit
3293 1218 3305 1258 :
3342 1202 3471 1258 bene
3500 1204 3616 1257 ira-

1964 1304 2088 1344 scor
2132 1305 2226 1360 ego
2256 1305 2424 1361 usque
2453 1289 2522 1345 ad
2551 1294 2805 1346 mortem.
2851 1291 3031 1347 LXX:
3064 1293 3132 1346 Et
3157 1291 3303 1347 dixit
3354 1293 3618 1348 Dominus

1970 1378 2104 1433 Deus
2127 1379 2207 1434 ad
2219 1380 2442 1443 Ionam,
2469 1382 2538 1449 (c)
2556 1380 2717 1436 valde
2734 1382 3081 1436 contristaris
3099 1388 3159 1436 tu
3178 1396 3344 1453 super
3361 1381 3619 1438 cucurbir

1964 1470 2065 1521 ta?
2092 1469 2159 1522 Et
2187 1470 2311 1523 ait:
2342 1469 2500 1524 valde
2553 1471 2846 1525 contristor
2891 1486 2989 1540 ego
3036 1485 3208 1542 usque
3253 1470 3323 1525 ad
3367 1480 3617 1527 mortem.

1968 1556 2162 1627 Supra
2190 1556 2462 1613 Ninivitis
2490 1557 2805 1629 agentibus
2836 1558 3237 1631 prsnitentiam
3272 1562 3331 1615 et
3358 1559 3622 1632 gentium

1967 1644 2113 1700 urbe
2141 1645 2383 1713 salvata,
2416 1646 2813 1719 interrogatus
2860 1647 3119 1719 idipsum
3151 1648 3470 1720 propheta:
3505 1653 3624 1704 Pu-

1968 1736 2127 1788 tasne
2156 1736 2286 1791 bene
2314 1737 2575 1792 irasceris
2603 1744 2661 1791 tu
2684 1735 2711 1790 ‘l
2737 1735 2884 1792 nihil
2913 1736 3342 1809 respondit,sed
3374 1737 3626 1793 interro-

1970 1823 2267 1894 gationem
2291 1824 2394 1879 Dei
2416 1823 2650 1880 silentio
2674 1824 3297 1897 comprobavit,sciens
3326 1827 3483 1881 enim
3514 1824 3628 1881 cle-

1978 1916 2235 1967 mentem
2269 1929 2397 1969 esse
2417 1913 2623 1980 Deum,
2647 1918 2705 1969 ct
2726 1913 3256 1982 misericordem,et
3285 1914 3623 1985 patientem,

1977 2004 2035 2055 et
2065 2000 2263 2056 multa
2295 2000 2711 2069 miserationis,
2744 2006 2803 2058 et
2825 2002 3225 2075 ignoscentem
3248 2001 3511 2070 malitiis,
3531 2019 3628 2058 su-

1977 2104 2082 2160 per
2110 2088 2303 2145 salute
2335 2091 2600 2162 gentium
2650 2107 2767 2146 non
2811 2091 3077 2148 dolebat:
3112 2090 3209 2147 hic
3238 2095 3434 2147 autem
3466 2095 3627 2163 post-

1978 2194 2157 2249 quam
2185 2178 2402 2235 siccata
2422 2180 2529 2250 [Αἱ.
2555 2179 2859 2250 insiccata]
2888 2179 3223 2236 curcurbita
3244 2179 3398 2236 aruit
3428 2177 3626 2247 Israel,
3716 2188 3727 2203 '

1976 2271 2036 2322 et
2064 2283 2198 2322 cum
2227 2267 2603 2324 distinctione
2651 2269 3049 2341 interrogatus
3073 2284 3086 2324 :
3120 2270 3267 2325 Bene
3286 2270 3542 2324 irasceris
3569 2271 3630 2324 ut

1974 2371 2140 2426 super
2169 2355 2371 2413 hedera
2390 2360 2415 2411 .9
2470 2357 2831 2413 conﬁdenter
2857 2356 3160 2428 respondit
3188 2361 3246 2413 et
3273 2356 3452 2411 dicit:
3483 2358 3631 2411 Bene

1976 2446 2186 2500 irascor
2232 2460 2353 2514 ego,
2404 2444 2488 2499 vel
2540 2447 2826 2500 contristor
2870 2461 3038 2515 usque
3084 2445 3153 2499 ad
3201 2448 3436 2501 mortem
3465 2461 3477 2499 :
3511 2460 3629 2499 non

1976 2534 2133 2589 enim
2165 2534 2250 2589 sic
2302 2534 2460 2589 volui
2491 2532 2713 2590 salvare
2769 2533 2936 2602 alios,
2970 2537 3036 2589 ut
3064 2533 3325 2605 perirent
3353 2532 3476 2599 alii,
3509 2549 3629 2588 non

1976 2622 2061 2679 sic
2089 2622 2311 2678 alienos
2340 2622 2701 2689 lucrifacere,
2719 2626 2785 2678 ut
2814 2638 2975 2678 meos
3006 2621 3329 2694 perderem.
3364 2622 3434 2676 Et
3470 2637 3631 2677 reve-

1976 2729 2041 2768 ra
2069 2728 2258 2783 usque
2290 2712 2358 2767 ad
2395 2716 2738 2784 praesentem
2797 2711 2950 2767 diem
2995 2711 3072 2783 (ἀ)
3103 2710 3374 2767 Christus
3402 2709 3633 2783 plangit

1971 2800 2187 2857 Israel:
2213 2805 2272 2856 et
2291 2800 2617 2857 Jerusalem
2640 2799 2867 2873 plangit
2896 2816 3085 2871 usque
3104 2800 3177 2855 ad
3201 2803 3476 2865 mortem,
3507 2815 3626 2855 non

1976 2903 2169 2953 suam,
2203 2888 2305 2943 sed
2353 2888 2715 2954 Judmorum,
2771 2891 2836 2943 ut
2876 2887 3206 2944 moriantur
3234 2889 3538 2959 negantes,
3570 2888 3630 2941 et

1976 2980 2286 3048 resurgant
2316 2976 2417 3032 Dei
2448 2975 2658 3031 Filium
2693 2976 3054 3031 confitentes.

2047 3064 2235 3132 (Vers.
2296 3066 2363 3119 10
2412 3068 2469 3120 et
2514 3065 2625 3136 11.)
2657 3066 2723 3119 Et
2747 3064 2892 3119 dixit
2934 3065 3197 3119 Dominus
3217 3079 3236 3116 :
3268 3063 3341 3118 Tu
3369 3061 3513 3118 doles
3536 3078 3631 3117 su-

1971 3169 2073 3225 per
2103 3153 2322 3225 hedera,
2386 3155 2447 3208 in
2475 3170 2585 3224 qua
2624 3169 2735 3208 non
2785 3153 3048 3208 laborasti
3071 3168 3084 3206 :
3134 3167 3311 3223 neque
3359 3151 3543 3222 fecisti
3570 3153 3632 3206 ut

1975 3250 2272 3299 cresceret:
2321 3257 2447 3314 quae
2492 3243 2594 3297 sub
2636 3260 2749 3297 una
2800 3245 2950 3298 nocte
3003 3245 3140 3296 nata
3175 3247 3275 3308 est,
3305 3242 3356 3295 et
3384 3240 3483 3295 sub
3511 3255 3628 3295 una

1970 3335 2124 3387 nocte
2170 3332 2340 3402 periit
2364 3348 2378 3386 :
2436 3339 2489 3386 et
2517 3347 2611 3401 ego
2640 3346 2751 3385 non
2771 3347 2996 3402 parcam
3044 3330 3243 3385 Ninive
3270 3330 3483 3385 civitati
3507 3346 3625 3384 ma—

1972 3437 2113 3491 gnae,
2146 3422 2207 3475 in
2237 3436 2343 3490 qua
2372 3423 2497 3474 sunt
2523 3420 2827 3490 plusquam
2854 3428 3073 3499 centum
3102 3419 3305 3487 viginti
3329 3418 3515 3472 millia
3537 3418 3628 3472 ho-

1971 3512 2209 3576 minum,
2240 3510 2337 3579 qui
2363 3509 2615 3563 nesciunt
2662 3507 2794 3577 quid
2820 3508 2893 3561 sit
2944 3508 3090 3560 inter
3125 3506 3374 3561 dextram
3406 3512 3457 3559 et
3483 3506 3628 3558 sini-

1974 3606 2145 3654 stram
2193 3614 2371 3661 suam,
2404 3597 2454 3650 el
2472 3597 2725 3667 jumenta
2778 3595 2998 3671 multa?
3046 3592 3223 3648 LXX:
3256 3594 3321 3647 Et
3349 3591 3497 3647 dixit
3523 3592 3628 3646 Do-

1973 3690 2196 3743 minus:
2232 3688 2305 3741 Tu
2355 3685 2646 3756 pepercisti
2672 3699 2838 3754 super
2891 3682 3197 3747 cucurbita,
3237 3696 3340 3751 pro
3380 3696 3489 3751 qua
3516 3695 3628 3736 non

1977 3776 2258 3845 laborasti,
2289 3789 2463 3845 neque
2490 3773 2720 3828 nutristi
2746 3787 2888 3839 eam,
2907 3785 3029 3843 quae
3056 3777 3191 3825 nata
3219 3776 3298 3825 est
3346 3770 3406 3823 in
3449 3776 3626 3834 nocte,

1976 3869 2029 3921 et
2056 3867 2117 3919 in
2146 3866 2301 3920 nocte
2316 3864 2485 3934 periit
2509 3878 2521 3917 :
2554 3876 2651 3930 ego
2668 3864 2846 3915 autem
2873 3876 2983 3915 non
3000 3874 3228 3931 parcam
3254 3858 3480 3914 Nivinae
3497 3858 3628 3912 civi-

1975 3956 2079 4010 tati
2104 3967 2346 4022 magnx,
2379 3954 2441 4006 in
2463 3967 2571 4022 qua
2593 3951 2847 4005 habitant
2873 3949 3167 4020 plusquam
3195 3946 3477 4003 duodecim
3505 3963 3625 4017 my-

1974 4042 2159 4098 riades
2192 4041 2299 4110 [Αι.
2330 4040 2537 4108 millia]
2586 4041 2831 4094 virorum
2858 4039 2956 4110 qui
2986 4038 3241 4108 ignorant
3268 4035 3551 4092 dexteram
3577 4042 3628 4091 et

1974 4133 2260 4188 sinistram
2291 4134 2533 4197 suam,et
2561 4144 2755 4200 pecora
2783 4128 2962 4183 multa
2984 4131 3009 4180 .9
3033 4125 3235 4181 Nimiae
3266 4122 3631 4181 difficultatis

1975 4223 2064 4276 est
2092 4234 2377 4291 exponere
2400 4217 2693 4289 quomodo
2704 4217 2876 4287 juxta
2900 4214 3283 4287 tropologiam
3306 4214 3537 4270 dicatur
3556 4213 3629 4268 ad

1977 4307 2191 4365 Filium
2217 4325 2231 4362 :
2284 4315 2343 4362 tu
2370 4307 2516 4362 doles
2538 4322 2705 4377 super
2735 4305 2952 4372 hedera,
2977 4307 3038 4359 in
3067 4320 3177 4375 qua
3204 4319 3314 4359 non
3344 4302 3629 4367 laborasti,

1973 4414 2149 4470 neque
2177 4397 2361 4467 fecisti
2385 4404 2444 4451 ut
2472 4398 2895 4462 eresceret,cum
2916 4391 3116 4449 omnia
3136 4408 3239 4463 per
3257 4391 3454 4462 ipsum
3478 4389 3630 4444 facta

1978 4487 2117 4555 sint,
2178 4491 2236 4542 et
2290 4486 2416 4542 sine
2473 4484 2601 4555 ipso
2652 4483 2873 4538 factum
2934 4484 3022 4537 est
3078 4478 3224 4535 nihil
3256 4478 3431 4549 (Joan.
3464 4493 3504 4542 ι,
3535 4476 3617 4543 3).

210 4576 370 4648 quod
404 4575 702 4631 desertum
731 4573 949 4630 auxilio
997 4574 1098 4631 Dei
1128 4591 1363 4631 omnem
1394 4575 1642 4630 virorem
1674 4576 1867 4647 perdi-
1900 4589 1947 4653 D
1977 4576 2141 4635 Unde
2171 4574 2412 4645 quidam
2469 4572 2663 4628 locum
2721 4571 2901 4626 istum
2960 4569 3371 4640 interpretans,
3396 4572 3485 4653 ut
3515 4563 3625 4653 im-

207 4665 319 4720 dit.
352 4662 746 4737 Praecepitque
802 4662 1088 4720 Dominus
1145 4668 1313 4721 vento
1345 4663 1530 4720 calido
1561 4667 1617 4719 et
1646 4666 1862 4733 urenti,

208 4753 284 4809 de
318 4769 437 4825 quo
464 4751 846 4824 prophetatur
888 4753 948 4807 in
979 4752 1156 4809 Osee:
1189 4752 1426 4808 Adducet
1456 4755 1706 4808 urentem
1732 4770 1864 4809 ven-

207 4846 335 4898 tum
355 4842 625 4898 Dominus
652 4841 721 4897 de
748 4840 949 4897 deserto
989 4841 1389 4911 ascendentem,
1439 4846 1489 4896 et
1518 4843 1745 4898 siccabit
1775 4860 1866 4898 ve-

204 4947 316 4987 nas
346 4931 483 5002 ejus,
536 4934 589 4985 et
632 4929 898 4986 desolabit
926 4929 1138 5003 fontem
1174 4932 1292 5002 ejus
1318 4930 1468 5002 (Osee
1495 4948 1622 4999 xm,
1656 4932 1764 5003 15).
1799 4932 1868 4988 Et

209 5022 464 5075 aestuare
493 5018 667 5091 ccepit
691 5018 964 5087 Jonas,et
992 5018 1206 5076 iterum
1237 5018 1381 5074 velle
1411 5018 1560 5075 mori
1591 5018 1649 5074 in
1680 5019 1869 5091 bapti-

207 5112 406 5164 smate
431 5124 565 5164 cum
596 5107 902 5176 Israele,ut
921 5108 980 5163 in
1007 5108 1235 5164 lavacro
1263 5107 1503 5180 recipiat
1531 5108 1862 5177 humorem,

205 5211 393 5269 quem
423 5195 483 5252 in
515 5196 822 5269 negatione
841 5196 1363 5268 perdideraLUnde
1382 5199 1439 5251 et
1469 5196 1672 5253 Petrus
1702 5214 1867 5254 aren-

282 5391 363 5463 (a)
384 5391 560 5447 Visus
579 5394 670 5447 est
689 5390 947 5448 Victorio
967 5391 1211 5447 mutilus
1233 5407 1300 5447 ac
1318 5389 1863 5463 pendulussensus,

206 5461 329 5520 nisi
348 5461 514 5535 legas
540 5471 909 5533 comparatur.
942 5468 1158 5519 Verum
1192 5481 1227 5520 a
1257 5461 1566 5535 superiori,
1595 5461 1863 5531 dicamus,

208 5534 489 5608 pendeat.
1336 5534 1357 5585 ζ

280 5606 362 5677 (b)
393 5605 499 5660 Hic
515 5605 837 5677 mihi,quod
859 5609 1056 5663 tamen
1087 5606 1147 5662 in
1174 5605 1412 5661 Hebraao
1431 5614 1577 5666 mm
1604 5610 1861 5677 resonat,

209 5677 404 5736 nostri
440 5677 1081 5749 mss.preatermittunt:
1116 5682 1243 5736 tum
1274 5693 1452 5751 penes
1481 5677 1867 5751 Septuaginta

1977 4665 2298 4722 minantem
2330 4661 2576 4718 solveret
2630 4659 3034 4731 quasstionem,
3074 4654 3323 4711 incurrit
3353 4652 3625 4724 blasphe-

1977 4753 2175 4809 miam.
2230 4753 2552 4807 Assumens
2595 4746 2754 4803 enim
2808 4745 2955 4800 illud
2999 4745 3071 4799 de
3101 4741 3448 4814 Evangelio:
3483 4739 3628 4810 Quid

1975 4858 2062 4897 me
2110 4841 2253 4897 dicis
2308 4839 2554 4894 bonum?
2598 4836 2764 4891 Nemo
2812 4834 2984 4889 bonus
3030 4839 3113 4888 est
3158 4832 3272 4887 nisi
3311 4844 3458 4886 unus
3486 4830 3625 4884 Deus

1975 4932 2160 5004 (Marc.
2194 4946 2249 4995 x,
2312 4928 2424 4995 18),
2466 4928 2717 4987 Patrem
2774 4921 3190 4993 interpretatus
3242 4922 3331 4975 est
3379 4918 3622 4973 bonum.

1977 5018 2128 5076 429
2146 5016 2354 5072 Filium
2367 5030 2500 5069 vero
2513 5013 2584 5069 ad
2606 5011 3101 5083 comparationem
3114 5009 3245 5081 ejus
3257 5007 3354 5077 qui
3370 5006 3624 5079 perfecte

1976 5114 2033 5165 et
2056 5123 2187 5163 vere
2206 5106 2395 5161 bonus
2419 5102 2515 5170 sit,
2539 5101 2600 5157 in
2632 5099 2841 5155 minori
2876 5099 3059 5172 gradu
3092 5096 3373 5170 positum.
3408 5096 3475 5151 Et
3503 5111 3621 5152 non

1975 5192 2363 5254 consideravit
2410 5190 2531 5246 haec
2556 5189 2777 5259 dicens,
2810 5188 2965 5261 quod
2996 5186 3054 5242 in
3090 5185 3397 5242 Marcionis
3428 5184 3629 5257 potius

1973 5393 2199 5464 legunt,
2231 5388 2375 5444 mori
2392 5387 2568 5464 magis
2597 5390 2920 5464 quam,_etc.

2049 5450 2117 5535 lc)
2147 5450 2446 5535 Duo‘mss.
2479 5450 2529 5535 si
2558 5450 2732 5521 vahle,
2771 5450 2952 5535 'jpxta
2982 5456 3269 5520 Graecum,
3325 5450 3538 5508 Aldino
3572 5454 3631 5507 et

1975 5523 2293 5606 exemplari
2324 5532 2658 5606 excepto,_§t
2700 5523 2924 5606 σςρόδρᾳ.

2046 5607 2121 5679 (d)
2148 5595 2349 5679 iidem
2366 5595 2535 5668 mss,
2568 5595 2815 5656 Christus
2832 5595 3052 5671 plangit
3071 5595 3448 5664 Jerusalem,et
3460 5595 3628 5668 plan-

1974 5677 2061 5751 git
2081 5692 2269 5752 usque,
2302 5677 2409 5734 etc.
