3988 6170
177 272 340 340 "53

930 277 1678 346 COMMENTARIORUM
1726 283 1806 352 ΒΝ

1939 287 2238 354 ςῦΗίΕΛΜ
2283 289 2431 360 LIB.
2481 294 2528 356 Ι.
2575 294 2746 359 CAP.
2791 299 2841 361 Ι.

3430 308 3592 373 ΗΜ

91 399 100 402 ’
175 406 483 473 Quomodo
511 423 648 480 ergo
671 409 826 484 apud
857 427 964 468 nos
993 413 1452 485 votiva,etquasi
1482 417 1554 472 ob
1585 417 1819 474 virtutis
1861 421 1917 487 Α
1947 421 2111 492 pria:
2169 424 2253 479 sic
2323 428 2479 498 apud
2553 429 2824 490 Hebraeos
2883 437 2940 490 et
2994 435 3288 507 Micheas,
3339 445 3396 496 et
3465 446 3582 500 Ab-

173 495 510 566 auspicium
540 503 844 570 ponuntur
868 501 1146 558 vocabula
1171 504 1352 560 :verbi
1373 505 1560 577 gralia
1585 509 1825 564 :victoris

169 585 341 650 casti,
363 586 470 669 pii,
498 587 666 654 probi
689 603 701 642 :
731 591 790 643 et
816 590 971 660 apud
1019 591 1248 647 Grecos
1306 592 1535 669 σώφρων
1569 600 1826 665 vocatur,

166 678 233 730 et
267 667 526 742 εὐσεϐήςε
562 678 621 730 et
649 674 998 748 appellativa
1019 680 1261 736 nomina
1279 667 1588 738 vertuntur
1608 684 1663 740 in
1697 701 1830 755 pro-

1941 511 2070 566 dias
2099 517 2155 568 et
2183 513 2490 572 Zacharias
2520 522 2841 592 ceteraque
2872 522 2966 581 his
3012 525 3249 596 similia,
3299 544 3368 584 ex
3405 531 3586 588 virtu~

1941 602 2068 655 tum
2099 603 2379 660 vocabulo
2435 605 2634 665 liberis
2686 626 2718 664 a
2771 614 3112 682 parentibus
3177 615 3584 688 imponuntur.

1995 793 3586 831 _____.__________________________

1365 854 1783 947 LIBER
1845 857 2195 953 PRIM
2215 863 2393 956 US.

242 1047 422 1120 (Cap.
445 1048 746 1108 I.—~Vers.
775 1053 1008 1125 H.133
1044 1055 1270 1110 Verbum
1297 1057 1520 1112 Domini
1547 1060 1688 1129 quod
1715 1063 1831 1131 fac-

163 1146 291 1197 tum
345 1147 426 1196 est
482 1139 555 1196 ad
601 1140 888 1200 llic/team
930 1143 1277 1202 Morasthiten
1299 1147 1494 1203 diebus
1555 1149 1828 1219 Ioatham,

159 1226 374 1298 Actias,
403 1237 457 1285 et
488 1230 764 1301 Esse/tiae,
796 1249 994 1301 regum
1027 1234 1173 1290 Iuda
1193 1253 1212 1290 :
1273 1236 1428 1304 Quod
1485 1237 1620 1292 vidit
1666 1255 1834 1309 super

161 1317 490 1374 Samariam
517 1327 568 1378 et
595 1321 924 1393 Jerusalem,
955 1322 1088 1378 Sive
1109 1324 1279 1394 juxta
1327 1325 1734 1398 Septuaginta,
1767 1326 1833 1382 de

160 1407 375 1476 quibus
402 1407 542 1464 vidit
571 1425 738 1480 super
765 1410 1078 1467 Samariam
1124 1417 1176 1468 et
1224 1415 1524 1471 Jerusalem
1571 1415 1830 1472 Verbum

157 1495 358 1568 igitur
386 1496 619 1552 Domini
653 1499 871 1555 factum
903 1504 993 1557 est
1021 1503 1091 1557 ad
1132 1502 1455 1571 Micheam,
1505 1509 1638 1576 post
1663 1505 1829 1575 Osee,

155 1586 373 1652 Amos,
407 1589 466 1641 et
495 1585 728 1658 Isaiam,
765 1589 865 1660 qui
896 1590 1006 1645 sub
1038 1590 1175 1646 Ozia
1201 1592 1498 1648 vaticinati
1554 1598 1712 1649 sunt.
1749 1596 1830 1650 Ex

153 1689 284 1745 quo
316 1673 726 1747 intelligimus,
752 1677 1049 1734 Micheam
1103 1679 1252 1734 Ozie
1300 1683 1666 1754 temporibus
1711 1700 1827 1738 non
1858 1706 1907 1770 Β

157 1762 555 1835 prophetasse
579 1782 594 1832 ;
622 1766 726 1821 sed
748 1767 852 1821 ﬁlii
883 1767 1011 1836 ejus
1031 1767 1326 1841 Joatham,
1363 1776 1496 1841 post
1522 1788 1696 1842 quem
1738 1789 1824 1827 re-

158 1851 377 1923 gnavit
402 1853 618 1924 Acbaz,
661 1854 903 1912 Ezechia
952 1856 1013 1911 in
1063 1857 1247 1928 patris
1292 1859 1483 1914 Achaz
1515 1860 1827 1932 imperium

163 1943 551 2009 succedente,
583 1943 693 1998 sub
748 1960 864 2015 quo
913 1945 1115 2001 decem
1165 1946 1355 2004 tribus
1403 1949 1473 2003 ab
1507 1950 1736 2021 Assyris
1769 1949 1828 2004 in

159 2029 572 2101 captivitatem
601 2031 788 2087 ducte
819 2038 959 2089 sunt
1006 2035 1104 2105 (IV
1153 2036 1276 2106 Reg.
1319 2037 1500 2108 xvm).
1534 2038 1828 2101 Quantum

161 2133 310 2191 ergo
329 2119 405 2175 ad
425 2119 727 2176 historiam
754 2122 1344 2193 pertinetsecundum
1359 2126 1622 2182 ordinem
1646 2127 1828 2199 capti-

160 2207 370 2263 vitatis
385 2208 548 2280 (quia
561 2209 818 2281 primum
837 2217 1005 2283 capta
1023 2214 1384 2269 estSamaria
1396 2215 1733 2287 metropolis
1757 2217 1830 2272 Is.

162 2294 314 2364 rael,
337 2302 540 2369 postea
559 2298 890 2355 Jerusalem
914 2303 1056 2357 urbs
1073 2303 1104 2357 J
1116 2303 1264 2372 ude)
1289 2303 1604 2375 prophetie
1619 2304 1830 2360 titulus

166 2386 418 2458 ponitur
440 2387 698 2458 primum
722 2389 792 2443 de
814 2389 1366 2457 Samaria,secundo
1387 2393 1457 2448 de
1480 2393 1826 2450 Jerusalem.

159 2476 467 2539 Quantum
489 2492 623 2532 vero
645 2477 718 2532 ad
739 2478 1018 2550 mysticos
1047 2478 1547 2552 intellectus,quia
1568 2483 1831 2540 Samaria

162 2580 410 2636 semper
435 2564 496 2619 in
519 2565 844 2622 beresibus
867 2567 1174 2640 accipitur,
1195 2569 1524 2625 Jerusalem
1554 2572 1612 2626 in
1635 2572 1829 2628 Eccle-

166 2653 282 2719 sia,
317 2651 574 2710 dicimus
602 2655 844 2710 verbum
877 2657 1106 2712 Domini
1135 2658 1261 2714 fieri
1292 2661 1362 2715 ad
1392 2660 1678 2716 humilem
1717 2663 1828 2731 (At.

167 2739 539 2812 Jerusalem)
570 2747 626 2798 et
655 2744 727 2799 ad
785 2743 1147 2802 coheredem
1196 2747 1429 2816 Christi,
1448 2749 1518 2804 de
1543 2751 1832 2820 perversis

175 2830 584 2904 dogmatibus,
617 2836 677 2888 et
704 2833 774 2889 de
805 2833 1082 2906 Ecclesia,
1142 2836 1191 2891 si
1251 2853 1368 2908 qua
1427 2839 1572 2894 forte
1601 2847 1835 2912 peccata

175 2919 567 2991 commiserit,
599 2924 657 2977 et
686 2923 868 2979 totius
898 2924 976 2996 (α)
1005 2924 1321 2981 voluminis
1351 2927 1615 2984 ordinem
1638 2935 1832 2986 conte-

177 3025 342 3064 xere.
377 3009 537 3074 Quod
568 3014 767 3067 autem
797 3012 1064 3068 Samaria
1091 3018 1149 3070 et
1202 3015 1400 3071 decem
1457 3017 1668 3086 tribue,
1703 3036 1830 3091 que

1953 1062 2187 1120 Lernea
2218 1067 2454 1142 (Hydra)
2478 1072 2660 1128 bestia
2681 1077 3164 1147 seviente,sancti
3189 1085 3463 1157 Sipiritus
3495 1091 3583 1146 in-

1941 1168 2217 1210 vocemus
2241 1157 2574 1217 adventum.
2608 1164 2783 1229 Vos,o
2815 1167 2993 1224 Paula
3013 1177 3070 1225 et
3089 1172 3492 1245 Eustochium,
3514 1181 3585 1236 ad

1943 1242 2254 1298 Dominum
2287 1246 2643 1306 Salvatorem
2679 1254 2899 1312 fundite
2932 1275 3151 1330 preces,
3182 1279 3253 1317 ne
3303 1264 3446 1320 mihi
3479 1242 3585 1323 no-

1940 1331 2330 1427 ceatinvidia,
2363 1338 2462 1391 sed
2496 1344 2559 1393 ut
2591 1356 2756 1397 mens
2792 1342 2975 1400 libera
3016 1348 3070 1402 id
3115 1353 3345 1408 tantum
3369 1355 3583 1427 cogitet

1941 1419 2094 1488 quod
2115 1419 2320 1476 nititur
2345 1425 2785 1500 explanare,nec
2811 1435 3024 1490 sentiat
3047 1419 3585 1500 conviciorumvala-

1941 1524 2064 1578 pas,
2102 1525 2250 1580 quas
2280 1511 2564 1571 Dominus
2594 1517 2650 1572 in
2685 1521 2958 1591 passione
2989 1530 3340 1601 contempsit
3387 1533 3582 1602 (Marc.

1939 1613 2057 1664 xxv,
2080 1603 2132 1654 et
2151 1604 2314 1656 Joun.
2339 1620 2458 1672 xw,
2481 1609 2661 1678 xvm).

2010 1731 2195 1802 (Vers.
2219 1734 2526 1804 2.).4udite,
2553 1742 2746 1811 populi
2775 1759 2984 1815 omnes,
3007 1756 3058 1803 et
3076 1752 3329 1807 attendat
3350 1757 3498 1811 terra
3527 1766 3587 1814 et

1937 1821 2222 1888 plenitudo
2251 1828 2375 1894 ejus
2396 1834 2448 1880 et
2473 1829 2545 1882 sit
2572 1830 2836 1886 Dominus
2883 1835 3024 1890 Deus
3073 1839 3221 1895 vobis
3269 1842 3329 1896 in
3378 1847 3584 1914 testem,

1940 1908 2013 1981 (b)
2037 1911 2300 2005 Dominus
2316 1912 2381 1968 de
2399 1917 2596 1987 templo
2611 1930 2921 1978 sanetosuo.
2950 1925 3122 1981 LXX:
3156 1929 3370 1998 Audite,
3398 1908 3589 2005 populi

1940 2013 2143 2068 omnes,
2173 2004 2225 2056 et
2253 2005 2517 2060 auscultet
2546 2010 2716 2078 terra,
2747 2014 2798 2066 et
2828 2028 3018 2069 omnes
3044 2018 3143 2089 qui
3169 2024 3295 2073 sunt
3327 2023 3386 2076 in
3417 2004 3503 2090 ea,
3534 2028 3590 2079 et

1938 2088 2011 2143 sit
2037 2089 2300 2146 Dominus
2334 2097 2480 2148 Deus
2507 2097 2657 2152 vobis
2685 2101 2741 2154 in
2773 2088 3147 2161 testimonium
3173 2125 3189 2160 :
3221 2088 3498 2166 Dominus
3516 2129 3588 2168 ea:

1938 2176 2299 2234 domosancta
2314 2198 2441 2237 sua.
2459 2185 2602 2249 Quia
2613 2187 2638 2256 j
2651 2193 2786 2244 uxta
2808 2189 3112 2248 historiam
3136 2197 3486 2256 manifestus
3501 2206 3590 2257 est

1940 2266 2408 2336 sensus,lectoris
2422 2274 2745 2344 prudentie
2759 2277 3202 2352 intelligentiam
3219 2285 3583 2361 derelinquo.

1939 2353 2112 2409 Juxta
2127 2357 2512 2431 tropologiam
2536 2368 2728 2420 autem
2744 2373 3022 2424 convocat
3033 2371 3103 2426 ad
3121 2374 3388 2432 auditum
3403 2353 3585 2449 μέρος

1940 2441 2046 2507 los,
2083 2444 2135 2498 id
2170 2451 2278 2512 est,
2314 2448 2491 2504 totius
2523 2452 2679 2508 orbis
2715 2454 3023 2522 Ecclesiae,
3057 2464 3115 2514 et
3143 2462 3215 2516 ad
3251 2441 3585 2524 auscultan—

1941 2531 2083 2586 dum
2116 2537 2350 2602 terram,
2387 2538 2526 2608 quia
2556 2544 2785 2597 terrena
2824 2543 2884 2599 in
2929 2561 2998 2602 ea
3055 2546 3462 2609 hereticorum
3490 2571 3585 2610 ex-

1942 2623 2166 2676 structa
2181 2628 2319 2678 sunt
2340 2625 2509 2699 dogm
2521 2628 2802 2691 ata.Quod
2817 2637 3012 2690 autem
3030 2635 3440 2696 heresesinter
3453 2659 3584 2699 car-

1942 2709 2034 2766 nis
2065 2727 2242 2782 opera
2263 2722 2669 2788 numerentur,
2703 2735 2829 2790 que
2861 2738 3094 2795 semper
3112 2727 3358 2784 refertur
3379 2731 3452 2788 ad
3475 2736 3592 2789 ter-

1943 2815 2090 2865 ram,
2123 2804 2180 2855 et
2208 2802 2520 2894 Apostolus
2541 2807 2612 2862 ad
2636 2807 2868 2866 Galatas
2916 2829 3030 2868 non
3076 2818 3229 2872 tacet
3276 2817 3493 2890 (Galad.
3513 2823 3587 2894 v),

1943 2892 2000 2942 et
2034 2891 2312 2945 Dominus
2337 2891 2395 2948 in
2419 2893 2726 2967 Evangelio
2750 2901 3024 2971 prudenti
3047 2903 3267 2962 indicat
3291 2891 3586 2968 auditori:

1945 2977 2052 3044 Qui
2077 2977 2144 3032 de
2174 2988 2322 3035 terra
2352 2984 2446 3046 est,
2470 2982 2534 3037 de
2557 2991 2710 3041 terra
2739 2988 3007 3060 loquitur.
3054 2996 3122 3048 Et
3150 2995 3222 3049 ad
3263 2996 3588 3056 distinctio-

183 3069 549 3153 scissevsunt
566 3099 677 3154 sub
702 3115 836 3172 rege
855 3069 1163 3158 Jeroboam
1212 3069 1695 3176 astirpe‘D—avid
1863 3069 1905 3136 α
1944 3083 2558 3179 fammeng
2585 3074 2656 3129 de
2685 3075 3106 3179 Emesiasiifils
3137 3083 3312 3142 die“:
3346 3088 3453 3179 Qui
3480 3107 3586 3146 au“

179 3186 322 3256 Reg.
355 3186 478 3256 xu),
507 3188 872 3260 accipiantur
899 3189 961 3245 in
1013 3207 1263 3263 persona
1311 3193 1741 3269 hereticorum,
1773 3203 1831 3253 et

172 3275 380 3332 omnis
406 3275 644 3347 quidem
677 3277 979 3350 Scriptura
1008 3284 1388 3349 tcstatur,sed
1413 3284 1667 3341 maxime
1691 3303 1825 3357 pro-

172 3362 356 3434 pheta
378 3363 544 3433 Osee,
577 3369 636 3422 et
665 3365 762 3422 hic
791 3367 918 3438 ipse
946 3367 1114 3436 liber,
1148 3372 1246 3441 qui
1279 3370 1578 3428 hereticos
1614 3375 1828 3446 impios

168 3456 228 3508 et
260 3451 706 3510 Ecclesiasticos
727 3459 1059 3527 peccatores
1078 3463 1262 3513 vocat.
1305 3459 1510 3516 Statim
1543 3462 1698 3517 enim
1733 3479 1822 3518 se-

167 3541 382 3612 quitur
405 3560 417 3597 :
454 3542 582 3611 Quae
602 3547 682 3600 est
713 3545 968 3616 impietas
996 3547 1155 3602 Iacob
1175 3549 1200 3599 ἔ)
1227 3565 1410 3603 nonne
1439 3549 1698 3605 Samaria
1718 3554 1746 3605 ἓ
1773 3560 1826 3612 et

165 3630 316 3701 quod
346 3639 428 3686 est
469 3635 752 3702 peccatum
797 3632 986 3688 domus
1039 3635 1224 3690 Iuda?
1249 3653 1431 3692 nonne
1476 3639 1827 3694 Ierusalem?

163 3719 292 3776 Hoc
323 3720 636 3776 dumtaxat
651 3722 812 3791 justa
832 3723 1217 3795 Septuaginta
1246 3725 1827 3784 translatores.Cete-

164 3825 307 3865 rum
338 3808 399 3863 in
429 3809 715 3866 Hebraico
747 3812 1042 3882 quomodo
1071 3812 1322 3885 legatur,
1351 3819 1485 3885 post
1515 3815 1823 3886 paululum

165 3897 584 3967 subjiciemus.
617 3899 726 3954 Sed
757 3904 816 3955 et
845 3899 990 3956 illud
1023 3903 1178 3973 quod
1220 3903 1472 3959 heretici
1503 3921 1735 3979 semper
1764 3909 1823 3964 in

161 3987 520 4058 dogmatum
543 4005 789 4044 suorum
812 3989 927 4043 sibi
949 3991 1115 4061 quasi
1130 3991 1493 4049 sublimitate
1505 3996 1820 4068 conﬁdant,

159 4079 220 4132 et
243 4074 519 4132 Ecclesiae
543 4077 979 4148 simplicitatem
999 4080 1343 4152 despiciant,
1368 4082 1428 4136 in
1450 4083 1563 4139 alio
1586 4083 1711 4141 loco
1735 4087 1822 4142 di-

161 4165 361 4221 citur:
402 4167 492 4222 Ve
518 4182 612 4236 qui
641 4165 950 4239 despiciunt
977 4168 1132 4237 Sion,
1166 4177 1217 4225 et
1245 4171 1526 4241 conﬁdunt
1548 4175 1610 4228 in
1638 4183 1824 4232 mante

157 4253 641 4319 Samariam/imos
659 4273 736 4311 v1.
773 4256 823 4322 1)
846 4275 865 4310 :
897 4257 968 4312 de
996 4256 1134 4313 Sion
1162 4259 1320 4314 enim
1349 4262 1680 4333 egredietur
1706 4265 1819 4336 lex,

157 4347 215 4400 et
243 4342 491 4398 verbum
523 4342 757 4400 Domini
783 4345 854 4400 de
884 4345 1208 4402 Jerusalem
1231 4350 1382 4415 (Isai.
1430 4369 1488 4421 ιι,
1520 4352 1597 4424 3).
1644 4354 1822 4411 Porro

158 4429 440 4488 Samaria
466 4431 752 4489 fabricata
779 4437 869 4489 est
900 4433 1009 4489 sibi
1042 4435 1112 4490 de
1136 4439 1370 4508 proprio
1402 4455 1579 4496 sensu
1607 4441 1822 4499 vitulos
1851 4431 1898 4495 D

157 4537 398 4586 aureos,
433 4520 714 4579 habentes
751 4523 988 4595 quidem
1011 4524 1070 4580 in
1110 4527 1416 4598 superﬁcie
1435 4529 1818 4600 pulchritudi-

157 4625 298 4666 nem
324 4628 339 4676 ;
375 4609 482 4666 sed
514 4610 750 4667 vitalem
779 4612 1053 4684 spiritum
1084 4631 1200 4670 non
1224 4615 1538 4674 habentes:
1564 4625 1620 4675 et
1641 4621 1817 4677 fabri-

154 4702 292 4755 cata
313 4703 408 4754 est
434 4699 494 4754 in
517 4699 690 4756 domo
712 4701 832 4769 Dei,
851 4703 1006 4773 quod
1029 4703 1448 4776 interpretatur
1467 4709 1671 4764 Bethel.
1704 4710 1820 4767 Nec

151 4787 321 4844 enim
344 4788 601 4860 recipere
619 4794 846 4862 poterat
869 4791 1122 4863 populus
1145 4793 1319 4850 Israel
1343 4796 1502 4864 deos,
1527 4797 1640 4853 nisi
1663 4801 1818 4856 484

153 4875 260 4948 qui
295 4877 370 4932 de
401 4876 741 4950 Scripturis,
773 4883 830 4934 et
869 4880 929 4934 in
980 4881 1154 4936 domo
1211 4883 1308 4937 Dei
1358 4884 1625 4941 fabricati
1657 4893 1812 4944 sunt.

153 4964 444 5027 Quamvis
473 4970 667 5023 autem
697 4966 1089 5024 conciliabula
1116 4986 1226 5026 sua
1253 4979 1461 5028 vocent
1489 4974 1712 5045 Bethel,
1732 4982 1815 5034 ta-

151 5068 296 5109 men
321 5059 456 5125 post
479 5055 920 5112 fabricationem
939 5057 1229 5116 idolorum
1256 5060 1429 5118 desiit
1451 5079 1582 5120 esse
1603 5066 1808 5138 Bethel,

149 5147 214 5199 et
243 5146 492 5199 vocatur
515 5145 807 5212 Bethaven,
843 5147 999 5217 quod
1032 5147 1246 5204 dicitur
1285 5150 1478 5207 domus
1518 5153 1673 5226 idoli,
1707 5173 1810 5228 pro

149 5247 274 5302 quo
293 5232 682 5305 Septuaginta
705 5235 1358 5294 transtuleruntdomus
1380 5240 1624 5298 'Qv.Hoc
1645 5245 1715 5300 de
1741 5247 1810 5301 ti.

147 5319 322 5379 tuto:
358 5337 516 5376 nunc
543 5322 850 5379 veniamus
908 5325 980 5380 ad
1037 5325 1339 5382 exordium
1372 5331 1708 5405 prophetie,
1755 5341 1812 5392 et

223 5442 302 5514 (α)
337 5441 545 5528 Maluit
572 5446 864 5528 Victorius
888 5464 956 5503 ex
985 5447 1283 5528 Florentiae
1312 5452 1634 5528 Brixieque
1659 5461 1812 5517 codi-

146 5509 407 5586 cibus,et
427 5509 627 5571 horum
655 5519 908 5575 volumen
936 5519 1183 5576 ordinem
1212 5509 1637 5586 conterereet—c'.

220 5585 296 5664 (ὑ)
327 5589 635 5652 Postrema
663 5591 1136 5665 verba,Dominus
1163 5593 1229 5656 de
1243 5598 1441 5676 templo
1452 5610 1634 5662 sancto
1652 5618 1807 5668 meo:

1939 3163 2046 3211 tem
2072 3157 2138 3211 de
2165 3158 2298 3212 caelo
2318 3162 2488 3224 venit,
2518 3177 2680 3233 super
2702 3181 2890 3224 omnes
2921 3172 2997 3224 est
3017 3169 3195 3238 (Joan.
3227 3191 3312 3244 ιιι,
3348 3178 3582 3250 31).Et:

1939 3246 2092 3314 Quod
2117 3246 2258 3302 vidit
2277 3252 2328 3303 et
2344 3249 2679 3319 audivit,hoc
2697 3260 2944 3313 testatur.
2969 3258 3028 3314 Si
3059 3266 3253 3320 autem
3285 3264 3395 3323 hoc
3420 3246 3582 3340 quod

1937 3333 2050 3394 ait:
2083 3334 2300 3404 Audite,
2332 3339 2544 3408 populi,
2577 3347 2811 3413 propter
2841 3345 2983 3401 illud
3014 3348 3386 3409 Dominicum
3408 3333 3584 3426 {Qui

1937 3422 2098 3478 habet
2125 3440 2291 3480 aures
2323 3427 2610 3496 audiendi,
2640 3431 2834 3487 audiat
2864 3434 3017 3504 (Luc.
3049 3454 3170 3510 vm,
3201 3442 3278 3512 8),
3312 3443 3445 3513 plus
3475 3422 3582 3502 ali-

1938 3512 2078 3582 quid
2113 3518 2306 3579 sonat,
2338 3531 2513 3585 quam
2544 3517 2699 3586 quod
2750 3527 2954 3589 postea
3007 3524 3258 3582 infertur
3281 3546 3294 3586 :
3319 3512 3584 3592 iAttendat

1935 3608 2104 3671 terra,
2139 3601 2478 3673 aptabimus
2535 3603 2822 3678 Ecclesie,
2873 3610 3090 3679 Audite,
3136 3617 3330 3687 populi
3371 3635 3579 3678 omnes.

1935 3689 2234 3746 Hereticis
2259 3706 2394 3746 vero
2416 3691 2515 3763 qui
2538 3697 2827 3751 terrenam
2864 3715 3173 3773 suscepere
3211 3704 3534 3766 doctrinam
3564 3728 3578 3768 ε

1933 3777 2188 3833 Attendat
2220 3782 2388 3848 terra,
2423 3789 2474 3836 et
2502 3797 2687 3838 omnes
2715 3787 2812 3855 qui
2850 3789 2907 3842 in
2937 3805 3003 3845 ea
3029 3800 3200 3847 sunt:
3232 3799 3297 3849 ut
3316 3800 3374 3851 et
3398 3796 3495 3852 isti
3525 3799 3576 3855 si

1935 3867 2247 3934 audierint,
2282 3873 2339 3924 et
2369 3869 2452 3924 illi
2485 3871 2533 3926 si
2587 3874 2957 3943 attenderint,
3011 3896 3127 3935 non
3185 3884 3486 3953 patiantur
3513 3904 3581 3945 ea

1934 3971 2060 4026 que
2090 3963 2292 4028 postea
2321 3975 2515 4016 sermo
2544 3961 2776 4018 Domini
2825 3967 3236 4027 comminatur.
3289 3976 3356 4028 Et
3385 3975 3464 4031 sit
3493 3976 3578 4034 eis

1937 4045 2215 4102 Dominus
2236 4048 2302 4102 in
2327 4048 2756 4119 testimonium,
2782 4055 2902 4111 sive
2934 4061 2993 4111 ut
3027 4057 3088 4113 in
3132 4059 3412 4118 Hebraico
3444 4063 3582 4136 legi-

1933 4138 2050 4199 tur,
2083 4136 2143 4188 in
2177 4139 2388 4205 testem,
2448 4137 2532 4193 vel
2595 4147 2659 4195 ut
2698 4143 2957 4212 apertius
3013 4145 3436 4219 interpretatus
3493 4158 3582 4212 est

1931 4222 2342 4293 Symmachus,
2377 4227 2692 4297 testiﬁcans,
2725 4236 2784 4286 et
2813 4233 3136 4292 testificans
3166 4255 3282 4294 non
3322 4239 3577 4315 aliunde,

1932 4310 2044 4367 nisi
2077 4312 2148 4368 de
2179 4313 2352 4370 domo
2386 4332 2512 4384 sua,
2543 4333 2668 4389 que
2700 4324 2787 4375 cst
2811 4320 3089 4394 Ecclesia,
3123 4330 3226 4382 aut
3251 4329 3406 4386 435
3426 4310 3579 4388 certe

1931 4399 1989 4454 in
2023 4401 2188 4469 Filio,
2223 4402 2280 4457 id
2315 4407 2422 4472 est,
2458 4405 2515 4460 in
2543 4407 2782 4464 Domino
2813 4415 3013 4468 nostro
3034 4413 3174 4470 Jesu
3203 4415 3454 4485 Christo,
3475 4420 3576 4490 qui

1930 4505 2061 4546 vere
2083 4491 2368 4562 templum
2402 4498 2491 4548 est
2521 4496 2710 4551 Patris
2736 4515 2749 4554 :
2782 4503 2840 4554 et
2865 4500 2936 4555 de
2967 4502 3138 4572 cujus
3179 4519 3278 4560 ore
3315 4503 3579 4577 loquitur

1929 4578 2344 4648 Pater,viscera
2373 4589 2684 4654 penetrans
2705 4591 2763 4641 et
2785 4588 3073 4645 medullas
3096 4607 3319 4660 eorum,
3354 4594 3454 4664 qui
3488 4599 3575 4651 at-

1927 4669 2164 4724 tendere
2193 4669 2480 4726 voluerint
2508 4681 2564 4728 et
2591 4675 2814 4731 audire.

1997 4804 2186 4870 (Vere.
2219 4803 2252 4856 3
2283 4804 2431 4876 seq.)
2454 4806 2592 4873 Quia
2620 4823 2737 4863 ecce
2757 4809 3016 4866 Dominus
3047 4813 3354 4881 egredietur
3374 4813 3570 4890 [Vulg.

1925 4891 2228 4961 egreditur]
2257 4892 2322 4947 de
2356 4891 2471 4949 loco
2507 4911 2625 4966 suo,
2660 4905 2711 4952 et
2740 4897 3023 4955 descendet
3060 4911 3113 4957 et
3146 4903 3380 4959 calcabil
3405 4921 3573 4974 super

1926 4978 2136 5032 excelsa
2166 4982 2349 5048 teme,
2398 4984 2456 5034 et
2503 4990 2894 5041 consumentur
2942 4994 3151 5046 montes
3195 4994 3385 5048 subtus
3421 5009 3568 5063 eum,

1923 5074 1975 5121 et
1998 5067 2174 5122 valles
2203 5069 2526 5125 scindentur
2552 5074 2697 5129 sicut
2717 5091 2846 5131 cera
2864 5095 2897 5131 a
2924 5079 3068 5147 facie
3085 5079 3396 5151 ignis,sicut
3415 5099 3570 5154 aque

1923 5172 2041 5226 que
2069 5156 2366 5215 decurrunt
2397 5177 2456 5216 in
2480 5177 2720 5233 preceps
2744 5183 2765 5218 .·
2795 5181 2855 5219 m
2883 5167 3083 5224 scelere
3109 5171 3268 5225 Iacob
3308 5187 3467 5228 omne
3493 5174 3567 5226 is-

1920 5245 2037 5312 tud,
2070 5250 2125 5302 et
2150 5248 2210 5302 in
2235 5251 2471 5319 peccatis
2501 5250 2690 5306 domus
2718 5253 2908 5309 Israel.
2943 5256 3094 5324 Quod
3130 5260 3304 5314 scelus
3352 5259 3515 5315 Iacob
3541 5261 3568 5314 .'

1920 5351 2102 5394 nonne
2131 5339 2383 5394 Samaria
2404 5339 2432 5393 ‘I
2460 5341 2526 5394 Et
2542 5355 2667 5410 quaD
2685 5343 2902 5398 excelsa
2920 5345 3078 5401 Iudas
3095 5349 3121 5399 γ
3139 5363 3326 5402 nonne
3342 5349 3564 5406 Ierusa-

1920 5465 2069 5530 tum,
2097 5462 2252 5546 apud
2281 5462 2417 5518 LXX
2444 5480 2456 5518 :
2491 5463 2751 5546 Dominus
2779 5483 2848 5524 ea:
2874 5468 3030 5527 domo
3070 5473 3264 5530 sancta
3307 5489 3430 5546 sua,
3463 5491 3562 5535 ex-

1919 5537 2191 5608 pungunt
2211 5550 2353 5590 mss.
2389 5537 2592 5593 nostri.
