4008 6184
241 281 396 382 nisi

988 313 1736 385 COMMENTARIORUM
1780 316 1860 380 ΙΝ
1903 319 1904 323 “

2015 311 2293 381 ΞΗᾸΕΛΜ
2337 315 2489 380 LIB.
2534 316 2587 379 Ι.
2631 314 2804 380 CAP.
2852 314 2898 380 Ι.

3481 317 3639 384 1158

241 457 306 509 ut
334 467 454 508 non
483 449 678 508 solum
708 451 958 525 parietes
975 439 1285 532 etaaditicia
1301 457 1577 509 corruant
1599 453 1729 520 ;sed
1755 453 1884 507 fun-
1915 452 1966 518 Α
1999 450 2208 506 divitiae
2242 467 2387 522 quas
2412 445 2484 506 de
2517 449 2899 507 fornicatione
2953 451 3260 508 videbatur
3309 453 3522 512 habere
3581 462 3640 516 et

244 542 516 597 damenta
542 557 772 613 quoque
794 557 980 614 usque
1010 543 1082 597 ad
1113 548 1436 598 extremum
1471 542 1723 614 lapidem
1741 559 1889 598 reve-

244 629 457 686 lentur.
496 631 565 685 Et
594 631 794 686 omnia
822 630 1123 703 sculptilia
1149 633 1641 704 ejus,cunct&que
1657 631 1890 697 divitiae,

244 735 392 792 quas
422 717 636 774 diversi
656 735 822 790 reges
850 720 910 774 in
941 735 1070 776 eam
1118 724 1640 793 comportaverant,
1701 720 1891 775 conci-

243 808 456 863 dentur
484 810 541 862 et
588 808 1006 864 comburantur
1032 809 1176 881 igni,
1209 814 1266 865 et
1321 810 1392 866 ad
1448 809 1699 864 nihilum
1748 810 1895 866 redi-

245 900 472 968 gentur.
504 895 807 966 Siquidem
837 914 976 969 opes
1006 902 1062 953 et
1094 898 1397 970 multiplex
1426 898 1704 970 supellex,
1766 917 1893 971 qum

245 1001 312 1040 ex
340 984 722 1040 fornicatione
753 986 904 1041 488
937 986 1025 1058 (ut
1054 988 1435 1059 putabantur)
1463 988 1751 1044 idolorum
1776 990 1896 1045 fue-

150 1136 157 1142 ,
246 1078 377 1129 rant
405 1078 778 1146 congregata,
815 1075 1104 1150 ducentur
1132 1077 1203 1131 ad
1235 1075 1410 1132 aliam
1442 1078 1893 1148 meretricem,id

247 1166 352 1232 est,
386 1163 458 1217 ad
484 1161 726 1218 Ninive:
761 1167 825 1218 ut
855 1165 1146 1235 quomodo
1178 1165 1238 1219 in
1269 1168 1421 1220 terra
1467 1183 1574 1221 sua
1627 1167 1896 1222 fornicati

249 1256 387 1307 sunt
418 1266 550 1306 cum
583 1250 758 1307 idolis
786 1268 912 1323 quae
946 1253 1224 1320 fecerunt,
1257 1254 1340 1309 sic
1371 1255 1584 1311 vadant
1617 1257 1687 1311 ad
1721 1256 1895 1312 aliam

245 1343 460 1396 terram
489 1339 779 1396 idolorum
811 1344 870 1396 et
889 1341 1310 1409 fornicationis,
1341 1343 1397 1398 id
1428 1348 1534 1415 est,
1595 1347 1667 1401 ad
1726 1348 1897 1418 Assy-

248 1428 384 1484 rios.
413 1427 731 1501 Hucusque
764 1430 835 1485 de
858 1430 1140 1486 Samaria.
1174 1432 1241 1486 Et
1283 1431 1422 1504 quia
1477 1435 1679 1490 eadem
1725 1434 1900 1509 plaga

249 1522 594 1589 perventura
622 1517 701 1572 sit
730 1518 800 1572 ad
834 1517 1161 1575 Jerusalem
1180 1520 1570 1592 (etipsaenim
1604 1523 1785 1578 simili
1808 1541 1896 1580 er-

250 1621 376 1660 rore
406 1605 684 1676 peccavit,
719 1606 1131 1679 derelinquens
1160 1613 1344 1664 Deum
1391 1627 1566 1666 suum
1627 1617 1684 1667 et
1742 1612 1897 1668 idola

250 1693 562 1765 fabricans)
590 1698 893 1767 propterea
938 1696 1222 1768 propheta
1270 1697 1410 1753 facit
1458 1701 1625 1772 quasi
1677 1719 1894 1772 προσω-

249 1779 480 1835 ποποίαν
514 1782 637 1849 Dei,
672 1787 728 1839 et
757 1784 866 1839 sub
900 1801 1147 1856 persona
1173 1803 1280 1842 sua
1304 1786 1532 1843 inducit
1563 1787 1896 1861 plangentis

251 1872 520 1927 affectum
555 1889 568 1935 ;
602 1875 660 1927 et
687 1872 866 1927 dicit:
898 1873 1073 1945 Super
1101 1875 1199 1930 hoc
1216 1876 1483 1946 plangam
1521 1881 1574 1932 el
1621 1877 1890 1936 ululabo:

247 1959 443 2015 vadam
471 1959 739 2030 spoliatus
767 1965 821 2016 et
838 1961 1020 2017 nudus
1037 1962 1237 2018 decem
1255 1964 1410 2019 enim
1426 1964 1616 2022 tribus
1647 1967 1896 2039 perdidi)

253 2053 310 2104 et
330 2046 540 2103 faciam
591 2048 889 2120 planctum
950 2051 1107 2106 velut
1159 2052 1504 2122 draconum,
1565 2059 1619 2110 et
1673 2054 1897 2112 luctum

253 2136 420 2209 quasi
437 2137 1166 2203 struthionum.Quomodo
1181 2140 1337 2196 enim
1356 2141 1639 2199 dracones
1654 2144 1898 2201 terribili

253 2225 427 2282 sibilo
457 2230 794 2298 personant,
828 2227 998 2298 juxta
1055 2228 1332 2285 historias
1388 2232 1612 2299 eorum,
1674 2233 1774 2304 qui
1829 2234 1901 2289 de

252 2313 512 2387 physicis
543 2315 1037 2388 conscripserunt,
1072 2333 1137 2373 eo
1168 2322 1430 2390 tempore
1451 2336 1564 2392 quo
1586 2321 1904 2377 vincuntur

259 2404 331 2458 ab
352 2403 762 2475 elephantiszet
791 2405 941 2460 sicut
970 2405 1330 2462 struthiones
1352 2408 1728 2466 immemores
1765 2415 1905 2467 sunt

260 2508 501 2548 ovorum
538 2509 801 2561 suorum,
834 2499 891 2549 et
920 2495 1090 2566 quasi
1116 2512 1228 2550 non
1262 2499 1680 2569 pepererint,in
1731 2517 1906 2557 arena

259 2580 568 2636 calcandos
627 2583 874 2654 pedibus
919 2583 1241 2639 bestiarum
1298 2586 1416 2656 (Job
1478 2589 1672 2660 xxxxx)
1756 2591 1906 2646 fetus

274 2671 639 2741 relinquunt,
671 2671 743 2726 de
768 2687 882 2742 quo
913 2671 971 2726 in
993 2672 1104 2727 Job
1136 2672 1368 2743 plenius
1400 2675 1707 2732 scribitur:
1742 2677 1821 2731 ila
1851 2682 1909 2734 et

271 2774 379 2831 ego
410 2759 536 2814 sine
567 2757 705 2815 filiis
736 2759 1025 2830 spoliatus
1054 2765 1110 2815 et
1128 2761 1324 2817 nudus
1356 2763 1647 2819 incedam.
1707 2769 1774 2820 Et
1803 2766 1913 2822 hoc

269 2847 503 2918 faciam,
538 2847 677 2920 quia
699 2848 1007 2920 desperata
1037 2855 1125 2905 est
1156 2849 1328 2922 plaga
1358 2853 1509 2923 ejus,
1541 2853 1599 2907 id
1639 2859 1748 2921 est,
1808 2856 1911 2911 Sa-

259 2934 480 2990 mariae.
514 2935 580 2990 Et
609 2936 764 2992 idem
799 2939 1317 3009 peccatum,immo
1339 2941 1542 2996 eadem
1575 2959 1746 3014 pcena
1778 2960 1911 3015 pec-

257 3023 394 3094 cati,
428 3040 558 3095 quae
588 3025 791 3080 evertit
819 3027 1164 3093 Samariam,
1203 3029 1396 3084 veniet
1441 3047 1627 3102 usque
1676 3032 1746 3086 ad
1807 3032 1910 3087 Ju-

261 3114 399 3167 dam
431 3117 490 3167 et
518 3129 705 3184 usque
736 3115 806 3170 ad
829 3119 1053 3186 portam
1089 3116 1254 3172 urbis
1285 3133 1422 3172 meae
1452 3118 1798 3177 Jerusalem.
1837 3121 1909 3176 Ut

259 3201 417 3256 enim
449 3203 710 3258 Samaria
744 3203 1023 3260 subversa
1053 3197 1143 3260 est
1170 3206 1242 3260 ab
1273 3207 1527 3279 Assyriis
1559 3225 1577 3263 :
1619 3209 1702 3264 ita
1755 3209 1910 3266 Juda
1939 3178 1981 3245 α

261 3296 320 3346 et
342 3289 669 3346 Jerusalem
701 3291 1112 3348 subvertentur
1143 3310 1176 3348 a
1205 3293 1511 3351 Chaldaeis.
1572 3297 1716 3362 Quia
1776 3315 1912 3354 vero

255 3379 607 3444 Samariam,
639 3379 1044 3437 hzereticorum
1068 3382 1247 3438 semel
1291 3383 1687 3441 intelleximus
1717 3387 1909 3444 Eccle-

262 3468 440 3530 siam.
478 3485 605 3540 qua:
637 3474 905 3542 separata
936 3487 970 3525 a
999 3470 1135 3538 Deo,
1171 3471 1370 3543 populi
1403 3474 1554 3529 facta
1581 3479 1669 3530 est
1717 3476 1910 3532 conci-

261 3555 716 3629 liabulum,ipse
745 3557 1030 3614 Dominus
1060 3559 1456 3615 comminatur
1484 3562 1816 3633 positurum
1849 3582 1912 3620 se

260 3661 393 3701 eam
427 3645 483 3699 in
517 3661 827 3718 pomorum
853 3648 1206 3716 custodiam,
1239 3648 1296 3702 in
1331 3665 1537 3720 agrum
1571 3651 1705 3706 etin
1752 3651 1912 3723 plan-

254 3734 540 3790 tationem
572 3734 962 3790 vineae.Multo
983 3735 1139 3790 enim
1172 3736 1477 3793 meliusest
1507 3739 1762 3795 subverti
1780 3740 1908 3796 inu-

258 3821 429 3877 tilem
459 3823 769 3891 civitatem,
795 3828 852 3880 et
906 3825 1129 3896 lapides
1181 3827 1309 3896 ejus
1368 3827 1582 3898 quibus
1620 3834 1914 3886 exstructa

259 3911 477 3975 fuerat.
510 3912 565 3967 in
596 3929 852 3984 praeceps
901 3913 1147 3980 detrahi,
1210 3918 1268 3969 ct
1312 3917 1627 3987 praeparari
1673 3933 1800 3972 eam
1850 3919 1908 3973 in

257 4000 594 4073 pomarium
643 4000 1189 4074 plantationemque
1227 4003 1555 4071 vinearum,
1613 4022 1790 4077 quam
1850 4007 1910 4062 in

258 4089 646 4144 aedificatione
679 4090 938 4162 pessima
963 4107 1327 4161 permanere.
1387 4092 1533 4149 Cum
1593 4095 1749 4150 enim
1808 4095 1912 4151 de-

257 4183 487 4234 structa
516 4178 708 4248 fuerit,
739 4184 794 4234 et
816 4178 1069 4235 revelata
1087 4180 1303 4235 fuerint
1345 4179 1728 4239 fundamenta
1783 4184 1911 4254 ejus

260 4267 506 4340 (quibus
538 4284 646 4322 sua
674 4268 980 4323 videbatur
1009 4268 1195 4325 celare
1227 4270 1524 4342 mysteria,
1546 4276 1602 4326 et
1635 4272 1805 4326 firma
1819 4273 1914 4329 ha-

256 4357 400 4412 bere
432 4357 706 4428 dogmata
735 4357 795 4412 in
828 4357 1043 4428 quibus
1058 4358 1274 4426 stabat;
1307 4363 1364 4414 et
1381 4360 1578 4414 omnia
1606 4358 1762 4416 idola
1783 4377 1911 4432 quae

258 4444 520 4518 speciem
549 4445 900 4500 videbantur
928 4445 1166 4513 habere,
1199 4451 1258 4502 et
1278 4445 1774 4518 pulchritudinem
1819 4467 1911 4504 ar-

255 4533 404 4589 tifici
438 4548 705 4589 sermone
736 4533 1563 4606 compositam,etaministris
1583 4537 1678 4592 Dei
1698 4538 1915 4594 fuerint
1944 4548 1990 4612 D
2022 4552 2223 4592 eorum
2255 4536 2644 4607 respondeant
2675 4535 3122 4605 quaestionibus,
3157 4552 3260 4590 nec
3282 4539 3478 4592 tamen
3510 4555 3663 4594 rece-
3753 4541 3768 4548 "

258 4622 520 4690 concisa,
551 4622 609 4677 id
631 4631 738 4689 est,
767 4639 800 4677 a
832 4622 971 4678 viris
1001 4621 1449 4694 Ecclesiasticis)
1481 4628 1620 4681 tunc
1662 4627 1814 4682 438
1848 4628 1906 4682 in

259 4712 390 4767 loco
413 4710 816 4767 aedificationis
847 4711 1136 4783 pessime,
1199 4713 1358 4768 varia
1409 4713 1674 4770 Ecclesiae
1735 4732 1910 4788 poma

257 4804 601 4868 nascentur,
633 4808 687 4856 et
717 4817 834 4856 non
867 4799 1059 4857 solum
1093 4806 1426 4872 nascentur,
1478 4820 1678 4858 verum
1731 4806 1910 4861 etiam

257 4889 699 4956 custodientur,
729 4893 785 4945 et
807 4889 1174 4961 plantabitur
1201 4890 1372 4946 vinea
1419 4892 1608 4962 Sorec,
1671 4893 1741 4948 de
1794 4911 1910 4966 qua

255 4979 369 5034 ﬁat
398 4978 622 5044 vinum,
655 4979 809 5050 quod
843 4995 903 5034 se
925 4979 1209 5035 Dominus
1235 4979 1294 5034 in
1336 4997 1512 5053 regno
1537 4980 1720 5036 Patris
1761 4982 1910 5038 bibi-

266 5073 470 5124 turum
503 5084 630 5123 esse
660 5068 930 5140 promisit
957 5068 1293 5140 (Marc.xtv.)
1324 5069 1447 5124 Non
1483 5069 1668 5126 solum
1716 5075 1910 5127 autem

255 5156 667 5213 fundamenta
697 5157 847 5227 ejus,
881 5174 1005 5229 quae
1056 5157 1222 5230 prius
1263 5163 1421 5214 terra
1474 5161 1908 5231 premebantur,

255 5245 602 5319 aperientur
621 5250 677 5302 et
706 5246 1078 5318 proferentur
1108 5247 1166 5302 in
1200 5246 1483 5317 medium,
1516 5253 1574 5303 et
1600 5247 1753 5304 idola
1785 5266 1910 5321 quae

253 5334 380 5392 sibi
410 5335 719 5404 tinxerant,
755 5335 1136 5391 concidentur
1169 5352 1183 5404 ;
1217 5335 1318 5391 sed
1349 5334 1538 5408 gloria
1567 5352 1799 5409 quoque
1855 5341 1912 5394 et

327 5570 412 5646 (ρ)
445 5565 612 5646 Alias
629 5572 685 5626 et
713 5568 772 5626 in
805 5566 1406 5646 uno__Pala_tin.__Acod.
1457 5585 1637 5646 quem.
1697 5571 1910 5632 Confer

245 5644 316 5707 in
342 5640 736 5718 ’E'zeohielem,
766 5647 911 5703 tom.
934 5641 1003 5716 V,
1027 5641 1136 5703 col.
1167 5641 1293 5703 927.

2001 555 2192 595 errore
2223 557 2328 596 suo
2362 540 2517 612 ,igne
2547 557 2676 596 meo
2707 546 3149 608 consumentur,
3185 543 3254 596 dc
3285 559 3399 614 quo
3431 547 3548 601 dixi
3580 549 3638 604 in

1999 628 2351 700 Evangelio:
2411 630 2595 699 Ignem
2635 630 2758 684 veni
2817 632 3041 685 mittere
3089 647 3252 703 super
3298 642 3521 702 terram,
3590 641 3642 692 et

1999 719 2076 787 (α)
2099 733 2262 787 quam
2282 717 2848 788 voloutmdeat(Luc.
2882 735 2982 788 xu,
3015 720 3104 790 49)
3142 737 3154 775 :
3189 726 3364 792 atque
3394 726 3636 781 combu-

2002 809 2220 873 rentur,
2254 811 2312 860 et
2341 806 2680 877 redigentur
2703 807 2775 861 ad
2811 806 3081 874 nihilum,
3117 809 3253 879 quia
3280 828 3393 866 non
3425 813 3496 868 de
3550 831 3643 870 ve-

2004 894 2178 950 ritate
2203 898 2499 950 contracta
2530 896 3018 967 suntdogmatum
3037 914 3049 962 ;
3071 899 3169 952 scd
3183 899 3254 954 de
3268 900 3645 959 fornicatione

2004 983 2232 1052 animae,
2267 987 2323 1039 et
2342 999 2533 1038 errore
2554 982 2687 1039 hinc
2718 984 2852 1039 inde
2882 984 3123 1041 collecta
3164 993 3320 1044 sunt.
3381 989 3642 1047 Haeretici

2005 1072 2218 1143 quippe
2250 1088 2366 1126 non
2395 1071 2613 1126 habent
2638 1072 2869 1127 divitias
2899 1074 2969 1128 de
3012 1079 3256 1146 paterna
3311 1078 3646 1137 haereditate

2004 1160 2322 1226 venientes,
2356 1160 2457 1215 sed
2479 1161 2738 1232 quotidie
2769 1162 2927 1232 quod
2961 1163 3156 1218 colant
3214 1167 3531 1237 reperiunt,
3590 1176 3650 1226 et

2005 1247 2158 1303 idola
2188 1248 2299 1303 sibi
2332 1249 2843 1317 artiﬁcimanu,et
2900 1250 3131 1308 curiosa
3188 1260 3380 1311 mente
3427 1259 3649 1313 conﬁn-

2005 1337 2418 1410 gunt.Propter
2447 1337 2554 1392 hoc
2583 1355 2715 1393 cum
2747 1356 3063 1396 conversus
3096 1343 3267 1398 fuerit
3286 1361 3425 1418 ager
3447 1364 3650 1406 eorum

2006 1426 2065 1481 in
2101 1443 2408 1498 pomorum
2440 1428 2791 1493 custodiam,
2820 1433 2877 1483 ct
2898 1437 3258 1501 praeparatus
3303 1435 3374 1490 ad
3424 1437 3648 1506 vineas,

2007 1519 2064 1570 et
2091 1514 2314 1587 lapides
2343 1515 2557 1586 quibus
2588 1516 2878 1572 aediﬁcata
2905 1523 3028 1573 erat
3058 1520 3282 1592 civitas,
3314 1523 3558 1581 detracti
3589 1526 3648 1581 in

2006 1603 2385 1676 profundum,
2410 1607 2467 1658 et
2497 1603 2746 1659 revelata
2780 1605 3406 1667 fuerintfundamenta
3426 1629 3649 1681 eorum,

2006 1696 2064 1747 et
2094 1693 2291 1747 omnia
2315 1691 2610 1763 sculptilia
2641 1693 2872 1748 concisa
2902 1697 2958 1749 et
2987 1695 3243 1765 incensa,
3278 1703 3335 1754 ct
3356 1704 3651 1758 mercedes

2008 1798 2153 1852 quas
2183 1780 2291 1835 sibi
2324 1797 2467 1835 vana
2497 1797 2598 1852 spe
2632 1781 3078 1852 pollicebantur,
3113 1788 3472 1860 etquidquid
3495 1792 3652 1846 velut

2006 1870 2189 1924 Deum
2243 1868 2432 1924 colere
2469 1870 2837 1936 videbantur,
2891 1873 3189 1929 redactum
3246 1877 3316 1930 ad
3375 1878 3650 1949 nihilum,

2007 1958 2147 2029 quia
2177 1973 2248 2012 ne
2279 1957 2656 2013 fornicatione
2708 1959 2936 2028 animae,
2999 1977 3171 2018 omne
3230 1964 3340 2019 sibi
3402 1969 3653 2038 pretium

2008 2052 2602 2119 compararuntztunc
2633 2048 3024 2119 intelligentes
3054 2068 3308 2108 errorem
3340 2054 3655 2126 pristinum

2007 2137 2067 2191 in
2100 2139 2284 2191 semet
2313 2136 2525 2191 reversi
2550 2136 2912 2209 plangent,in
2950 2139 3167 2210 quibus
3200 2147 3333 2197 ante
3363 2143 3656 2217 ridebant,

2011 2229 2067 2280 et
2096 2223 2402 2296 lugebunt,
2432 2225 2492 2278 in
2527 2225 2742 2295 quibus
2773 2226 2936 2297 prius
2985 2227 3341 2286 fornicantes
3372 2234 3657 2304 quodam-

2013 2315 2184 2368 modo
2199 2313 2986 2386 ltetabanturDeponentque
3006 2317 3076 2371 de
3090 2319 3335 2389 pedibus
3349 2321 3472 2376 suis
3493 2325 3662 2394 quid-

2015 2402 2153 2474 quid
2185 2403 2518 2457 motiferum
2572 2402 2916 2474 habuerant,
2971 2409 3027 2460 et
3083 2413 3256 2462 erunt
3311 2408 3656 2480 discalciati,

2016 2493 2154 2562 quia
2181 2495 2336 2546 terra
2368 2491 2423 2544 in
2457 2507 2573 2562 quo
2604 2492 2810 2546 staturi
2832 2498 2991 2558 sunt,
3024 2492 3185 2550 locus
3218 2501 3307 2552 est
3337 2504 3662 2572 sanctus,et

2013 2581 2360 2635 vestimenta
2391 2579 2790 2635 fornicationis
2818 2598 2935 2635 suae
2986 2582 3257 2638 universa
3301 2588 3611 2658 projicient
3645 2609 3659 2657 ;

2018 2674 2304 2739 eruntque
2327 2669 2490 2735 nudi,
2526 2673 2588 2723 ut
2618 2669 2844 2740 possint
2861 2669 3072 2726 Christi
3104 2671 3266 2726 indui
3293 2675 3660 2746 vestimento,

2019 2763 2076 2814 et
2090 2758 2300 2812 facient
2315 2756 2609 2828 planctum
2624 2757 2791 2828 quasi
2805 2758 3124 2814 draconum
3136 2760 3394 2818 .Planctu
3405 2763 3450 2818 ri
3492 2767 3661 2840 quip-

2021 2863 2088 2919 pe
2103 2853 2240 2901 sunt
2262 2845 2579 2917 aliquando
2610 2849 2664 2900 et
2695 2847 3239 2919 dracones.quando
3270 2851 3518 2908 viderint
3535 2854 3665 2910 dra-

2020 2951 2223 2991 conem
2253 2935 2575 2989 maximum
2606 2939 2863 3005 captum,
2896 2940 2952 2990 et
2978 2937 3037 2991 in
3065 2937 3239 2993 hamo
3271 2941 3522 3010 pendere
3553 2943 3667 3014 pis-

2021 3023 2228 3089 cantis,
2260 3028 2316 3077 et
2346 3039 2505 3078 mare
2538 3024 2692 3077 440
2724 3023 3069 3080 desolatum.
3103 3026 3174 3080 Et
3196 3025 3663 3102 lugebantquasi

2023 3112 2152 3167 ﬁliae
2203 3111 2560 3178 Sirenarum,
2613 3112 2808 3168 dulcia
2852 3113 3009 3168 enim
3068 3119 3205 3170 sunt
3257 3117 3664 3176 haereticorum

2021 3200 2301 3267 carmina,
2335 3205 2391 3256 et
2438 3201 2602 3256 suavi
2650 3218 2784 3256 voce
2841 3202 3086 3274 populos
3148 3203 3490 3277 decipienta.
3551 3208 3665 3265 Nec

2022 3295 2211 3364 potest
2229 3306 2429 3346 eorum
2464 3291 2688 3345 cantica
2719 3292 3151 3362 prazterire,nisi
3175 3294 3274 3366 qui
3306 3296 3667 3355 obturaverit

2023 3396 2223 3435 aurem
2255 3395 2445 3443 suam,
2479 3383 2535 3434 et
2566 3379 2734 3450 quasi
2769 3381 2986 3434 surdus
3035 3383 3301 3439 evaserit.
3350 3384 3668 3456 Propterea

2023 3473 2215 3524 autem
2233 3467 2352 3522 haec
2366 3466 2703 3522 istiusmodi
2718 3468 2983 3523 Samaria
2997 3467 3424 3542 plangetatque
3441 3472 3668 3546 lugebit

2021 3557 2298 3629 quoniam
2326 3555 2542 3627 sagitta
2573 3553 2804 3610 Domini
2836 3556 3162 3623 vulnerata,
3191 3563 3248 3614 et
3271 3558 3503 3632 plagam
3545 3579 3664 3618 ser-

2021 3645 2212 3700 monis
2245 3644 2558 3716 accipiens,
2593 3660 2768 3699 suum
2833 3650 3144 3716 cognoscet
3201 3663 3477 3706 errorem.
3541 3651 3666 3706 Non

2021 3733 2210 3789 solum
2238 3736 2434 3788 autem
2457 3733 2585 3804 ipsa
2614 3733 2889 3804 peccavit,
2922 3734 3021 3788 sed
3056 3733 3428 3806 iniquitatem
3462 3743 3517 3793 et
3575 3754 3666 3793 er-

2021 3839 2210 3878 rorem
2233 3838 2407 3876 suum
2435 3822 2495 3876 in
2525 3821 2694 3876 Judae
2721 3837 2953 3893 quoque
2994 3826 3189 3891 portas
3245 3823 3430 3880 voluit
3487 3827 3668 3882 intro-

2022 3913 2250 3967 ducere.
2287 3910 2448 3966 Unde
2471 3910 2687 3965 dicitur
2716 3911 2786 3965 de
2817 3927 2884 3964 ea
2915 3924 2928 3964 ξ
2970 3912 3120 3966 Venit
3141 3929 3309 3984 usque
3331 3914 3401 3968 ad
3448 3916 3665 3984 Iudam,

2019 4009 2070 4056 et
2090 4002 2262 4071 tetigit
2285 4016 2448 4070 usque
2467 3999 2536 4054 ad
2556 4003 2744 4070 portas
2763 4000 2962 4071 populi
3002 4003 3130 4071 mei,
3186 4018 3356 4073 usque
3403 4005 3471 4059 ad
3506 4007 3665 4061 Jeru-

2020 4092 2208 4146 salem.
2245 4090 2464 4157 Portas,
2493 4088 2705 4160 inquit,
2733 4089 2923 4160 tetigit
2980 4106 3127 4160 quas
3176 4108 3347 4148 aures
3402 4093 3669 4167 intelligi-

2022 4197 2176 4235 mus.
2210 4179 2490 4234 Caeterum
2522 4179 2725 4232 urbem
2760 4177 3013 4234 mediam
3046 4179 3265 4236 intrare
3298 4199 3410 4236 non
3433 4183 3662 4255 potuit:

2022 4269 2177 4340 quod
2211 4269 2259 4324 si
2280 4267 2816 4336 intrasset,fecisset
2847 4268 2919 4323 de
2948 4268 3274 4326 Jerusalem
3323 4272 3665 4330 Samariam.

2022 4357 2257 4422 Quoties
2288 4355 2610 4412 viderimus
2639 4357 2708 4412 de
2741 4356 2995 4412 Ecclesia
3026 4357 3258 4430 aliquos
3311 4360 3382 4414 ad
3443 4360 3667 4416 haereti-

2023 4463 2225 4502 corum
2258 4461 2559 4502 sermones
2589 4445 2991 4510 scandalizari,
3025 4451 3082 4501 et
3105 4463 3360 4518 quaerere
3375 4451 3666 4519 quomodo

2022 4626 2157 4680 dere
2207 4625 2277 4680 de
2336 4621 2610 4689 Ecclesia,
2671 4623 2963 4689 dicamus,
3018 4625 3165 4679 venit
3220 4626 3494 4692 Samaria,
3546 4627 3668 4683 sive

2021 4713 2194 4787 plaga
2224 4712 2500 4768 Samaria:
2556 4728 2743 4782 usque
2787 4712 2857 4766 ad
2917 4712 3201 4784 populum
3259 4715 3662 4785 confitentem,
3729 4769 3746 4784 ,

2019 4819 2206 4874 usque
2238 4802 2310 4856 ad
2341 4815 2512 4856 aures
2544 4799 2742 4871 populi
2765 4800 2886 4867 Dei,
2919 4818 3106 4873 usque
3135 4803 3204 4858 ad
3229 4820 3400 4860 aures
3426 4804 3662 4861 Jerusa-

2018 4891 2154 4947 lem.
2187 4895 2304 4945 Hoc
2335 4890 2490 4946 enim
2521 4889 2679 4960 quod
2710 4888 2925 4944 dicitur
2953 4891 3143 4962 tetigit
3175 4908 3358 4962 usque
3377 4894 3447 4947 ad
3469 4898 3663 4963 pprtas

2019 4979 2217 5052 populi
2248 4979 2386 5044 mei,
2420 4977 2522 5029 ἀπὸ
2552 4981 2736 5030 κοινοῦ
2769 4977 3213 5050 intelligendum
3237 4986 3342 5047 est,
3377 4982 3665 5038 utsubau-

2019 5067 2432 5139 diatur;tctigit
2454 5067 2628 5122 etiam
2644 5083 2829 5138 usque
2851 5068 2921 5121 ad
2947 5071 3142 5138 portas
3157 5069 3661 5126 Jerusalem.Huc-

2021 5175 2207 5231 usque
2244 5163 2446 5213 contra
2485 5157 2808 5212 Samariam
2840 5161 2896 5211 et
2927 5162 3128 5212 contra
3182 5157 3527 5229 Jerusalem,
3583 5160 3661 5214 vi-

2020 5250 2263 5304 deamus
2292 5250 2350 5301 et
2378 5249 2602 5314 cmtera,
2637 5261 2764 5316 qua:
2794 5249 3144 5315 sequuntur.

2090 5337 2276 5410 (Vers.
2315 5335 2380 5389 10
2404 5335 2618 5406 seq.)ln
2641 5331 2776 5388 Geth
2797 5335 2964 5390 nolite
2989 5337 3359 5405 annuntiare,
3393 5337 3660 5412 lacrymz’s

2021 5588 2148 5648 qua:
2169 5565 2688 5644 dehujuslectione
2704 5566 3293 5634 testimoniidiximus
3323 5569 3394 5630 ad
3417 5570 3662 5648 homilé
