4008 6184
266 275 434 338 Ήϐλι

1031 281 1779 347 COMMENTARIORUM
1827 285 1904 343 ΙΝ

2026 276 2334 344 [CH/EAM
2382 283 2528 344 LIB.
2577 285 2625 344 l.
2672 283 2846 345 CAP.
2891 284 2940 345 Ι.
3018 348 3019 351 η

3530 278 3685 349 Hd!

266 406 601 480 possidebit
638 409 881 467 domum
902 410 1241 470 idololatria:
1268 416 1587 485 urbemque
1614 415 1923 469 mendacii.
1959 421 2009 481 Α
2043 422 2177 469 sunt
2205 418 2274 469 ile
2297 413 2641 486 alienigenis
2663 417 2721 469 et
2749 413 2845 469 alii
2866 411 3106 486 (multas
3122 412 3280 470 enim
3300 411 3479 471 habet
3499 417 3685 490 regio-

266 511 402 568 qum
420 496 479 551 in
502 497 980 571 supplantatione
1001 500 1113 558 fuit
1130 502 1367 575 regibus
1404 502 1602 558 Israel.
1630 503 1790 566 Quod
1816 519 1921 558 au-

146 618 153 625 ι
260 588 385 641 tem
406 587 561 643 448
574 588 867 659 sequitur:
888 590 1077 646 Adhuc
1087 592 1355 648 heredem
1375 592 1643 648 adducam
1668 592 1786 663 tibi,
1801 608 1923 663 qua:

260 673 481 729 habitas
506 675 569 728 in
598 674 828 741 Maresa,
864 676 1105 748 pulchre
1134 679 1336 735 allusit
1376 681 1448 735 ad
1498 695 1749 736 nomen:
1785 679 1922 752 quia

258 761 420 818 enim
449 779 703 832 manusa,
735 766 1026 822 haereditas
1073 768 1304 835 dicitur,
1358 768 1671 824 adventum
1699 768 1758 823 in
1789 784 1921 824 eam

258 850 525 907 hostium
547 868 653 924 pro
675 852 1008 911 baaredibus
1025 855 1353 928 appellavit,
1376 862 1434 912 et
1450 872 1636 928 usque
1651 855 1918 912 Odollam

260 939 468 995 urbem
488 939 654 997 Judae
675 943 866 998 veniet
887 961 1107 1000 mannss
1132 944 1351 1017 (mem)
1371 945 1426 999 id
1452 950 1560 1013 est,
1583 946 1885 1003 hm'editas
1901 963 1920 1001 :

258 1018 391 1098 qua
412 1025 619 1083 Odolla
644 1027 901 1101 gloriosa
922 1034 1011 1086 est
1027 1030 1085 1085 in
1109 1031 1567 1104 urbibus(a)suis
1588 1032 1790 1089 Israel.
1812 1032 1919 1088 De-

260 1116 444 1189 nique
467 1120 523 1172 et
554 1117 945 1189 Symmachus
966 1120 1050 1176 ita
1070 1120 1375 1177 transtulit
1400 1121 1546 1177 εἘτι
1568 1117 1918 1195 κληρονόμον

259 1201 374 1273 ἄξω
392 1204 483 1258 καί
513 1225 600 1259 σοι
616 1206 865 1260 κατοικία
888 1208 1129 1283 Μαρὲσα,
1146 1204 1252 1270 ἕως
1276 1206 1557 1281 Ὀδολλὰμ
1570 1209 1683 1280 ἥξει
1705 1216 1807 1279 τῆς
1830 1206 1919 1264 δός

259 1291 360 1362 ξης
391 1293 614 1367 Ισραήλ,
634 1295 746 1352 hoc
766 1301 875 1367 est,
902 1297 1082 1353 adhuc
1101 1299 1373 1355 haeredem
1406 1300 1675 1355 adducam
1716 1303 1768 1355 et
1794 1300 1917 1367 tibi,

258 1381 528 1438 habitatio
546 1383 779 1450 Maresa,
801 1401 971 1456 usque
992 1386 1241 1443 Odollam
1264 1390 1442 1444 veniet
1483 1390 1672 1460 gloriae
1717 1390 1915 1459 Israel,

256 1470 371 1527 hoc
392 1475 499 1541 est,
520 1488 649 1544 quas
668 1473 922 1546 gloriosa
945 1492 1007 1530 es
1028 1475 1085 1530 in
1115 1476 1361 1533 urbibus
1386 1477 1586 1533 Israel.
1620 1478 1689 1533 Et
1710 1478 1809 1533 ubi
1831 1477 1916 1533 di-

254 1560 642 1629 citurgloriw,
668 1562 960 1634 genitivus
992 1580 1163 1619 casus
1203 1566 1280 1619 sit
1319 1566 1548 1621 numeri
1579 1565 1916 1639 singularis,

255 1648 423 1720 hujus
439 1649 648 1719 gloriae,
675 1656 732 1705 et
753 1667 867 1706 non
890 1652 1290 1709 nominativus
1307 1653 1574 1726 pluralis,
1599 1655 1682 1710 Ῐιω
1702 1655 1913 1725 gloria.

2033 520 2136 559 nes
2158 510 2215 558 et
2233 504 2407 558 urbes
2434 502 2876 574 Allophylorum
2898 501 3218 575 provincia)
3267 501 3369 575 qui
3399 519 3502 575 per
3532 507 3687 563 mala

2031 607 2205 662 opera
2235 595 2291 646 et
2320 607 2529 646 sensus
2550 591 2870 647 contrarios
2902 591 3014 646 Deo
3058 589 3418 662 loquuntur:
3458 591 3687 649 Destru-

2029 681 2104 735 cti
2131 696 2335 747 sumus,
2368 680 2463 735 sed
2494 684 2827 736 revertentes
2871 679 3201 751 azdiﬁcemus
3246 694 3374 751 qua:
3411 680 3688 739 destructa

2029 776 2175 824 sunt.
2205 768 2369 824 Unde
2398 772 2455 823 et
2481 773 2764 825 vocantur
2792 768 3029 823 termini
3058 766 3400 841 impietatis,
3422 772 3479 826 et
3505 787 3686 845 popu-

2029 855 2123 913 lus
2153 857 2247 913 cui
2278 858 2464 913 iratus
2496 862 2585 913 est
2613 856 2918 915 Dominus.
2952 856 3176 913 Dicitur
3202 858 3275 913 ad
3315 874 3451 915 eos:
3486 860 3596 929 Qui
3623 861 3685 917 in

2028 945 2263 1000 Bachim
2293 946 2460 1001 nolite
2512 945 2793 1015 mdiﬁcare
2848 945 2913 1000 de
2963 944 3118 1000 domo
3143 944 3408 1002 derisum.
3441 946 3682 1006 Baehim

2031 1032 2225 1106 (0’23)
2249 1034 2324 1107 (b)
2344 1033 2402 1089 in
2425 1038 2626 1090 nostra
2643 1033 2845 1107 lingua
2871 1034 3159 1106 planctum
3186 1037 3244 1090 et
3280 1036 3471 1105 ﬂetum
3490 1040 3677 1094 sonat.

2028 1119 2286 1193 Denique
2314 1121 2568 1195 exceptis
2608 1122 3008 1195 Septuaginta,
3041 1138 3245 1179 omnes
3286 1119 3588 1196 κλαυθμὸν,
3619 1124 3678 1182 id

2029 1212 2119 1264 est
2144 1209 2332 1279 ﬂetum
2353 1210 2799 1267 transtulerunt.
2825 1210 2931 1277 Qui
2958 1210 3102 1268 estis
3120 1210 3302 1284 igitur
3319 1211 3381 1267 in
3402 1212 3504 1285 huj
3515 1229 3680 1270 usce-

2030 1298 2187 1353 modi
2218 1299 2494 1370 operibus
2541 1303 2715 1371 atque
2766 1299 3093 1368 sententiis,
3152 1316 3280 1372 quas
3327 1301 3469 1357 ﬂetu
3501 1302 3680 1377 digna

2028 1391 2187 1458 sunt,
2211 1387 2391 1444 nolite
2412 1387 2850 1444 aediﬁcationem
2869 1388 3187 1460 pessimam
3205 1388 3554 1462 instaurare,
3572 1405 3679 1448 nec

2030 1491 2270 1531 sensum
2290 1482 2550 1533 vestrum
2568 1477 2988 1533 extructionem
3009 1477 3110 1533 Dei
3151 1477 3540 1547 arbitremini,
3571 1495 3680 1536 ne-

2028 1577 2142 1633 que
2171 1562 2467 1619 aediﬁcetis
2496 1579 2672 1635 super
2730 1579 2967 1619 arenam
3024 1564 3230 1636 (Matth.
3282 1566 3407 1638 vn),
3440 1581 3513 1623 ne
3542 1583 3677 1624 cum

2026 1654 2345 1724 tempestas
2368 1653 2610 1721 venerit,
2634 1654 2962 1725 domusque
2977 1658 3168 1711 vestra
3189 1654 3525 1729 conciderit,
3545 1672 3678 1713 cas-

254 1736 364 1791 Vol
389 1742 541 1794 certe
562 1737 643 1793 ita
662 1737 1060 1813 intelligamus
1085 1758 1097 1797 :
1123 1742 1437 1814 Captivitas
1476 1742 1648 1799 Israel
1671 1760 1800 1816 quas
1821 1759 1913 1799 ve-
1945 1783 1995 1850 Β
2029 1756 2129 1796 sus
2149 1740 2313 1796 labor
2334 1741 2519 1796 risum
2540 1741 2876 1797 videntibus
2897 1743 3171 1814 praebeat.
3197 1743 3346 1808 Quin
3370 1744 3566 1817 potius
3585 1746 3676 1802 in-

259 1825 349 1880 nit
377 1824 437 1880 in
468 1826 701 1893 Lachis,
732 1832 791 1883 et
820 1828 986 1899 tieth,
1015 1833 1072 1885 et
1102 1829 1346 1901 Maresa,
1408 1847 1597 1903 usque
1652 1831 1917 1888 Odollam
1947 1824 1995 1850 ”
2028 1828 2355 1902 telligentes
2388 1829 2831 1886 aediﬁcationem
2880 1835 3133 1887 vestram
3156 1832 3397 1905 dignam
3418 1849 3547 1891 esse
3577 1834 3675 1892 de-

256 1930 497 1987 quoque
515 1915 724 1972 veniet.
751 1916 1092 1989 Etpressius
1112 1918 1424 1992 legendum
1441 1921 1634 1989 gloriae
1645 1922 1835 1992 Israel,
1852 1925 1919 1977 ut

254 2002 396 2056 κατὰ
406 2002 717 2081 ἀντίφρασιν
733 2006 1057 2078 ignominia
1069 2009 1154 2064 vel
1167 2010 1410 2065 vastitas
1425 2010 1915 2066 sentiatur.Porro

256 2092 416 2164 quod
448 2109 628 2166 supra
657 2095 863 2150 urbem
896 2097 1189 2168 prophetas
1237 2098 1504 2154 Morasthi
1532 2099 1917 2156 haereditate":

253 2181 623 2254 interpretati
653 2199 883 2254 sumus,
916 2184 1065 2240 sciat
1091 2185 1274 2241 lector
1302 2187 1360 2241 in
1394 2188 1595 2243 eodem
1627 2187 1915 2244 versiculo

254 2285 434 2341 quem
449 2271 1081 2342 posuimuszPropterea
1092 2274 1562 2331 dabitemissarios
1572 2292 1737 2350 super
1748 2277 1916 2334 haere-

252 2358 486 2415 ditatem
498 2358 651 2424 Geta,
667 2360 728 2415 in
746 2361 977 2417 Hebrzso
991 2378 1095 2435 pro
1108 2366 1434 2421 haereditate
1450 2365 1598 2431 Geth,
1615 2382 1914 2422 MARASETH

250 2463 398 2502 om
418 2458 494 2508 ru
508 2459 697 2511 mea):
726 2449 840 2521 [Αι.
874 2456 1231 2522 ΜοΒΑεεετΗ]
1264 2454 1541 2525 positum.
1576 2454 1699 2509 Huc
1727 2470 1916 2526 usque

253 2536 584 2591 secundum
606 2538 959 2593 Hebraicum
975 2544 1040 2594 ut
1053 2540 1373 2611 potuimus,
1390 2546 1447 2597 et
1464 2546 1528 2597 ut
1541 2542 1710 2598 nobis
1722 2543 1913 2599 visum

251 2628 364 2696 est,
388 2630 541 2681 certe
562 2629 626 2680 ut
647 2627 718 2682 ab
742 2626 994 2683 Hebraais
1019 2628 1372 2696 audivimus,
1410 2630 1579 2702 quasi
1602 2631 1753 2687 inter
1774 2649 1914 2688 saxa

250 2717 312 2768 et
327 2714 704 2771 acutissimus
720 2716 996 2787 scopulos
1010 2717 1341 2773 naviculam
1356 2723 1616 2775 nostram
1631 2720 1911 2790 reximus,

255 2817 390 2874 quae
412 2806 611 2858 utrum
634 2803 932 2859 intraverit
952 2810 1208 2877 portum,
1244 2822 1315 2861 an
1357 2806 1547 2863 adhuc
1574 2808 1632 2863 in
1657 2809 1779 2864 salo
1802 2809 1910 2864 ﬂu-

251 2894 435 2957 ctuet,
458 2890 693 2948 lectoris
713 2893 824 2948 erit
831 2894 1166 2985 prudentiae
1179 2895 1471 2985 judicare.
1504 2896 1673 2952 Nunc
1695 2898 1912 2953 oratio-

251 2979 433 3035 nibus
453 2981 663 3036 vestris
676 2979 989 3053 pergamus
1002 2982 1073 3038 ad
1087 2982 1232 3039 alios
1246 2983 1481 3053 ﬂuctus,
1497 2989 1554 3041 et
1567 2985 1913 3043 imminente

259 3069 647 3141 expositionis
664 3069 800 3126 hinc
822 3070 956 3126 inde
976 3072 1281 3145 naufragio
1303 3073 1351 3128 si
1375 3090 1690 3145 possumus
1710 3076 1913 3131 evada-

2025 1917 2172 1985 risu,
2206 1918 2393 1973 ruinis
2425 1920 2555 1989 ejus
2584 1922 2642 1974 et
2672 1918 2907 1990 pulvere
2948 1920 3316 1994 conspergite
3358 1922 3553 1995 capita
3578 1939 3675 1979 ve-

2026 2009 2168 2077 stra,
2201 2010 2258 2062 et
2287 2007 2439 2079 agite
2477 2006 2897 2079 paenitentiam,
2952 2009 3108 2080 quod
3158 2009 3383 2081 absque
3429 2011 3676 2068 consilio

2025 2111 2294 2151 casuram
2318 2096 2560 2152 domum
2582 2096 2866 2152 aediﬁcare
2894 2096 3183 2154 voluistis.
3207 2097 3482 2171 Sequitur
3506 2114 3519 2154 :
3540 2099 3679 2168 Quae

2025 2184 2244 2239 habitat
2271 2184 2404 2239 bene
2433 2186 2491 2239 in
2523 2185 2837 2241 civitatibus
2863 2188 2999 2254 suis,
3029 2203 3143 2241 non
3173 2195 3252 2243 est
3280 2203 3494 2260 egressa
3515 2188 3676 2245 habi-

2025 2280 2145 2328 tans
2170 2274 2230 2327 in
2249 2272 2506 2328 Sennam.
2532 2273 2693 2339 Quod
2721 2273 2866 2329 mihi
2887 2274 3117 2330 videtur
3134 2275 3285 2331 hanc
3307 2275 3520 2333 habere
3540 2293 3673 2333 sen-

2023 2361 2267 2416 tentiam
2296 2361 2467 2427 :Vos,
2492 2361 2591 2433 qui
2613 2363 2933 2433 superbitis
2956 2363 3015 2418 in
3038 2363 3207 2435 Geth,
3231 2368 3289 2419 et
3318 2364 3378 2420 in
3407 2364 3673 2436 Bachim,

2024 2448 2241 2505 frustra
2260 2450 2502 2505 domum
2523 2450 2647 2506 risu
2663 2450 2901 2522 dignam
2922 2450 3206 2507 aediﬁcare
3227 2452 3522 2509 conamini
3543 2470 3558 2510 :
3578 2469 3671 2511 al-

2024 2537 2243 2610 pergite
2274 2554 2374 2593 vos
2403 2537 2656 2609 pulvere,
2687 2542 2744 2593 et
2772 2539 2926 2611 agite
2962 2540 3389 2611 pcenitentiam,
3426 2542 3567 2613 quia
3585 2542 3671 2599 vi-

2023 2642 2167 2681 num
2191 2626 2531 2683 detestabile
2554 2643 2835 2698 premere,
2862 2631 2919 2683 et
2936 2628 3379 2685 aediﬁcationem
3407 2634 3521 2687 Deo
3542 2646 3675 2686 con-

2021 2714 2262 2771 trariam
2282 2720 2620 2772 construere
2641 2714 2928 2772 voluistis.
2950 2715 3270 2773 Ecclesiam
3292 2721 3491 2775 autem
3513 2718 3676 2775 Chri-

2023 2804 2121 2873 sti,
2155 2821 2282 2877 quae
2312 2805 2537 2861 habitat
2567 2804 2733 2874 bene,
2783 2809 2839 2862 et
2896 2804 2956 2861 in
3012 2809 3132 2862 toto
3192 2807 3331 2863 orbe
3383 2807 3674 2865 Ecclesiae

2022 2894 2090 2965 (c)
2111 2893 2392 2966 possidet,
2418 2893 2663 2965 spiritus
2684 2893 2906 2950 unitate
2926 2895 3241 2967 conjuncta
3274 2899 3384 2968 est,
3421 2900 3480 2953 et
3499 2896 3676 2953 habet

2020 2983 2171 3040 445
2197 2982 2372 3038 urbes
2394 2982 2585 3054 Legis,
2608 2981 3045 3054 prophetarum,
3090 2982 3408 3057 Evangelii,
3432 2988 3490 3041 et
3533 3001 3671 3058 apo-

2021 3071 2325 3137 stolorum,
2360 3087 2477 3126 non
2507 3074 2596 3127 est
2622 3087 2858 3144 egressa
2878 3072 2949 3127 de
2970 3071 3191 3128 ﬁnibus
3212 3072 3357 3139 suis,
3381 3072 3439 3128 id
3467 3076 3577 3143 est,
3600 3073 3690 3133 de,

252 3173 413 3213 mus.
461 3174 604 3214 cura
637 3159 756 3229 (ru)
787 3160 1204 3232 interpretatur
1260 3164 1521 3232 torcular,
1568 3164 1667 3236 qui
1699 3178 1804 3237 ego
1844 3164 1905 3220 in
1938 3152 1981 3219 C
2020 3159 2336 3233 Scripturis
2368 3160 2623 3228 sanctis;
2657 3161 2759 3216 sed
2791 3164 3041 3232 coeptam
3099 3161 3312 3219 retinet
3340 3162 3669 3234 possessio-

249 3246 425 3314 Geth,
457 3247 513 3302 id
548 3252 655 3316 est,
689 3248 749 3302 in
779 3248 1057 3305 torculari
1089 3254 1246 3319 sunt,
1296 3256 1573 3323 putantes
1612 3269 1675 3309 se
1703 3252 1903 3309 vinde-

249 3335 471 3392 miasse
503 3336 758 3392 fructum
788 3336 937 3405 vitae,
971 3342 1029 3394 et
1061 3338 1318 3396 calcasse
1374 3341 1608 3397 botrum
1640 3342 1711 3397 de
1740 3341 1908 3398 vinea

252 3425 452 3496 Sorec,
484 3424 843 3482 extolluntur
875 3426 935 3481 in
977 3428 1336 3499 superbiam,
1382 3429 1719 3500 ignorantes
1752 3431 1906 3501 quod

252 3512 462 3569 botrus
482 3514 883 3607 terrae-ludam
907 3515 966 3570 in
989 3515 1435 3607 Allophllorum
1455 3518 1674 3607 finibus
1691 3534 1806 3573 non
1819 3535 1908 3607 re-

252 3602 536 3674 periatur.
566 3602 778 3672 Nolite,
809 3604 1024 3677 inquit,
1055 3602 1249 3660 extolli
1280 3606 1381 3676 qui
1411 3606 1553 3662 estis
1575 3606 1634 3661 in
1656 3606 1907 3663 torcula-
1932 3666 1946 3680 ο

250 3692 427 3748 ribus
451 3709 464 3747 :
489 3692 634 3757 Quia
654 3693 726 3748 de
747 3692 915 3749 vinea
934 3694 1319 3749 Sodomorum
1366 3694 1535 3751 vinea
1577 3699 1772 3751 vestra
1798 3700 1906 3764 est,

259 3784 327 3836 et
352 3797 606 3855 propago
635 3786 829 3837 vestra
859 3783 930 3839 de
980 3772 1385 3839 Gommorrhis
1411 3800 1425 3839 :
1484 3788 1541 3839 et
1582 3801 1694 3840 uva
1720 3788 1913 3841 vestra

258 3867 698 3939 amaritudinis,
731 3876 789 3926 et
820 3872 1026 3928 botrus
1059 3871 1207 3929 tellis
1237 3872 1422 3938 vobis,
1454 3877 1513 3929 et
1537 3874 1697 3929 furor
1717 3874 1913 3930 draco-

253 3973 404 4013 num
433 3957 632 4015 viuum
660 3964 941 4031 vestrum,
1004 3961 1164 4017 furor
1213 3961 1485 4035 aspidum
1542 3962 1909 4019 insanabilis.

251 4046 406 4101 Nam
438 4047 487 4102 si
517 4047 692 4104 etiam
723 4049 977 4105 feceritis
999 4050 1256 4105 fructum
1288 4048 1589 4122 (quoniam
1619 4051 1916 4107 vindemia

248 4138 450 4191 vestra
473 4152 589 4192 non
610 4137 803 4193 solum
828 4140 901 4194 de
920 4139 1172 4194 Sodoma
1192 4143 1349 4195 444
1370 4143 1427 4195 et
1446 4140 1787 4213 Gemorrha,
1811 4141 1913 4197 sed

246 4224 326 4279 de
344 4225 586 4298 (Egypto
606 4243 842 4299 quoque
866 4232 954 4284 est
980 4232 1037 4283 et
1061 4228 1285 4284 caeteris
1326 4228 1582 4285 inimicis
1617 4229 1914 4303 gentibus)

249 4313 424 4369 dabit
449 4316 732 4371 Dominus
753 4317 1001 4390 aerugini
1022 4317 1283 4373 fructum
1301 4323 1584 4386 vestrum,
1608 4323 1665 4373 et
1684 4318 1916 4374 labores

254 4406 486 4459 vestros
506 4402 766 4476 locustis,
801 4410 859 4461 et
904 4405 1130 4461 occidet
1176 4405 1236 4460 in
1284 4406 1568 4478 grandine
1593 4406 1793 4462 vineas
1821 4422 1914 4461 ve-

2015 3266 2189 3318 nem;
2222 3248 2359 3321 quia
2388 3247 2615 3304 habitat
2644 3249 2703 3304 in
2741 3249 2981 3317 Sennan,
3042 3250 3197 3321 quod
3256 3250 3669 3322 interpretatus

2015 3344 2122 3405 est,
2157 3344 2224 3395 ut
2250 3355 2430 3410 supra
2460 3338 2736 3407 diximus,
2787 3339 3177 3410 Symmachus
3230 3340 3667 3403 abundantiam;

2015 3428 2192 3483 habet
2221 3427 2378 3483 enim
2408 3427 2661 3495 Patrem,
2692 3431 2749 3482 et
2789 3426 3021 3495 Filium,
3073 3432 3130 3483 et
3175 3427 3461 3498 Spiritum
3491 3445 3659 3484 sanc-

2015 3522 2165 3584 tum,
2185 3531 2318 3571 cum
2338 3515 2555 3586 quibus
2576 3531 2778 3571 omnes
2796 3513 3134 3587 spirituales
3150 3515 3349 3587 gratiae
3367 3515 3661 3588 copiisque
3736 3568 3741 3575 ι

2016 3605 2300 3661 virtutum
2332 3612 2492 3659 sunt.
2530 3603 2689 3658 Unde
2718 3603 2935 3658 dicitur
2967 3604 3039 3659 ad
3096 3619 3222 3659 eam
3244 3622 3262 3657 :
3318 3604 3441 3660 Fiat
3462 3620 3579 3677 pax
3600 3606 3664 3661 in

2017 3695 2222 3750 virtute
2242 3696 2358 3758 tua,
2381 3696 2433 3748 et
2452 3692 2801 3748 abunduntia
2822 3691 2882 3747 in
2905 3692 3158 3747 turribus
3179 3694 3290 3747 tuis
3309 3689 3481 3765 (Psal.
3509 3709 3661 3762 cxxu,

2016 3784 2097 3854 7).
2128 3781 2244 3837 Vos
2281 3797 2435 3849 vero,
2469 3781 2567 3852 qui
2614 3779 2890 3836 habitatis
2929 3780 3103 3851 juxta
3149 3781 3427 3847 Sennam,
3461 3782 3522 3838 id
3554 3785 3663 3853 est,

2012 3872 2184 3943 juxta
2213 3871 2609 3926 abundantem
2643 3868 2982 3936 Ecclesium,
3014 3885 3048 3925 ο
3076 3869 3353 3939 haeretici,
3384 3887 3417 3927 ο
3438 3874 3667 3928 contra-

2021 3960 2108 4017 ria
2135 3960 2432 4033 dogmata,
2491 3958 2750 4031 plangite
2803 3974 2927 4027 vos,
2989 3959 3086 4032 qui
3136 3958 3469 4017 aadificastis
3505 3960 3671 4017 vobis

2022 4050 2263 4105 domum
2286 4048 2345 4103 in
2373 4048 2654 4113 derisum,
2676 4052 2734 4104 et
2767 4048 3066 4121 pressistis
3109 4047 3365 4105 torcular
3385 4049 3442 4105 in
3466 4065 3670 4122 super-

2022 4138 2204 4209 biam,
2229 4153 2335 4193 nec
2355 4138 2414 4192 in
2439 4137 2779 4209 Scripturis,
2800 4137 2904 4193 sed
2921 4137 2981 4193 in
3001 4136 3216 4194 vicinia
3234 4138 3673 4212 Scripturarum

2024 4228 2266 4283 domum
2286 4230 2561 4298 vestram,
2575 4228 2698 4297 jam
2718 4242 2834 4282 non
2852 4226 2997 4294 risu,
3022 4227 3123 4282 sed
3145 4227 3386 4300 planctu
3408 4227 3672 4301 dignam,

2025 4319 2081 4372 et
2107 4315 2382 4388 lacrymis
2413 4314 2844 4371 construxistis.
2878 4314 3042 4371 Unde
3072 4316 3474 4388 subjungitur,
3509 4316 3674 4388 plan-

2025 4404 2142 4475 gite
2164 4404 2404 4459 domum
2426 4418 2554 4475 quae
2576 4408 2665 4459 est
2676 4404 2847 4475 juxta
2874 4421 3028 4474 eam,
3076 4405 3134 4459 id
3182 4408 3289 4475 est,
3331 4406 3505 4475 juxta
3532 4404 3676 4460 Sen-

251 4494 436 4558 stras,
469 4495 527 4547 et
556 4509 752 4550 moros
784 4497 1008 4550 vestros
1040 4495 1097 4549 in
1129 4494 1359 4567 pruina.
1395 4495 1521 4552 Non
1544 4511 1644 4550 vos
1666 4495 1919 4567 decipiat
1948 4520 1994 4585 D
2025 4493 2317 4585 namssed
2340 4492 2525 4585 ethoc
2547 4493 2703 4585 quod
2728 4492 3012 4585 additur,‘
3032 4494 3353 4585 accipietea:
3377 4492 3523 4548 vobis
3536 4492 3677 4585 pla-

246 4579 581 4637 similitudo
605 4583 748 4651 vini,
772 4600 878 4639 nec
899 4583 1108 4639 dicatis
1132 4600 1402 4639 amarum
1441 4583 1611 4639 dulce
1641 4601 1653 4638 :
1686 4588 1917 4656 gustato
1948 4579 1986 4585 ⁷
2023 4598 2151 4653 gam
2177 4580 2398 4649 doloris,
2433 4581 2505 4636 ad
2535 4581 2771 4637 eosdem
2819 4579 3118 4636 haereticos
3172 4579 3408 4649 dicitur,
3461 4581 3678 4652 quibus

250 4668 567 4741 diligenter
588 4671 791 4727 vinum
814 4676 1096 4740 vestrum,
1120 4676 1178 4728 et
1203 4672 1508 4728 invenietis
1531 4690 1634 4745 pro
1656 4673 1788 4729 vino
1818 4673 1918 4729 So-

250 4772 379 4824 rec,
406 4758 661 4816 furorem
688 4762 1007 4817 draconum
1034 4765 1089 4817 et
1122 4776 1406 4816 venenum
1430 4762 1724 4833 aspidum.
1758 4761 1918 4817 Unde

253 4845 442 4903 nolite
462 4849 787 4921 superbire,
814 4850 914 4906 sed
940 4850 1130 4923 magis
1154 4849 1552 4905 humiliamini
1572 4850 1682 4905 sub
1696 4850 1919 4922 potenti

260 4951 446 4991 manu
480 4938 729 5010 Domini,
762 4943 820 4995 et
850 4940 922 4994 ad
953 4939 1099 4995 illud
1129 4939 1374 4995 transite
1404 4937 1660 4993 torcular
1701 4938 1772 4994 de
1803 4955 1917 5009 quo

260 5026 588 5084 ascendens
618 5045 686 5084 ex
714 5029 920 5097 Edom,
964 5033 1021 5085 et
1050 5028 1415 5084 rubicundus
1470 5044 1539 5092 ex
1596 5028 1777 5083 Bosra
1810 5028 1916 5099 [Αἰ.

263 5114 494 5187 Bosor],
528 5115 790 5189 loquitur
819 5118 879 5174 in
913 5118 1062 5174 Isaia
1082 5116 1398 5190 prepheta:
1434 5117 1695 5173 Torcular
1712 5117 1924 5172 calcavi

254 5204 432 5270 solus,
461 5205 596 5262 etde
613 5209 868 5277 gentibus
890 5224 998 5264 non
1017 5212 1097 5264 est
1125 5207 1208 5262 vir
1230 5222 1459 5261 mecum.
1507 5206 1764 5262 Rursum
1783 5206 1924 5277 quia

331 5382 412 5455 (a)
444 5381 584 5439 Mss.
623 5384 1025 5453 Palat.tacent,
1045 5386 1162 5441 suis
1184 5400 1197 5439 :
1224 5401 1360 5440 mox
1380 5384 1452 5440 ad
1473 5383 1817 5455 Symmachi
1831 5385 1925 5455 in-

254 5451 741 5531 terpretationem
758 5457 925 5531 _Mapwﬁ
936 5451 1138 5531 supra
1158 5455 1387 5531 Μαρὲᾳει
1419 5451 1642 5529 legunt,
1661 5460 1731 5531 _et
1758 5451 1923 5531 caci,

258 5521 406 5599 λάῤ,
438 5542 543 5600 pro
575 5543 689 5602 quo
720 5521 989 5602 Martian.
1021 5521 1261 5602 ὂόολάμζ
1304 5521 1631 5600 Βωρθῖνθιιο
1660 5525 1830 5602 levia,
1862 5528 1920 5587 id

256 5599 455 5677 genus
484 5600 702 5657 menda
726 5599 889 5658 taciti
916 5601 1296 5675 castigamus.

600 5726 865 5795 Pauor...
909 5727 1106 5795 XXV.

2026 4671 2349 4742 imperatur
2374 4673 2439 4725 ut
2467 4668 2749 4742 plangant
2786 4669 3029 4725 domum
3080 4669 3332 4725 vicinam
3389 4668 3675 4742 Ecclesiae,

2027 4759 2182 4831 quod
2212 4757 2493 4813 inimicus
2524 4761 2581 4812 et
2611 4756 2764 4812 ultor
2792 4756 3083 4826 diabolus,
3118 4757 3210 4814 cui
3242 4757 3515 4815 tradendi
3541 4762 3681 4814 sunt

2026 4848 2088 4903 in
2112 4845 2491 4919 supplicium,
2515 4846 2641 4918 ipse
2662 4845 2746 4902 eis
2767 4844 2979 4903 inferat
3000 4846 3222 4920 plagas,
3258 4850 3315 4903 et
3343 4850 3683 4919 extorqueat

2028 4953 2133 5009 pro
2163 4935 2545 4991 aediﬁcatione
2573 4935 2832 5006 pessima
2878 4935 3186 5009 plagarum
3231 4934 3514 4993 dolorem.
3547 4938 3680 5002 Quae

2030 5028 2335 5098 propterea
2364 5024 2716 5091 inferuntur,
2750 5029 2816 5078 ut
2845 5025 3161 5081 sentientes
3192 5029 3431 5099 peccata
3447 5042 3575 5098 qus:
3603 5025 3684 5081 te-

2030 5116 2247 5181 cerant,
2271 5117 2448 5185 agant
2469 5112 2890 5184 paenitentiam,
2916 5118 2972 5169 et
2999 5114 3270 5171 dolorum
3292 5114 3578 5172 habitatio
3602 5113 3687 5170 sit

2030 5204 2114 5259 eis
2135 5204 2421 5259 bonorum
2442 5200 2689 5258 occasio.
2715 5202 2847 5259 Sive
2868 5202 3135 5260 Ecclesia
3174 5204 3473 5261 indicatur
3496 5202 3688 5276 dolor,

2102 5382 2177 5455 (b)
2206 5381 2416 5455 Confer
2446 5380 2686 5455 Librum
2714 5380 2786 5455 d_e
2806 5381 2931 5436 Situ
2953 5385 3011 5437 et
3034 5382 3371 5455 nominibus
3396 5384 3684 5441 Locorum

2029 5451 2325 5511 ad‘vocem
2357 5452 2603 5524 Inachim
2631 5452 2703 5507 de
2735 5451 3068 5524 Regnorum
3097 5454 3282 5510 libris.

2029 5526 2168 5659 w(c)
2197 5524 2360 5655 Etnus
2389 5522 2661 5597 Palatin.,
2693 5522 2958 5581 Ecclésias
2981 5526 3261 5599 possidens
3286 5525 3536 5588 Christus
3564 5528 3695 5587 uni-

2109 5612 2161 5668 θ,
2256 5612 2310 5657 ο.

3291 5728 3373 5813 31
