  <div class='ocr_page' id='page_1' title='image "/cluster/home/n/w/nwhite01/storage/ocr_20150623/25/hvd.32044096580493/587.png"; bbox 0 0 4008 6184; ppageno 0'>
   <div class='ocr_carea' id='block_1_1' title="bbox 425 261 581 326">
    <p class='ocr_par' dir='ltr' id='par_1_1' title="bbox 425 261 581 326">
     <span class='ocr_line' id='line_1_1' title="bbox 425 261 581 326; baseline 0.026 -4"><span class='ocrx_word' id='word_1_1' title='bbox 425 261 581 326; x_wconf 71' lang='grc'><strong>1163</strong></span> 
     </span>
    </p>
   </div>
   <div class='ocr_carea' id='block_1_2' title="bbox 1674 259 2582 326">
    <p class='ocr_par' dir='ltr' id='par_1_2' title="bbox 1674 259 2582 326">
     <span class='ocr_line' id='line_1_2' title="bbox 1674 259 2582 326; baseline -0.002 -2"><span class='ocrx_word' id='word_1_2' title='bbox 1674 263 1740 324; x_wconf 93' lang='lat' dir='ltr'>S.</span> <span class='ocrx_word' id='word_1_3' title='bbox 1783 259 2096 326; x_wconf 88' lang='lat' dir='ltr'>EUSEBII</span> <span class='ocrx_word' id='word_1_4' title='bbox 2139 260 2582 323; x_wconf 81' lang='lat' dir='ltr'>HIERONYMI</span> 
     </span>
    </p>
   </div>
   <div class='ocr_carea' id='block_1_3' title="bbox 3592 265 3698 328">
    <p class='ocr_par' dir='ltr' id='par_1_3' title="bbox 3592 265 3698 328">
     <span class='ocr_line' id='line_1_3' title="bbox 3592 265 3698 328; baseline 0.057 -6"><span class='ocrx_word' id='word_1_5' title='bbox 3592 265 3698 328; x_wconf 72' lang='grc'>1164</span> 
     </span>
    </p>
   </div>
   <div class='ocr_carea' id='block_1_4' title="bbox 428 389 3704 468">
    <p class='ocr_par' dir='ltr' id='par_1_4' title="bbox 428 389 3704 468">
     <span class='ocr_line' id='line_1_4' title="bbox 428 389 3704 468; baseline 0.001 -18"><span class='ocrx_word' id='word_1_6' title='bbox 428 397 579 468; x_wconf 90' lang='lat' dir='ltr'>quod</span> <span class='ocrx_word' id='word_1_7' title='bbox 606 395 844 466; x_wconf 82' lang='lat' dir='ltr'>plangat</span> <span class='ocrx_word' id='word_1_8' title='bbox 864 393 1160 464; x_wconf 87' lang='lat' dir='ltr'>quondam</span> <span class='ocrx_word' id='word_1_9' title='bbox 1182 392 1335 449; x_wconf 86' lang='lat' dir='ltr'>ﬁlios</span> <span class='ocrx_word' id='word_1_10' title='bbox 1357 409 1518 460; x_wconf 91' lang='lat' dir='ltr'>suos,</span> <span class='ocrx_word' id='word_1_11' title='bbox 1554 397 1610 450; x_wconf 90' lang='lat' dir='ltr'>et</span> <span class='ocrx_word' id='word_1_12' title='bbox 1646 394 1775 466; x_wconf 79' lang='lat' dir='ltr'>ipsa</span> <span class='ocrx_word' id='word_1_13' title='bbox 1798 397 1868 449; x_wconf 83' lang='lat' dir='ltr'>sit</span> <span class='ocrx_word' id='word_1_14' title='bbox 1901 414 2071 450; x_wconf 77' lang='lat' dir='ltr'>causa</span> <span class='ocrx_word' id='word_1_15' title='bbox 2111 399 2152 460; x_wconf 70' lang='grc' dir='ltr'><strong>Α</strong></span> <span class='ocrx_word' id='word_1_16' title='bbox 2193 397 2424 458; x_wconf 72' lang='lat' dir='ltr'>(lamus,</span> <span class='ocrx_word' id='word_1_17' title='bbox 2453 395 2505 448; x_wconf 89' lang='lat' dir='ltr'>in</span> <span class='ocrx_word' id='word_1_18' title='bbox 2535 409 2744 449; x_wconf 78' lang='lat' dir='ltr'>vanum</span> <span class='ocrx_word' id='word_1_19' title='bbox 2767 392 2927 448; x_wconf 61' lang='lat' dir='ltr'>facta</span> <span class='ocrx_word' id='word_1_20' title='bbox 2951 394 3087 447; x_wconf 89' lang='lat' dir='ltr'>sunt</span> <span class='ocrx_word' id='word_1_21' title='bbox 3102 406 3158 446; x_wconf 91' lang='lat' dir='ltr'>1n</span> <span class='ocrx_word' id='word_1_22' title='bbox 3175 389 3390 462; x_wconf 87' lang='lat' dir='ltr'>regibus</span> <span class='ocrx_word' id='word_1_23' title='bbox 3406 391 3571 448; x_wconf 86' lang='lat' dir='ltr'>Israel.</span> <span class='ocrx_word' id='word_1_24' title='bbox 3589 395 3704 461; x_wconf 85' lang='lat' dir='ltr'>Quan</span> 
     </span>
    </p>
   </div>
   <div class='ocr_carea' id='block_1_5' title="bbox 428 481 2073 554">
    <p class='ocr_par' dir='ltr' id='par_1_5' title="bbox 428 481 2073 554">
     <span class='ocr_line' id='line_1_5' title="bbox 428 481 2073 554; baseline -0.001 -15"><span class='ocrx_word' id='word_1_25' title='bbox 428 485 636 540; x_wconf 86' lang='lat' dir='ltr'>salutis</span> <span class='ocrx_word' id='word_1_26' title='bbox 657 482 1081 548; x_wconf 64' lang='lat' dir='ltr'>hereticorum,</span> <span class='ocrx_word' id='word_1_27' title='bbox 1105 481 1156 537; x_wconf 90' lang='lat' dir='ltr'>si</span> <span class='ocrx_word' id='word_1_28' title='bbox 1177 482 1250 537; x_wconf 92' lang='lat' dir='ltr'>ad</span> <span class='ocrx_word' id='word_1_29' title='bbox 1273 481 1568 554; x_wconf 87' lang='lat' dir='ltr'>lugentem</span> <span class='ocrx_word' id='word_1_30' title='bbox 1598 490 1839 538; x_wconf 84' lang='lat' dir='ltr'>matrem</span> <span class='ocrx_word' id='word_1_31' title='bbox 1872 486 2073 538; x_wconf 76' lang='lat' dir='ltr'>reverti</span> 
     </span>
    </p>
   </div>
   <div class='ocr_carea' id='block_1_6' title="bbox 429 570 2081 642">
    <p class='ocr_par' dir='ltr' id='par_1_6' title="bbox 429 570 2081 642">
     <span class='ocr_line' id='line_1_6' title="bbox 429 570 2081 642; baseline 0 -14"><span class='ocrx_word' id='word_1_32' title='bbox 429 572 734 628; x_wconf 87' lang='lat' dir='ltr'>voluerint.</span> <span class='ocrx_word' id='word_1_33' title='bbox 767 571 941 627; x_wconf 87' lang='lat' dir='ltr'>Porro</span> <span class='ocrx_word' id='word_1_34' title='bbox 973 570 1129 642; x_wconf 93' lang='lat' dir='ltr'>quod</span> <span class='ocrx_word' id='word_1_35' title='bbox 1160 571 1445 626; x_wconf 79' lang='lat' dir='ltr'>infertur:</span> <span class='ocrx_word' id='word_1_36' title='bbox 1497 573 1648 640; x_wconf 75' lang='lat' dir='ltr'>Quia.</span> <span class='ocrx_word' id='word_1_37' title='bbox 1695 574 2081 629; x_wconf 80' lang='lat' dir='ltr'>descenderunt</span> 
     </span>
    </p>
   </div>
   <div class='ocr_carea' id='block_1_7' title="bbox 428 659 2084 731">
    <p class='ocr_par' dir='ltr' id='par_1_7' title="bbox 428 659 2084 731">
     <span class='ocr_line' id='line_1_7' title="bbox 428 659 2084 731; baseline -0.001 -15"><span class='ocrx_word' id='word_1_38' title='bbox 428 659 583 716; x_wconf 87' lang='lat' dir='ltr'>mala</span> <span class='ocrx_word' id='word_1_39' title='bbox 608 676 642 715; x_wconf 92' lang='lat' dir='ltr'>a</span> <span class='ocrx_word' id='word_1_40' title='bbox 665 660 896 715; x_wconf 81' lang='lat' dir='ltr'>Domino</span> <span class='ocrx_word' id='word_1_41' title='bbox 939 675 1104 731; x_wconf 84' lang='lat' dir='ltr'>super</span> <span class='ocrx_word' id='word_1_42' title='bbox 1144 665 1333 731; x_wconf 87' lang='lat' dir='ltr'>portas</span> <span class='ocrx_word' id='word_1_43' title='bbox 1385 662 1728 716; x_wconf 81' lang='lat' dir='ltr'>Jerusalem:</span> <span class='ocrx_word' id='word_1_44' title='bbox 1759 666 1815 716; x_wconf 89' lang='lat' dir='ltr'>et</span> <span class='ocrx_word' id='word_1_45' title='bbox 1843 662 2084 718; x_wconf 86' lang='lat' dir='ltr'>Marcio-</span> 
     </span>
    </p>
   </div>
   <div class='ocr_carea' id='block_1_8' title="bbox 431 747 2082 821">
    <p class='ocr_par' dir='ltr' id='par_1_8' title="bbox 431 747 2082 821">
     <span class='ocr_line' id='line_1_8' title="bbox 431 747 2082 821; baseline 0.001 -17"><span class='ocrx_word' id='word_1_46' title='bbox 431 748 565 805; x_wconf 72' lang='lat' dir='ltr'>nita:</span> <span class='ocrx_word' id='word_1_47' title='bbox 587 764 653 804; x_wconf 89' lang='lat' dir='ltr'>ac</span> <span class='ocrx_word' id='word_1_48' title='bbox 671 747 971 804; x_wconf 71' lang='lat' dir='ltr'>Manicheai</span> <span class='ocrx_word' id='word_1_49' title='bbox 993 753 1240 805; x_wconf 88' lang='lat' dir='ltr'>utuntur</span> <span class='ocrx_word' id='word_1_50' title='bbox 1260 748 1370 805; x_wconf 93' lang='lat' dir='ltr'>hoc</span> <span class='ocrx_word' id='word_1_51' title='bbox 1397 750 1635 821; x_wconf 91' lang='lat' dir='ltr'>scripto,</span> <span class='ocrx_word' id='word_1_52' title='bbox 1683 767 1749 806; x_wconf 92' lang='lat' dir='ltr'>eo</span> <span class='ocrx_word' id='word_1_53' title='bbox 1799 751 1965 821; x_wconf 82' lang='lat' dir='ltr'>quod</span> <span class='ocrx_word' id='word_1_54' title='bbox 1978 751 2082 805; x_wconf 87' lang='lat' dir='ltr'>Le-</span> 
     </span>
    </p>
   </div>
   <div class='ocr_carea' id='block_1_9' title="bbox 429 835 2086 910">
    <p class='ocr_par' dir='ltr' id='par_1_9' title="bbox 429 835 2086 910">
     <span class='ocr_line' id='line_1_9' title="bbox 429 835 2086 910; baseline 0 -16"><span class='ocrx_word' id='word_1_55' title='bbox 429 836 520 910; x_wconf 84' lang='lat' dir='ltr'>gis</span> <span class='ocrx_word' id='word_1_56' title='bbox 549 841 703 892; x_wconf 91' lang='lat' dir='ltr'>Deus</span> <span class='ocrx_word' id='word_1_57' title='bbox 730 835 1020 893; x_wconf 91' lang='lat' dir='ltr'>malorum</span> <span class='ocrx_word' id='word_1_58' title='bbox 1052 837 1130 893; x_wconf 89' lang='lat' dir='ltr'>sit</span> <span class='ocrx_word' id='word_1_59' title='bbox 1149 838 1436 894; x_wconf 90' lang='lat' dir='ltr'>conditor.</span> <span class='ocrx_word' id='word_1_60' title='bbox 1462 838 1554 894; x_wconf 87' lang='lat' dir='ltr'>Sic</span> <span class='ocrx_word' id='word_1_61' title='bbox 1586 837 1854 894; x_wconf 82' lang='lat' dir='ltr'>dicamus</span> <span class='ocrx_word' id='word_1_62' title='bbox 1879 838 2032 894; x_wconf 90' lang='lat' dir='ltr'>mala</span> <span class='ocrx_word' id='word_1_63' title='bbox 2052 855 2086 894; x_wconf 89' lang='lat' dir='ltr'>a</span> 
     </span>
    </p>
   </div>
   <div class='ocr_carea' id='block_1_10' title="bbox 429 925 2086 999">
    <p class='ocr_par' dir='ltr' id='par_1_10' title="bbox 429 925 2086 999">
     <span class='ocr_line' id='line_1_10' title="bbox 429 925 2086 999; baseline 0 -17"><span class='ocrx_word' id='word_1_64' title='bbox 429 925 678 982; x_wconf 92' lang='lat' dir='ltr'>Domino</span> <span class='ocrx_word' id='word_1_65' title='bbox 700 925 1092 996; x_wconf 84' lang='lat' dir='ltr'>descendisse,</span> <span class='ocrx_word' id='word_1_66' title='bbox 1115 928 1406 998; x_wconf 90' lang='lat' dir='ltr'>quomodo</span> <span class='ocrx_word' id='word_1_67' title='bbox 1446 931 1502 982; x_wconf 90' lang='lat' dir='ltr'>et</span> <span class='ocrx_word' id='word_1_68' title='bbox 1531 927 1795 983; x_wconf 81' lang='lat' dir='ltr'>Salvator</span> <span class='ocrx_word' id='word_1_69' title='bbox 1825 927 2086 999; x_wconf 78' lang='lat' dir='ltr'>loquitur</span> 
     </span>
    </p>
   </div>
   <div class='ocr_carea' id='block_1_11' title="bbox 431 1014 2084 1088">
    <p class='ocr_par' dir='ltr' id='par_1_11' title="bbox 431 1014 2084 1088">
     <span class='ocr_line' id='line_1_11' title="bbox 431 1014 2084 1088; baseline 0.001 -18"><span class='ocrx_word' id='word_1_70' title='bbox 431 1016 494 1072; x_wconf 91' lang='lat' dir='ltr'>in</span> <span class='ocrx_word' id='word_1_71' title='bbox 523 1015 834 1088; x_wconf 90' lang='lat' dir='ltr'>Evangelio</span> <span class='ocrx_word' id='word_1_72' title='bbox 863 1033 876 1084; x_wconf 94' lang='lat'><strong>;</strong></span> <span class='ocrx_word' id='word_1_73' title='bbox 908 1014 1168 1071; x_wconf 77' lang='lat' dir='ltr'>Videbam</span> <span class='ocrx_word' id='word_1_74' title='bbox 1186 1020 1455 1072; x_wconf 83' lang='lat' dir='ltr'>Satanam</span> <span class='ocrx_word' id='word_1_75' title='bbox 1479 1019 1638 1086; x_wconf 85' lang='lat' dir='ltr'>quasi</span> <span class='ocrx_word' id='word_1_76' title='bbox 1655 1018 1848 1087; x_wconf 80' lang='lat' dir='ltr'>fulgur</span> <span class='ocrx_word' id='word_1_77' title='bbox 1865 1017 1933 1070; x_wconf 91' lang='lat' dir='ltr'>de</span> <span class='ocrx_word' id='word_1_78' title='bbox 1955 1016 2084 1072; x_wconf 74' lang='lat' dir='ltr'>caelo</span> 
     </span>
    </p>
   </div>
   <div class='ocr_carea' id='block_1_12' title="bbox 431 1104 2085 1174">
    <p class='ocr_par' dir='ltr' id='par_1_12' title="bbox 431 1104 2085 1174">
     <span class='ocr_line' id='line_1_12' title="bbox 431 1104 2085 1174; baseline -0.001 -14"><span class='ocrx_word' id='word_1_79' title='bbox 431 1105 718 1161; x_wconf 72' lang='lat' dir='ltr'>cadentem</span> <span class='ocrx_word' id='word_1_80' title='bbox 746 1108 899 1173; x_wconf 85' lang='lat' dir='ltr'>(Luc.</span> <span class='ocrx_word' id='word_1_81' title='bbox 933 1122 987 1171; x_wconf 90' lang='lat' dir='ltr'>x,</span> <span class='ocrx_word' id='word_1_82' title='bbox 1023 1105 1132 1174; x_wconf 91' lang='grc'>18).</span> <span class='ocrx_word' id='word_1_83' title='bbox 1175 1105 1476 1168; x_wconf 88' lang='lat' dir='ltr'>Quomodo</span> <span class='ocrx_word' id='word_1_84' title='bbox 1533 1105 1691 1160; x_wconf 91' lang='lat' dir='ltr'>enim</span> <span class='ocrx_word' id='word_1_85' title='bbox 1742 1105 1823 1160; x_wconf 88' lang='lat' dir='ltr'>ibi</span> <span class='ocrx_word' id='word_1_86' title='bbox 1856 1104 2085 1172; x_wconf 83' lang='lat' dir='ltr'>cecidit,</span> 
     </span>
    </p>
   </div>
   <div class='ocr_carea' id='block_1_13' title="bbox 434 1191 2089 1265">
    <p class='ocr_par' dir='ltr' id='par_1_13' title="bbox 434 1191 2089 1265">
     <span class='ocr_line' id='line_1_13' title="bbox 434 1191 2089 1265; baseline 0 -17"><span class='ocrx_word' id='word_1_87' title='bbox 434 1193 506 1248; x_wconf 91' lang='lat' dir='ltr'>de</span> <span class='ocrx_word' id='word_1_88' title='bbox 533 1191 675 1248; x_wconf 83' lang='lat' dir='ltr'>ccelo</span> <span class='ocrx_word' id='word_1_89' title='bbox 706 1192 930 1260; x_wconf 87' lang='lat' dir='ltr'>lucifer,</span> <span class='ocrx_word' id='word_1_90' title='bbox 962 1193 1063 1263; x_wconf 88' lang='lat' dir='ltr'>qui</span> <span class='ocrx_word' id='word_1_91' title='bbox 1097 1209 1268 1249; x_wconf 89' lang='lat' dir='ltr'>mane</span> <span class='ocrx_word' id='word_1_92' title='bbox 1324 1193 1621 1249; x_wconf 85' lang='lat' dir='ltr'>oriebatur</span> <span class='ocrx_word' id='word_1_93' title='bbox 1678 1195 1829 1265; x_wconf 89' lang='lat' dir='ltr'>(lsai.</span> <span class='ocrx_word' id='word_1_94' title='bbox 1860 1194 2001 1264; x_wconf 84' lang='lat' dir='ltr'>xw),</span> <span class='ocrx_word' id='word_1_95' title='bbox 2033 1197 2089 1248; x_wconf 91' lang='lat' dir='ltr'>et</span> 
     </span>
    </p>
   </div>
   <div class='ocr_carea' id='block_1_14' title="bbox 434 1281 2088 1353">
    <p class='ocr_par' dir='ltr' id='par_1_14' title="bbox 434 1281 2088 1353">
     <span class='ocr_line' id='line_1_14' title="bbox 434 1281 2088 1353; baseline 0.001 -17"><span class='ocrx_word' id='word_1_96' title='bbox 434 1281 721 1338; x_wconf 86' lang='lat' dir='ltr'>contritus</span> <span class='ocrx_word' id='word_1_97' title='bbox 743 1285 832 1337; x_wconf 90' lang='lat' dir='ltr'>est</span> <span class='ocrx_word' id='word_1_98' title='bbox 852 1296 1029 1353; x_wconf 87' lang='lat' dir='ltr'>super</span> <span class='ocrx_word' id='word_1_99' title='bbox 1051 1285 1286 1351; x_wconf 90' lang='lat' dir='ltr'>terram,</span> <span class='ocrx_word' id='word_1_100' title='bbox 1315 1282 1414 1352; x_wconf 93' lang='lat' dir='ltr'>qui</span> <span class='ocrx_word' id='word_1_101' title='bbox 1457 1282 1726 1338; x_wconf 83' lang='lat' dir='ltr'>mittebat</span> <span class='ocrx_word' id='word_1_102' title='bbox 1759 1283 1866 1351; x_wconf 73' lang='lat' dir='ltr'>[AL</span> <span class='ocrx_word' id='word_1_103' title='bbox 1900 1283 2088 1338; x_wconf 88' lang='lat' dir='ltr'>mitte-</span> 
     </span>
    </p>
   </div>
   <div class='ocr_carea' id='block_1_15' title="bbox 435 1368 2087 1442">
    <p class='ocr_par' dir='ltr' id='par_1_15' title="bbox 435 1368 2087 1442">
     <span class='ocr_line' id='line_1_15' title="bbox 435 1368 2087 1442; baseline 0.001 -17"><span class='ocrx_word' id='word_1_104' title='bbox 435 1370 627 1441; x_wconf 71' lang='lat' dir='ltr'>batur]</span> <span class='ocrx_word' id='word_1_105' title='bbox 663 1370 734 1426; x_wconf 88' lang='lat' dir='ltr'>ad</span> <span class='ocrx_word' id='word_1_106' title='bbox 766 1373 966 1442; x_wconf 84' lang='lat' dir='ltr'>gentes</span> <span class='ocrx_word' id='word_1_107' title='bbox 993 1386 1005 1423; x_wconf 90' lang='lat'><strong>:</strong></span> <span class='ocrx_word' id='word_1_108' title='bbox 1039 1368 1122 1425; x_wconf 91' lang='lat' dir='ltr'>sic</span> <span class='ocrx_word' id='word_1_109' title='bbox 1148 1375 1206 1425; x_wconf 91' lang='lat' dir='ltr'>et</span> <span class='ocrx_word' id='word_1_110' title='bbox 1254 1370 1376 1426; x_wconf 77' lang='lat' dir='ltr'>haec</span> <span class='ocrx_word' id='word_1_111' title='bbox 1409 1369 1564 1426; x_wconf 89' lang='lat' dir='ltr'>mala</span> <span class='ocrx_word' id='word_1_112' title='bbox 1593 1387 1722 1442; x_wconf 85' lang='lat' dir='ltr'>quae</span> <span class='ocrx_word' id='word_1_113' title='bbox 1781 1388 1814 1426; x_wconf 90' lang='lat' dir='ltr'>a</span> <span class='ocrx_word' id='word_1_114' title='bbox 1841 1371 2087 1427; x_wconf 90' lang='lat' dir='ltr'>Domino</span> 
     </span>
    </p>
   </div>
   <div class='ocr_carea' id='block_1_16' title="bbox 436 1458 2085 1531">
    <p class='ocr_par' dir='ltr' id='par_1_16' title="bbox 436 1458 2085 1531">
     <span class='ocr_line' id='line_1_16' title="bbox 436 1458 2085 1531; baseline 0.001 -17"><span class='ocrx_word' id='word_1_115' title='bbox 436 1458 792 1528; x_wconf 88' lang='lat' dir='ltr'>ceciderunt,</span> <span class='ocrx_word' id='word_1_116' title='bbox 820 1463 878 1512; x_wconf 90' lang='lat' dir='ltr'>et</span> <span class='ocrx_word' id='word_1_117' title='bbox 903 1463 1188 1514; x_wconf 88' lang='lat' dir='ltr'>venerunt</span> <span class='ocrx_word' id='word_1_118' title='bbox 1217 1459 1287 1513; x_wconf 93' lang='lat' dir='ltr'>ad</span> <span class='ocrx_word' id='word_1_119' title='bbox 1321 1465 1516 1531; x_wconf 89' lang='lat' dir='ltr'>portas</span> <span class='ocrx_word' id='word_1_120' title='bbox 1549 1460 1897 1526; x_wconf 86' lang='lat' dir='ltr'>Jerusalem,</span> <span class='ocrx_word' id='word_1_121' title='bbox 1924 1464 2085 1516; x_wconf 89' lang='lat' dir='ltr'>ante-</span> 
     </span>
    </p>
   </div>
   <div class='ocr_carea' id='block_1_17' title="bbox 437 1548 2090 1620">
    <p class='ocr_par' dir='ltr' id='par_1_17' title="bbox 437 1548 2090 1620">
     <span class='ocr_line' id='line_1_17' title="bbox 437 1548 2090 1620; baseline 0.002 -19"><span class='ocrx_word' id='word_1_122' title='bbox 437 1562 613 1618; x_wconf 84' lang='lat' dir='ltr'>quam</span> <span class='ocrx_word' id='word_1_123' title='bbox 636 1548 908 1604; x_wconf 84' lang='lat' dir='ltr'>caderent</span> <span class='ocrx_word' id='word_1_124' title='bbox 927 1563 1041 1602; x_wconf 91' lang='lat' dir='ltr'>non</span> <span class='ocrx_word' id='word_1_125' title='bbox 1065 1553 1230 1604; x_wconf 90' lang='lat' dir='ltr'>erant</span> <span class='ocrx_word' id='word_1_126' title='bbox 1253 1548 1443 1615; x_wconf 88' lang='lat' dir='ltr'>mala;</span> <span class='ocrx_word' id='word_1_127' title='bbox 1482 1550 1583 1604; x_wconf 87' lang='lat' dir='ltr'>sed</span> <span class='ocrx_word' id='word_1_128' title='bbox 1625 1549 1763 1620; x_wconf 85' lang='lat' dir='ltr'>quia</span> <span class='ocrx_word' id='word_1_129' title='bbox 1792 1566 1826 1605; x_wconf 89' lang='lat' dir='ltr'>a</span> <span class='ocrx_word' id='word_1_130' title='bbox 1850 1549 2090 1605; x_wconf 90' lang='lat' dir='ltr'>Domino</span> 
     </span>
    </p>
   </div>
   <div class='ocr_carea' id='block_1_18' title="bbox 436 1635 2091 1705">
    <p class='ocr_par' dir='ltr' id='par_1_18' title="bbox 436 1635 2091 1705">
     <span class='ocr_line' id='line_1_18' title="bbox 436 1635 2091 1705; baseline 0.001 -15"><span class='ocrx_word' id='word_1_131' title='bbox 436 1639 802 1705; x_wconf 88' lang='lat' dir='ltr'>corruerunt,</span> <span class='ocrx_word' id='word_1_132' title='bbox 831 1635 1047 1690; x_wconf 91' lang='lat' dir='ltr'>idcirco</span> <span class='ocrx_word' id='word_1_133' title='bbox 1082 1637 1231 1691; x_wconf 88' lang='lat' dir='ltr'>facta</span> <span class='ocrx_word' id='word_1_134' title='bbox 1266 1642 1405 1691; x_wconf 89' lang='lat' dir='ltr'>sunt</span> <span class='ocrx_word' id='word_1_135' title='bbox 1427 1635 1600 1692; x_wconf 89' lang='lat' dir='ltr'>mala.</span> <span class='ocrx_word' id='word_1_136' title='bbox 1653 1638 1720 1692; x_wconf 89' lang='lat' dir='ltr'>Et</span> <span class='ocrx_word' id='word_1_137' title='bbox 1743 1641 1806 1692; x_wconf 91' lang='lat' dir='ltr'>ut</span> <span class='ocrx_word' id='word_1_138' title='bbox 1833 1637 2091 1693; x_wconf 88' lang='lat' dir='ltr'>sciamus</span> 
     </span>
    </p>
   </div>
   <div class='ocr_carea' id='block_1_19' title="bbox 439 1722 2168 1826">
    <p class='ocr_par' dir='ltr' id='par_1_19' title="bbox 439 1722 2168 1826">
     <span class='ocr_line' id='line_1_19' title="bbox 439 1722 2168 1826; baseline 0.002 -48"><span class='ocrx_word' id='word_1_139' title='bbox 439 1722 730 1779; x_wconf 89' lang='lat' dir='ltr'>malorum</span> <span class='ocrx_word' id='word_1_140' title='bbox 761 1723 1005 1779; x_wconf 88' lang='lat' dir='ltr'>insidias</span> <span class='ocrx_word' id='word_1_141' title='bbox 1031 1741 1043 1779; x_wconf 92' lang='lat'><strong>:</strong></span> <span class='ocrx_word' id='word_1_142' title='bbox 1065 1733 1356 1792; x_wconf 80' lang='lat' dir='ltr'>venerunt,</span> <span class='ocrx_word' id='word_1_143' title='bbox 1384 1724 1596 1796; x_wconf 82' lang='lat' dir='ltr'>inquit,</span> <span class='ocrx_word' id='word_1_144' title='bbox 1629 1726 1700 1780; x_wconf 90' lang='lat' dir='ltr'>ad</span> <span class='ocrx_word' id='word_1_145' title='bbox 1724 1730 1912 1798; x_wconf 83' lang='lat' dir='ltr'>portas</span> <span class='ocrx_word' id='word_1_146' title='bbox 1939 1729 2092 1783; x_wconf 85' lang='lat' dir='ltr'>Jeru-</span> <span class='ocrx_word' id='word_1_147' title='bbox 2121 1762 2168 1826; x_wconf 84' lang='lat' dir='ltr'><strong>B</strong></span> 
     </span>
    </p>
   </div>
   <div class='ocr_carea' id='block_1_20' title="bbox 437 1812 2086 1883">
    <p class='ocr_par' dir='ltr' id='par_1_20' title="bbox 437 1812 2086 1883">
     <span class='ocr_line' id='line_1_20' title="bbox 437 1812 2086 1883; baseline 0.002 -16"><span class='ocrx_word' id='word_1_148' title='bbox 437 1813 630 1879; x_wconf 85' lang='lat' dir='ltr'>salem,</span> <span class='ocrx_word' id='word_1_149' title='bbox 664 1829 790 1883; x_wconf 70' lang='lat' dir='ltr'>quae</span> <span class='ocrx_word' id='word_1_150' title='bbox 822 1812 963 1883; x_wconf 87' lang='lat' dir='ltr'>quia</span> <span class='ocrx_word' id='word_1_151' title='bbox 992 1813 1173 1868; x_wconf 69' lang='lat' dir='ltr'>ﬁrmae</span> <span class='ocrx_word' id='word_1_152' title='bbox 1204 1817 1362 1881; x_wconf 88' lang='lat' dir='ltr'>sunt,</span> <span class='ocrx_word' id='word_1_153' title='bbox 1395 1817 1454 1868; x_wconf 89' lang='lat' dir='ltr'>et</span> <span class='ocrx_word' id='word_1_154' title='bbox 1484 1814 1894 1882; x_wconf 65' lang='lat' dir='ltr'>adamantinae,</span> <span class='ocrx_word' id='word_1_155' title='bbox 1929 1814 2086 1870; x_wconf 91' lang='lat' dir='ltr'>clau-</span> 
     </span>
    </p>
   </div>
   <div class='ocr_carea' id='block_1_21' title="bbox 441 1900 2090 1972">
    <p class='ocr_par' dir='ltr' id='par_1_21' title="bbox 441 1900 2090 1972">
     <span class='ocr_line' id='line_1_21' title="bbox 441 1900 2090 1972; baseline 0.001 -16"><span class='ocrx_word' id='word_1_156' title='bbox 441 1901 660 1956; x_wconf 89' lang='lat' dir='ltr'>duntur</span> <span class='ocrx_word' id='word_1_157' title='bbox 689 1900 760 1955; x_wconf 91' lang='lat' dir='ltr'>ab</span> <span class='ocrx_word' id='word_1_158' title='bbox 791 1900 1090 1972; x_wconf 83' lang='lat' dir='ltr'>apostolis,</span> <span class='ocrx_word' id='word_1_159' title='bbox 1123 1902 1339 1971; x_wconf 86' lang='lat' dir='ltr'>quibus</span> <span class='ocrx_word' id='word_1_160' title='bbox 1369 1901 1694 1958; x_wconf 86' lang='lat' dir='ltr'>Jerusalem</span> <span class='ocrx_word' id='word_1_161' title='bbox 1720 1902 1908 1958; x_wconf 90' lang='lat' dir='ltr'>claves</span> <span class='ocrx_word' id='word_1_162' title='bbox 1933 1920 2090 1958; x_wconf 84' lang='lat' dir='ltr'>com-</span> 
     </span>
    </p>
   </div>
   <div class='ocr_carea' id='block_1_22' title="bbox 441 1990 2093 2057">
    <p class='ocr_par' dir='ltr' id='par_1_22' title="bbox 441 1990 2093 2057">
     <span class='ocr_line' id='line_1_22' title="bbox 441 1990 2093 2057; baseline 0 -12"><span class='ocrx_word' id='word_1_163' title='bbox 441 1990 635 2045; x_wconf 70' lang='lat' dir='ltr'>missae</span> <span class='ocrx_word' id='word_1_164' title='bbox 669 1993 844 2045; x_wconf 88' lang='lat' dir='ltr'>sunt:</span> <span class='ocrx_word' id='word_1_165' title='bbox 879 1992 1012 2044; x_wconf 87' lang='lat' dir='ltr'>ante</span> <span class='ocrx_word' id='word_1_166' title='bbox 1053 2005 1152 2044; x_wconf 87' lang='lat' dir='ltr'>eas</span> <span class='ocrx_word' id='word_1_167' title='bbox 1201 1995 1507 2045; x_wconf 88' lang='lat' dir='ltr'>versantur</span> <span class='ocrx_word' id='word_1_168' title='bbox 1553 1990 1797 2057; x_wconf 88' lang='lat' dir='ltr'>inimici,</span> <span class='ocrx_word' id='word_1_169' title='bbox 1851 1992 2005 2046; x_wconf 77' lang='lat'>440</span> <span class='ocrx_word' id='word_1_170' title='bbox 2037 1995 2093 2045; x_wconf 88' lang='lat' dir='ltr'>et</span> 
     </span>
    </p>
   </div>
   <div class='ocr_carea' id='block_1_23' title="bbox 441 2077 2095 2156">
    <p class='ocr_par' dir='ltr' id='par_1_23' title="bbox 441 2077 2095 2156">
     <span class='ocr_line' id='line_1_23' title="bbox 441 2077 2095 2156; baseline -0.001 -21"><span class='ocrx_word' id='word_1_171' title='bbox 441 2095 590 2150; x_wconf 89' lang='lat' dir='ltr'>quos</span> <span class='ocrx_word' id='word_1_172' title='bbox 621 2077 774 2133; x_wconf 85' lang='lat' dir='ltr'>exire</span> <span class='ocrx_word' id='word_1_173' title='bbox 804 2077 1230 2149; x_wconf 90' lang='lat' dir='ltr'>conspexerint,</span> <span class='ocrx_word' id='word_1_174' title='bbox 1263 2078 1642 2156; x_wconf 82' lang='lat' dir='ltr'>interﬁciunt.</span> <span class='ocrx_word' id='word_1_175' title='bbox 1675 2080 1732 2133; x_wconf 90' lang='lat' dir='ltr'>Si</span> <span class='ocrx_word' id='word_1_176' title='bbox 1759 2080 1893 2151; x_wconf 89' lang='lat' dir='ltr'>quis</span> <span class='ocrx_word' id='word_1_177' title='bbox 1916 2079 2095 2152; x_wconf 86' lang='lat' dir='ltr'>igitur</span> 
     </span>
    </p>
   </div>
   <div class='ocr_carea' id='block_1_24' title="bbox 440 2165 2093 2237">
    <p class='ocr_par' dir='ltr' id='par_1_24' title="bbox 440 2165 2093 2237">
     <span class='ocr_line' id='line_1_24' title="bbox 440 2165 2093 2237; baseline -0.001 -14"><span class='ocrx_word' id='word_1_178' title='bbox 440 2168 630 2223; x_wconf 88' lang='lat' dir='ltr'>estde</span> <span class='ocrx_word' id='word_1_179' title='bbox 657 2166 1003 2235; x_wconf 80' lang='lat' dir='ltr'>Jerusalem,</span> <span class='ocrx_word' id='word_1_180' title='bbox 1041 2182 1168 2237; x_wconf 76' lang='lat' dir='ltr'>quae</span> <span class='ocrx_word' id='word_1_181' title='bbox 1213 2165 1440 2222; x_wconf 86' lang='lat' dir='ltr'>habitat</span> <span class='ocrx_word' id='word_1_182' title='bbox 1469 2167 1614 2223; x_wconf 89' lang='lat' dir='ltr'>bene</span> <span class='ocrx_word' id='word_1_183' title='bbox 1669 2169 1726 2222; x_wconf 93' lang='lat' dir='ltr'>in</span> <span class='ocrx_word' id='word_1_184' title='bbox 1760 2168 2093 2224; x_wconf 83' lang='lat' dir='ltr'>civitatibus</span> 
     </span>
    </p>
   </div>
   <div class='ocr_carea' id='block_1_25' title="bbox 441 2255 2093 2327">
    <p class='ocr_par' dir='ltr' id='par_1_25' title="bbox 441 2255 2093 2327">
     <span class='ocr_line' id='line_1_25' title="bbox 441 2255 2093 2327; baseline 0.001 -16"><span class='ocrx_word' id='word_1_185' title='bbox 441 2256 566 2311; x_wconf 86' lang='lat' dir='ltr'>suis</span> <span class='ocrx_word' id='word_1_186' title='bbox 595 2271 714 2312; x_wconf 90' lang='lat' dir='ltr'>non</span> <span class='ocrx_word' id='word_1_187' title='bbox 734 2255 1032 2327; x_wconf 84' lang='lat' dir='ltr'>egreditur</span> <span class='ocrx_word' id='word_1_188' title='bbox 1053 2272 1186 2310; x_wconf 89' lang='lat' dir='ltr'>cum</span> <span class='ocrx_word' id='word_1_189' title='bbox 1210 2255 1432 2311; x_wconf 89' lang='lat' dir='ltr'>habitet</span> <span class='ocrx_word' id='word_1_190' title='bbox 1452 2256 1510 2310; x_wconf 91' lang='lat' dir='ltr'>in</span> <span class='ocrx_word' id='word_1_191' title='bbox 1545 2257 1904 2314; x_wconf 82' lang='lat' dir='ltr'>abundantia</span> <span class='ocrx_word' id='word_1_192' title='bbox 1927 2276 1939 2324; x_wconf 93' lang='lat'>;</span> <span class='ocrx_word' id='word_1_193' title='bbox 1992 2258 2093 2313; x_wconf 91' lang='lat' dir='ltr'>sed</span> 
     </span>
    </p>
   </div>
   <div class='ocr_carea' id='block_1_26' title="bbox 442 2344 2092 2418">
    <p class='ocr_par' dir='ltr' id='par_1_26' title="bbox 442 2344 2092 2418">
     <span class='ocr_line' id='line_1_26' title="bbox 442 2344 2092 2418; baseline -0.001 -17"><span class='ocrx_word' id='word_1_194' title='bbox 442 2344 1040 2416; x_wconf 88' lang='lat' dir='ltr'>semperintrinsecus</span> <span class='ocrx_word' id='word_1_195' title='bbox 1056 2349 1272 2414; x_wconf 88' lang='lat' dir='ltr'>manet,</span> <span class='ocrx_word' id='word_1_196' title='bbox 1293 2361 1397 2400; x_wconf 92' lang='lat' dir='ltr'>nec</span> <span class='ocrx_word' id='word_1_197' title='bbox 1415 2346 1712 2417; x_wconf 87' lang='lat' dir='ltr'>egreditur</span> <span class='ocrx_word' id='word_1_198' title='bbox 1727 2351 1926 2418; x_wconf 90' lang='lat' dir='ltr'>portas</span> <span class='ocrx_word' id='word_1_199' title='bbox 1943 2347 1991 2416; x_wconf 87' lang='lat' dir='ltr'>ej</span> <span class='ocrx_word' id='word_1_200' title='bbox 2003 2363 2092 2417; x_wconf 90' lang='lat' dir='ltr'>us,</span> 
     </span>
    </p>
   </div>
   <div class='ocr_carea' id='block_1_27' title="bbox 444 2432 2094 2504">
    <p class='ocr_par' dir='ltr' id='par_1_27' title="bbox 444 2432 2094 2504">
     <span class='ocr_line' id='line_1_27' title="bbox 444 2432 2094 2504; baseline 0 -15"><span class='ocrx_word' id='word_1_201' title='bbox 444 2450 593 2504; x_wconf 87' lang='lat' dir='ltr'>quas</span> <span class='ocrx_word' id='word_1_202' title='bbox 616 2433 716 2504; x_wconf 89' lang='lat' dir='ltr'>qui</span> <span class='ocrx_word' id='word_1_203' title='bbox 739 2448 1012 2504; x_wconf 86' lang='lat' dir='ltr'>egressus</span> <span class='ocrx_word' id='word_1_204' title='bbox 1039 2432 1212 2488; x_wconf 91' lang='lat' dir='ltr'>fuerit</span> <span class='ocrx_word' id='word_1_205' title='bbox 1230 2433 1550 2489; x_wconf 89' lang='lat' dir='ltr'>occiditur:</span> <span class='ocrx_word' id='word_1_206' title='bbox 1578 2434 1865 2490; x_wconf 88' lang='lat' dir='ltr'>occiditur</span> <span class='ocrx_word' id='word_1_207' title='bbox 1895 2439 2094 2490; x_wconf 91' lang='lat' dir='ltr'>autem</span> 
     </span>
    </p>
   </div>
   <div class='ocr_carea' id='block_1_28' title="bbox 445 2520 2093 2592">
    <p class='ocr_par' dir='ltr' id='par_1_28' title="bbox 445 2520 2093 2592">
     <span class='ocr_line' id='line_1_28' title="bbox 445 2520 2093 2592; baseline 0.001 -15"><span class='ocrx_word' id='word_1_208' title='bbox 445 2523 519 2577; x_wconf 89' lang='lat' dir='ltr'>ab</span> <span class='ocrx_word' id='word_1_209' title='bbox 540 2521 634 2576; x_wconf 92' lang='lat' dir='ltr'>his</span> <span class='ocrx_word' id='word_1_210' title='bbox 657 2521 757 2592; x_wconf 90' lang='lat' dir='ltr'>qui</span> <span class='ocrx_word' id='word_1_211' title='bbox 778 2536 840 2577; x_wconf 89' lang='lat' dir='ltr'>se</span> <span class='ocrx_word' id='word_1_212' title='bbox 859 2520 1086 2578; x_wconf 88' lang='lat' dir='ltr'>elevant</span> <span class='ocrx_word' id='word_1_213' title='bbox 1104 2522 1164 2578; x_wconf 90' lang='lat' dir='ltr'>in</span> <span class='ocrx_word' id='word_1_214' title='bbox 1185 2522 1351 2588; x_wconf 89' lang='lat' dir='ltr'>Geth,</span> <span class='ocrx_word' id='word_1_215' title='bbox 1376 2528 1432 2577; x_wconf 90' lang='lat' dir='ltr'>et</span> <span class='ocrx_word' id='word_1_216' title='bbox 1453 2522 1721 2578; x_wconf 88' lang='lat' dir='ltr'>habitant</span> <span class='ocrx_word' id='word_1_217' title='bbox 1736 2523 1796 2578; x_wconf 92' lang='lat' dir='ltr'>in</span> <span class='ocrx_word' id='word_1_218' title='bbox 1836 2523 2093 2587; x_wconf 88' lang='lat' dir='ltr'>Bachim,</span> 
     </span>
    </p>
   </div>
   <div class='ocr_carea' id='block_1_29' title="bbox 445 2611 2094 2683">
    <p class='ocr_par' dir='ltr' id='par_1_29' title="bbox 445 2611 2094 2683">
     <span class='ocr_line' id='line_1_29' title="bbox 445 2611 2094 2683; baseline -0.001 -15"><span class='ocrx_word' id='word_1_219' title='bbox 445 2616 503 2668; x_wconf 91' lang='lat' dir='ltr'>et</span> <span class='ocrx_word' id='word_1_220' title='bbox 525 2611 816 2666; x_wconf 69' lang='lat' dir='ltr'>aediﬁcant</span> <span class='ocrx_word' id='word_1_221' title='bbox 835 2611 1077 2666; x_wconf 91' lang='lat' dir='ltr'>domum</span> <span class='ocrx_word' id='word_1_222' title='bbox 1100 2612 1158 2664; x_wconf 91' lang='lat' dir='ltr'>in</span> <span class='ocrx_word' id='word_1_223' title='bbox 1183 2611 1465 2666; x_wconf 91' lang='lat' dir='ltr'>derisum.</span> <span class='ocrx_word' id='word_1_224' title='bbox 1490 2611 1752 2682; x_wconf 90' lang='lat' dir='ltr'>Denique</span> <span class='ocrx_word' id='word_1_225' title='bbox 1783 2612 1936 2667; x_wconf 89' lang='lat' dir='ltr'>mala</span> <span class='ocrx_word' id='word_1_226' title='bbox 1969 2628 2094 2683; x_wconf 68' lang='lat' dir='ltr'>quae</span> 
     </span>
    </p>
   </div>
   <div class='ocr_carea' id='block_1_30' title="bbox 447 2699 2101 2772">
    <p class='ocr_par' dir='ltr' id='par_1_30' title="bbox 447 2699 2101 2772">
     <span class='ocr_line' id='line_1_30' title="bbox 447 2699 2101 2772; baseline -0.001 -14"><span class='ocrx_word' id='word_1_227' title='bbox 447 2701 878 2758; x_wconf 90' lang='lat' dir='ltr'>descenderunt</span> <span class='ocrx_word' id='word_1_228' title='bbox 907 2717 941 2754; x_wconf 89' lang='lat' dir='ltr'>a</span> <span class='ocrx_word' id='word_1_229' title='bbox 969 2699 1214 2755; x_wconf 92' lang='lat' dir='ltr'>Domino</span> <span class='ocrx_word' id='word_1_230' title='bbox 1245 2701 1314 2754; x_wconf 90' lang='lat' dir='ltr'>ad</span> <span class='ocrx_word' id='word_1_231' title='bbox 1349 2704 1546 2772; x_wconf 88' lang='lat' dir='ltr'>portas</span> <span class='ocrx_word' id='word_1_232' title='bbox 1577 2699 1925 2768; x_wconf 87' lang='lat' dir='ltr'>Jerusalem,</span> <span class='ocrx_word' id='word_1_233' title='bbox 1961 2705 2101 2756; x_wconf 88' lang='lat' dir='ltr'>stre-</span> 
     </span>
    </p>
   </div>
   <div class='ocr_carea' id='block_1_31' title="bbox 444 2787 2098 2864">
    <p class='ocr_par' dir='ltr' id='par_1_31' title="bbox 444 2787 2098 2864">
     <span class='ocr_line' id='line_1_31' title="bbox 444 2787 2098 2864; baseline 0 -20"><span class='ocrx_word' id='word_1_234' title='bbox 444 2790 632 2864; x_wconf 90' lang='lat' dir='ltr'>pitum</span> <span class='ocrx_word' id='word_1_235' title='bbox 660 2793 890 2844; x_wconf 89' lang='lat' dir='ltr'>tantum</span> <span class='ocrx_word' id='word_1_236' title='bbox 920 2787 1140 2844; x_wconf 89' lang='lat' dir='ltr'>habent</span> <span class='ocrx_word' id='word_1_237' title='bbox 1168 2804 1448 2842; x_wconf 92' lang='lat' dir='ltr'>curruum</span> <span class='ocrx_word' id='word_1_238' title='bbox 1479 2793 1537 2843; x_wconf 90' lang='lat' dir='ltr'>et</span> <span class='ocrx_word' id='word_1_239' title='bbox 1560 2804 1844 2858; x_wconf 89' lang='lat' dir='ltr'>equorum</span> <span class='ocrx_word' id='word_1_240' title='bbox 1875 2788 2098 2844; x_wconf 88' lang='lat' dir='ltr'>tumul-</span> 
     </span>
    </p>
   </div>
   <div class='ocr_carea' id='block_1_32' title="bbox 447 2876 2099 2948">
    <p class='ocr_par' dir='ltr' id='par_1_32' title="bbox 447 2876 2099 2948">
     <span class='ocr_line' id='line_1_32' title="bbox 447 2876 2099 2948; baseline 0 -16"><span class='ocrx_word' id='word_1_241' title='bbox 447 2884 596 2945; x_wconf 89' lang='lat' dir='ltr'>tum,</span> <span class='ocrx_word' id='word_1_242' title='bbox 642 2877 1076 2947; x_wconf 86' lang='lat' dir='ltr'>confusumque</span> <span class='ocrx_word' id='word_1_243' title='bbox 1099 2876 1360 2930; x_wconf 89' lang='lat' dir='ltr'>sonitum</span> <span class='ocrx_word' id='word_1_244' title='bbox 1382 2893 1485 2948; x_wconf 91' lang='lat' dir='ltr'>pro</span> <span class='ocrx_word' id='word_1_245' title='bbox 1505 2877 1730 2932; x_wconf 88' lang='lat' dir='ltr'>foribus</span> <span class='ocrx_word' id='word_1_246' title='bbox 1747 2877 2099 2945; x_wconf 89' lang='lat' dir='ltr'>Jerusalem,</span> 
     </span>
    </p>
   </div>
   <div class='ocr_carea' id='block_1_33' title="bbox 449 2963 2099 3036">
    <p class='ocr_par' dir='ltr' id='par_1_33' title="bbox 449 2963 2099 3036">
     <span class='ocr_line' id='line_1_33' title="bbox 449 2963 2099 3036; baseline -0.001 -15"><span class='ocrx_word' id='word_1_247' title='bbox 449 2969 516 3022; x_wconf 86' lang='lat' dir='ltr'>ut</span> <span class='ocrx_word' id='word_1_248' title='bbox 543 2965 663 3021; x_wconf 91' lang='lat' dir='ltr'>oris</span> <span class='ocrx_word' id='word_1_249' title='bbox 694 2963 787 3020; x_wconf 90' lang='lat' dir='ltr'>sui</span> <span class='ocrx_word' id='word_1_250' title='bbox 818 2963 1020 3019; x_wconf 90' lang='lat' dir='ltr'>lancea</span> <span class='ocrx_word' id='word_1_251' title='bbox 1051 2980 1455 3035; x_wconf 89' lang='lat' dir='ltr'>quoscumque</span> <span class='ocrx_word' id='word_1_252' title='bbox 1484 2965 1681 3036; x_wconf 87' lang='lat' dir='ltr'>vagari</span> <span class='ocrx_word' id='word_1_253' title='bbox 1710 2965 1978 3033; x_wconf 83' lang='lat' dir='ltr'>viderint,</span> <span class='ocrx_word' id='word_1_254' title='bbox 2012 2966 2099 3020; x_wconf 91' lang='lat' dir='ltr'>in-</span> 
     </span>
    </p>
   </div>
   <div class='ocr_carea' id='block_1_34' title="bbox 449 3051 2098 3124">
    <p class='ocr_par' dir='ltr' id='par_1_34' title="bbox 449 3051 2098 3124">
     <span class='ocr_line' id='line_1_34' title="bbox 449 3051 2098 3124; baseline 0 -15"><span class='ocrx_word' id='word_1_255' title='bbox 449 3053 755 3111; x_wconf 78' lang='lat' dir='ltr'>terﬁciant.</span> <span class='ocrx_word' id='word_1_256' title='bbox 779 3057 917 3108; x_wconf 87' lang='lat' dir='ltr'>Post</span> <span class='ocrx_word' id='word_1_257' title='bbox 936 3051 1056 3107; x_wconf 74' lang='lat' dir='ltr'>haec</span> <span class='ocrx_word' id='word_1_258' title='bbox 1088 3052 1375 3124; x_wconf 88' lang='lat' dir='ltr'>scriptum</span> <span class='ocrx_word' id='word_1_259' title='bbox 1425 3056 1550 3108; x_wconf 89' lang='lat' dir='ltr'>est:</span> <span class='ocrx_word' id='word_1_260' title='bbox 1586 3055 1721 3120; x_wconf 67' lang='lat' dir='ltr'>Quae</span> <span class='ocrx_word' id='word_1_261' title='bbox 1749 3053 1963 3109; x_wconf 81' lang='lat' dir='ltr'>habitas</span> <span class='ocrx_word' id='word_1_262' title='bbox 1994 3056 2098 3109; x_wconf 88' lang='lat' dir='ltr'>La-</span> 
     </span>
    </p>
   </div>
   <div class='ocr_carea' id='block_1_35' title="bbox 449 3141 2099 3214">
    <p class='ocr_par' dir='ltr' id='par_1_35' title="bbox 449 3141 2099 3214">
     <span class='ocr_line' id='line_1_35' title="bbox 449 3141 2099 3214; baseline 0 -15"><span class='ocrx_word' id='word_1_263' title='bbox 449 3144 566 3199; x_wconf 82' lang='lat' dir='ltr'>chis</span> <span class='ocrx_word' id='word_1_264' title='bbox 591 3160 604 3198; x_wconf 89' lang='lat'><strong>:</strong></span> <span class='ocrx_word' id='word_1_265' title='bbox 629 3144 880 3214; x_wconf 78' lang='lat' dir='ltr'>princeps</span> <span class='ocrx_word' id='word_1_266' title='bbox 907 3142 1113 3212; x_wconf 80' lang='lat' dir='ltr'>peccati</span> <span class='ocrx_word' id='word_1_267' title='bbox 1137 3151 1216 3197; x_wconf 83' lang='lat' dir='ltr'>est</span> <span class='ocrx_word' id='word_1_268' title='bbox 1245 3141 1378 3210; x_wconf 78' lang='lat' dir='ltr'>ﬁliae</span> <span class='ocrx_word' id='word_1_269' title='bbox 1408 3141 1558 3197; x_wconf 81' lang='lat' dir='ltr'>Sion.</span> <span class='ocrx_word' id='word_1_270' title='bbox 1583 3142 1787 3198; x_wconf 88' lang='lat' dir='ltr'>Lachis</span> <span class='ocrx_word' id='word_1_271' title='bbox 1817 3143 2099 3214; x_wconf 86' lang='lat' dir='ltr'>interpre-</span> 
     </span>
    </p>
   </div>
   <div class='ocr_carea' id='block_1_36' title="bbox 451 3225 2100 3303">
    <p class='ocr_par' dir='ltr' id='par_1_36' title="bbox 451 3225 2100 3303">
     <span class='ocr_line' id='line_1_36' title="bbox 451 3225 2100 3303; baseline -0.001 -16"><span class='ocrx_word' id='word_1_272' title='bbox 451 3234 610 3287; x_wconf 86' lang='lat' dir='ltr'>tatur</span> <span class='ocrx_word' id='word_1_273' title='bbox 637 3225 830 3302; x_wconf 82' lang='grc' dir='ltr'>πορεία</span> <span class='ocrx_word' id='word_1_274' title='bbox 861 3226 999 3281; x_wconf 81' lang='grc' dir='ltr'>ἐστὶν</span> <span class='ocrx_word' id='word_1_275' title='bbox 1024 3229 1081 3284; x_wconf 92' lang='lat' dir='ltr'>id</span> <span class='ocrx_word' id='word_1_276' title='bbox 1111 3233 1220 3298; x_wconf 91' lang='lat' dir='ltr'>est,</span> <span class='ocrx_word' id='word_1_277' title='bbox 1243 3228 1570 3286; x_wconf 79' lang='lat' dir='ltr'>ambulatio.</span> <span class='ocrx_word' id='word_1_278' title='bbox 1605 3229 1671 3284; x_wconf 91' lang='lat' dir='ltr'>Et</span> <span class='ocrx_word' id='word_1_279' title='bbox 1699 3230 1757 3285; x_wconf 93' lang='lat' dir='ltr'>hi</span> <span class='ocrx_word' id='word_1_280' title='bbox 1791 3230 1971 3303; x_wconf 89' lang='lat' dir='ltr'>igitur</span> <span class='ocrx_word' id='word_1_281' title='bbox 2000 3231 2100 3302; x_wconf 92' lang='lat' dir='ltr'>qui</span> 
     </span>
    </p>
   </div>
   <div class='ocr_carea' id='block_1_37' title="bbox 455 3317 2098 3391">
    <p class='ocr_par' dir='ltr' id='par_1_37' title="bbox 455 3317 2098 3391">
     <span class='ocr_line' id='line_1_37' title="bbox 455 3317 2098 3391; baseline 0 -16"><span class='ocrx_word' id='word_1_282' title='bbox 455 3319 848 3376; x_wconf 88' lang='lat' dir='ltr'>ascenderunt</span> <span class='ocrx_word' id='word_1_283' title='bbox 868 3317 926 3372; x_wconf 91' lang='lat' dir='ltr'>in</span> <span class='ocrx_word' id='word_1_284' title='bbox 949 3317 1220 3372; x_wconf 89' lang='lat' dir='ltr'>curribus</span> <span class='ocrx_word' id='word_1_285' title='bbox 1249 3318 1397 3389; x_wconf 87' lang='lat' dir='ltr'>suis,</span> <span class='ocrx_word' id='word_1_286' title='bbox 1418 3322 1475 3374; x_wconf 89' lang='lat' dir='ltr'>et</span> <span class='ocrx_word' id='word_1_287' title='bbox 1498 3318 1830 3374; x_wconf 91' lang='lat' dir='ltr'>habuerunt</span> <span class='ocrx_word' id='word_1_288' title='bbox 1849 3320 2098 3391; x_wconf 89' lang='lat' dir='ltr'>equites,</span> 
     </span>
    </p>
   </div>
   <div class='ocr_carea' id='block_1_38' title="bbox 452 3405 2101 3480">
    <p class='ocr_par' dir='ltr' id='par_1_38' title="bbox 452 3405 2101 3480">
     <span class='ocr_line' id='line_1_38' title="bbox 452 3405 2101 3480; baseline 0 -16"><span class='ocrx_word' id='word_1_289' title='bbox 452 3412 510 3464; x_wconf 90' lang='lat' dir='ltr'>et</span> <span class='ocrx_word' id='word_1_290' title='bbox 529 3407 838 3480; x_wconf 87' lang='lat' dir='ltr'>strepitum</span> <span class='ocrx_word' id='word_1_291' title='bbox 862 3410 1090 3462; x_wconf 87' lang='lat' dir='ltr'>tantum</span> <span class='ocrx_word' id='word_1_292' title='bbox 1113 3405 1465 3478; x_wconf 90' lang='lat' dir='ltr'>inanemque</span> <span class='ocrx_word' id='word_1_293' title='bbox 1483 3408 1764 3478; x_wconf 86' lang='lat' dir='ltr'>sonitum,</span> <span class='ocrx_word' id='word_1_294' title='bbox 1785 3407 2000 3479; x_wconf 91' lang='lat' dir='ltr'>quibus</span> <span class='ocrx_word' id='word_1_295' title='bbox 2022 3408 2101 3464; x_wconf 86' lang='lat' dir='ltr'>lo-</span> 
     </span>
    </p>
   </div>
   <div class='ocr_carea' id='block_1_39' title="bbox 448 3495 2098 3567">
    <p class='ocr_par' dir='ltr' id='par_1_39' title="bbox 448 3495 2098 3567">
     <span class='ocr_line' id='line_1_39' title="bbox 448 3495 2098 3567; baseline -0.001 -15"><span class='ocrx_word' id='word_1_296' title='bbox 448 3501 586 3552; x_wconf 85' lang='lat' dir='ltr'>cuta</span> <span class='ocrx_word' id='word_1_297' title='bbox 608 3501 716 3563; x_wconf 90' lang='lat' dir='ltr'>est,</span> <span class='ocrx_word' id='word_1_298' title='bbox 742 3513 868 3567; x_wconf 71' lang='lat' dir='ltr'>qua:</span> <span class='ocrx_word' id='word_1_299' title='bbox 891 3495 1118 3550; x_wconf 87' lang='lat' dir='ltr'>habitat</span> <span class='ocrx_word' id='word_1_300' title='bbox 1153 3495 1303 3551; x_wconf 88' lang='lat' dir='ltr'>bene</span> <span class='ocrx_word' id='word_1_301' title='bbox 1350 3495 1409 3551; x_wconf 91' lang='lat' dir='ltr'>in</span> <span class='ocrx_word' id='word_1_302' title='bbox 1456 3496 1786 3552; x_wconf 87' lang='lat' dir='ltr'>civitatibus</span> <span class='ocrx_word' id='word_1_303' title='bbox 1809 3497 1930 3552; x_wconf 90' lang='lat' dir='ltr'>suis</span> <span class='ocrx_word' id='word_1_304' title='bbox 1956 3513 1967 3551; x_wconf 91' lang='lat'><strong>:</strong></span> <span class='ocrx_word' id='word_1_305' title='bbox 2003 3496 2098 3554; x_wconf 88' lang='lat' dir='ltr'>isti</span> 
     </span>
    </p>
   </div>
   <div class='ocr_carea' id='block_1_40' title="bbox 448 3583 2098 3656">
    <p class='ocr_par' dir='ltr' id='par_1_40' title="bbox 448 3583 2098 3656">
     <span class='ocr_line' id='line_1_40' title="bbox 448 3583 2098 3656; baseline 0 -14"><span class='ocrx_word' id='word_1_306' title='bbox 448 3586 509 3642; x_wconf 91' lang='lat' dir='ltr'>in</span> <span class='ocrx_word' id='word_1_307' title='bbox 543 3585 814 3641; x_wconf 89' lang='lat' dir='ltr'>curribus</span> <span class='ocrx_word' id='word_1_308' title='bbox 845 3588 900 3640; x_wconf 91' lang='lat' dir='ltr'>et</span> <span class='ocrx_word' id='word_1_309' title='bbox 932 3583 1023 3639; x_wconf 87' lang='lat' dir='ltr'>isti</span> <span class='ocrx_word' id='word_1_310' title='bbox 1059 3584 1117 3638; x_wconf 92' lang='lat' dir='ltr'>in</span> <span class='ocrx_word' id='word_1_311' title='bbox 1158 3585 1356 3656; x_wconf 91' lang='lat' dir='ltr'>equis:</span> <span class='ocrx_word' id='word_1_312' title='bbox 1405 3601 1512 3641; x_wconf 91' lang='lat' dir='ltr'>nos</span> <span class='ocrx_word' id='word_1_313' title='bbox 1543 3591 1738 3641; x_wconf 91' lang='lat' dir='ltr'>autem</span> <span class='ocrx_word' id='word_1_314' title='bbox 1771 3586 1828 3641; x_wconf 90' lang='lat' dir='ltr'>in</span> <span class='ocrx_word' id='word_1_315' title='bbox 1862 3586 2098 3642; x_wconf 91' lang='lat' dir='ltr'>nomine</span> 
     </span>
    </p>
   </div>
   <div class='ocr_carea' id='block_1_41' title="bbox 445 3672 2098 3746">
    <p class='ocr_par' dir='ltr' id='par_1_41' title="bbox 445 3672 2098 3746">
     <span class='ocr_line' id='line_1_41' title="bbox 445 3672 2098 3746; baseline 0 -17"><span class='ocrx_word' id='word_1_316' title='bbox 445 3673 677 3730; x_wconf 90' lang='lat' dir='ltr'>Domini</span> <span class='ocrx_word' id='word_1_317' title='bbox 702 3672 804 3729; x_wconf 90' lang='lat' dir='ltr'>Dei</span> <span class='ocrx_word' id='word_1_318' title='bbox 835 3673 1020 3729; x_wconf 90' lang='lat' dir='ltr'>nostri</span> <span class='ocrx_word' id='word_1_319' title='bbox 1054 3673 1460 3729; x_wconf 86' lang='lat' dir='ltr'>invocabimus</span> <span class='ocrx_word' id='word_1_320' title='bbox 1517 3675 1631 3745; x_wconf 88' lang='lat' dir='ltr'>(Ps.</span> <span class='ocrx_word' id='word_1_321' title='bbox 1682 3691 1797 3742; x_wconf 83' lang='lat' dir='ltr'>x1x,</span> <span class='ocrx_word' id='word_1_322' title='bbox 1830 3675 1926 3746; x_wconf 86' lang='lat'>8);</span> <span class='ocrx_word' id='word_1_323' title='bbox 1960 3675 2098 3746; x_wconf 87' lang='lat' dir='ltr'>quia</span> 
     </span>
    </p>
   </div>
   <div class='ocr_carea' id='block_1_42' title="bbox 444 3761 2096 3834">
    <p class='ocr_par' dir='ltr' id='par_1_42' title="bbox 444 3761 2096 3834">
     <span class='ocr_line' id='line_1_42' title="bbox 444 3761 2096 3834; baseline 0 -15"><span class='ocrx_word' id='word_1_324' title='bbox 444 3766 752 3819; x_wconf 88' lang='lat' dir='ltr'>moverunt</span> <span class='ocrx_word' id='word_1_325' title='bbox 783 3763 958 3834; x_wconf 89' lang='lat' dir='ltr'>pedes</span> <span class='ocrx_word' id='word_1_326' title='bbox 983 3778 1144 3827; x_wconf 89' lang='lat' dir='ltr'>suos,</span> <span class='ocrx_word' id='word_1_327' title='bbox 1169 3766 1224 3816; x_wconf 90' lang='lat' dir='ltr'>et</span> <span class='ocrx_word' id='word_1_328' title='bbox 1243 3761 1572 3818; x_wconf 87' lang='lat' dir='ltr'>circumlati</span> <span class='ocrx_word' id='word_1_329' title='bbox 1593 3767 1732 3818; x_wconf 90' lang='lat' dir='ltr'>sunt</span> <span class='ocrx_word' id='word_1_330' title='bbox 1753 3764 1911 3818; x_wconf 90' lang='lat' dir='ltr'>omni</span> <span class='ocrx_word' id='word_1_331' title='bbox 1929 3767 2096 3819; x_wconf 89' lang='lat' dir='ltr'>vento</span> 
     </span>
    </p>
   </div>
   <div class='ocr_carea' id='block_1_43' title="bbox 445 3850 2092 3923">
    <p class='ocr_par' dir='ltr' id='par_1_43' title="bbox 445 3850 2092 3923">
     <span class='ocr_line' id='line_1_43' title="bbox 445 3850 2092 3923; baseline 0 -15"><span class='ocrx_word' id='word_1_332' title='bbox 445 3851 719 3908; x_wconf 77' lang='lat' dir='ltr'>doctrinae</span> <span class='ocrx_word' id='word_1_333' title='bbox 774 3850 932 3907; x_wconf 82' lang='lat' dir='ltr'>falsae</span> <span class='ocrx_word' id='word_1_334' title='bbox 981 3850 1196 3923; x_wconf 85' lang='lat' dir='ltr'>(Ephes.</span> <span class='ocrx_word' id='word_1_335' title='bbox 1260 3851 1354 3923; x_wconf 83' lang='grc' dir='ltr'>ιν),</span> <span class='ocrx_word' id='word_1_336' title='bbox 1415 3856 1471 3906; x_wconf 90' lang='lat' dir='ltr'>et</span> <span class='ocrx_word' id='word_1_337' title='bbox 1526 3852 1597 3906; x_wconf 91' lang='lat' dir='ltr'>de</span> <span class='ocrx_word' id='word_1_338' title='bbox 1657 3851 1908 3908; x_wconf 84' lang='lat' dir='ltr'>Ecclesia</span> <span class='ocrx_word' id='word_1_339' title='bbox 1937 3852 2092 3908; x_wconf 82' lang='lat' dir='ltr'>exire</span> 
     </span>
    </p>
   </div>
   <div class='ocr_carea' id='block_1_44' title="bbox 442 3939 2091 4011">
    <p class='ocr_par' dir='ltr' id='par_1_44' title="bbox 442 3939 2091 4011">
     <span class='ocr_line' id='line_1_44' title="bbox 442 3939 2091 4011; baseline -0.001 -15"><span class='ocrx_word' id='word_1_340' title='bbox 442 3940 772 4008; x_wconf 89' lang='lat' dir='ltr'>voluerunt,</span> <span class='ocrx_word' id='word_1_341' title='bbox 809 3955 936 4011; x_wconf 68' lang='lat' dir='ltr'>qua:</span> <span class='ocrx_word' id='word_1_342' title='bbox 966 3939 1382 4010; x_wconf 87' lang='lat' dir='ltr'>interpretatur</span> <span class='ocrx_word' id='word_1_343' title='bbox 1413 3940 1670 4010; x_wconf 90' lang='lat' dir='ltr'>specula,</span> <span class='ocrx_word' id='word_1_344' title='bbox 1704 3941 1761 3995; x_wconf 93' lang='lat' dir='ltr'>id</span> <span class='ocrx_word' id='word_1_345' title='bbox 1795 3945 1901 4007; x_wconf 88' lang='lat' dir='ltr'>est,</span> <span class='ocrx_word' id='word_1_346' title='bbox 1933 3941 2091 4010; x_wconf 89' lang='lat' dir='ltr'>Sion,</span> 
     </span>
    </p>
   </div>
   <div class='ocr_carea' id='block_1_45' title="bbox 441 4027 2093 4102">
    <p class='ocr_par' dir='ltr' id='par_1_45' title="bbox 441 4027 2093 4102">
     <span class='ocr_line' id='line_1_45' title="bbox 441 4027 2093 4102; baseline 0.001 -18"><span class='ocrx_word' id='word_1_347' title='bbox 441 4029 738 4102; x_wconf 89' lang='lat' dir='ltr'>principes</span> <span class='ocrx_word' id='word_1_348' title='bbox 796 4027 1018 4099; x_wconf 87' lang='lat' dir='ltr'>peccati</span> <span class='ocrx_word' id='word_1_349' title='bbox 1068 4028 1227 4083; x_wconf 88' lang='lat' dir='ltr'>fuere</span> <span class='ocrx_word' id='word_1_350' title='bbox 1269 4027 1401 4083; x_wconf 67' lang='lat' dir='ltr'>ﬁliae</span> <span class='ocrx_word' id='word_1_351' title='bbox 1431 4029 1587 4084; x_wconf 86' lang='lat' dir='ltr'>Sion.</span> <span class='ocrx_word' id='word_1_352' title='bbox 1621 4029 1688 4082; x_wconf 90' lang='lat' dir='ltr'>Et</span> <span class='ocrx_word' id='word_1_353' title='bbox 1715 4029 1772 4083; x_wconf 91' lang='lat' dir='ltr'>in</span> <span class='ocrx_word' id='word_1_354' title='bbox 1806 4030 1952 4100; x_wconf 88' lang='lat' dir='ltr'>ipsa,</span> <span class='ocrx_word' id='word_1_355' title='bbox 1984 4029 2093 4086; x_wconf 92' lang='lat' dir='ltr'>hoc</span> 
     </span>
    </p>
   </div>
   <div class='ocr_carea' id='block_1_46' title="bbox 444 4113 2094 4187">
    <p class='ocr_par' dir='ltr' id='par_1_46' title="bbox 444 4113 2094 4187">
     <span class='ocr_line' id='line_1_46' title="bbox 444 4113 2094 4187; baseline 0.001 -15"><span class='ocrx_word' id='word_1_356' title='bbox 444 4122 556 4182; x_wconf 86' lang='lat' dir='ltr'>est,</span> <span class='ocrx_word' id='word_1_357' title='bbox 583 4115 642 4171; x_wconf 89' lang='lat' dir='ltr'>in</span> <span class='ocrx_word' id='word_1_358' title='bbox 671 4115 911 4182; x_wconf 86' lang='lat' dir='ltr'>Latinis,</span> <span class='ocrx_word' id='word_1_359' title='bbox 938 4113 1182 4169; x_wconf 83' lang='lat' dir='ltr'>inventae</span> <span class='ocrx_word' id='word_1_360' title='bbox 1206 4118 1348 4170; x_wconf 89' lang='lat' dir='ltr'>sunt</span> <span class='ocrx_word' id='word_1_361' title='bbox 1373 4114 1703 4187; x_wconf 88' lang='lat' dir='ltr'>impietates</span> <span class='ocrx_word' id='word_1_362' title='bbox 1744 4117 1939 4187; x_wconf 87' lang='lat' dir='ltr'>Israel,</span> <span class='ocrx_word' id='word_1_363' title='bbox 1963 4133 2094 4187; x_wconf 70' lang='lat' dir='ltr'>quae</span> 
     </span>
    </p>
   </div>
   <div class='ocr_carea' id='block_1_47' title="bbox 446 4202 2091 4276">
    <p class='ocr_par' dir='ltr' id='par_1_47' title="bbox 446 4202 2091 4276">
     <span class='ocr_line' id='line_1_47' title="bbox 446 4202 2091 4276; baseline -0.001 -15"><span class='ocrx_word' id='word_1_364' title='bbox 446 4223 480 4261; x_wconf 90' lang='lat' dir='ltr'>a</span> <span class='ocrx_word' id='word_1_365' title='bbox 509 4219 686 4276; x_wconf 87' lang='lat' dir='ltr'>regno</span> <span class='ocrx_word' id='word_1_366' title='bbox 713 4202 960 4275; x_wconf 86' lang='lat' dir='ltr'>pristino</span> <span class='ocrx_word' id='word_1_367' title='bbox 991 4203 1093 4257; x_wconf 90' lang='lat' dir='ltr'>Dei</span> <span class='ocrx_word' id='word_1_368' title='bbox 1125 4202 1406 4274; x_wconf 91' lang='lat' dir='ltr'>populum</span> <span class='ocrx_word' id='word_1_369' title='bbox 1452 4210 1888 4275; x_wconf 87' lang='lat' dir='ltr'>separaverunt.</span> <span class='ocrx_word' id='word_1_370' title='bbox 1922 4205 2091 4260; x_wconf 84' lang='lat' dir='ltr'>Prin-</span> 
     </span>
    </p>
   </div>
   <div class='ocr_carea' id='block_1_48' title="bbox 444 4290 2090 4365">
    <p class='ocr_par' dir='ltr' id='par_1_48' title="bbox 444 4290 2090 4365">
     <span class='ocr_line' id='line_1_48' title="bbox 444 4290 2090 4365; baseline 0.001 -17"><span class='ocrx_word' id='word_1_371' title='bbox 444 4309 581 4365; x_wconf 90' lang='lat' dir='ltr'>ceps</span> <span class='ocrx_word' id='word_1_372' title='bbox 612 4307 747 4364; x_wconf 92' lang='lat' dir='ltr'>ergo</span> <span class='ocrx_word' id='word_1_373' title='bbox 768 4290 985 4363; x_wconf 86' lang='lat' dir='ltr'>peccati</span> <span class='ocrx_word' id='word_1_374' title='bbox 1009 4296 1098 4346; x_wconf 88' lang='lat' dir='ltr'>est</span> <span class='ocrx_word' id='word_1_375' title='bbox 1118 4290 1250 4346; x_wconf 71' lang='lat' dir='ltr'>ﬁliae</span> <span class='ocrx_word' id='word_1_376' title='bbox 1286 4291 1464 4361; x_wconf 91' lang='lat' dir='ltr'>Siom,</span> <span class='ocrx_word' id='word_1_377' title='bbox 1490 4309 1618 4364; x_wconf 82' lang='lat' dir='ltr'>quae</span> <span class='ocrx_word' id='word_1_378' title='bbox 1641 4293 1868 4349; x_wconf 88' lang='lat' dir='ltr'>habitat</span> <span class='ocrx_word' id='word_1_379' title='bbox 1893 4294 1952 4349; x_wconf 90' lang='lat' dir='ltr'>in</span> <span class='ocrx_word' id='word_1_380' title='bbox 1983 4294 2090 4350; x_wconf 85' lang='lat' dir='ltr'>La-</span> 
     </span>
    </p>
   </div>
   <div class='ocr_carea' id='block_1_49' title="bbox 443 4379 2092 4455">
    <p class='ocr_par' dir='ltr' id='par_1_49' title="bbox 443 4379 2092 4455">
     <span class='ocr_line' id='line_1_49' title="bbox 443 4379 2092 4455; baseline 0 -17"><span class='ocrx_word' id='word_1_381' title='bbox 443 4381 590 4453; x_wconf 87' lang='lat' dir='ltr'>chis,</span> <span class='ocrx_word' id='word_1_382' title='bbox 620 4382 680 4436; x_wconf 90' lang='lat' dir='ltr'>id</span> <span class='ocrx_word' id='word_1_383' title='bbox 710 4385 818 4450; x_wconf 91' lang='lat' dir='ltr'>est,</span> <span class='ocrx_word' id='word_1_384' title='bbox 852 4379 1171 4437; x_wconf 87' lang='lat' dir='ltr'>ambulatio</span> <span class='ocrx_word' id='word_1_385' title='bbox 1202 4381 1479 4453; x_wconf 90' lang='lat' dir='ltr'>pessima,</span> <span class='ocrx_word' id='word_1_386' title='bbox 1510 4383 1934 4455; x_wconf 87' lang='lat' dir='ltr'>gradujugiter</span> <span class='ocrx_word' id='word_1_387' title='bbox 1955 4383 2092 4438; x_wconf 85' lang='lat' dir='ltr'>fluc-</span> 
     </span>
    </p>
   </div>
   <div class='ocr_carea' id='block_1_50' title="bbox 440 4469 2091 4544">
    <p class='ocr_par' dir='ltr' id='par_1_50' title="bbox 440 4469 2091 4544">
     <span class='ocr_line' id='line_1_50' title="bbox 440 4469 2091 4544; baseline -0.001 -16"><span class='ocrx_word' id='word_1_388' title='bbox 440 4477 666 4538; x_wconf 90' lang='lat' dir='ltr'>tuante,</span> <span class='ocrx_word' id='word_1_389' title='bbox 688 4474 745 4526; x_wconf 92' lang='lat' dir='ltr'>et</span> <span class='ocrx_word' id='word_1_390' title='bbox 767 4470 1038 4542; x_wconf 87' lang='lat' dir='ltr'>impietas</span> <span class='ocrx_word' id='word_1_391' title='bbox 1064 4469 1235 4526; x_wconf 87' lang='lat' dir='ltr'>Israel</span> <span class='ocrx_word' id='word_1_392' title='bbox 1264 4471 1321 4524; x_wconf 92' lang='lat' dir='ltr'>in</span> <span class='ocrx_word' id='word_1_393' title='bbox 1345 4471 1438 4526; x_wconf 90' lang='lat' dir='ltr'>his</span> <span class='ocrx_word' id='word_1_394' title='bbox 1463 4475 1551 4526; x_wconf 90' lang='lat' dir='ltr'>est</span> <span class='ocrx_word' id='word_1_395' title='bbox 1574 4471 1674 4542; x_wconf 91' lang='lat' dir='ltr'>qui</span> <span class='ocrx_word' id='word_1_396' title='bbox 1713 4487 1946 4544; x_wconf 90' lang='lat' dir='ltr'>semper</span> <span class='ocrx_word' id='word_1_397' title='bbox 1967 4487 2091 4527; x_wconf 85' lang='lat' dir='ltr'>mo-</span> 
     </span>
    </p>
   </div>
   <div class='ocr_carea' id='block_1_51' title="bbox 441 4557 2087 4632">
    <p class='ocr_par' dir='ltr' id='par_1_51' title="bbox 441 4557 2087 4632">
     <span class='ocr_line' id='line_1_51' title="bbox 441 4557 2087 4632; baseline -0.001 -15"><span class='ocrx_word' id='word_1_398' title='bbox 441 4565 577 4617; x_wconf 90' lang='lat' dir='ltr'>vent</span> <span class='ocrx_word' id='word_1_399' title='bbox 603 4559 784 4632; x_wconf 88' lang='lat' dir='ltr'>pedes</span> <span class='ocrx_word' id='word_1_400' title='bbox 814 4574 973 4625; x_wconf 90' lang='lat' dir='ltr'>suos,</span> <span class='ocrx_word' id='word_1_401' title='bbox 1015 4563 1071 4614; x_wconf 88' lang='lat' dir='ltr'>et</span> <span class='ocrx_word' id='word_1_402' title='bbox 1125 4557 1388 4614; x_wconf 88' lang='lat' dir='ltr'>habitare</span> <span class='ocrx_word' id='word_1_403' title='bbox 1443 4559 1719 4616; x_wconf 89' lang='lat' dir='ltr'>dicuntur</span> <span class='ocrx_word' id='word_1_404' title='bbox 1774 4560 1831 4614; x_wconf 91' lang='lat' dir='ltr'>in</span> <span class='ocrx_word' id='word_1_405' title='bbox 1866 4559 2087 4616; x_wconf 87' lang='lat' dir='ltr'>Lachis.</span> 
     </span>
    </p>
   </div>
   <div class='ocr_carea' id='block_1_52' title="bbox 444 4647 2090 4721">
    <p class='ocr_par' dir='ltr' id='par_1_52' title="bbox 444 4647 2090 4721">
     <span class='ocr_line' id='line_1_52' title="bbox 444 4647 2090 4721; baseline -0.001 -15"><span class='ocrx_word' id='word_1_406' title='bbox 444 4649 751 4706; x_wconf 87' lang='lat' dir='ltr'>Dabuntur</span> <span class='ocrx_word' id='word_1_407' title='bbox 776 4663 1005 4720; x_wconf 90' lang='lat' dir='ltr'>quoque</span> <span class='ocrx_word' id='word_1_408' title='bbox 1037 4647 1325 4703; x_wconf 86' lang='lat' dir='ltr'>emissarii</span> <span class='ocrx_word' id='word_1_409' title='bbox 1358 4665 1543 4721; x_wconf 91' lang='lat' dir='ltr'>usque</span> <span class='ocrx_word' id='word_1_410' title='bbox 1593 4650 1664 4706; x_wconf 89' lang='lat' dir='ltr'>ad</span> <span class='ocrx_word' id='word_1_411' title='bbox 1697 4647 2090 4705; x_wconf 66' lang='lat' dir='ltr'>haereditatem</span> 
     </span>
    </p>
   </div>
   <div class='ocr_carea' id='block_1_53' title="bbox 443 4736 2088 4809">
    <p class='ocr_par' dir='ltr' id='par_1_53' title="bbox 443 4736 2088 4809">
     <span class='ocr_line' id='line_1_53' title="bbox 443 4736 2088 4809; baseline -0.001 -15"><span class='ocrx_word' id='word_1_412' title='bbox 443 4737 587 4795; x_wconf 89' lang='lat' dir='ltr'>Geth</span> <span class='ocrx_word' id='word_1_413' title='bbox 613 4754 627 4792; x_wconf 88' lang='lat'>:</span> <span class='ocrx_word' id='word_1_414' title='bbox 657 4736 801 4792; x_wconf 88' lang='lat' dir='ltr'>Geth</span> <span class='ocrx_word' id='word_1_415' title='bbox 823 4737 1160 4808; x_wconf 87' lang='lat' dir='ltr'>pessimam,</span> <span class='ocrx_word' id='word_1_416' title='bbox 1187 4741 1243 4791; x_wconf 90' lang='lat' dir='ltr'>et</span> <span class='ocrx_word' id='word_1_417' title='bbox 1265 4737 1517 4792; x_wconf 88' lang='lat' dir='ltr'>torcular</span> <span class='ocrx_word' id='word_1_418' title='bbox 1535 4753 1914 4808; x_wconf 89' lang='lat' dir='ltr'>venenorum,</span> <span class='ocrx_word' id='word_1_419' title='bbox 1934 4738 2088 4809; x_wconf 91' lang='lat' dir='ltr'>quod</span> 
     </span>
    </p>
   </div>
   <div class='ocr_carea' id='block_1_54' title="bbox 443 4825 2089 4893">
    <p class='ocr_par' dir='ltr' id='par_1_54' title="bbox 443 4825 2089 4893">
     <span class='ocr_line' id='line_1_54' title="bbox 443 4825 2089 4893; baseline -0.001 -9"><span class='ocrx_word' id='word_1_420' title='bbox 443 4827 764 4885; x_wconf 65' lang='lat' dir='ltr'>adiﬁcatur</span> <span class='ocrx_word' id='word_1_421' title='bbox 791 4831 993 4881; x_wconf 89' lang='lat' dir='ltr'>contra</span> <span class='ocrx_word' id='word_1_422' title='bbox 1023 4826 1263 4880; x_wconf 90' lang='lat' dir='ltr'>domum</span> <span class='ocrx_word' id='word_1_423' title='bbox 1327 4825 1443 4893; x_wconf 91' lang='lat' dir='ltr'>Dei,</span> <span class='ocrx_word' id='word_1_424' title='bbox 1502 4827 1602 4882; x_wconf 91' lang='lat' dir='ltr'>ubi</span> <span class='ocrx_word' id='word_1_425' title='bbox 1633 4831 1772 4882; x_wconf 92' lang='lat' dir='ltr'>sunt</span> <span class='ocrx_word' id='word_1_426' title='bbox 1802 4844 1960 4882; x_wconf 81' lang='lat' dir='ltr'>vanae</span> <span class='ocrx_word' id='word_1_427' title='bbox 1990 4828 2089 4883; x_wconf 86' lang='lat' dir='ltr'>do-</span> 
     </span>
    </p>
   </div>
   <div class='ocr_carea' id='block_1_55' title="bbox 444 4913 2088 4987">
    <p class='ocr_par' dir='ltr' id='par_1_55' title="bbox 444 4913 2088 4987">
     <span class='ocr_line' id='line_1_55' title="bbox 444 4913 2088 4987; baseline 0 -15"><span class='ocrx_word' id='word_1_428' title='bbox 444 4933 595 4985; x_wconf 88' lang='lat' dir='ltr'>mus,</span> <span class='ocrx_word' id='word_1_429' title='bbox 626 4933 754 4987; x_wconf 59' lang='lat' dir='ltr'>quas</span> <span class='ocrx_word' id='word_1_430' title='bbox 785 4915 1080 4971; x_wconf 62' lang='lat' dir='ltr'>aediﬁcatae</span> <span class='ocrx_word' id='word_1_431' title='bbox 1111 4918 1252 4970; x_wconf 90' lang='lat' dir='ltr'>sunt</span> <span class='ocrx_word' id='word_1_432' title='bbox 1281 4913 1342 4969; x_wconf 92' lang='lat' dir='ltr'>in</span> <span class='ocrx_word' id='word_1_433' title='bbox 1373 4914 1655 4970; x_wconf 89' lang='lat' dir='ltr'>derisum.</span> <span class='ocrx_word' id='word_1_434' title='bbox 1688 4915 1758 4969; x_wconf 91' lang='lat' dir='ltr'>Et</span> <span class='ocrx_word' id='word_1_435' title='bbox 1789 4915 1910 4971; x_wconf 68' lang='lat' dir='ltr'>ista:</span> <span class='ocrx_word' id='word_1_436' title='bbox 1931 4931 2088 4972; x_wconf 72' lang='lat' dir='ltr'>vana:</span> 
     </span>
    </p>
   </div>
   <div class='ocr_carea' id='block_1_56' title="bbox 514 5075 2087 5148">
    <p class='ocr_par' dir='ltr' id='par_1_56' title="bbox 514 5075 2087 5148">
     <span class='ocr_line' id='line_1_56' title="bbox 514 5075 2087 5148; baseline 0 -16"><span class='ocrx_word' id='word_1_437' title='bbox 514 5075 590 5148; x_wconf 89' lang='lat' dir='ltr'>(a)</span> <span class='ocrx_word' id='word_1_438' title='bbox 622 5075 914 5148; x_wconf 71' lang='lat' dir='ltr'>Victorius</span> <span class='ocrx_word' id='word_1_439' title='bbox 944 5075 1025 5148; x_wconf 82' lang='lat' dir='ltr'>ait</span> <span class='ocrx_word' id='word_1_440' title='bbox 1052 5077 1306 5148; x_wconf 75' lang='lat' dir='ltr'>iuventus</span> <span class='ocrx_word' id='word_1_441' title='bbox 1329 5083 1455 5148; x_wconf 68' lang='lat' dir='ltr'>tua,</span> <span class='ocrx_word' id='word_1_442' title='bbox 1489 5091 1603 5131; x_wconf 91' lang='lat' dir='ltr'>non</span> <span class='ocrx_word' id='word_1_443' title='bbox 1631 5077 1894 5141; x_wconf 80' lang='lat' dir='ltr'>senectus,</span> <span class='ocrx_word' id='word_1_444' title='bbox 1919 5080 2007 5148; x_wconf 89' lang='lat' dir='ltr'>est</span> <span class='ocrx_word' id='word_1_445' title='bbox 2027 5076 2087 5132; x_wconf 90' lang='lat' dir='ltr'>in</span> 
     </span>
    </p>
   </div>
   <div class='ocr_carea' id='block_1_57' title="bbox 442 5145 2085 5218">
    <p class='ocr_par' dir='ltr' id='par_1_57' title="bbox 442 5145 2085 5218">
     <span class='ocr_line' id='line_1_57' title="bbox 442 5145 2085 5218; baseline 0 -14"><span class='ocrx_word' id='word_1_446' title='bbox 442 5145 668 5204; x_wconf 85' lang='lat' dir='ltr'>cunctis</span> <span class='ocrx_word' id='word_1_447' title='bbox 721 5145 1074 5204; x_wconf 86' lang='lat' dir='ltr'>editionibus</span> <span class='ocrx_word' id='word_1_448' title='bbox 1133 5145 1436 5214; x_wconf 86' lang='lat' dir='ltr'>Hebraica,</span> <span class='ocrx_word' id='word_1_449' title='bbox 1494 5149 1708 5218; x_wconf 70' lang='lat' dir='ltr'>Graeca,</span> <span class='ocrx_word' id='word_1_450' title='bbox 1763 5151 1818 5202; x_wconf 90' lang='lat' dir='ltr'>et</span> <span class='ocrx_word' id='word_1_451' title='bbox 1862 5147 2085 5205; x_wconf 88' lang='lat' dir='ltr'>Latina.</span> 
     </span>
    </p>
   </div>
   <div class='ocr_carea' id='block_1_58' title="bbox 441 5219 2085 5291">
    <p class='ocr_par' dir='ltr' id='par_1_58' title="bbox 441 5219 2085 5291">
     <span class='ocr_line' id='line_1_58' title="bbox 441 5219 2085 5291; baseline 0.001 -16"><span class='ocrx_word' id='word_1_452' title='bbox 441 5219 598 5275; x_wconf 88' lang='lat' dir='ltr'>Nihil</span> <span class='ocrx_word' id='word_1_453' title='bbox 632 5223 827 5274; x_wconf 90' lang='lat' dir='ltr'>tamen</span> <span class='ocrx_word' id='word_1_454' title='bbox 861 5219 1239 5288; x_wconf 90' lang='lat' dir='ltr'>mutavimus,</span> <span class='ocrx_word' id='word_1_455' title='bbox 1274 5219 1412 5291; x_wconf 88' lang='lat' dir='ltr'>quia</span> <span class='ocrx_word' id='word_1_456' title='bbox 1433 5235 1670 5274; x_wconf 89' lang='lat' dir='ltr'>sensum</span> <span class='ocrx_word' id='word_1_457' title='bbox 1694 5219 1887 5290; x_wconf 88' lang='lat' dir='ltr'>potius</span> <span class='ocrx_word' id='word_1_458' title='bbox 1909 5236 2085 5290; x_wconf 89' lang='lat' dir='ltr'>quam</span> 
     </span>
    </p>
   </div>
   <div class='ocr_carea' id='block_1_59' title="bbox 437 5291 2087 5374">
    <p class='ocr_par' dir='ltr' id='par_1_59' title="bbox 437 5291 2087 5374">
     <span class='ocr_line' id='line_1_59' title="bbox 437 5291 2087 5374; baseline 0 -28"><span class='ocrx_word' id='word_1_459' title='bbox 437 5291 682 5374; x_wconf 78' lang='lat' dir='ltr'>verbum</span> <span class='ocrx_word' id='word_1_460' title='bbox 714 5291 956 5374; x_wconf 80' lang='lat' dir='ltr'>reddere</span> <span class='ocrx_word' id='word_1_461' title='bbox 984 5291 1260 5374; x_wconf 61' lang='lat' dir='ltr'>voluisse,</span> <span class='ocrx_word' id='word_1_462' title='bbox 1291 5295 1538 5374; x_wconf 70' lang='lat' dir='ltr'>apparet</span> <span class='ocrx_word' id='word_1_463' title='bbox 1588 5307 1655 5345; x_wconf 86' lang='lat' dir='ltr'>ex</span> <span class='ocrx_word' id='word_1_464' title='bbox 1689 5307 1796 5374; x_wconf 62' lang='lat' dir='ltr'>eo,</span> <span class='ocrx_word' id='word_1_465' title='bbox 1833 5291 1986 5374; x_wconf 71' lang='lat' dir='ltr'>quod</span> <span class='ocrx_word' id='word_1_466' title='bbox 2017 5291 2087 5373; x_wconf 79' lang='lat' dir='ltr'>de</span> 
     </span>
    </p>
   </div>
   <div class='ocr_carea' id='block_1_60' title="bbox 440 5361 2084 5492">
    <p class='ocr_par' dir='ltr' id='par_1_60' title="bbox 440 5361 2084 5492">
     <span class='ocr_line' id='line_1_60' title="bbox 441 5361 2084 5446; baseline 0.001 -29"><span class='ocrx_word' id='word_1_467' title='bbox 441 5362 649 5434; x_wconf 61' lang='lat' dir='ltr'>aquilae</span> <span class='ocrx_word' id='word_1_468' title='bbox 681 5367 978 5420; x_wconf 88' lang='lat' dir='ltr'>senectute</span> <span class='ocrx_word' id='word_1_469' title='bbox 1009 5380 1078 5420; x_wconf 82' lang='lat' dir='ltr'>ex</span> <span class='ocrx_word' id='word_1_470' title='bbox 1109 5361 1383 5446; x_wconf 68' lang='lat' dir='ltr'>Terentio</span> <span class='ocrx_word' id='word_1_471' title='bbox 1403 5361 1604 5444; x_wconf 81' lang='lat' dir='ltr'>statim</span> <span class='ocrx_word' id='word_1_472' title='bbox 1636 5361 1816 5416; x_wconf 89' lang='lat' dir='ltr'>addit.</span> <span class='ocrx_word' id='word_1_473' title='bbox 1852 5361 2084 5444; x_wconf 79' lang='lat' dir='ltr'>Alioqui</span> 
     </span>
     <span class='ocr_line' id='line_1_61' title="bbox 440 5432 2082 5492; baseline 0.001 -4"><span class='ocrx_word' id='word_1_474' title='bbox 440 5433 646 5489; x_wconf 90' lang='lat' dir='ltr'>Matth.</span> <span class='ocrx_word' id='word_1_475' title='bbox 672 5451 830 5492; x_wconf 74' lang='lat' dir='ltr'>xxxv.</span> <span class='ocrx_word' id='word_1_476' title='bbox 852 5450 1046 5492; x_wconf 85' lang='lat' dir='ltr'>veram</span> <span class='ocrx_word' id='word_1_477' title='bbox 1071 5435 1238 5490; x_wconf 77' lang='lat' dir='ltr'>nobis</span> <span class='ocrx_word' id='word_1_478' title='bbox 1260 5435 1434 5490; x_wconf 82' lang='lat' dir='ltr'>refert</span> <span class='ocrx_word' id='word_1_479' title='bbox 1452 5433 1780 5492; x_wconf 81' lang='lat' dir='ltr'>lectionem.</span> <span class='ocrx_word' id='word_1_480' title='bbox 1809 5432 1948 5488; x_wconf 90' lang='lat' dir='ltr'>dum</span> <span class='ocrx_word' id='word_1_481' title='bbox 1968 5437 2082 5490; x_wconf 81' lang='lat' dir='ltr'>ait:</span> 
     </span>
    </p>
   </div>
   <div class='ocr_carea' id='block_1_61' title="bbox 439 5475 2085 5633">
    <p class='ocr_par' dir='ltr' id='par_1_61' title="bbox 439 5475 2085 5633">
     <span class='ocr_line' id='line_1_62' title="bbox 439 5475 2085 5633; baseline 0.002 -74"><span class='ocrx_word' id='word_1_482' title='bbox 439 5475 646 5578; x_wconf 67' lang='grc' dir='ltr'>λίῑὲῑέιὲὲ</span> <span class='ocrx_word' id='word_1_483' title='bbox 675 5475 1240 5579; x_wconf 46' lang='lat' dir='ltr'>statutam;</span> <span class='ocrx_word' id='word_1_484' title='bbox 1260 5475 1444 5561; x_wconf 72' lang='grc' dir='ltr'>ἷςῖιὶἷὲιὲ</span> <span class='ocrx_word' id='word_1_485' title='bbox 1473 5475 2085 5633; x_wconf 53' lang='grc' dir='ltr'>ᾆῖιὲὧὶἓ”ι·η;ιὸυαιὶι“ὶεῖςὶ</span> 
     </span>
     <span class='ocr_line' id='line_1_63' title="bbox 439 5575 2080 5633; baseline 0 0"><span class='ocrx_word' id='word_1_486' title='bbox 439 5575 713 5633; x_wconf 80' lang='lat' dir='ltr'>iuventus.</span> <span class='ocrx_word' id='word_1_487' title='bbox 745 5581 806 5633; x_wconf 82' lang='lat' dir='ltr'>ut</span> <span class='ocrx_word' id='word_1_488' title='bbox 834 5579 1076 5633; x_wconf 71' lang='lat' dir='ltr'>aquilae:</span> <span class='ocrx_word' id='word_1_489' title='bbox 1110 5582 1162 5633; x_wconf 86' lang='lat' dir='ltr'>et</span> <span class='ocrx_word' id='word_1_490' title='bbox 1181 5582 1274 5633; x_wconf 86' lang='lat' dir='ltr'>aui</span> <span class='ocrx_word' id='word_1_491' title='bbox 1293 5578 1454 5633; x_wconf 76' lang='lat' dir='ltr'>iuxta</span> <span class='ocrx_word' id='word_1_492' title='bbox 1499 5578 1698 5633; x_wconf 91' lang='lat' dir='ltr'>saiam.</span> <span class='ocrx_word' id='word_1_493' title='bbox 1719 5576 2080 5633; x_wconf 79' lang='lat' dir='ltr'>olumescunl.</span> 
     </span>
    </p>
   </div>
   <div class='ocr_carea' id='block_1_62' title="bbox 350 5575 2080 5658">
    <p class='ocr_par' dir='ltr' id='par_1_62' title="bbox 350 5575 2080 5658">
     <span class='ocr_line' id='line_1_64' title="bbox 350 5575 2080 5658; baseline 0.001 -27"><span class='ocrx_word' id='word_1_494' title='bbox 350 5610 351 5613; x_wconf 61' lang='grc' dir='ltr'><strong>η</strong></span> <span class='ocrx_word' id='word_1_495' title='bbox 428 5575 713 5658; x_wconf 74' lang='lat' dir='ltr'>juventus,</span> <span class='ocrx_word' id='word_1_496' title='bbox 745 5581 806 5635; x_wconf 85' lang='lat' dir='ltr'>ut</span> <span class='ocrx_word' id='word_1_497' title='bbox 834 5575 1076 5652; x_wconf 69' lang='lat' dir='ltr'>aquilae:</span> <span class='ocrx_word' id='word_1_498' title='bbox 1110 5582 1162 5634; x_wconf 85' lang='lat' dir='ltr'>et</span> <span class='ocrx_word' id='word_1_499' title='bbox 1181 5582 1274 5654; x_wconf 85' lang='lat' dir='ltr'>qui</span> <span class='ocrx_word' id='word_1_500' title='bbox 1292 5578 1454 5650; x_wconf 74' lang='lat' dir='ltr'>iuxta</span> <span class='ocrx_word' id='word_1_501' title='bbox 1475 5575 1698 5650; x_wconf 78' lang='lat' dir='ltr'>Isaiam,</span> <span class='ocrx_word' id='word_1_502' title='bbox 1716 5576 2080 5651; x_wconf 79' lang='lat' dir='ltr'>plumescunt,</span> 
     </span>
    </p>
   </div>
   <div class='ocr_carea' id='block_1_63' title="bbox 2192 481 3720 555">
    <p class='ocr_par' dir='ltr' id='par_1_63' title="bbox 2192 481 3720 555">
     <span class='ocr_line' id='line_1_65' title="bbox 2192 481 3720 555; baseline 0.003 -19"><span class='ocrx_word' id='word_1_503' title='bbox 2192 489 2311 537; x_wconf 85' lang='lat' dir='ltr'>tum</span> <span class='ocrx_word' id='word_1_504' title='bbox 2347 485 2417 536; x_wconf 83' lang='lat' dir='ltr'>ad</span> <span class='ocrx_word' id='word_1_505' title='bbox 2444 483 2745 537; x_wconf 83' lang='lat' dir='ltr'>historiam</span> <span class='ocrx_word' id='word_1_506' title='bbox 2769 482 3042 554; x_wconf 90' lang='lat' dir='ltr'>pertinet,</span> <span class='ocrx_word' id='word_1_507' title='bbox 3068 481 3157 536; x_wconf 91' lang='lat' dir='ltr'>his</span> <span class='ocrx_word' id='word_1_508' title='bbox 3176 481 3395 552; x_wconf 84' lang='lat' dir='ltr'>regibus</span> <span class='ocrx_word' id='word_1_509' title='bbox 3413 497 3618 552; x_wconf 90' lang='lat' dir='ltr'>quorum</span> <span class='ocrx_word' id='word_1_510' title='bbox 3636 501 3720 555; x_wconf 84' lang='lat' dir='ltr'>pec-</span> 
     </span>
    </p>
   </div>
   <div class='ocr_carea' id='block_1_64' title="bbox 2192 568 3721 645">
    <p class='ocr_par' dir='ltr' id='par_1_64' title="bbox 2192 568 3721 645">
     <span class='ocr_line' id='line_1_66' title="bbox 2192 568 3721 645; baseline 0.001 -19"><span class='ocrx_word' id='word_1_511' title='bbox 2192 579 2319 626; x_wconf 87' lang='lat' dir='ltr'>cata</span> <span class='ocrx_word' id='word_1_512' title='bbox 2352 572 2406 624; x_wconf 88' lang='lat' dir='ltr'>in</span> <span class='ocrx_word' id='word_1_513' title='bbox 2442 571 2773 642; x_wconf 76' lang='lat' dir='ltr'>ltegnorum</span> <span class='ocrx_word' id='word_1_514' title='bbox 2801 574 2856 626; x_wconf 89' lang='lat' dir='ltr'>et</span> <span class='ocrx_word' id='word_1_515' title='bbox 2905 568 3364 640; x_wconf 89' lang='lat' dir='ltr'>Paralipomenon</span> <span class='ocrx_word' id='word_1_516' title='bbox 3405 568 3548 624; x_wconf 88' lang='lat' dir='ltr'>libris</span> <span class='ocrx_word' id='word_1_517' title='bbox 3571 573 3721 645; x_wconf 76' lang='lat' dir='ltr'>scripta</span> 
     </span>
    </p>
   </div>
   <div class='ocr_carea' id='block_1_65' title="bbox 2194 657 3721 731">
    <p class='ocr_par' dir='ltr' id='par_1_65' title="bbox 2194 657 3721 731">
     <span class='ocr_line' id='line_1_67' title="bbox 2194 657 3721 731; baseline 0.003 -17"><span class='ocrx_word' id='word_1_518' title='bbox 2194 665 2367 715; x_wconf 89' lang='lat' dir='ltr'>sunt:</span> <span class='ocrx_word' id='word_1_519' title='bbox 2402 664 2689 731; x_wconf 88' lang='lat' dir='ltr'>quantum</span> <span class='ocrx_word' id='word_1_520' title='bbox 2724 664 2920 715; x_wconf 88' lang='lat' dir='ltr'>autem</span> <span class='ocrx_word' id='word_1_521' title='bbox 2970 659 3040 714; x_wconf 90' lang='lat' dir='ltr'>ad</span> <span class='ocrx_word' id='word_1_522' title='bbox 3098 673 3396 729; x_wconf 87' lang='lat' dir='ltr'>anagogen,</span> <span class='ocrx_word' id='word_1_523' title='bbox 3449 657 3721 730; x_wconf 83' lang='lat' dir='ltr'>principibus</span> 
     </span>
    </p>
   </div>
   <div class='ocr_carea' id='block_1_66' title="bbox 2193 746 3724 819">
    <p class='ocr_par' dir='ltr' id='par_1_66' title="bbox 2193 746 3724 819">
     <span class='ocr_line' id='line_1_68' title="bbox 2193 746 3724 819; baseline -0.001 -15"><span class='ocrx_word' id='word_1_524' title='bbox 2193 749 2619 815; x_wconf 68' lang='lat' dir='ltr'>haereticorum,</span> <span class='ocrx_word' id='word_1_525' title='bbox 2647 748 3012 818; x_wconf 90' lang='lat' dir='ltr'>ducibusque</span> <span class='ocrx_word' id='word_1_526' title='bbox 3034 762 3415 819; x_wconf 89' lang='lat' dir='ltr'>perversorum</span> <span class='ocrx_word' id='word_1_527' title='bbox 3434 746 3724 818; x_wconf 84' lang='lat' dir='ltr'>dogmatum;</span> 
     </span>
    </p>
   </div>
   <div class='ocr_carea' id='block_1_67' title="bbox 2195 835 3728 893">
    <p class='ocr_par' dir='ltr' id='par_1_67' title="bbox 2195 835 3728 893">
     <span class='ocr_line' id='line_1_69' title="bbox 2195 835 3728 893; baseline 0 -1"><span class='ocrx_word' id='word_1_528' title='bbox 2195 837 2288 893; x_wconf 91' lang='lat' dir='ltr'>his</span> <span class='ocrx_word' id='word_1_529' title='bbox 2309 837 2466 892; x_wconf 90' lang='lat' dir='ltr'>enim</span> <span class='ocrx_word' id='word_1_530' title='bbox 2489 838 2698 892; x_wconf 93' lang='lat' dir='ltr'>domus</span> <span class='ocrx_word' id='word_1_531' title='bbox 2720 853 2878 890; x_wconf 80' lang='lat' dir='ltr'>vanae</span> <span class='ocrx_word' id='word_1_532' title='bbox 2906 840 3046 891; x_wconf 90' lang='lat' dir='ltr'>sunt</span> <span class='ocrx_word' id='word_1_533' title='bbox 3064 839 3120 890; x_wconf 90' lang='lat' dir='ltr'>et</span> <span class='ocrx_word' id='word_1_534' title='bbox 3153 835 3356 890; x_wconf 84' lang='lat' dir='ltr'>frustra</span> <span class='ocrx_word' id='word_1_535' title='bbox 3399 839 3664 892; x_wconf 71' lang='lat' dir='ltr'>exstructa.</span> <span class='ocrx_word' id='word_1_536' title='bbox 3684 837 3728 892; x_wconf 81' lang='lat' dir='ltr'>Et</span> 
     </span>
    </p>
   </div>
   <div class='ocr_carea' id='block_1_68' title="bbox 2195 923 3728 997">
    <p class='ocr_par' dir='ltr' id='par_1_68' title="bbox 2195 923 3728 997">
     <span class='ocr_line' id='line_1_70' title="bbox 2195 923 3728 997; baseline -0.002 -15"><span class='ocrx_word' id='word_1_537' title='bbox 2195 926 2422 982; x_wconf 90' lang='lat' dir='ltr'>tamdiu</span> <span class='ocrx_word' id='word_1_538' title='bbox 2446 930 2900 997; x_wconf 79' lang='lat' dir='ltr'>perseverantes,</span> <span class='ocrx_word' id='word_1_539' title='bbox 2916 925 3096 979; x_wconf 91' lang='lat' dir='ltr'>donec</span> <span class='ocrx_word' id='word_1_540' title='bbox 3110 923 3649 979; x_wconf 70' lang='lat' dir='ltr'>teneanteashzeredes</span> <span class='ocrx_word' id='word_1_541' title='bbox 3663 925 3728 995; x_wconf 86' lang='lat' dir='ltr'>qui</span> 
     </span>
    </p>
   </div>
   <div class='ocr_carea' id='block_1_69' title="bbox 2197 1011 3730 1082">
    <p class='ocr_par' dir='ltr' id='par_1_69' title="bbox 2197 1011 3730 1082">
     <span class='ocr_line' id='line_1_71' title="bbox 2197 1011 3730 1082; baseline -0.002 -12"><span class='ocrx_word' id='word_1_542' title='bbox 2197 1033 2230 1070; x_wconf 79' lang='grc' dir='ltr'>θ.</span> <span class='ocrx_word' id='word_1_543' title='bbox 2253 1015 2498 1070; x_wconf 90' lang='lat' dir='ltr'>Domino</span> <span class='ocrx_word' id='word_1_544' title='bbox 2523 1014 2849 1069; x_wconf 87' lang='lat' dir='ltr'>adducendi</span> <span class='ocrx_word' id='word_1_545' title='bbox 2875 1017 3032 1068; x_wconf 87' lang='lat' dir='ltr'>sunt.</span> <span class='ocrx_word' id='word_1_546' title='bbox 3057 1016 3194 1066; x_wconf 88' lang='lat' dir='ltr'>Post</span> <span class='ocrx_word' id='word_1_547' title='bbox 3213 1013 3326 1067; x_wconf 67' lang='lat' dir='ltr'>haec</span> <span class='ocrx_word' id='word_1_548' title='bbox 3366 1011 3624 1082; x_wconf 85' lang='lat' dir='ltr'>sequitur:</span> <span class='ocrx_word' id='word_1_549' title='bbox 3647 1014 3730 1079; x_wconf 71' lang='lat' dir='ltr'>Qua</span> 
     </span>
    </p>
   </div>
   <div class='ocr_carea' id='block_1_70' title="bbox 2198 1099 3735 1171">
    <p class='ocr_par' dir='ltr' id='par_1_70' title="bbox 2198 1099 3735 1171">
     <span class='ocr_line' id='line_1_72' title="bbox 2198 1099 3735 1171; baseline -0.002 -13"><span class='ocrx_word' id='word_1_550' title='bbox 2198 1105 2413 1158; x_wconf 85' lang='lat' dir='ltr'>habitas</span> <span class='ocrx_word' id='word_1_551' title='bbox 2432 1103 2572 1158; x_wconf 82' lang='lat' dir='ltr'>Lach</span> <span class='ocrx_word' id='word_1_552' title='bbox 2582 1104 2644 1168; x_wconf 88' lang='lat' dir='ltr'>is,</span> <span class='ocrx_word' id='word_1_553' title='bbox 2669 1103 2958 1158; x_wconf 66' lang='lat' dir='ltr'>haereditas</span> <span class='ocrx_word' id='word_1_554' title='bbox 2975 1117 3145 1171; x_wconf 84' lang='lat' dir='ltr'>usque</span> <span class='ocrx_word' id='word_1_555' title='bbox 3161 1100 3393 1156; x_wconf 80' lang='lat' dir='ltr'>Odollam</span> <span class='ocrx_word' id='word_1_556' title='bbox 3408 1102 3578 1155; x_wconf 80' lang='lat' dir='ltr'>veniet.</span> <span class='ocrx_word' id='word_1_557' title='bbox 3591 1099 3735 1155; x_wconf 80' lang='lat' dir='ltr'>Odolls</span> 
     </span>
    </p>
   </div>
   <div class='ocr_carea' id='block_1_71' title="bbox 2196 1188 3736 1263">
    <p class='ocr_par' dir='ltr' id='par_1_71' title="bbox 2196 1188 3736 1263">
     <span class='ocr_line' id='line_1_73' title="bbox 2196 1188 3736 1263; baseline -0.001 -18"><span class='ocrx_word' id='word_1_558' title='bbox 2196 1192 2611 1263; x_wconf 87' lang='lat' dir='ltr'>interpretatur</span> <span class='ocrx_word' id='word_1_559' title='bbox 2667 1192 3038 1246; x_wconf 77' lang='lat' dir='ltr'>testimonium</span> <span class='ocrx_word' id='word_1_560' title='bbox 3086 1190 3328 1255; x_wconf 79' lang='lat' dir='ltr'>haustus,</span> <span class='ocrx_word' id='word_1_561' title='bbox 3370 1188 3452 1244; x_wconf 91' lang='lat' dir='ltr'>vel</span> <span class='ocrx_word' id='word_1_562' title='bbox 3488 1189 3736 1244; x_wconf 76' lang='lat' dir='ltr'>haurilionis</span> 
     </span>
    </p>
   </div>
   <div class='ocr_carea' id='block_1_72' title="bbox 2197 1275 3737 1350">
    <p class='ocr_par' dir='ltr' id='par_1_72' title="bbox 2197 1275 3737 1350">
     <span class='ocr_line' id='line_1_74' title="bbox 2197 1275 3737 1350; baseline -0.003 -16"><span class='ocrx_word' id='word_1_563' title='bbox 2197 1296 2404 1344; x_wconf 82' lang='lat' dir='ltr'>eorum,</span> <span class='ocrx_word' id='word_1_564' title='bbox 2437 1279 2591 1350; x_wconf 91' lang='lat' dir='ltr'>quod</span> <span class='ocrx_word' id='word_1_565' title='bbox 2624 1279 2682 1332; x_wconf 91' lang='lat' dir='ltr'>in</span> <span class='ocrx_word' id='word_1_566' title='bbox 2711 1278 2904 1332; x_wconf 86' lang='lat' dir='ltr'>Graeco</span> <span class='ocrx_word' id='word_1_567' title='bbox 2953 1276 3371 1348; x_wconf 88' lang='lat' dir='ltr'>signiﬁcantius</span> <span class='ocrx_word' id='word_1_568' title='bbox 3423 1277 3550 1330; x_wconf 73' lang='grc'>447</span> <span class='ocrx_word' id='word_1_569' title='bbox 3583 1275 3737 1330; x_wconf 80' lang='lat' dir='ltr'>dicitur</span> 
     </span>
    </p>
   </div>
   <div class='ocr_carea' id='block_1_73' title="bbox 2203 1363 3738 1440">
    <p class='ocr_par' dir='ltr' id='par_1_73' title="bbox 2203 1363 3738 1440">
     <span class='ocr_line' id='line_1_75' title="bbox 2203 1363 3738 1440; baseline -0.001 -20"><span class='ocrx_word' id='word_1_570' title='bbox 2203 1365 2470 1440; x_wconf 75' lang='grc' dir='ltr'>μαρτυρία</span> <span class='ocrx_word' id='word_1_571' title='bbox 2502 1363 2814 1434; x_wconf 70' lang='grc' dir='ltr'>ἀντλήσεως</span> <span class='ocrx_word' id='word_1_572' title='bbox 2847 1363 3043 1420; x_wconf 75' lang='grc' dir='ltr'>αὐτῶν.</span> <span class='ocrx_word' id='word_1_573' title='bbox 3072 1365 3336 1438; x_wconf 81' lang='lat' dir='ltr'>Legimus</span> <span class='ocrx_word' id='word_1_574' title='bbox 3364 1366 3417 1419; x_wconf 88' lang='lat' dir='ltr'>in</span> <span class='ocrx_word' id='word_1_575' title='bbox 3460 1365 3738 1419; x_wconf 80' lang='lat' dir='ltr'>Proverbiis:</span> 
     </span>
    </p>
   </div>
   <div class='ocr_carea' id='block_1_74' title="bbox 2200 1453 3738 1526">
    <p class='ocr_par' dir='ltr' id='par_1_74' title="bbox 2200 1453 3738 1526">
     <span class='ocr_line' id='line_1_76' title="bbox 2200 1453 3738 1526; baseline -0.004 -15"><span class='ocrx_word' id='word_1_576' title='bbox 2200 1458 2260 1512; x_wconf 89' lang='lat' dir='ltr'>Si</span> <span class='ocrx_word' id='word_1_577' title='bbox 2287 1459 2466 1511; x_wconf 83' lang='lat' dir='ltr'>malus</span> <span class='ocrx_word' id='word_1_578' title='bbox 2496 1458 2690 1526; x_wconf 83' lang='lat' dir='ltr'>fueris,</span> <span class='ocrx_word' id='word_1_579' title='bbox 2725 1456 2869 1510; x_wconf 87' lang='lat' dir='ltr'>solus</span> <span class='ocrx_word' id='word_1_580' title='bbox 2924 1455 3150 1510; x_wconf 83' lang='lat' dir='ltr'>hauries</span> <span class='ocrx_word' id='word_1_581' title='bbox 3204 1455 3346 1508; x_wconf 89' lang='lat' dir='ltr'>mala</span> <span class='ocrx_word' id='word_1_582' title='bbox 3398 1454 3556 1524; x_wconf 83' lang='lat' dir='ltr'>(Prov.</span> <span class='ocrx_word' id='word_1_583' title='bbox 3581 1469 3640 1520; x_wconf 85' lang='lat' dir='ltr'>Iv,</span> <span class='ocrx_word' id='word_1_584' title='bbox 3667 1453 3738 1521; x_wconf 87' lang='grc'>11).</span> 
     </span>
    </p>
   </div>
   <div class='ocr_carea' id='block_1_75' title="bbox 2200 1541 3743 1617">
    <p class='ocr_par' dir='ltr' id='par_1_75' title="bbox 2200 1541 3743 1617">
     <span class='ocr_line' id='line_1_77' title="bbox 2200 1541 3743 1617; baseline -0.003 -17"><span class='ocrx_word' id='word_1_585' title='bbox 2200 1549 2334 1612; x_wconf 67' lang='lat' dir='ltr'>Quae</span> <span class='ocrx_word' id='word_1_586' title='bbox 2368 1546 2545 1617; x_wconf 85' lang='lat' dir='ltr'>igitur</span> <span class='ocrx_word' id='word_1_587' title='bbox 2573 1543 2800 1599; x_wconf 88' lang='lat' dir='ltr'>habitat</span> <span class='ocrx_word' id='word_1_588' title='bbox 2822 1544 2882 1598; x_wconf 89' lang='lat' dir='ltr'>in</span> <span class='ocrx_word' id='word_1_589' title='bbox 2907 1542 3132 1614; x_wconf 90' lang='lat' dir='ltr'>Lachis,</span> <span class='ocrx_word' id='word_1_590' title='bbox 3156 1542 3212 1596; x_wconf 91' lang='lat' dir='ltr'>id</span> <span class='ocrx_word' id='word_1_591' title='bbox 3235 1547 3337 1608; x_wconf 90' lang='lat' dir='ltr'>est,</span> <span class='ocrx_word' id='word_1_592' title='bbox 3371 1541 3426 1595; x_wconf 93' lang='lat' dir='ltr'>in</span> <span class='ocrx_word' id='word_1_593' title='bbox 3468 1541 3637 1596; x_wconf 87' lang='lat' dir='ltr'>itinere</span> <span class='ocrx_word' id='word_1_594' title='bbox 3652 1556 3743 1611; x_wconf 84' lang='lat' dir='ltr'>pes-</span> 
     </span>
    </p>
   </div>
   <div class='ocr_carea' id='block_1_76' title="bbox 2202 1627 3745 1703">
    <p class='ocr_par' dir='ltr' id='par_1_76' title="bbox 2202 1627 3745 1703">
     <span class='ocr_line' id='line_1_78' title="bbox 2202 1627 3745 1703; baseline -0.005 -13"><span class='ocrx_word' id='word_1_595' title='bbox 2202 1637 2373 1698; x_wconf 91' lang='lat' dir='ltr'>simo,</span> <span class='ocrx_word' id='word_1_596' title='bbox 2406 1633 2595 1688; x_wconf 87' lang='lat' dir='ltr'>veniet</span> <span class='ocrx_word' id='word_1_597' title='bbox 2625 1649 2811 1703; x_wconf 90' lang='lat' dir='ltr'>usque</span> <span class='ocrx_word' id='word_1_598' title='bbox 2843 1633 2912 1687; x_wconf 89' lang='lat' dir='ltr'>ad</span> <span class='ocrx_word' id='word_1_599' title='bbox 2983 1631 3376 1687; x_wconf 87' lang='lat' dir='ltr'>testimonium</span> <span class='ocrx_word' id='word_1_600' title='bbox 3432 1627 3745 1684; x_wconf 82' lang='lat' dir='ltr'>exhaustionis</span> 
     </span>
    </p>
   </div>
   <div class='ocr_carea' id='block_1_77' title="bbox 2201 1719 3746 1794">
    <p class='ocr_par' dir='ltr' id='par_1_77' title="bbox 2201 1719 3746 1794">
     <span class='ocr_line' id='line_1_79' title="bbox 2201 1719 3746 1794; baseline -0.004 -15"><span class='ocrx_word' id='word_1_601' title='bbox 2201 1741 2343 1789; x_wconf 54' lang='lat' dir='ltr'>sure,</span> <span class='ocrx_word' id='word_1_602' title='bbox 2376 1723 2531 1794; x_wconf 88' lang='lat' dir='ltr'>quod</span> <span class='ocrx_word' id='word_1_603' title='bbox 2565 1720 2867 1777; x_wconf 82' lang='lat' dir='ltr'>exhauriet</span> <span class='ocrx_word' id='word_1_604' title='bbox 2922 1725 3098 1792; x_wconf 88' lang='lat' dir='ltr'>atque</span> <span class='ocrx_word' id='word_1_605' title='bbox 3155 1719 3341 1775; x_wconf 89' lang='lat' dir='ltr'>ebibet</span> <span class='ocrx_word' id='word_1_606' title='bbox 3386 1720 3536 1790; x_wconf 82' lang='lat' dir='ltr'>juxta</span> <span class='ocrx_word' id='word_1_607' title='bbox 3571 1733 3746 1790; x_wconf 86' lang='lat' dir='ltr'>operum</span> 
     </span>
    </p>
   </div>
   <div class='ocr_carea' id='block_1_78' title="bbox 2201 1807 3748 1879">
    <p class='ocr_par' dir='ltr' id='par_1_78' title="bbox 2201 1807 3748 1879">
     <span class='ocr_line' id='line_1_80' title="bbox 2201 1807 3748 1879; baseline -0.005 -12"><span class='ocrx_word' id='word_1_608' title='bbox 2201 1828 2443 1868; x_wconf 90' lang='lat' dir='ltr'>suorum</span> <span class='ocrx_word' id='word_1_609' title='bbox 2466 1827 2826 1867; x_wconf 89' lang='lat' dir='ltr'>mensuram.</span> <span class='ocrx_word' id='word_1_610' title='bbox 2851 1808 2953 1865; x_wconf 86' lang='lat' dir='ltr'>Vel</span> <span class='ocrx_word' id='word_1_611' title='bbox 2975 1814 3130 1864; x_wconf 90' lang='lat' dir='ltr'>certe</span> <span class='ocrx_word' id='word_1_612' title='bbox 3153 1810 3234 1864; x_wconf 90' lang='lat' dir='ltr'>ita</span> <span class='ocrx_word' id='word_1_613' title='bbox 3254 1807 3688 1879; x_wconf 88' lang='lat' dir='ltr'>distinguendum,</span> <span class='ocrx_word' id='word_1_614' title='bbox 3704 1809 3748 1860; x_wconf 88' lang='lat' dir='ltr'>ut</span> 
     </span>
    </p>
   </div>
   <div class='ocr_carea' id='block_1_79' title="bbox 2201 1894 3749 1971">
    <p class='ocr_par' dir='ltr' id='par_1_79' title="bbox 2201 1894 3749 1971">
     <span class='ocr_line' id='line_1_81' title="bbox 2201 1894 3749 1971; baseline -0.006 -15"><span class='ocrx_word' id='word_1_615' title='bbox 2201 1901 2310 1956; x_wconf 76' lang='lat' dir='ltr'>hoc</span> <span class='ocrx_word' id='word_1_616' title='bbox 2341 1901 2495 1971; x_wconf 93' lang='lat' dir='ltr'>quod</span> <span class='ocrx_word' id='word_1_617' title='bbox 2527 1899 2761 1963; x_wconf 89' lang='lat' dir='ltr'>dicitur,</span> <span class='ocrx_word' id='word_1_618' title='bbox 2795 1915 2912 1969; x_wconf 68' lang='lat' dir='ltr'>quae</span> <span class='ocrx_word' id='word_1_619' title='bbox 2943 1898 3156 1953; x_wconf 76' lang='lat' dir='ltr'>habitas</span> <span class='ocrx_word' id='word_1_620' title='bbox 3193 1898 3398 1965; x_wconf 88' lang='lat' dir='ltr'>Lachis,</span> <span class='ocrx_word' id='word_1_621' title='bbox 3428 1897 3492 1950; x_wconf 90' lang='lat' dir='ltr'>ad</span> <span class='ocrx_word' id='word_1_622' title='bbox 3520 1894 3749 1966; x_wconf 74' lang='lat' dir='ltr'>superiora</span> 
     </span>
    </p>
   </div>
   <div class='ocr_carea' id='block_1_80' title="bbox 2203 1982 3747 2053">
    <p class='ocr_par' dir='ltr' id='par_1_80' title="bbox 2203 1982 3747 2053">
     <span class='ocr_line' id='line_1_82' title="bbox 2203 1982 3747 2053; baseline -0.006 -9"><span class='ocrx_word' id='word_1_623' title='bbox 2203 1991 2503 2053; x_wconf 89' lang='lat' dir='ltr'>referatur,</span> <span class='ocrx_word' id='word_1_624' title='bbox 2529 1993 2584 2043; x_wconf 89' lang='lat' dir='ltr'>et</span> <span class='ocrx_word' id='word_1_625' title='bbox 2607 1989 2684 2044; x_wconf 87' lang='lat' dir='ltr'>sit</span> <span class='ocrx_word' id='word_1_626' title='bbox 2705 1988 2846 2043; x_wconf 89' lang='lat' dir='ltr'>ordo</span> <span class='ocrx_word' id='word_1_627' title='bbox 2870 2005 2935 2042; x_wconf 91' lang='lat' dir='ltr'>ac</span> <span class='ocrx_word' id='word_1_628' title='bbox 2958 2003 3169 2042; x_wconf 87' lang='lat' dir='ltr'>sensus</span> <span class='ocrx_word' id='word_1_629' title='bbox 3193 2005 3206 2041; x_wconf 91' lang='lat'>:</span> <span class='ocrx_word' id='word_1_630' title='bbox 3249 1986 3530 2040; x_wconf 85' lang='lat' dir='ltr'>Adducam</span> <span class='ocrx_word' id='word_1_631' title='bbox 3562 1982 3747 2038; x_wconf 69' lang='lat' dir='ltr'>heredes</span> 
     </span>
    </p>
   </div>
   <div class='ocr_carea' id='block_1_81' title="bbox 2200 2071 3749 2147">
    <p class='ocr_par' dir='ltr' id='par_1_81' title="bbox 2200 2071 3749 2147">
     <span class='ocr_line' id='line_1_83' title="bbox 2200 2071 3749 2147; baseline -0.006 -15"><span class='ocrx_word' id='word_1_632' title='bbox 2200 2078 2306 2133; x_wconf 91' lang='lat' dir='ltr'>tibi</span> <span class='ocrx_word' id='word_1_633' title='bbox 2324 2078 2394 2132; x_wconf 93' lang='lat' dir='ltr'>de</span> <span class='ocrx_word' id='word_1_634' title='bbox 2414 2076 2690 2140; x_wconf 85' lang='lat' dir='ltr'>Ecclesia,</span> <span class='ocrx_word' id='word_1_635' title='bbox 2721 2093 2847 2147; x_wconf 71' lang='lat' dir='ltr'>qua:</span> <span class='ocrx_word' id='word_1_636' title='bbox 2881 2075 3110 2130; x_wconf 87' lang='lat' dir='ltr'>habitas</span> <span class='ocrx_word' id='word_1_637' title='bbox 3134 2074 3356 2144; x_wconf 88' lang='lat' dir='ltr'>Lachis,</span> <span class='ocrx_word' id='word_1_638' title='bbox 3405 2073 3528 2145; x_wconf 85' lang='lat' dir='ltr'>quia</span> <span class='ocrx_word' id='word_1_639' title='bbox 3549 2072 3606 2127; x_wconf 87' lang='lat' dir='ltr'>de</span> <span class='ocrx_word' id='word_1_640' title='bbox 3627 2071 3749 2124; x_wconf 73' lang='lat' dir='ltr'>hare-</span> 
     </span>
    </p>
   </div>
   <div class='ocr_carea' id='block_1_82' title="bbox 2203 2157 3749 2230">
    <p class='ocr_par' dir='ltr' id='par_1_82' title="bbox 2203 2157 3749 2230">
     <span class='ocr_line' id='line_1_84' title="bbox 2203 2157 3749 2230; baseline -0.007 -9"><span class='ocrx_word' id='word_1_641' title='bbox 2203 2167 2385 2221; x_wconf 89' lang='lat' dir='ltr'>ditate</span> <span class='ocrx_word' id='word_1_642' title='bbox 2417 2165 2646 2220; x_wconf 91' lang='lat' dir='ltr'>Domini</span> <span class='ocrx_word' id='word_1_643' title='bbox 2679 2170 2735 2219; x_wconf 91' lang='lat' dir='ltr'>et</span> <span class='ocrx_word' id='word_1_644' title='bbox 2759 2170 2817 2219; x_wconf 89' lang='lat' dir='ltr'>tu</span> <span class='ocrx_word' id='word_1_645' title='bbox 2851 2163 2986 2229; x_wconf 89' lang='lat' dir='ltr'>eris,</span> <span class='ocrx_word' id='word_1_646' title='bbox 3011 2179 3147 2218; x_wconf 90' lang='lat' dir='ltr'>cum</span> <span class='ocrx_word' id='word_1_647' title='bbox 3169 2163 3445 2228; x_wconf 81' lang='lat' dir='ltr'>hauseris,</span> <span class='ocrx_word' id='word_1_648' title='bbox 3471 2167 3522 2216; x_wconf 88' lang='lat' dir='ltr'>et</span> <span class='ocrx_word' id='word_1_649' title='bbox 3540 2157 3749 2230; x_wconf 84' lang='lat' dir='ltr'>receperis</span> 
     </span>
    </p>
   </div>
   <div class='ocr_carea' id='block_1_83' title="bbox 2204 2249 3752 2325">
    <p class='ocr_par' dir='ltr' id='par_1_83' title="bbox 2204 2249 3752 2325">
     <span class='ocr_line' id='line_1_85' title="bbox 2204 2249 3752 2325; baseline -0.005 -16"><span class='ocrx_word' id='word_1_650' title='bbox 2204 2271 2331 2325; x_wconf 66' lang='lat' dir='ltr'>quae</span> <span class='ocrx_word' id='word_1_651' title='bbox 2367 2253 2626 2309; x_wconf 87' lang='lat' dir='ltr'>mereris.</span> <span class='ocrx_word' id='word_1_652' title='bbox 2660 2253 2908 2309; x_wconf 90' lang='lat' dir='ltr'>Obsecro</span> <span class='ocrx_word' id='word_1_653' title='bbox 2939 2252 2994 2306; x_wconf 88' lang='lat' dir='ltr'>in</span> <span class='ocrx_word' id='word_1_654' title='bbox 3029 2251 3269 2323; x_wconf 88' lang='lat' dir='ltr'>capituli</span> <span class='ocrx_word' id='word_1_655' title='bbox 3299 2251 3408 2305; x_wconf 91' lang='lat' dir='ltr'>ﬁne</span> <span class='ocrx_word' id='word_1_656' title='bbox 3443 2249 3682 2317; x_wconf 87' lang='lat' dir='ltr'>lectorem,</span> <span class='ocrx_word' id='word_1_657' title='bbox 3705 2260 3752 2301; x_wconf 81' lang='lat' dir='ltr'>ne</span> 
     </span>
    </p>
   </div>
   <div class='ocr_carea' id='block_1_84' title="bbox 2205 2336 3752 2411">
    <p class='ocr_par' dir='ltr' id='par_1_84' title="bbox 2205 2336 3752 2411">
     <span class='ocr_line' id='line_1_86' title="bbox 2205 2336 3752 2411; baseline -0.007 -13"><span class='ocrx_word' id='word_1_658' title='bbox 2205 2342 2632 2407; x_wconf 89' lang='lat' dir='ltr'>necessitatem,</span> <span class='ocrx_word' id='word_1_659' title='bbox 2667 2341 3026 2396; x_wconf 88' lang='lat' dir='ltr'>voluntatem</span> <span class='ocrx_word' id='word_1_660' title='bbox 3084 2345 3266 2411; x_wconf 89' lang='lat' dir='ltr'>putet,</span> <span class='ocrx_word' id='word_1_661' title='bbox 3325 2343 3378 2395; x_wconf 90' lang='lat' dir='ltr'>et</span> <span class='ocrx_word' id='word_1_662' title='bbox 3425 2336 3752 2410; x_wconf 84' lang='lat' dir='ltr'>expositionem</span> 
     </span>
    </p>
   </div>
   <div class='ocr_carea' id='block_1_85' title="bbox 2206 2425 3755 2503">
    <p class='ocr_par' dir='ltr' id='par_1_85' title="bbox 2206 2425 3755 2503">
     <span class='ocr_line' id='line_1_87' title="bbox 2206 2425 3755 2503; baseline -0.007 -18"><span class='ocrx_word' id='word_1_663' title='bbox 2206 2431 2510 2503; x_wconf 87' lang='lat' dir='ltr'>prolixam,</span> <span class='ocrx_word' id='word_1_664' title='bbox 2528 2431 2938 2485; x_wconf 87' lang='lat' dir='ltr'>verbositatem</span> <span class='ocrx_word' id='word_1_665' title='bbox 2957 2430 3270 2494; x_wconf 84' lang='lat' dir='ltr'>existimet,</span> <span class='ocrx_word' id='word_1_666' title='bbox 3288 2428 3566 2500; x_wconf 89' lang='lat' dir='ltr'>magisque</span> <span class='ocrx_word' id='word_1_667' title='bbox 3581 2425 3755 2480; x_wconf 84' lang='lat' dir='ltr'>miretur</span> 
     </span>
    </p>
   </div>
   <div class='ocr_carea' id='block_1_86' title="bbox 2205 2516 3756 2590">
    <p class='ocr_par' dir='ltr' id='par_1_86' title="bbox 2205 2516 3756 2590">
     <span class='ocr_line' id='line_1_88' title="bbox 2205 2516 3756 2590; baseline -0.006 -15"><span class='ocrx_word' id='word_1_668' title='bbox 2205 2521 2266 2575; x_wconf 91' lang='lat' dir='ltr'>in</span> <span class='ocrx_word' id='word_1_669' title='bbox 2290 2519 2433 2574; x_wconf 89' lang='lat' dir='ltr'>locis</span> <span class='ocrx_word' id='word_1_670' title='bbox 2463 2523 2583 2574; x_wconf 89' lang='lat' dir='ltr'>tam</span> <span class='ocrx_word' id='word_1_671' title='bbox 2638 2519 2859 2590; x_wconf 82' lang='lat' dir='ltr'>asperis</span> <span class='ocrx_word' id='word_1_672' title='bbox 2911 2535 3006 2574; x_wconf 90' lang='lat' dir='ltr'>me</span> <span class='ocrx_word' id='word_1_673' title='bbox 3063 2517 3283 2589; x_wconf 88' lang='lat' dir='ltr'>aliquid</span> <span class='ocrx_word' id='word_1_674' title='bbox 3335 2516 3582 2580; x_wconf 89' lang='lat' dir='ltr'>invenire,</span> <span class='ocrx_word' id='word_1_675' title='bbox 3632 2526 3756 2583; x_wconf 84' lang='lat' dir='ltr'>quam</span> 
     </span>
    </p>
   </div>
   <div class='ocr_carea' id='block_1_87' title="bbox 2207 2603 3758 2679">
    <p class='ocr_par' dir='ltr' id='par_1_87' title="bbox 2207 2603 3758 2679">
     <span class='ocr_line' id='line_1_89' title="bbox 2207 2603 3758 2679; baseline -0.006 -16"><span class='ocrx_word' id='word_1_676' title='bbox 2207 2608 2530 2679; x_wconf 91' lang='lat' dir='ltr'>quidquam</span> <span class='ocrx_word' id='word_1_677' title='bbox 2561 2623 2788 2675; x_wconf 87' lang='lat' dir='ltr'>eorum,</span> <span class='ocrx_word' id='word_1_678' title='bbox 2819 2623 2943 2678; x_wconf 64' lang='lat' dir='ltr'>quas</span> <span class='ocrx_word' id='word_1_679' title='bbox 2976 2606 3228 2662; x_wconf 89' lang='lat' dir='ltr'>dicenda</span> <span class='ocrx_word' id='word_1_680' title='bbox 3271 2610 3420 2672; x_wconf 91' lang='lat' dir='ltr'>sunt,</span> <span class='ocrx_word' id='word_1_681' title='bbox 3466 2619 3565 2659; x_wconf 88' lang='lat' dir='ltr'>non</span> <span class='ocrx_word' id='word_1_682' title='bbox 3590 2603 3758 2674; x_wconf 70' lang='lat' dir='ltr'>preter-</span> 
     </span>
    </p>
   </div>
   <div class='ocr_carea' id='block_1_88' title="bbox 2209 2697 2458 2751">
    <p class='ocr_par' dir='ltr' id='par_1_88' title="bbox 2209 2697 2458 2751">
     <span class='ocr_line' id='line_1_90' title="bbox 2209 2697 2458 2751; baseline 0.004 -1"><span class='ocrx_word' id='word_1_683' title='bbox 2209 2697 2458 2751; x_wconf 89' lang='lat' dir='ltr'>mittere.</span> 
     </span>
    </p>
   </div>
   <div class='ocr_carea' id='block_1_89' title="bbox 2278 2774 3758 2854">
    <p class='ocr_par' dir='ltr' id='par_1_89' title="bbox 2278 2774 3758 2854">
     <span class='ocr_line' id='line_1_91' title="bbox 2278 2774 3758 2854; baseline -0.007 -16"><span class='ocrx_word' id='word_1_684' title='bbox 2278 2785 2464 2854; x_wconf 88' lang='lat' dir='ltr'>(Vers.</span> <span class='ocrx_word' id='word_1_685' title='bbox 2498 2784 2610 2854; x_wconf 85' lang='grc'>16.)</span> <span class='ocrx_word' id='word_1_686' title='bbox 2637 2784 2929 2839; x_wconf 85' lang='lat' dir='ltr'>Decalvare</span> <span class='ocrx_word' id='word_1_687' title='bbox 2958 2792 3010 2838; x_wconf 88' lang='lat' dir='ltr'>et</span> <span class='ocrx_word' id='word_1_688' title='bbox 3052 2783 3341 2841; x_wconf 78' lang='lat' dir='ltr'>delondere</span> <span class='ocrx_word' id='word_1_689' title='bbox 3391 2797 3534 2853; x_wconf 85' lang='lat' dir='ltr'>super</span> <span class='ocrx_word' id='word_1_690' title='bbox 3565 2774 3758 2851; x_wconf 75' lang='lat' dir='ltr'>ﬁliosde-</span> 
     </span>
    </p>
   </div>
   <div class='ocr_carea' id='block_1_90' title="bbox 2209 2864 3758 2939">
    <p class='ocr_par' dir='ltr' id='par_1_90' title="bbox 2209 2864 3758 2939">
     <span class='ocr_line' id='line_1_92' title="bbox 2209 2864 3758 2939; baseline -0.001 -11"><span class='ocrx_word' id='word_1_691' title='bbox 2209 2875 2466 2928; x_wconf 85' lang='lat' dir='ltr'>liciarum</span> <span class='ocrx_word' id='word_1_692' title='bbox 2497 2877 2740 2939; x_wconf 88' lang='lat' dir='ltr'>tuarum,</span> <span class='ocrx_word' id='word_1_693' title='bbox 2769 2873 2949 2928; x_wconf 82' lang='lat' dir='ltr'>dilata</span> <span class='ocrx_word' id='word_1_694' title='bbox 2975 2874 3266 2930; x_wconf 80' lang='lat' dir='ltr'>calvitium</span> <span class='ocrx_word' id='word_1_695' title='bbox 3294 2882 3440 2928; x_wconf 79' lang='lat' dir='ltr'>tuum</span> <span class='ocrx_word' id='word_1_696' title='bbox 3464 2871 3587 2925; x_wconf 83' lang='lat' dir='ltr'>sicut</span> <span class='ocrx_word' id='word_1_697' title='bbox 3609 2864 3758 2936; x_wconf 66' lang='lat' dir='ltr'>aquila.</span> 
     </span>
    </p>
   </div>
   <div class='ocr_carea' id='block_1_91' title="bbox 2209 2957 3763 3034">
    <p class='ocr_par' dir='ltr' id='par_1_91' title="bbox 2209 2957 3763 3034">
     <span class='ocr_line' id='line_1_93' title="bbox 2209 2957 3763 3034; baseline -0.006 -16"><span class='ocrx_word' id='word_1_698' title='bbox 2209 2964 2466 3034; x_wconf 86' lang='lat' dir='ltr'>quoniam</span> <span class='ocrx_word' id='word_1_699' title='bbox 2495 2964 2699 3034; x_wconf 83' lang='lat' dir='ltr'>captivi</span> <span class='ocrx_word' id='word_1_700' title='bbox 2728 2961 2877 3016; x_wconf 83' lang='lat' dir='ltr'>ducti</span> <span class='ocrx_word' id='word_1_701' title='bbox 2921 2965 3045 3016; x_wconf 89' lang='lat' dir='ltr'>sunt</span> <span class='ocrx_word' id='word_1_702' title='bbox 3103 2979 3175 3018; x_wconf 77' lang='lat' dir='ltr'>ex</span> <span class='ocrx_word' id='word_1_703' title='bbox 3227 2967 3296 3017; x_wconf 85' lang='lat' dir='ltr'>te.</span> <span class='ocrx_word' id='word_1_704' title='bbox 3356 2959 3484 3015; x_wconf 85' lang='lat' dir='ltr'>LXX</span> <span class='ocrx_word' id='word_1_705' title='bbox 3509 2974 3522 3014; x_wconf 71' lang='grc' dir='ltr'>ε</span> <span class='ocrx_word' id='word_1_706' title='bbox 3551 2957 3698 3012; x_wconf 82' lang='lat' dir='ltr'>Gloria</span> <span class='ocrx_word' id='word_1_707' title='bbox 3727 2957 3763 3016; x_wconf 67' lang='lat'>~2-</span> 
     </span>
    </p>
   </div>
   <div class='ocr_carea' id='block_1_92' title="bbox 2209 3042 3762 3121">
    <p class='ocr_par' dir='ltr' id='par_1_92' title="bbox 2209 3042 3762 3121">
     <span class='ocr_line' id='line_1_94' title="bbox 2209 3042 3762 3121; baseline -0.006 -15"><span class='ocrx_word' id='word_1_708' title='bbox 2209 3052 2340 3121; x_wconf 66' lang='lat' dir='ltr'>ﬁliz</span> <span class='ocrx_word' id='word_1_709' title='bbox 2395 3052 2586 3116; x_wconf 84' lang='lat' dir='ltr'>Israel,</span> <span class='ocrx_word' id='word_1_710' title='bbox 2645 3051 2929 3106; x_wconf 86' lang='lat' dir='ltr'>dccalvare</span> <span class='ocrx_word' id='word_1_711' title='bbox 2968 3055 3020 3106; x_wconf 89' lang='lat' dir='ltr'>et</span> <span class='ocrx_word' id='word_1_712' title='bbox 3073 3051 3360 3107; x_wconf 81' lang='lat' dir='ltr'>delondere</span> <span class='ocrx_word' id='word_1_713' title='bbox 3386 3064 3532 3120; x_wconf 84' lang='lat' dir='ltr'>super</span> <span class='ocrx_word' id='word_1_714' title='bbox 3556 3045 3670 3116; x_wconf 75' lang='lat' dir='ltr'>ﬁlios</span> <span class='ocrx_word' id='word_1_715' title='bbox 3692 3042 3762 3097; x_wconf 77' lang='lat' dir='ltr'>de-</span> 
     </span>
    </p>
   </div>
   <div class='ocr_carea' id='block_1_93' title="bbox 2129 3126 3763 3208">
    <p class='ocr_par' dir='ltr' id='par_1_93' title="bbox 2129 3126 3763 3208">
     <span class='ocr_line' id='line_1_95' title="bbox 2129 3126 3763 3208; baseline -0.003 -14"><span class='ocrx_word' id='word_1_716' title='bbox 2129 3126 2172 3193; x_wconf 83' lang='lat' dir='ltr'>C</span> <span class='ocrx_word' id='word_1_717' title='bbox 2209 3140 2396 3195; x_wconf 85' lang='lat' dir='ltr'>licatos</span> <span class='ocrx_word' id='word_1_718' title='bbox 2424 3144 2544 3196; x_wconf 88' lang='lat' dir='ltr'>tuos</span> <span class='ocrx_word' id='word_1_719' title='bbox 2568 3157 2585 3194; x_wconf 89' lang='lat'><strong><em>:</em></strong></span> <span class='ocrx_word' id='word_1_720' title='bbox 2615 3138 2791 3194; x_wconf 83' lang='lat' dir='ltr'>dilata</span> <span class='ocrx_word' id='word_1_721' title='bbox 2819 3140 3106 3195; x_wconf 82' lang='lat' dir='ltr'>calvitium</span> <span class='ocrx_word' id='word_1_722' title='bbox 3137 3145 3290 3196; x_wconf 85' lang='lat' dir='ltr'>tuum</span> <span class='ocrx_word' id='word_1_723' title='bbox 3315 3140 3448 3194; x_wconf 82' lang='lat' dir='ltr'>sicut</span> <span class='ocrx_word' id='word_1_724' title='bbox 3474 3135 3648 3208; x_wconf 84' lang='lat' dir='ltr'>aquila,</span> <span class='ocrx_word' id='word_1_725' title='bbox 3671 3141 3763 3202; x_wconf 67' lang='lat' dir='ltr'>qlw&#39;</span> 
     </span>
    </p>
   </div>
   <div class='ocr_carea' id='block_1_94' title="bbox 2209 3223 3764 3301">
    <p class='ocr_par' dir='ltr' id='par_1_94' title="bbox 2209 3223 3764 3301">
     <span class='ocr_line' id='line_1_96' title="bbox 2209 3223 3764 3301; baseline -0.008 -18"><span class='ocrx_word' id='word_1_726' title='bbox 2209 3231 2364 3283; x_wconf 86' lang='lat' dir='ltr'>niam</span> <span class='ocrx_word' id='word_1_727' title='bbox 2392 3229 2600 3300; x_wconf 82' lang='lat' dir='ltr'>captivi</span> <span class='ocrx_word' id='word_1_728' title='bbox 2622 3229 2772 3284; x_wconf 77' lang='lat' dir='ltr'>ducti</span> <span class='ocrx_word' id='word_1_729' title='bbox 2800 3232 2927 3283; x_wconf 87' lang='lat' dir='ltr'>sunt</span> <span class='ocrx_word' id='word_1_730' title='bbox 2955 3245 3023 3284; x_wconf 78' lang='lat' dir='ltr'>ea:</span> <span class='ocrx_word' id='word_1_731' title='bbox 3051 3237 3123 3284; x_wconf 85' lang='lat' dir='ltr'>le.</span> <span class='ocrx_word' id='word_1_732' title='bbox 3159 3229 3279 3285; x_wconf 92' lang='lat' dir='ltr'>Hoc</span> <span class='ocrx_word' id='word_1_733' title='bbox 3298 3229 3444 3301; x_wconf 92' lang='lat' dir='ltr'>quod</span> <span class='ocrx_word' id='word_1_734' title='bbox 3465 3227 3650 3281; x_wconf 87' lang='lat' dir='ltr'>dictum</span> <span class='ocrx_word' id='word_1_735' title='bbox 3665 3223 3764 3275; x_wconf 79' lang='lat' dir='ltr'>ests</span> 
     </span>
    </p>
   </div>
   <div class='ocr_carea' id='block_1_95' title="bbox 2211 3307 3762 3390">
    <p class='ocr_par' dir='ltr' id='par_1_95' title="bbox 2211 3307 3762 3390">
     <span class='ocr_line' id='line_1_97' title="bbox 2211 3307 3762 3390; baseline -0.002 -17"><span class='ocrx_word' id='word_1_736' title='bbox 2211 3318 2609 3390; x_wconf 88' lang='lat' dir='ltr'>Septuaginta,</span> <span class='ocrx_word' id='word_1_737' title='bbox 2659 3319 2836 3388; x_wconf 86' lang='lat' dir='ltr'>gloria</span> <span class='ocrx_word' id='word_1_738' title='bbox 2885 3318 3016 3387; x_wconf 75' lang='lat' dir='ltr'>ﬁliae</span> <span class='ocrx_word' id='word_1_739' title='bbox 3073 3318 3267 3384; x_wconf 81' lang='lat' dir='ltr'>Israel,</span> <span class='ocrx_word' id='word_1_740' title='bbox 3314 3314 3622 3373; x_wconf 87' lang='lat' dir='ltr'>addentibus</span> <span class='ocrx_word' id='word_1_741' title='bbox 3656 3307 3762 3378; x_wconf 57' lang='grc' dir='ltr'>μα,</span> 
     </span>
    </p>
   </div>
   <div class='ocr_carea' id='block_1_96' title="bbox 2210 3399 3764 3478">
    <p class='ocr_par' dir='ltr' id='par_1_96' title="bbox 2210 3399 3764 3478">
     <span class='ocr_line' id='line_1_98' title="bbox 2210 3399 3764 3478; baseline -0.008 -16"><span class='ocrx_word' id='word_1_742' title='bbox 2210 3406 2430 3462; x_wconf 76' lang='lat' dir='ltr'>Hebraei</span> <span class='ocrx_word' id='word_1_743' title='bbox 2454 3407 2512 3460; x_wconf 92' lang='lat' dir='ltr'>in</span> <span class='ocrx_word' id='word_1_744' title='bbox 2536 3407 2652 3461; x_wconf 88' lang='lat' dir='ltr'>ﬁne</span> <span class='ocrx_word' id='word_1_745' title='bbox 2674 3406 2991 3478; x_wconf 89' lang='lat' dir='ltr'>superioris</span> <span class='ocrx_word' id='word_1_746' title='bbox 3013 3408 3263 3478; x_wconf 89' lang='lat' dir='ltr'>capituli</span> <span class='ocrx_word' id='word_1_747' title='bbox 3283 3407 3488 3478; x_wconf 87' lang='lat' dir='ltr'>legunt.</span> <span class='ocrx_word' id='word_1_748' title='bbox 3527 3399 3669 3457; x_wconf 89' lang='lat' dir='ltr'>Nobis</span> <span class='ocrx_word' id='word_1_749' title='bbox 3693 3411 3764 3451; x_wconf 82' lang='lat' dir='ltr'>au-</span> 
     </span>
    </p>
   </div>
   <div class='ocr_carea' id='block_1_97' title="bbox 2207 3487 3761 3566">
    <p class='ocr_par' dir='ltr' id='par_1_97' title="bbox 2207 3487 3761 3566">
     <span class='ocr_line' id='line_1_99' title="bbox 2207 3487 3761 3566; baseline -0.008 -16"><span class='ocrx_word' id='word_1_750' title='bbox 2207 3500 2324 3551; x_wconf 89' lang='lat' dir='ltr'>tem</span> <span class='ocrx_word' id='word_1_751' title='bbox 2348 3511 2472 3566; x_wconf 76' lang='lat' dir='ltr'>quae</span> <span class='ocrx_word' id='word_1_752' title='bbox 2496 3495 2580 3550; x_wconf 91' lang='lat' dir='ltr'>sic</span> <span class='ocrx_word' id='word_1_753' title='bbox 2600 3494 2891 3561; x_wconf 92' lang='lat' dir='ltr'>voluistis,</span> <span class='ocrx_word' id='word_1_754' title='bbox 2915 3498 2971 3549; x_wconf 90' lang='lat' dir='ltr'>et</span> <span class='ocrx_word' id='word_1_755' title='bbox 2991 3495 3177 3551; x_wconf 88' lang='lat' dir='ltr'>semel</span> <span class='ocrx_word' id='word_1_756' title='bbox 3215 3493 3572 3566; x_wconf 86' lang='lat' dir='ltr'>suscepimus,</span> <span class='ocrx_word' id='word_1_757' title='bbox 3592 3487 3761 3542; x_wconf 87' lang='lat' dir='ltr'>incum-</span> 
     </span>
    </p>
   </div>
   <div class='ocr_carea' id='block_1_98' title="bbox 2207 3570 3762 3656">
    <p class='ocr_par' dir='ltr' id='par_1_98' title="bbox 2207 3570 3762 3656">
     <span class='ocr_line' id='line_1_100' title="bbox 2207 3570 3762 3656; baseline -0.002 -18"><span class='ocrx_word' id='word_1_758' title='bbox 2207 3584 2293 3638; x_wconf 90' lang='lat' dir='ltr'>bit</span> <span class='ocrx_word' id='word_1_759' title='bbox 2315 3584 2631 3640; x_wconf 88' lang='lat' dir='ltr'>necessitas</span> <span class='ocrx_word' id='word_1_760' title='bbox 2654 3584 2735 3638; x_wconf 91' lang='lat' dir='ltr'>ita</span> <span class='ocrx_word' id='word_1_761' title='bbox 2773 3584 3148 3655; x_wconf 89' lang='lat' dir='ltr'>interpretari</span> <span class='ocrx_word' id='word_1_762' title='bbox 3187 3585 3517 3656; x_wconf 85' lang='lat' dir='ltr'>Scripturas,</span> <span class='ocrx_word' id='word_1_763' title='bbox 3544 3570 3762 3648; x_wconf 73' lang='lat' dir='ltr'>quomodo</span> 
     </span>
    </p>
   </div>
   <div class='ocr_carea' id='block_1_99' title="bbox 2205 3666 3755 3746">
    <p class='ocr_par' dir='ltr' id='par_1_99' title="bbox 2205 3666 3755 3746">
     <span class='ocr_line' id='line_1_101' title="bbox 2205 3666 3755 3746; baseline -0.008 -18"><span class='ocrx_word' id='word_1_764' title='bbox 2205 3673 2480 3746; x_wconf 89' lang='lat' dir='ltr'>leguntur</span> <span class='ocrx_word' id='word_1_765' title='bbox 2509 3673 2567 3727; x_wconf 95' lang='lat' dir='ltr'>in</span> <span class='ocrx_word' id='word_1_766' title='bbox 2589 3671 2864 3740; x_wconf 86' lang='lat' dir='ltr'>Ecclesia,</span> <span class='ocrx_word' id='word_1_767' title='bbox 2886 3678 2944 3727; x_wconf 90' lang='lat' dir='ltr'>et</span> <span class='ocrx_word' id='word_1_768' title='bbox 2965 3672 3356 3729; x_wconf 90' lang='lat' dir='ltr'>nihilominus</span> <span class='ocrx_word' id='word_1_769' title='bbox 3375 3666 3650 3726; x_wconf 83' lang='lat' dir='ltr'>Hebraicam</span> <span class='ocrx_word' id='word_1_770' title='bbox 3669 3671 3755 3746; x_wconf 77' lang='lat' dir='ltr'>non</span> 
     </span>
    </p>
   </div>
   <div class='ocr_carea' id='block_1_100' title="bbox 2206 3745 3762 3836">
    <p class='ocr_par' dir='ltr' id='par_1_100' title="bbox 2206 3745 3762 3836">
     <span class='ocr_line' id='line_1_102' title="bbox 2206 3745 3762 3836; baseline -0.012 -17"><span class='ocrx_word' id='word_1_771' title='bbox 2206 3745 2473 3819; x_wconf 86' lang='lat' dir='ltr'>omittere</span> <span class='ocrx_word' id='word_1_772' title='bbox 2503 3761 2823 3818; x_wconf 91' lang='lat' dir='ltr'>veritatem.</span> <span class='ocrx_word' id='word_1_773' title='bbox 2857 3761 3081 3817; x_wconf 90' lang='lat' dir='ltr'>Dicitur</span> <span class='ocrx_word' id='word_1_774' title='bbox 3105 3769 3253 3836; x_wconf 79' lang='lat' dir='ltr'>ergo</span> <span class='ocrx_word' id='word_1_775' title='bbox 3293 3763 3364 3818; x_wconf 87' lang='lat' dir='ltr'>ad</span> <span class='ocrx_word' id='word_1_776' title='bbox 3421 3755 3566 3816; x_wconf 83' lang='lat' dir='ltr'>Israel</span> <span class='ocrx_word' id='word_1_777' title='bbox 3585 3745 3762 3807; x_wconf 81' lang='lat' dir='ltr'>interim</span> 
     </span>
    </p>
   </div>
   <div class='ocr_carea' id='block_1_101' title="bbox 2205 3840 3760 3918">
    <p class='ocr_par' dir='ltr' id='par_1_101' title="bbox 2205 3840 3760 3918">
     <span class='ocr_line' id='line_1_103' title="bbox 2205 3840 3760 3918; baseline -0.006 -10"><span class='ocrx_word' id='word_1_778' title='bbox 2205 3851 2529 3908; x_wconf 89' lang='lat' dir='ltr'>secundum</span> <span class='ocrx_word' id='word_1_779' title='bbox 2561 3849 2835 3918; x_wconf 89' lang='lat' dir='ltr'>litteram,</span> <span class='ocrx_word' id='word_1_780' title='bbox 2863 3855 2927 3905; x_wconf 91' lang='lat' dir='ltr'>ut</span> <span class='ocrx_word' id='word_1_781' title='bbox 2945 3850 3033 3905; x_wconf 89' lang='lat' dir='ltr'>vel</span> <span class='ocrx_word' id='word_1_782' title='bbox 3056 3851 3262 3907; x_wconf 90' lang='lat' dir='ltr'>decem</span> <span class='ocrx_word' id='word_1_783' title='bbox 3289 3852 3467 3906; x_wconf 90' lang='lat' dir='ltr'>tribus</span> <span class='ocrx_word' id='word_1_784' title='bbox 3487 3840 3760 3914; x_wconf 74' lang='lat' dir='ltr'>accipiamus</span> 
     </span>
    </p>
   </div>
   <div class='ocr_carea' id='block_1_102' title="bbox 2203 3923 3764 4005">
    <p class='ocr_par' dir='ltr' id='par_1_102' title="bbox 2203 3923 3764 4005">
     <span class='ocr_line' id='line_1_104' title="bbox 2203 3923 3764 4005; baseline 0.001 -11"><span class='ocrx_word' id='word_1_785' title='bbox 2203 3940 2262 3996; x_wconf 93' lang='lat' dir='ltr'>in</span> <span class='ocrx_word' id='word_1_786' title='bbox 2294 3939 2577 4005; x_wconf 88' lang='lat' dir='ltr'>Samaria,</span> <span class='ocrx_word' id='word_1_787' title='bbox 2611 3939 2695 3994; x_wconf 90' lang='lat' dir='ltr'>vel</span> <span class='ocrx_word' id='word_1_788' title='bbox 2728 3939 2786 3993; x_wconf 90' lang='lat' dir='ltr'>in</span> <span class='ocrx_word' id='word_1_789' title='bbox 2818 3956 3133 3996; x_wconf 90' lang='lat' dir='ltr'>commune</span> <span class='ocrx_word' id='word_1_790' title='bbox 3190 3957 3424 3997; x_wconf 91' lang='lat' dir='ltr'>omnem</span> <span class='ocrx_word' id='word_1_791' title='bbox 3469 3931 3646 3994; x_wconf 75' lang='lat' dir='ltr'>Israel;</span> <span class='ocrx_word' id='word_1_792' title='bbox 3670 3923 3764 3998; x_wconf 57' lang='lat' dir='ltr'>quia</span> 
     </span>
    </p>
   </div>
   <div class='ocr_carea' id='block_1_103' title="bbox 2203 4011 3762 4100">
    <p class='ocr_par' dir='ltr' id='par_1_103' title="bbox 2203 4011 3762 4100">
     <span class='ocr_line' id='line_1_105' title="bbox 2203 4011 3762 4100; baseline -0.008 -16"><span class='ocrx_word' id='word_1_793' title='bbox 2203 4029 2464 4100; x_wconf 85' lang='lat' dir='ltr'>captivus</span> <span class='ocrx_word' id='word_1_794' title='bbox 2497 4029 2709 4082; x_wconf 91' lang='lat' dir='ltr'>ductus</span> <span class='ocrx_word' id='word_1_795' title='bbox 2739 4032 2829 4082; x_wconf 91' lang='lat' dir='ltr'>est</span> <span class='ocrx_word' id='word_1_796' title='bbox 2859 4027 3135 4100; x_wconf 89' lang='lat' dir='ltr'>populus,</span> <span class='ocrx_word' id='word_1_797' title='bbox 3191 4033 3250 4084; x_wconf 87' lang='lat' dir='ltr'>et</span> <span class='ocrx_word' id='word_1_798' title='bbox 3308 4026 3488 4084; x_wconf 88' lang='lat' dir='ltr'>omnis</span> <span class='ocrx_word' id='word_1_799' title='bbox 3533 4011 3762 4078; x_wconf 69' lang='lat' dir='ltr'>Judeaab</span> 
     </span>
    </p>
   </div>
   <div class='ocr_carea' id='block_1_104' title="bbox 2202 4104 3765 4189">
    <p class='ocr_par' dir='ltr' id='par_1_104' title="bbox 2202 4104 3765 4189">
     <span class='ocr_line' id='line_1_106' title="bbox 2202 4104 3765 4189; baseline -0.01 -19"><span class='ocrx_word' id='word_1_800' title='bbox 2202 4117 2456 4189; x_wconf 82' lang='lat' dir='ltr'>Assyriis</span> <span class='ocrx_word' id='word_1_801' title='bbox 2478 4116 2917 4188; x_wconf 77' lang='lat' dir='ltr'>Babyloniisque</span> <span class='ocrx_word' id='word_1_802' title='bbox 2939 4120 3169 4173; x_wconf 83' lang='lat' dir='ltr'>vastata</span> <span class='ocrx_word' id='word_1_803' title='bbox 3208 4123 3318 4186; x_wconf 89' lang='lat' dir='ltr'>est,</span> <span class='ocrx_word' id='word_1_804' title='bbox 3367 4113 3636 4172; x_wconf 88' lang='lat' dir='ltr'>assumant</span> <span class='ocrx_word' id='word_1_805' title='bbox 3649 4104 3765 4178; x_wconf 82' lang='lat' dir='ltr'>plan-</span> 
     </span>
    </p>
   </div>
   <div class='ocr_carea' id='block_1_105' title="bbox 2201 4196 3765 4278">
    <p class='ocr_par' dir='ltr' id='par_1_105' title="bbox 2201 4196 3765 4278">
     <span class='ocr_line' id='line_1_107' title="bbox 2201 4196 3765 4278; baseline 0.002 -19"><span class='ocrx_word' id='word_1_806' title='bbox 2201 4211 2360 4260; x_wconf 89' lang='lat' dir='ltr'>ctum</span> <span class='ocrx_word' id='word_1_807' title='bbox 2383 4212 2438 4260; x_wconf 89' lang='lat' dir='ltr'>et</span> <span class='ocrx_word' id='word_1_808' title='bbox 2459 4204 2687 4276; x_wconf 88' lang='lat' dir='ltr'>plorent</span> <span class='ocrx_word' id='word_1_809' title='bbox 2708 4203 2860 4260; x_wconf 91' lang='lat' dir='ltr'>ﬁlios</span> <span class='ocrx_word' id='word_1_810' title='bbox 2882 4221 3040 4261; x_wconf 90' lang='lat' dir='ltr'>suos.</span> <span class='ocrx_word' id='word_1_811' title='bbox 3072 4207 3142 4261; x_wconf 89' lang='lat' dir='ltr'>Et</span> <span class='ocrx_word' id='word_1_812' title='bbox 3165 4206 3454 4278; x_wconf 90' lang='lat' dir='ltr'>quomodo</span> <span class='ocrx_word' id='word_1_813' title='bbox 3494 4196 3658 4270; x_wconf 70' lang='lat' dir='ltr'>sQuila</span> <span class='ocrx_word' id='word_1_814' title='bbox 3679 4203 3765 4262; x_wconf 60' lang='lat' dir='ltr'>qua</span> 
     </span>
    </p>
   </div>
   <div class='ocr_carea' id='block_1_106' title="bbox 2202 4287 3764 4365">
    <p class='ocr_par' dir='ltr' id='par_1_106' title="bbox 2202 4287 3764 4365">
     <span class='ocr_line' id='line_1_108' title="bbox 2202 4287 3764 4365; baseline -0.008 -18"><span class='ocrx_word' id='word_1_815' title='bbox 2202 4294 2402 4365; x_wconf 89' lang='lat' dir='ltr'>regina</span> <span class='ocrx_word' id='word_1_816' title='bbox 2424 4293 2722 4348; x_wconf 88' lang='lat' dir='ltr'>estavium</span> <span class='ocrx_word' id='word_1_817' title='bbox 2747 4299 2902 4350; x_wconf 88' lang='lat' dir='ltr'>certo</span> <span class='ocrx_word' id='word_1_818' title='bbox 2927 4297 3188 4365; x_wconf 87' lang='lat' dir='ltr'>tempore</span> <span class='ocrx_word' id='word_1_819' title='bbox 3231 4294 3445 4350; x_wconf 89' lang='lat' dir='ltr'>amittit</span> <span class='ocrx_word' id='word_1_820' title='bbox 3489 4288 3633 4362; x_wconf 87' lang='lat' dir='ltr'>pilos,</span> <span class='ocrx_word' id='word_1_821' title='bbox 3651 4287 3764 4338; x_wconf 84' lang='lat' dir='ltr'>etre-</span> 
     </span>
    </p>
   </div>
   <div class='ocr_carea' id='block_1_107' title="bbox 2201 4379 3766 4453">
    <p class='ocr_par' dir='ltr' id='par_1_107' title="bbox 2201 4379 3766 4453">
     <span class='ocr_line' id='line_1_109' title="bbox 2201 4379 3766 4453; baseline -0.008 -15"><span class='ocrx_word' id='word_1_822' title='bbox 2201 4387 2397 4438; x_wconf 89' lang='lat' dir='ltr'>manet</span> <span class='ocrx_word' id='word_1_823' title='bbox 2419 4381 2756 4453; x_wconf 88' lang='lat' dir='ltr'>implumis:</span> <span class='ocrx_word' id='word_1_824' title='bbox 2789 4383 2872 4438; x_wconf 90' lang='lat' dir='ltr'>sic</span> <span class='ocrx_word' id='word_1_825' title='bbox 2903 4383 3076 4438; x_wconf 88' lang='lat' dir='ltr'>etiam</span> <span class='ocrx_word' id='word_1_826' title='bbox 3110 4384 3290 4448; x_wconf 83' lang='lat' dir='ltr'>Israel</span> <span class='ocrx_word' id='word_1_827' title='bbox 3339 4382 3571 4453; x_wconf 90' lang='lat' dir='ltr'>deponat</span> <span class='ocrx_word' id='word_1_828' title='bbox 3596 4379 3766 4429; x_wconf 76' lang='lat' dir='ltr'>omnem</span> 
     </span>
    </p>
   </div>
   <div class='ocr_carea' id='block_1_108' title="bbox 2123 4455 3768 4559">
    <p class='ocr_par' dir='ltr' id='par_1_108' title="bbox 2123 4455 3768 4559">
     <span class='ocr_line' id='line_1_110' title="bbox 2123 4455 3768 4559; baseline 0 -35"><span class='ocrx_word' id='word_1_829' title='bbox 2123 4495 2168 4559; x_wconf 69' lang='grc' dir='ltr'>Β</span> <span class='ocrx_word' id='word_1_830' title='bbox 2201 4469 2446 4543; x_wconf 89' lang='lat' dir='ltr'>gloriam</span> <span class='ocrx_word' id='word_1_831' title='bbox 2479 4487 2670 4536; x_wconf 88' lang='lat' dir='ltr'>suam,</span> <span class='ocrx_word' id='word_1_832' title='bbox 2732 4489 2848 4542; x_wconf 89' lang='lat' dir='ltr'>qua</span> <span class='ocrx_word' id='word_1_833' title='bbox 2904 4476 3036 4527; x_wconf 88' lang='lat' dir='ltr'>ante</span> <span class='ocrx_word' id='word_1_834' title='bbox 3095 4472 3288 4528; x_wconf 86' lang='lat' dir='ltr'>fuerat</span> <span class='ocrx_word' id='word_1_835' title='bbox 3343 4455 3768 4559; x_wconf 48' lang='lat' dir='ltr'>circumdatufﬂf</span> 
     </span>
    </p>
   </div>
   <div class='ocr_carea' id='block_1_109' title="bbox 2202 4540 3768 4632">
    <p class='ocr_par' dir='ltr' id='par_1_109' title="bbox 2202 4540 3768 4632">
     <span class='ocr_line' id='line_1_111' title="bbox 2202 4540 3768 4632; baseline -0.006 -14"><span class='ocrx_word' id='word_1_836' title='bbox 2202 4540 2440 4632; x_wconf 64' lang='lat' dir='ltr'>plangat</span> <span class='ocrx_word' id='word_1_837' title='bbox 2471 4561 2642 4631; x_wconf 90' lang='lat' dir='ltr'>ﬁlios,</span> <span class='ocrx_word' id='word_1_838' title='bbox 2703 4540 2959 4616; x_wconf 83' lang='lat' dir='ltr'>hostium</span> <span class='ocrx_word' id='word_1_839' title='bbox 3018 4561 3290 4618; x_wconf 89' lang='lat' dir='ltr'>subditos</span> <span class='ocrx_word' id='word_1_840' title='bbox 3349 4555 3615 4632; x_wconf 86' lang='lat' dir='ltr'>potestati.</span> <span class='ocrx_word' id='word_1_841' title='bbox 3653 4540 3768 4610; x_wconf 74' lang='grc' dir='ltr'>Ουοά</span> 
     </span>
    </p>
   </div>
   <div class='ocr_carea' id='block_1_110' title="bbox 2202 4640 3768 4721">
    <p class='ocr_par' dir='ltr' id='par_1_110' title="bbox 2202 4640 3768 4721">
     <span class='ocr_line' id='line_1_112' title="bbox 2202 4640 3768 4721; baseline -0.006 -17"><span class='ocrx_word' id='word_1_842' title='bbox 2202 4654 2396 4704; x_wconf 83' lang='lat' dir='ltr'>autem</span> <span class='ocrx_word' id='word_1_843' title='bbox 2419 4649 2617 4720; x_wconf 88' lang='lat' dir='ltr'>aquila</span> <span class='ocrx_word' id='word_1_844' title='bbox 2637 4652 2792 4704; x_wconf 88' lang='lat' dir='ltr'>certo</span> <span class='ocrx_word' id='word_1_845' title='bbox 2817 4652 3074 4721; x_wconf 88' lang='lat' dir='ltr'>tempore</span> <span class='ocrx_word' id='word_1_846' title='bbox 3097 4649 3286 4705; x_wconf 89' lang='lat' dir='ltr'>soleat</span> <span class='ocrx_word' id='word_1_847' title='bbox 3309 4649 3558 4704; x_wconf 87' lang='lat' dir='ltr'>amittere</span> <span class='ocrx_word' id='word_1_848' title='bbox 3577 4640 3768 4721; x_wconf 53' lang='lat' dir='ltr'>plumata</span> 
     </span>
    </p>
   </div>
   <div class='ocr_carea' id='block_1_111' title="bbox 2200 4718 3770 4808">
    <p class='ocr_par' dir='ltr' id='par_1_111' title="bbox 2200 4718 3770 4808">
     <span class='ocr_line' id='line_1_113' title="bbox 2200 4718 3770 4808; baseline -0.008 -14"><span class='ocrx_word' id='word_1_849' title='bbox 2200 4743 2257 4794; x_wconf 90' lang='lat' dir='ltr'>et</span> <span class='ocrx_word' id='word_1_850' title='bbox 2283 4737 2341 4792; x_wconf 91' lang='lat' dir='ltr'>in</span> <span class='ocrx_word' id='word_1_851' title='bbox 2370 4718 2652 4794; x_wconf 42' lang='lat' dir='ltr'>Psa—lterio</span> <span class='ocrx_word' id='word_1_852' title='bbox 2672 4718 2956 4808; x_wconf 83' lang='lat' dir='ltr'>scriptum</span> <span class='ocrx_word' id='word_1_853' title='bbox 2997 4743 3086 4793; x_wconf 89' lang='lat' dir='ltr'>est</span> <span class='ocrx_word' id='word_1_854' title='bbox 3111 4755 3122 4792; x_wconf 89' lang='lat'><strong>:</strong></span> <span class='ocrx_word' id='word_1_855' title='bbox 3149 4739 3507 4793; x_wconf 78' lang='lat' dir='ltr'>Innovabilur</span> <span class='ocrx_word' id='word_1_856' title='bbox 3539 4737 3593 4787; x_wconf 87' lang='lat' dir='ltr'>ut</span> <span class='ocrx_word' id='word_1_857' title='bbox 3616 4718 3770 4797; x_wconf 64' lang='lat' dir='ltr'>aquila?</span> 
     </span>
    </p>
   </div>
   <div class='ocr_carea' id='block_1_112' title="bbox 2201 4815 3769 4899">
    <p class='ocr_par' dir='ltr' id='par_1_112' title="bbox 2201 4815 3769 4899">
     <span class='ocr_line' id='line_1_114' title="bbox 2201 4815 3769 4899; baseline -0.013 -17"><span class='ocrx_word' id='word_1_858' title='bbox 2201 4827 2277 4899; x_wconf 90' lang='lat' dir='ltr'>(a)</span> <span class='ocrx_word' id='word_1_859' title='bbox 2297 4833 2546 4882; x_wconf 83' lang='lat' dir='ltr'>senectus</span> <span class='ocrx_word' id='word_1_860' title='bbox 2569 4831 2660 4881; x_wconf 81' lang='lat' dir='ltr'>tua</span> <span class='ocrx_word' id='word_1_861' title='bbox 2682 4828 2906 4894; x_wconf 86' lang='lat' dir='ltr'>(Ps.cu,</span> <span class='ocrx_word' id='word_1_862' title='bbox 2931 4827 3005 4897; x_wconf 88' lang='lat'>5).</span> <span class='ocrx_word' id='word_1_863' title='bbox 3049 4827 3123 4897; x_wconf 72' lang='grc' dir='ltr'>(ὁ)</span> <span class='ocrx_word' id='word_1_864' title='bbox 3174 4831 3245 4882; x_wconf 85' lang='lat' dir='ltr'>Et</span> <span class='ocrx_word' id='word_1_865' title='bbox 3266 4825 3524 4882; x_wconf 80' lang='lat' dir='ltr'>Comicus</span> <span class='ocrx_word' id='word_1_866' title='bbox 3558 4821 3608 4875; x_wconf 80' lang='lat' dir='ltr'>in</span> <span class='ocrx_word' id='word_1_867' title='bbox 3637 4815 3769 4871; x_wconf 78' lang='lat' dir='ltr'>Heau-</span> 
     </span>
    </p>
   </div>
   <div class='ocr_carea' id='block_1_113' title="bbox 2197 4903 3769 4988">
    <p class='ocr_par' dir='ltr' id='par_1_113' title="bbox 2197 4903 3769 4988">
     <span class='ocr_line' id='line_1_115' title="bbox 2197 4903 3769 4988; baseline -0.011 -16"><span class='ocrx_word' id='word_1_868' title='bbox 2197 4917 2729 4972; x_wconf 84' lang='lat' dir='ltr'>tuntimorumeno:</span> <span class='ocrx_word' id='word_1_869' title='bbox 2772 4916 2892 4971; x_wconf 83' lang='lat' dir='ltr'>Visa</span> <span class='ocrx_word' id='word_1_870' title='bbox 2919 4918 3016 4983; x_wconf 89' lang='lat' dir='ltr'>est,</span> <span class='ocrx_word' id='word_1_871' title='bbox 3059 4916 3275 4988; x_wconf 86' lang='lat' dir='ltr'>inquit,</span> <span class='ocrx_word' id='word_1_872' title='bbox 3308 4931 3432 4972; x_wconf 84' lang='lat' dir='ltr'>vere</span> <span class='ocrx_word' id='word_1_873' title='bbox 3458 4909 3583 4984; x_wconf 84' lang='lat' dir='ltr'>quod</span> <span class='ocrx_word' id='word_1_874' title='bbox 3606 4903 3697 4960; x_wconf 82' lang='lat' dir='ltr'>dici</span> <span class='ocrx_word' id='word_1_875' title='bbox 3713 4910 3769 4951; x_wconf 71' lang='lat'>50-</span> 
     </span>
    </p>
   </div>
   <div class='ocr_carea' id='block_1_114' title="bbox 2197 5071 3762 5144">
    <p class='ocr_par' dir='ltr' id='par_1_114' title="bbox 2197 5071 3762 5144">
     <span class='ocr_line' id='line_1_116' title="bbox 2197 5071 3762 5144; baseline -0.01 -13"><span class='ocrx_word' id='word_1_876' title='bbox 2197 5081 2246 5131; x_wconf 89' lang='lat' dir='ltr'>et</span> <span class='ocrx_word' id='word_1_877' title='bbox 2276 5083 2561 5132; x_wconf 79' lang='lat' dir='ltr'>assumunt</span> <span class='ocrx_word' id='word_1_878' title='bbox 2590 5074 2731 5144; x_wconf 88' lang='lat' dir='ltr'>alas,</span> <span class='ocrx_word' id='word_1_879' title='bbox 2775 5082 2837 5129; x_wconf 87' lang='lat' dir='ltr'>ut</span> <span class='ocrx_word' id='word_1_880' title='bbox 2863 5074 2932 5128; x_wconf 85' lang='lat' dir='ltr'>ad</span> <span class='ocrx_word' id='word_1_881' title='bbox 2986 5073 3190 5130; x_wconf 83' lang='lat' dir='ltr'>Christi</span> <span class='ocrx_word' id='word_1_882' title='bbox 3242 5075 3463 5144; x_wconf 77' lang='lat' dir='ltr'>veniant</span> <span class='ocrx_word' id='word_1_883' title='bbox 3512 5071 3762 5144; x_wconf 49' lang='lat' dir='ltr'>passione):</span> 
     </span>
    </p>
   </div>
   <div class='ocr_carea' id='block_1_115' title="bbox 2267 5126 3762 5219">
    <p class='ocr_par' dir='ltr' id='par_1_115' title="bbox 2267 5126 3762 5219">
     <span class='ocr_line' id='line_1_117' title="bbox 2267 5126 3762 5219; baseline -0.012 -16"><span class='ocrx_word' id='word_1_884' title='bbox 2267 5126 2944 5219; x_wconf 38' lang='lat' dir='ltr'>(byremansisset</span> <span class='ocrx_word' id='word_1_885' title='bbox 2974 5126 3469 5201; x_wconf 51' lang='lat' dir='ltr'>esseesset;</span> <span class='ocrx_word' id='word_1_886' title='bbox 3512 5126 3685 5219; x_wconf 53' lang='lat' dir='ltr'>issu.</span> <span class='ocrx_word' id='word_1_887' title='bbox 3705 5126 3762 5219; x_wconf 53' lang='lat' dir='ltr'>s3</span> 
     </span>
    </p>
   </div>
   <div class='ocr_carea' id='block_1_116' title="bbox 2196 5203 3763 5288">
    <p class='ocr_par' dir='ltr' id='par_1_116' title="bbox 2196 5203 3763 5288">
     <span class='ocr_line' id='line_1_118' title="bbox 2196 5203 3763 5288; baseline -0.004 -15"><span class='ocrx_word' id='word_1_888' title='bbox 2196 5203 2868 5279; x_wconf 72' lang='lat' dir='ltr'>Heautontimorumenos,</span> <span class='ocrx_word' id='word_1_889' title='bbox 2882 5217 2938 5271; x_wconf 94' lang='lat' dir='ltr'>id</span> <span class='ocrx_word' id='word_1_890' title='bbox 2956 5222 3062 5284; x_wconf 87' lang='lat' dir='ltr'>est,</span> <span class='ocrx_word' id='word_1_891' title='bbox 3081 5219 3323 5288; x_wconf 83' lang='lat' dir='ltr'>seipsum</span> <span class='ocrx_word' id='word_1_892' title='bbox 3339 5213 3648 5288; x_wconf 55' lang='lat' dir='ltr'>excruciant.</span> <span class='ocrx_word' id='word_1_893' title='bbox 3664 5203 3763 5288; x_wconf 50' lang='grc' dir='ltr'>ᾼτιξξυ</span> 
     </span>
    </p>
   </div>
   <div class='ocr_carea' id='block_1_117' title="bbox 2195 5272 3762 5361">
    <p class='ocr_par' dir='ltr' id='par_1_117' title="bbox 2195 5272 3762 5361">
     <span class='ocr_line' id='line_1_119' title="bbox 2195 5272 3762 5361; baseline -0.008 -17"><span class='ocrx_word' id='word_1_894' title='bbox 2195 5272 2392 5361; x_wconf 82' lang='lat' dir='ltr'>itaque</span> <span class='ocrx_word' id='word_1_895' title='bbox 2421 5307 2504 5355; x_wconf 89' lang='grc' dir='ltr'>ιιι,</span> <span class='ocrx_word' id='word_1_896' title='bbox 2539 5272 2795 5355; x_wconf 16' lang='grc' dir='ltr'>εοθιιείῖ,</span> <span class='ocrx_word' id='word_1_897' title='bbox 2830 5272 3105 5361; x_wconf 76' lang='lat' dir='ltr'>leguntur</span> <span class='ocrx_word' id='word_1_898' title='bbox 3132 5272 3312 5361; x_wconf 69' lang='lat' dir='ltr'>verba</span> <span class='ocrx_word' id='word_1_899' title='bbox 3351 5289 3580 5361; x_wconf 84' lang='lat' dir='ltr'>recitata</span> <span class='ocrx_word' id='word_1_900' title='bbox 3597 5278 3656 5361; x_wconf 69' lang='lat' dir='ltr'>ab</span> <span class='ocrx_word' id='word_1_901' title='bbox 3674 5272 3762 5361; x_wconf 58' lang='grc' dir='ltr'>Ηξεξ·</span> 
     </span>
    </p>
   </div>
   <div class='ocr_carea' id='block_1_118' title="bbox 2195 5348 3764 5433">
    <p class='ocr_par' dir='ltr' id='par_1_118' title="bbox 2195 5348 3764 5433">
     <span class='ocr_line' id='line_1_120' title="bbox 2195 5348 3764 5433; baseline 0.024 -17"><span class='ocrx_word' id='word_1_902' title='bbox 2195 5348 2639 5433; x_wconf 41' lang='grc' dir='ltr'>ιὀηξῐῐιίὲίνίδαέ</span> <span class='ocrx_word' id='word_1_903' title='bbox 2664 5348 2920 5433; x_wconf 36' lang='lat'>0370,02“:</span> <span class='ocrx_word' id='word_1_904' title='bbox 2948 5359 3090 5430; x_wconf 67' lang='lat' dir='ltr'>quad</span> <span class='ocrx_word' id='word_1_905' title='bbox 3133 5360 3272 5414; x_wconf 64' lang='grc' dir='ltr'>άίθίί</span> <span class='ocrx_word' id='word_1_906' title='bbox 3328 5360 3477 5424; x_wconf 52' lang='lat' dir='ltr'>50w&quot;</span> <span class='ocrx_word' id='word_1_907' title='bbox 3527 5348 3686 5424; x_wconf 47' lang='lat' dir='ltr'>“quae</span> 
     </span>
    </p>
   </div>
   <div class='ocr_carea' id='block_1_119' title="bbox 2192 5411 3761 5502">
    <p class='ocr_par' dir='ltr' id='par_1_119' title="bbox 2192 5411 3761 5502">
     <span class='ocr_line' id='line_1_121' title="bbox 2192 5411 3761 5502; baseline -0.003 -15"><span class='ocrx_word' id='word_1_908' title='bbox 2192 5411 2399 5490; x_wconf 52' lang='lat' dir='ltr'>neci’us.</span> <span class='ocrx_word' id='word_1_909' title='bbox 2426 5432 2541 5488; x_wconf 88' lang='lat' dir='ltr'>Nec</span> <span class='ocrx_word' id='word_1_910' title='bbox 2565 5431 2793 5487; x_wconf 85' lang='lat' dir='ltr'>mireris</span> <span class='ocrx_word' id='word_1_911' title='bbox 2816 5430 2863 5486; x_wconf 89' lang='lat' dir='ltr'>si</span> <span class='ocrx_word' id='word_1_912' title='bbox 2889 5411 2991 5502; x_wconf 56' lang='lat' dir='ltr'>pri)</span> <span class='ocrx_word' id='word_1_913' title='bbox 3008 5447 3141 5486; x_wconf 89' lang='lat' dir='ltr'>voce</span> <span class='ocrx_word' id='word_1_914' title='bbox 3177 5411 3687 5502; x_wconf 47' lang='lat' dir='ltr'>iuventust&#39;ua,‘quo‘3</span> <span class='ocrx_word' id='word_1_915' title='bbox 3705 5411 3761 5502; x_wconf 62' lang='lat' dir='ltr'>If;</span> 
     </span>
    </p>
   </div>
   <div class='ocr_carea' id='block_1_120' title="bbox 2231 5477 3760 5574">
    <p class='ocr_par' dir='ltr' id='par_1_120' title="bbox 2231 5477 3760 5574">
     <span class='ocr_line' id='line_1_122' title="bbox 2231 5477 3760 5574; baseline -0.001 -15"><span class='ocrx_word' id='word_1_916' title='bbox 2231 5477 2349 5560; x_wconf 48' lang='lat' dir='ltr'>itvur</span> <span class='ocrx_word' id='word_1_917' title='bbox 2381 5504 2439 5559; x_wconf 90' lang='lat' dir='ltr'>in</span> <span class='ocrx_word' id='word_1_918' title='bbox 2473 5502 2698 5559; x_wconf 87' lang='lat' dir='ltr'>cunctis</span> <span class='ocrx_word' id='word_1_919' title='bbox 2728 5477 3372 5574; x_wconf 59' lang='lat' dir='ltr'>librisrhagiographis,</span> <span class='ocrx_word' id='word_1_920' title='bbox 3429 5477 3760 5574; x_wconf 41' lang='lat' dir='ltr'>legg&#39;tulgaﬂ‘f‘l</span> 
     </span>
    </p>
   </div>
   <div class='ocr_carea' id='block_1_121' title="bbox 2191 5521 3762 5653">
    <p class='ocr_par' dir='ltr' id='par_1_121' title="bbox 2191 5521 3762 5653">
     <span class='ocr_line' id='line_1_123' title="bbox 2231 5521 3760 5574; baseline -0.002 -15"><span class='ocrx_word' id='word_1_921' title='bbox 2231 5521 2349 5560; x_wconf 76' lang='lat' dir='ltr'>ILUI&#39;</span> <span class='ocrx_word' id='word_1_922' title='bbox 2381 5521 2439 5559; x_wconf 82' lang='grc' dir='ltr'>ιιι</span> <span class='ocrx_word' id='word_1_923' title='bbox 2473 5521 2698 5559; x_wconf 80' lang='grc' dir='ltr'>οιιιιοιιε</span> <span class='ocrx_word' id='word_1_924' title='bbox 2729 5521 2896 5558; x_wconf 81' lang='lat' dir='ltr'>llDI‘lS</span> <span class='ocrx_word' id='word_1_925' title='bbox 2929 5521 3372 5574; x_wconf 80' lang='lat' dir='ltr'>naglograpnis,</span> <span class='ocrx_word' id='word_1_926' title='bbox 3433 5521 3633 5571; x_wconf 70' lang='lat' dir='ltr'>tegatur</span> <span class='ocrx_word' id='word_1_927' title='bbox 3656 5521 3760 5556; x_wconf 66' lang='grc' dir='ltr'>σιν-’-</span> 
     </span>
     <span class='ocr_line' id='line_1_124' title="bbox 2191 5521 3762 5653; baseline -0.008 -19"><span class='ocrx_word' id='word_1_928' title='bbox 2191 5521 2606 5653; x_wconf 61' lang='grc' dir='ltr'>ᾗὶθιιοιιγωυιιι</span> <span class='ocrx_word' id='word_1_929' title='bbox 2636 5574 2743 5634; x_wconf 88' lang='lat' dir='ltr'>hoc</span> <span class='ocrx_word' id='word_1_930' title='bbox 2774 5574 2897 5634; x_wconf 90' lang='lat' dir='ltr'>loco</span> <span class='ocrx_word' id='word_1_931' title='bbox 2926 5582 3166 5635; x_wconf 80' lang='lat' dir='ltr'>senectus</span> <span class='ocrx_word' id='word_1_932' title='bbox 3192 5581 3310 5646; x_wconf 84' lang='lat' dir='ltr'>tua,</span> <span class='ocrx_word' id='word_1_933' title='bbox 3345 5569 3482 5648; x_wconf 82' lang='lat' dir='ltr'>quia</span> <span class='ocrx_word' id='word_1_934' title='bbox 3516 5571 3568 5627; x_wconf 86' lang='lat' dir='ltr'>S.</span> <span class='ocrx_word' id='word_1_935' title='bbox 3615 5556 3762 5622; x_wconf 59' lang='lat' dir='ltr'>Docto?</span> 
     </span>
    </p>
   </div>
  </div>
