4008 6184
431 313 586 379 1161

1692 315 1757 377 S.
1802 313 2112 379 EUSEBII
2155 315 2602 380 HIERONYMI

3593 326 3703 391 ΠΜ

429 451 705 507 etscelere
736 449 1052 519 fmdatam,
1089 450 1163 507 de
1184 449 1405 522 quibus
1432 464 1550 507 non
1581 453 1900 521 potuerunt
1953 449 2065 503 ele-
2102 457 2149 518 Α
2185 452 2365 506 versis
2381 452 2535 506 vitiis
2550 468 2678 506 esse
2708 449 3062 523 possessas?
3088 449 3250 507 Alius
3274 452 3558 511 dmonum
3580 458 3708 516 mittit

428 556 563 596 vare
594 538 893 607 cervicem,
924 556 1032 597 nec
1048 543 1201 596 recte
1230 539 1518 596 incedere.
1575 539 1834 610 Denique
1883 556 2072 608 usque

428 628 500 684 ad
529 632 874 700 praesentem
900 630 1055 686 diem
1084 630 1301 686 subditi
1332 632 1472 685 sunt
1493 629 1754 685 Romano
1804 626 2070 700 imperio,

428 721 487 774 et
512 723 864 790 premuntur
891 718 1430 792 captivitatisjugo,
1482 722 1540 773 et
1596 716 1745 773 colla
1791 733 1907 771 non
1967 714 2076 772 ele-

431 810 591 863 vant.
623 809 789 873 Quod
817 812 1014 864 autem
1047 808 1344 881 sequitur:
1378 805 1652 882 ἐξαίφνης,
1677 806 1735 861 id
1753 807 2071 876 est,subilo,

428 895 490 952 in
520 896 1234 954 Hebraicisvoluminihus
1274 914 1390 952 non
1439 896 1709 962 habetur,
1769 898 1828 949 et
1878 899 2074 948 tamen

430 989 624 1058 potest
642 1001 775 1042 cum
798 986 1069 1058 praesenti
1100 986 1227 1043 loco
1248 987 1332 1042 ita
1352 976 1768 1058 congruere,ut
1784 983 2072 1040 dicamus:

434 1075 748 1147 Propterea
770 1075 892 1131 haec
921 1075 1064 1131 dicit
1095 1075 1412 1131 Dominus:
1449 1075 1593 1131 Ecce
1624 1090 1731 1147 ego
1765 1072 1956 1146 cogito
1978 1088 2077 1127 su-

435 1179 541 1235 per
556 1163 779 1220 tribum
800 1164 975 1220 istam
1005 1163 1162 1220 mala
1186 1164 1404 1233 subito,
1435 1164 1507 1219 de
1537 1163 1756 1236 quibus
1786 1179 1903 1218 non
1945 1177 2078 1232 pos-

436 1252 558 1308 sint
600 1254 707 1321 [Αι.
738 1254 1008 1325 possunt]
1040 1253 1263 1311 elevare
1293 1253 1547 1309 cervices
1585 1268 1748 1321 suos,
1808 1256 1865 1307 et
1902 1251 1975 1307 ob
2022 1250 2080 1304 id

436 1340 660 1398 elevare
685 1357 799 1397 non
831 1346 1121 1414 poterunt,
1156 1341 1295 1414 quia
1322 1346 1557 1414 tempus
1590 1340 1811 1395 malum
1833 1344 1942 1395 est.
1958 1338 2081 1394 Sic-

437 1433 509 1485 ut
529 1429 689 1486 enim
721 1430 877 1486 mala
906 1430 1128 1503 operati
1141 1435 1281 1487 sunt
1300 1434 1506 1486 contra
1522 1430 1831 1486 Dominum
1850 1429 2079 1494 Jesum,

438 1519 526 1576 sic
555 1519 710 1576 mala
733 1519 1088 1592 captivitatis
1118 1524 1408 1593 perpetuae
1455 1519 1850 1586 sustinebunt,
1910 1521 1968 1573 et
2024 1516 2082 1572 in

436 1610 665 1665 tantam
679 1610 913 1665 venient
940 1608 1296 1682 angustiam,
1313 1611 1377 1663 ut
1396 1609 1597 1664 omnia
1614 1623 1818 1663 eorum
1831 1606 2080 1676 cantica,

438 1700 496 1752 et
524 1697 738 1769 psalmi
759 1701 1062 1753 vertantur
1090 1697 1149 1751 in
1169 1696 1418 1752 luctum.
1437 1695 1710 1767 Nihilque
1729 1695 1887 1751 aliud
1910 1710 2085 1750 nove-

438 1785 518 1840 rit
545 1785 801 1858 populus
828 1785 1012 1857 loqui,
1046 1784 1157 1841 nisi
1189 1785 1300 1841 hoc
1323 1801 1336 1840 :
1360 1787 1599 1884 .miseria
1626 1786 1817 1840 miseri
1832 1784 1968 1855 facti
1985 1799 2078 1839 su-
2114 1824 2164 1889 Β

438 1873 775 1930 mus.Terra
794 1873 1013 1946 quippe
1034 1872 1508 1946 repromissionis
1521 1889 1650 1944 quis
1671 1872 1836 1945 prius
1857 1872 2086 1927 duabus

442 1965 501 2018 et
528 1962 710 2018 semis
738 1961 1011 2018 tribubus
1039 1965 1195 2018 sorte
1223 1961 1409 2018 divisa
1448 1962 1639 2016 fuerat
1664 1965 1827 2016 trans
1883 1960 2087 2015 Jorda-

444 2065 605 2118 nam,
637 2050 835 2123 Moyse
865 2051 1134 2106 mittente
1164 2049 1516 2119 funiculum,
1547 2054 1604 2105 et
1631 2054 1835 2122 postea
1853 2050 1926 2105 ab
1946 2049 2086 2105 Jesu

444 2138 602 2196 Nave
623 2139 900 2196 tribubus
928 2138 1172 2211 reliquis
1203 2140 1351 2197 451
1410 2138 1735 2211 dispertita,
1798 2138 1920 2194 hinc
1945 2153 2086 2211 gen-

445 2229 605 2285 tibus
629 2228 894 2285 Romano
932 2244 1199 2285 mensore
1228 2227 1417 2285 divisa
1461 2233 1580 2284 est:
1642 2232 1699 2284 et
1753 2244 1926 2284 nemo
1984 2227 2091 2281 fuit

444 2317 547 2390 qui
578 2316 930 2390 prohiberet,
966 2316 1106 2389 quin
1130 2316 1474 2390 potiuscum
1497 2317 1801 2372 universas
1831 2316 2091 2372 obtineat

446 2406 734 2475 nationes,
766 2405 969 2462 nullus
997 2410 1088 2462 est
1114 2423 1183 2463 ex
1200 2406 1421 2463 Judaeis
1445 2406 1545 2478 qui
1561 2406 1872 2479 antiquum
1897 2405 2090 2479 pristi-

444 2512 519 2552 na
536 2494 807 2553 libertate
834 2495 1130 2568 possideat
1157 2495 1371 2551 solum.
1405 2496 1568 2559 Quod
1600 2494 1650 2551 si
1668 2496 1899 2551 tertiam
1915 2511 2087 2567 expo-

444 2584 720 2642 sitionem
749 2585 917 2658 sequi
944 2583 1326 2653 voluerimus,
1358 2599 1615 2652 omnem,
1650 2584 1721 2639 de
1746 2600 1863 2656 qua
1912 2598 2092 2655 supra

446 2672 729 2745 dixeram,
761 2674 830 2729 ad
864 2673 1123 2729 animam
1154 2672 1476 2728 humanam
1515 2688 1849 2729 sermonem
1893 2671 2087 2745 dirigi,

446 2780 575 2836 qum
605 2764 681 2819 de
697 2762 969 2835 paradiso
1010 2776 1291 2818 corruens
1348 2761 1408 2816 in
1466 2761 1863 2833 captivitatem
1912 2760 2092 2832 hujus

450 2850 657 2908 mundi
668 2850 892 2906 venerit
907 2849 1259 2905 :videbimus
1271 2850 1428 2921 quod
1440 2848 1635 2904 omnis
1649 2847 1924 2921 cogitatio
1955 2865 2091 2905 nos-

2188 541 2584 594 t‘ornicutionis
2621 539 2968 607 funiculum,
3003 539 3156 596 alius
3185 541 3448 598 avaritia:
3476 543 3708 602 illehnmi-

2185 629 2345 694 cidii,
2378 629 2471 684 hic
2503 629 2742 701 periurii
2774 629 2962 686 lineas
2994 629 3213 685 tendit:
3269 647 3391 702 pars
3440 633 3603 704 pepuli
3643 635 3708 692 Dei

2187 718 2374 773 divisa
2393 723 2483 773 est
2502 718 2559 773 in
2584 718 2840 774 funiculo
2865 723 2940 774 :et
2954 719 3074 789 agri
3105 720 3382 790 quondam
3403 721 3715 779 sanctitatiset

2182 806 2469 878 paradisi,
2504 824 2758 878 quorum
2780 808 2955 862 odore
2970 807 3356 863 delectabatur
3370 808 3510 864 Isaac
3528 809 3574 864 in
3590 809 3714 866 Iacob

2186 895 2304 951 filio
2336 912 2442 951 suo
2473 895 2625 966 (Gen.
2653 897 2818 967 xvn),
2849 896 3056 951 traditi
3096 900 3235 951 sunt
3283 897 3509 969 Assyriis
3550 899 3719 970 regione

2185 984 2520 1055 Babylonio.
2553 985 2623 1039 Et
2652 985 3003 1040 habentibus
3034 983 3300 1056 vulpibus
3328 986 3515 1053 foveas,
3538 988 3657 1043 452
3685 991 3721 1042 et

2186 1073 2524 1129 volucribus
2549 1073 2676 1129 θα)Ιί
2708 1074 2899 1143 nidos,
2936 1074 3117 1129 Filius
3174 1073 3411 1129 hominis
3458 1091 3555 1130 non
3598 1075 3724 1131 habet

2189 1162 2290 1217 ubi
2321 1167 2499 1234 caput
2523 1179 2698 1218 suum
2730 1161 2969 1218 reclinet
2990 1166 3179 1234 (Matt.
3206 1164 3342 1233 VIII).
3369 1163 3585 1234 Exposui
3609 1164 3728 1234 juxta

2190 1251 2344 1322 quod
2369 1252 2481 1307 mei
2500 1250 2776 1323 ingenioli
2798 1251 3169 1322 patiebantur
3189 1251 3525 1324 angustiss,et
3541 1251 3728 1323 primam

2190 1341 2263 1394 ab
2293 1340 2568 1411 Assyriis,
2626 1338 3078 1412 Babyloniisque
3108 1338 3301 1412 populi
3326 1339 3733 1411 captivitatem,“

2190 1429 2507 1483 secundam
2529 1446 2563 1483 a
2584 1428 3032 1500 Romanis,quia
3052 1428 3355 1485 Dominum
3376 1427 3732 1494 cruciﬁxerunt;

2197 1522 2256 1573 et
2286 1517 2523 1573 tertiam
2555 1516 2946 1589 spiritualem,
2979 1534 3096 1589 qua
3123 1517 3506 1589 unusquisque
3538 1520 3736 1573 nostrum

2197 1622 2331 1662 cum
2361 1607 2544 1661 Adam
2575 1606 2644 1662 de
2670 1606 2943 1678 paradiso
2975 1607 3205 1675 cecidit,
3237 1610 3293 1662 et
3318 1608 3374 1661 in
3402 1607 3555 1677 hujus
3587 1604 3737 1660 mundi

2194 1695 2525 1767 captivitate
2549 1699 2834 1766 versatur,
2865 1696 2937 1750 de
2966 1711 3084 1767 qua
3114 1712 3246 1751 cum
3278 1695 3482 1751 venerit
3511 1692 3739 1759 Dominus,

2194 1784 2378 1856 eriget
2408 1783 2602 1852 elisos,
2636 1788 2691 1840 et
2721 1783 2904 1840 solvet
2961 1785 3319 1858 compeditos
3373 1784 3526 1854 (Psal.
3575 1782 3739 1851 cxuv):

2196 1877 2254 1928 et
2283 1873 2541 1944 captivos
2573 1873 2870 1945 quondam
2904 1872 3141 1942 diaboli,
3177 1872 3476 1929 reducetin
3500 1869 3742 1944 possessio-

2196 1976 2330 2017 nem
2357 1977 2548 2027 suam,
2581 1966 2638 2017 et
2675 1961 3066 2034 complebitur
3124 1978 3313 2018 sermo
3365 1959 3641 2021 Psalmistae
3680 1957 3743 2011 di-

2195 2050 2410 2106 centis:
2444 2050 2748 2107 Ascendens
2777 2052 2838 2105 in
2878 2051 3070 2117 altum,
3121 2053 3381 2124 captivam
3436 2050 3582 2105 duxit
3619 2049 3744 2119 capti-

2194 2144 2414 2195 vitatem
2444 2140 2617 2211 (Psal.
2642 2156 2812 2210 LXVII,
2848 2140 2958 2209 19).
2991 2139 3169 2195 Juxta
3197 2156 3370 2212 quam
3407 2137 3741 2211 expositionem

2197 2232 2387 2302 potest
2412 2234 2466 2284 et
2497 2228 2567 2282 de
2598 2227 2854 2284 Ecclesia
2891 2232 3102 2299 quarta
3158 2228 3451 2302 captivitas
3493 2224 3661 2297 accipi,
3699 2223 3747 2277 de

2198 2334 2316 2389 qua
2346 2319 2757 2389 unusquisque
2786 2318 3084 2389 egreditur
3096 2335 3203 2390 per
3221 2324 3526 2390 peccatum,
3544 2319 3591 2370 et
3606 2315 3750 2386 postea

2198 2407 2268 2462 ab
2301 2410 2463 2476 Ezra,
2498 2406 2600 2478 qui
2626 2405 3045 2477 interpretatur
3071 2407 3315 2478 adjutor,
3346 2405 3402 2462 id
3431 2409 3531 2468 est,
3550 2413 3752 2459 sermone

2199 2496 2299 2551 Dei
2332 2495 2631 2551 reducitur
2660 2495 2719 2549 in
2748 2494 3075 2551 Jerusalem
3108 2496 3155 2567 (Ι
3190 2496 3385 2554 Esdrw
3411 2496 3521 2565 v11).
3560 2492 3609 2547 Si
3660 2485 3753 2559 quis

2198 2588 2395 2639 autem
2427 2583 2487 2637 in
2515 2583 2663 2655 Lege
2694 2582 2927 2637 Domini
2958 2582 3054 2637 die
3083 2599 3155 2639 ac
3176 2588 3339 2638 nocte
3360 2580 3655 2641 meditatus,
3670 2588 3753 2628 ma-

2193 2674 2293 2743 jus
2313 2671 2521 2727 habuit
2545 2671 2829 2739 studium,
2862 2671 3059 2742 majus
3101 2671 3421 2744 ingenium,
3450 2667 3608 2723 otium
3660 2676 3755 2735 εηο

2199 2761 2481 2832 tiamque,
2503 2763 2561 2816 et
2590 2763 2779 2832 potest
2802 2760 2873 2815 de
2904 2761 3179 2831 praesenti
3200 2757 3443 2834 capitulo
3466 2749 3752 2829 probabilius

2201 2849 2422 2922 aliquid
2456 2848 2667 2914 dicere,
2717 2864 2832 2903 non
2894 2848 3147 2916 invideo,
3180 2865 3295 2905 non
3343 2859 3609 2918 aspernor,
3653 2836 3755 2910 quin

454 2945 548 2997 tra
575 2938 743 2996 labor
768 2943 828 2994 et
850 2938 1017 2995 dolor
1055 2937 1150 3006 sit,
1211 2936 1429 2993 cubilia
1486 2941 1687 2993 nostra
1741 2937 1916 3009 plena
1973 2938 2095 2994 sint
2201 2940 2396 3011 potius
2425 2938 2599 3010 cupio
2628 2938 2701 2993 ab
2730 2954 2796 2993 eo
2826 2936 3047 2994 discere
3081 2938 3244 3010 quod
3272 2936 3541 3010 ignoro,et
3570 2929 3756 2985 libenter

453 3026 650 3095 malis,
681 3030 739 3084 et
767 3027 869 3082 lux
898 3027 1028 3100 ipsa
1072 3043 1202 3099 quae
1258 3026 1510 3090 videtur,
1568 3026 1751 3082 mixta
1799 3027 1877 3082 sit
1933 3032 2092 3084 tene-

452 3117 576 3173 bris
596 3134 617 3171 :
637 3130 883 3187 quisque
903 3119 1070 3171 nocte
1086 3119 1426 3181 tractemus,
1450 3115 1510 3169 in
1532 3114 1779 3187 caligine
1800 3116 2091 3188 complea-

2203 3043 2295 3083 me
2326 3025 2682 3098 discipulum
2713 3026 3046 3098 proﬁtebor,
3079 3025 3401 3082 dummodo
3419 3021 3660 3085 doceat,et
3674 3029 3757 3071 non

2203 3116 2487 3172 detrahat.
2523 3115 2681 3171 Nihil
2712 3115 2871 3171 enim
2901 3120 3023 3171 tam
3052 3115 3248 3183 facile,
3280 3129 3448 3187 quam
3478 3109 3687 3166 otiosum
3721 3103 3762 3156 et

453 3219 609 3261 mus.
644 3203 786 3271 Quis
804 3203 963 3260 enim
994 3206 1264 3259 nostrum
1296 3204 1369 3259 ad
1403 3205 1584 3260 Deum
1623 3208 1859 3260 sanctas
1913 3204 2097 3261 elevat
2125 3192 2168 3258 C
2208 3204 2595 3262 dormientem
2653 3206 2725 3260 de
2792 3204 3040 3260 aliorum
3085 3203 3292 3261 labore
3341 3208 3398 3259 et
3448 3196 3629 3272 vigiliis
3672 3191 3762 3248 dis‘

453 3309 670 3351 manus
700 3291 829 3349 sine
846 3292 934 3348 ira
963 3295 1021 3349 et
1048 3292 1446 3364 cogitatione?
1472 3292 1614 3358 Quis
1658 3310 1774 3348 non
1805 3293 2099 3350 desiderat
2209 3299 2433 3366 putare.

450 3382 622 3439 villas
651 3381 825 3438 istius
854 3380 1300 3449 saeculi,oblitus
1321 3381 1765 3453 possessionum
1795 3381 2098 3453 paradisi?

380 3494 381 3497 η
449 3471 669 3528 Videas
696 3469 845 3527 alios
877 3486 1050 3542 agros
1078 3468 1255 3543 agris,
1288 3473 1345 3526 et
1373 3470 1656 3527 terminos
1677 3470 1930 3543 jungere
1980 3474 2097 3527 ter-

2277 3382 2463 3455 (Vers.
2497 3382 2641 3451 6-8.)
2670 3384 2746 3439 Ne
2774 3383 3080 3453 loquamini
3143 3385 3436 3456 loquentes,
3488 3393 3581 3433 non
3624 3369 3761 3427 stilla-

2207 3472 2285 3527 bit
2312 3488 2477 3544 super
2504 3472 2650 3542 istos,
2680 3489 2792 3528 non
2819 3471 3248 3544 comprehendet
3270 3469 3521 3542 confusio,
3546 3465 3656 3519 dicit
3694 3457 3760 3511 d0-

447 3560 649 3630 minis,
680 3564 739 3616 et
765 3576 943 3633 parvo
973 3559 1231 3616 hominis
1261 3560 1606 3633 corpusculo
1660 3576 1798 3616 rura
1856 3560 2095 3616 urbium
2206 3578 2326 3616 mus
2340 3561 2523 3618 Iacob.
2549 3562 2824 3632 Numquid
2852 3562 3207 3618 abbreviatus
3235 3570 3315 3619 est
3342 3560 3548 3632 spiritus
3575 3545 3762 3609 Domini,

445 3667 563 3708 non
593 3650 882 3707 sufﬁcere.
913 3653 1227 3722 Propterea
1246 3649 1459 3722 cogitat
1480 3649 1769 3705 Dominus
1785 3666 1964 3721 super
1988 3665 2095 3705 nos
2204 3660 2299 3706 aut
2316 3651 2460 3707 tales
2478 3654 2607 3706 sunt
2624 3652 2974 3722 cogitationes
2994 3652 3112 3722 ejus
3138 3653 3367 3709 .9Nonnc
3385 3647 3524 3705 verba
3540 3655 3633 3696 men
3651 3636 3758 3689 δοκε

444 3739 601 3796 mala
629 3740 703 3795 de
725 3738 940 3810 quibus
970 3743 1201 3794 nostras
1222 3738 1446 3795 elevare
1486 3754 1850 3810 nequeamus
1908 3739 2095 3795 cervi-
2201 3747 2332 3795 sunt
2355 3756 2484 3795 cum
2510 3755 2570 3796 eo
2600 3741 2696 3810 qui
2721 3747 2867 3795 recte
2885 3740 3149 3808 graditur
3173 3744 3201 3797 2
3228 3741 3300 3796 Et
3327 3722 3765 3802 contrariopopﬂl“

442 3844 686 3897 ces,nec
716 3827 1021 3885 ambulare
1060 3828 1226 3893 recti,
1285 3828 1426 3900 quia
1485 3832 1719 3899 tempus
1767 3827 2092 3900 pessimum

439 3922 549 3988 est,
575 3919 744 3990 juxta
770 3917 1019 3974 Joannis
1046 3917 1245 3984 verba,
1269 3916 1549 3971 dicentis:
1591 3917 1837 3972 Mundus
1881 3919 1943 3973 in
1968 3935 2094 3974 ma-

435 4008 592 4079 ligno
618 4009 827 4079 positus
853 4010 936 4061 est
966 4005 1012 4076 (Ι
1040 4009 1206 4062 Joan.
1241 4022 1296 4075 v,
1324 4006 1436 4077 19).
1470 4006 1734 4079 Idipsum
1794 4007 2091 4080 signiﬁcat

441 4099 499 4152 et
524 4094 627 4150 illa
654 4094 715 4149 in
745 4090 1057 4164 Evangelia
1084 4093 1206 4149 ﬁlia
1246 4093 1545 4150 Abraham
1590 4093 1804 4150 nobilis
1871 4096 2089 4165 anima,

444 4198 624 4256 quam
654 4183 900 4239 Satanas
928 4182 1191 4239 vinxerat
1218 4186 1275 4238 et
1302 4183 1726 4251 incurvaverat,
1760 4189 1817 4240 et
1854 4185 1968 4241 nisi
2019 4187 2090 4241 ad

445 4272 760 4329 adventum
790 4271 1022 4328 Domini
1055 4272 1116 4328 in
1145 4271 1398 4329 sublime
1420 4272 1563 4344 erigi
1580 4278 1715 4329 ante
1740 4290 1856 4330 non
1880 4275 2091 4347 potuit,

442 4377 547 4419 nec
579 4376 755 4418 suum
811 4361 1108 4434 suspicere
1175 4361 1281 4433 [Al,
1341 4361 1661 4435 suscipere]
1718 4364 2085 4420 Creatorem.

442 4452 606 4508 Unde
637 4450 905 4525 Salvator
930 4451 1040 4507 ait:
1103 4454 1279 4519 Hanc,
1340 4450 1552 4524 inquit,
1609 4453 1787 4523 ﬁliam
1852 4453 2092 4510 Abraha?

2200 3845 2356 3884 meus
2377 3831 2438 3884 in
2467 3829 2853 3885 adversarium
2880 3833 3259 3902 consurrexit,
3322 3829 3533 3898 desuper
3577 3816 3765 3873 Mm

2197 3919 2439 3989 pallium
2467 3919 2791 3985 sustulistis,
2815 3921 2868 3973 et
2896 3934 2986 3974 eos
3011 3921 3110 3991 qui
3143 3918 3459 3975 transibunt
3491 3904 3764 3981 simplicia.

2199 4009 2545 4063 convcrtistz’s
2561 4010 2621 4063 in
2652 4006 2880 4063 bellum.
2918 4009 3049 4064 LXX
3075 4026 3088 4065 :
3123 4011 3192 4065 In
3211 4009 3444 4065 Ecclesia
3470 3997 3660 4059 Domini
3696 4004 3765 4045 ηο-

2202 4096 2297 4150 lite
2324 4097 2455 4165 ﬂere
2485 4096 2764 4168 lacrymis,
2786 4112 2959 4169 neque
2983 4098 3211 4168 plorent
3237 4113 3399 4170 super
3417 4095 3496 4150 his
3513 4093 3535 4145 .’
3554 4103 3647 4144 non
3664 4079 3767 4139 enim

2199 4185 2421 4256 objiciet
2448 4185 2764 4257 opprobria,
2797 4201 2922 4258 quae
2940 4186 3076 4243 dicit
3095 4204 3115 4241 :
3147 4190 3354 4244 Domus
3381 4182 3533 4242 Iacob
3568 4182 3768 4252 er‘

2202 4274 2276 4329 vit
2302 4274 2565 4345 spiritum
2590 4274 2834 4343 Domini,
2862 4292 2911 4331 st
2949 4276 3189 4334 haesuri!
3228 4272 3623 4333 adiuuantium
3666 4260 3769 4334 ei“:

2198 4377 2379 4418 nonne
2405 4378 2679 4419 sermones
2694 4364 2811 4436 ejus
2832 4366 2960 4420 boni
2977 4374 3110 4421 sunt
3127 4383 3259 4422 cum
3283 4382 3365 4436 eo,
3382 4363 3567 4419 oliveti
3588 4354 3648 4428 (θ)

2201 4452 2567 4508 bulaoerunt?
2596 4454 2657 4508 Et
2686 4432 2845 4525 prius
2873 4455 3109 4525 populus
3128 4471 3290 4512 meus
3316 4432 3611 4510 inimicitiis
3631 4432 3776 4525 mw

376 4606 379 4607 ν
441 4556 611 4613 quam
641 4522 971 4610 alligaverat
993 4540 1248 4611 Sanatas,
1282 4556 1392 4596 non
1418 4522 1658 4612 oportuit
1685 4541 1824 4596 solvi
1849 4542 1919 4596 de
1961 4544 2085 4597 vin-
2118 4566 2165 4631 Β
2197 4549 2389 4597 contra
2415 4558 2604 4612 pacem
2631 4522 2821 4598 suam:
2862 4522 3061 4614 pellem
3116 4545 3245 4616 ejus
3293 4522 3777 4632 mandaverant."

438 4628 561 4685 culo
584 4631 692 4686 isto
714 4629 803 4685 die
821 4630 1042 4685 sabbati
1060 4630 1217 4699 (Luc.
1246 4647 1369 4702 xm,
1406 4630 1541 4701 16)?
1571 4630 1720 4695 Quia
1749 4645 1886 4703 ergo
1900 4630 2085 4703 gloria
2122 4626 2156 4631 _
2193 4631 2477 4700 auferrent
2504 4648 2653 4703 spem
2681 4634 3060 4688 contritioncm
3089 4632 3245 4688 belli.
3279 4632 3365 4688 Ne
3394 4626 3774 4703 loquaminiqtr

439 4719 846 4775 nustraomnis
866 4722 1098 4775 attonsa
1127 4723 1236 4788 est,
1272 4723 1329 4775 et
1376 4718 1749 4775 dilatavimus
1804 4736 2078 4791 rasuram,

433 4806 523 4863 vel
545 4807 620 4880 (a)
643 4807 946 4863 nuditatem
964 4814 1215 4863 nostram
1236 4807 1343 4879 (sic
1365 4806 1522 4863 enim
1538 4807 1596 4863 in
1622 4807 1977 4880 quibusdam
1992 4826 2082 4865 co-

438 4896 670 4953 dicihus
691 4896 1006 4968 invenitur)
1043 4896 1210 4952 missi
1242 4900 1381 4951 sunt
1411 4896 1513 4968 qui
1567 4913 1672 4953 nos
1738 4895 2083 4970 plangerent

432 5002 567 5045 cum
597 4985 872 5053 Jeremia,
896 4990 954 5042 et
983 4989 1286 5041 sumerent
1328 5000 1505 5057 super
1552 5001 1660 5041 nos
1714 4986 2078 5057 parabolam,

431 5079 489 5132 et
515 5074 772 5131 dicerent
802 5089 935 5130 cum
969 5067 1277 5146 Apostolo:
1304 5073 1518 5145 Lugebo
1541 5077 1735 5131 multos
1764 5076 1862 5146 qui
1886 5092 2078 5147 pecca~

428 5171 643 5235 verunt,
685 5167 737 5220 et
762 5179 875 5220 non
905 5171 1140 5233 egerunt
1162 5165 1553 5235 paenitentiam
1582 5163 1655 5236 (ΙΙ
1688 5162 1809 5220 Cor.
1842 5166 2075 5237 x11,21).

2191 4720 2339 4791 quit,
2371 4701 2677 4792 loquentes
2707 4740 2720 4789 ;
2755 4738 2857 4793 pro
2887 4738 3003 4793 quo
3031 4721 3457 4794 interpretatus
3484 4718 3566 4771 est
3583 4701 3774 4794 Aquilii

2187 4825 2257 4863 ne
2283 4808 2512 4865 stilletis
2540 4792 2833 4879 stillantes,
2882 4792 3209 4882 quondanr
3230 4811 3508 4866 idiomate
3534 4792 3773 4860 Hebraicoi

2188 4896 2487 4970 eloquium
2558 4899 2631 4953 ab
2675 4914 2742 4954 eo
2799 4900 2957 4970 quod
3016 4900 3163 4955 fluat
3217 4905 3278 4955 et
3326 4899 3396 4955 ad
3468 4894 3773 4975 auream"

2186 4986 2379 5043 veniat
2453 4987 2837 5056 audientium,
2908 4989 2969 5043 in
3062 4987 3523 5044 similitudinem
3620 4972 3772 5049 pluvia

2188 5077 2342 5134 458
2368 5077 2773 5133 descendentis
2805 5076 3191 5135 stillationem
3226 5093 3465 5134 vocans.
3501 5068 3663 5128 Nolite
3706 5069 3774 5114 v05

2186 5166 2471 5237 decipere,
2505 5182 2537 5221 o
2557 5166 2769 5222 domus
2792 5166 2993 5236 Jacob,
3025 5172 3081 5223 et
3104 5167 3161 5221 in
3199 5163 3643 5223 consolationem
3681 5159 3769 5207 mn‘

430 5252 572 5319 Quis
601 5253 758 5311 enim
791 5268 907 5308 non
967 5250 1206 5327 plangat
1253 5253 1457 5309 videns
1494 5252 1786 5309 humanas
1846 5255 2075 5310 animas
2182 5259 2347 5310 tuam
2377 5254 2589 5327 dicere,
2624 5262 2774 5313 Deus
2803 5257 2994 5313 bonus
3027 5260 3113 5312 est
3142 5272 3288 5312 :non
3318 5254 3508 5313 veniet
3525 5239 3771 5327 captivitas

432 5344 600 5417 quasi
629 5343 852 5400 variam
883 5341 1347 5416 suppellectilem
1378 5361 1412 5400 a
1449 5342 1813 5400 daemonibus
1872 5352 1930 5400 et
1987 5344 2075 5400 di-

2185 5360 2362 5416 quam
2393 5325 2691 5401 timemus.
2723 5344 2876 5402 Num
2899 5345 3062 5419 larga
3103 5346 3240 5416 ejus
3301 5334 3690 5400 misericordia,
3727 5325 3766 5378 εί

498 5504 905 5579 (a)Prist'eru_nt
923 5504 1856 5579 duoPala_tin.mss.viduitatem:in
1877 5506 2073 5565 Graeco
2185 5504 2355 5579 paulo
2388 5511 2582 5563 autem
2618 5511 2749 5579 post
2770 5505 2987 5579 delent,
3024 5521 3204 5579 spem.
3265 5511 3381 5562 Pro
3416 5495 3769 5579 λοοιξενὶιίοιςξι

431 5575 741 5648 autemest
768 5575 1047 5648 γύμνωσιν
1060 5576 1403 5648 nuditatem.

2180 5569 2473 5654 Victorius
2502 5569 3092 5654 contritionum‘le'git';
3126 5582 3225 5637 est
3250 5595 3392 5638 vero
3412 5577 3475 5635 in
3504 5574 3677 5633 Gram
3697 5569 3774 5617 ω·

502 5643 580 5721 (b)
608 5643 792 5703 Iidem"
819 5643 963 5703 mss.
1011 5645 1129 5720 hic,
1177 5647 1322 5720 jam,
1366 5646 1632 5707 voculam
1687 5649 2068 5725 interserunt,
2179 5648 2310 5710 nori
2338 5665 2583 5709 numero
2612 5646 2971 5731 συντριμμόν.
