4008 6184
262 402 414 473 1173

1000 408 1744 479 CUMMENTARIORUM
1788 413 1865 476 1N

2019 408 2295 477 ΞΗιΕΑΜ
2338 411 2488 477 LIB.
2533 412 2581 478 Ι.
2620 414 2791 479 CAP.
2837 413 2917 481 II.

3499 408 3654 481 1174

259 540 407 599 tium
438 541 881 601 tenebrosorum
909 561 922 601 :
955 545 1055 618 qui
1087 563 1220 602 cum
1251 546 1424 603 erecti
1480 547 1698 602 fuerint
1741 546 1900 602 velut
1927 548 1982 615 Α
2012 550 2351 619 persecutus
2382 545 2441 602 in
2460 545 2649 603 nihili.
2670 547 2832 613 Quod
2860 548 2909 606 si
2930 548 3021 607 cui
3041 522 3276 607 videtur
3293 547 3473 607 nimis
3488 564 3654 607 coac-

262 632 468 689 cedrus
500 632 702 688 Libani
733 638 1104 691 transeuntes
1125 635 1900 703 cummundo,locuseorum

261 737 374 778 non
407 722 617 793 poterit
633 721 903 778 inveniri.
1764 724 1773 735 ’

327 810 496 867 LXX:
533 813 706 881 Surge
734 816 784 867 et
814 808 1062 882 ambula,
1096 816 1227 885 quia
1255 830 1366 870 non
1392 817 1471 871 est
1519 816 1621 871 tibi
1676 814 1766 870 hic
1821 832 1904 871 re-

258 900 429 972 quies.
460 900 749 956 Jubemur
771 900 831 956 in
864 901 1045 958 nullis
1076 902 1282 959 mundi
1311 903 1487 959 rebus
1504 908 1710 975 putare
1731 904 1902 960 nobis

258 989 558 1060 requiem;
592 990 692 1045 sed
727 990 898 1062 quasi
931 1008 964 1045 a
993 991 1240 1047 mortuis
1269 998 1660 1064 resurgentes,
1697 994 1769 1049 ad
1802 1010 1900 1048 su-

257 1075 437 1133 blime
465 1078 720 1148 tendere,
755 1082 813 1133 et
841 1079 1146 1135 ambulare
1175 1084 1310 1151 post
1354 1080 1667 1136 Dominum
1716 1081 1902 1137 Deum

258 1170 549 1232 nostrum,
581 1171 639 1222 et
667 1167 878 1223 dicere.
916 1168 1153 1224 Adhzsit
1180 1170 1369 1224 anima
1396 1169 1524 1224 mda
1549 1177 1669 1241 post
1700 1177 1748 1224 te
1786 1170 1899 1241 (Ps.

258 1256 485 1326 an,9).
515 1256 677 1321 Quod
700 1256 748 1310 si
771 1256 1216 1328 neglexerimus,
1242 1261 1299 1313 et
1319 1257 1679 1313 noluerimus
1702 1256 1903 1313 audire

256 1342 547 1399 dicentem
572 1360 585 1398 :
616 1344 841 1413 Exurge
868 1347 967 1417 qui
994 1344 1223 1413 dormis,
1256 1349 1306 1401 et
1333 1347 1566 1414 elevare,
1610 1349 1661 1401 et
1690 1346 1900 1401 illumi-

256 1432 414 1488 nabit
454 1440 507 1488 te
535 1432 785 1488 Christus
814 1434 970 1505 (Eph.
1003 1451 1058 1502 v,
1095 1433 1204 1506 14),
1263 1434 1715 1491 dormitabimus
1771 1433 1901 1506 qui-

259 1521 413 1588 dem,
444 1522 546 1578 sed
579 1521 958 1593 decipiemur,
991 1527 1048 1578 et
1077 1539 1192 1579 non
1225 1522 1590 1579 inveniemus
1641 1523 1900 1595 requiem

255 1609 396 1681 quia
424 1610 524 1666 ubi
554 1609 819 1667 Christus
847 1628 962 1666 non
988 1611 1287 1668 illuminat
1315 1616 1741 1682 resurgentem,
1774 1629 1901 1684 qua

253 1699 487 1755 videtur
513 1715 644 1755 esse
674 1699 925 1772 requies,
957 1699 1258 1757 tribulatio
1288 1705 1395 1757 est.

326 1787 463 1844 LXX
485 1807 504 1841 :
534 1790 768 1860 Propter
795 1789 1218 1845 immunditiam
1244 1791 1555 1861 consumpti
1598 1793 1727 1846 estis
1782 1805 1901 1845 cor-

254 1878 531 1948 ruptione.
566 1876 672 1932 Pro
703 1894 769 1933 eo
801 1879 954 1949 quod
985 1895 1091 1934 nos
1123 1878 1401 1949 diximus,
1424 1879 1732 1950 consumpti
1749 1880 1900 1944 estis,

256 1968 445 2038 potest
468 1966 639 2036 juxta
653 1966 908 2022 Graecam
929 1965 1445 2040 intelligentiamin
1470 1967 1673 2023 Latino
1694 1982 1903 2023 sonare

257 2069 546 2123 sermone,
579 2056 821 2126 corrupti
841 2057 969 2111 estis
993 2073 1011 2110 :
1032 2060 1098 2110 ut
1117 2055 1193 2111 sit
1212 2056 1374 2121 ordo,
1399 2058 1634 2128 propter
1651 2056 1906 2111 immUn-

257 2142 465 2198 ditiam
496 2144 749 2215 corrupti
781 2144 925 2199 estis
949 2144 1339 2216 corruptione.
1364 2146 1476 2200 Hoc
1499 2148 1694 2201 autem
1716 2145 1787 2201 ad
1806 2161 1904 2201 eos

258 2230 494 2303 dicitur,
513 2232 908 2305 quivoluptati
923 2234 1182 2305 corporis
1199 2238 1256 2289 et
1276 2233 1537 2289 libidinis
1565 2233 1901 2302 servientes,

256 2336 373 2376 non
405 2320 594 2376 solum
626 2321 907 2377 animam.
943 2322 1042 2376 sed
1076 2337 1288 2394 corpus
1318 2338 1551 2394 quoque
1580 2338 1755 2377 suum
1778 2338 1901 2377 cor-

256 2414 563 2482 rumpunt,
584 2409 1257 2482 voluptatum'amatores
1275 2410 1463 2482 magis
1477 2412 1903 2483 quamfamato-

255 2515 353 2555 res
384 2499 505 2555 Dei.
536 2499 768 2555 Poterat
798 2516 1032 2571 quoque
1062 2499 1273 2570 dicere,
1305 2505 1542 2572 propter
1581 2499 1896 2555 immundi-

255 2588 402 2643 tiam
435 2588 692 2660 corrupti
726 2588 890 2657 estis,
923 2592 980 2643 et
1001 2604 1209 2644 sensus
1229 2588 1404 2643 etiam
1430 2589 1650 2660 absque
1670 2604 1901 2661 corrup-

255 2677 418 2732 tione
445 2676 655 2732 fuisset
684 2676 1150 2749 expletus.Nunc
1163 2681 1358 2731 autem
1374 2676 1512 2747 quia
1542 2677 1905 2748 ait,eorrupti

257 2766 394 2821 estis
422 2767 787 2837 corruptione,
838 2766 911 2820 ad
968 2765 1407 2821 distinctionem
1467 2765 1611 2820 mihi
1669 2766 1904 2821 videtur

255 2854 653 2925 corruptionis
685 2852 963 2910 salutaris
992 2854 1239 2910 dixisse:
1264 2855 1435 2925 juxta
1454 2871 1631 2925 quam
1668 2859 1723 2909 et
1752 2857 1902 2927 Apo-

257 2941 447 2999 stolus
476 2942 774 3015 loquitur:
808 2945 872 2999 Et
900 2945 953 2999 si
979 2946 1027 2999 is
1051 2944 1151 3015 qui
1174 2943 1317 3017 foris
1362 2943 1518 2999 homo
1568 2952 1752 2999 noster
1805 2952 1900 3011 est,

253 3034 665 3103 corrumpitur;
696 3033 788 3088 sed
820 3034 919 3104 qui
948 3034 1099 3087 intus
1126 3040 1206 3087 est
1234 3039 1527 3087 renovatur
1579 3032 1644 3087 de
1699 3033 1789 3088 die
1844 3034 1903 3087 in

252 3120 432 3190 diem(
439 3121 486 3176 ΙΙ
504 3121 626 3177 Cor.
640 3138 718 3185 IV,
736 3123 844 3189 16).
860 3120 966 3186 Qui
983 3136 1214 3192 semper
1242 3119 1903 3177 mortiﬁcationemJesu

253 3213 448 3282 portat
476 3208 535 3264 in
567 3226 806 3282 corpore
837 3226 965 3275 suo,
997 3214 1054 3264 et
1083 3209 1426 3265 exteriorem
1450 3209 1774 3281 corrumpit
1797 3209 1899 3264 ho-

2009 639 2161 705 tum,
2184 640 2242 692 et
2262 641 2465 693 contra
2477 637 2787 710 Scriptura
2814 637 3251 712 simplicitatem
3277 638 3521 695 artificio
3550 655 3653 711 po-

2011 725 2130 781 tius
2160 724 2394 798 eloquii,
2428 742 2605 798 quam
2634 743 2772 783 vera
2802 727 3282 801 interpretatione
3311 728 3656 794 dissertum,

2007 813 2095 870 vel
2126 814 2402 886 priorem,
2424 814 2513 871 vel
2536 831 2713 887 quam
2744 816 2871 888 ipse
2901 817 3182 890 repererit
3237 817 3657 891 expositionem

2010 907 2310 974 sequatur.

2080 990 2262 1061 (Vers.
2302 991 2389 1059 11,
2425 990 2537 1061 12.)
2570 992 2791 1048 Utinam
2819 1008 2929 1049 non
2961 1008 3132 1049 essem
3160 994 3253 1048 vir
3283 993 3488 1050 habens
3540 994 3658 1066 spi-

2009 1079 2200 1149 ritum,
2235 1088 2286 1134 et
2310 1079 2655 1135 mendacium
2681 1083 2866 1152 potius
2898 1080 3167 1153 loquerer.
3200 1081 3431 1138 Stillabo
3463 1082 3567 1137 tibi
3596 1084 3654 1137 in

2008 1169 2201 1222 vinum
2229 1171 2278 1222 et
2308 1169 2369 1222 in
2400 1169 2797 1236 ebrietatem,et
2825 1172 2931 1225 erit
2957 1186 3122 1242 super
3140 1170 3215 1242 (b)
3236 1186 3393 1243 quem
3412 1171 3659 1226 stillatur

2005 1257 2241 1327 populus
2266 1258 2390 1313 iste.
2417 1260 2849 1328 Congregatione
2870 1258 2983 1331 [ΑΙ.
3018 1258 3393 1332 Congregans)
3430 1274 3654 1328 congre-

2008 1345 2143 1415 gabo
2172 1346 2353 1416 Iacob,
2386 1349 2557 1402 totum
2586 1355 2677 1403 te:
2708 1349 2770 1403 in
2815 1364 2991 1404 unum
3043 1349 3344 1405 conducam
3387 1347 3660 1421 reliquias

2010 1434 2176 1489 Israel
2202 1436 2415 1504 pariter
2445 1436 2534 1507 (c).

2081 1523 2151 1578 Et
2181 1523 2239 1578 in
2266 1523 2374 1579 hoc
2406 1524 2594 1596 capite
2624 1524 2877 1582 multum
2908 1526 3292 1600 Septuaginta
3312 1525 3658 1599 interpretes
3724 1582 3731 1585 _

2008 1611 2080 1666 ab
2104 1610 2383 1668 Hebraico
2422 1613 2780 1686 discrepant.
2844 1615 3006 1671 Unde
3063 1615 3322 1687 primum
3372 1617 3543 1688 juxta
3597 1614 3657 1669 id

2010 1701 2166 1771 quod
2198 1701 2368 1757 nobis
2393 1703 2466 1757 ab
2494 1703 2752 1760 Hebraeis
2779 1709 2869 1759 est
2895 1704 3181 1760 traditum
3211 1706 3662 1777 exponamus,st

2009 1793 2232 1859 postea,
2264 1789 2313 1846 si
2345 1791 2625 1847 Dominus
2654 1790 2920 1862 voluerit,
2945 1793 3017 1848 de
3039 1808 3245 1848 eorum
3273 1791 3658 1848 translatione

2009 1879 2414 1934 tractabimus.
2439 1879 2483 1935 Ο
2515 1880 2727 1952 popule
2746 1880 3012 1950 Judaice,
3044 1881 3117 1937 ad
3144 1897 3293 1953 quos
3345 1880 3660 1953 repromis-

2013 1965 2227 2038 siones,
2262 1984 2515 2039 quorum
2546 1972 2902 2024 testamenta
2948 1973 3007 2025 et
3036 1969 3148 2037 lex,
3208 1974 3265 2025 et
3319 1986 3389 2026 ex
3442 1969 3660 2042 quibus

2012 2053 2279 2110 Christus
2307 2057 2631 2111 secundum
2663 2073 2899 2112 carnem
2932 2058 3108 2130 (Rom.
3144 2057 3242 2129 1x),
3294 2057 3407 2128 cui,
3463 2056 3659 2113 immi-

2014 2143 2293 2199 nentibus
2319 2145 2672 2216 Babyloniis,
2703 2144 2791 2201 vel
2821 2145 3121 2214 Romanis,
3153 2146 3271 2201 dixi
3298 2162 3311 2202 :
3343 2144 3575 2219 Surgite
3604 2146 3662 2201 et

2012 2230 2091 2287 ite
2120 2231 2178 2287 in
2213 2233 2631 2304 captivitatem,
2652 2235 2930 2306 quoniam
2963 2252 3076 2291 non
3103 2239 3194 2291 est
3220 2235 3386 2291 vobis
3416 2234 3478 2290 in
3506 2238 3663 2291 terra

2012 2319 2128 2375 ista
2156 2321 2406 2393 requies,
2439 2338 2567 2393 quae
2594 2326 2832 2394 propter
2862 2322 3300 2379 immunditiam
3327 2339 3497 2380 suam
3532 2339 3659 2379 cor-

2013 2414 2321 2480 rumpetur
2351 2409 2725 2482 populatione
2757 2410 3096 2482 novissima,
3130 2428 3245 2467 non
3290 2427 3386 2467 me
3442 2410 3660 2482 putetis

2010 2496 2300 2553 volentem
2325 2498 2503 2569 loqui,
2525 2502 2581 2554 et
2610 2500 2922 2570 praedicare
2942 2500 3318 2577 gaudentem,
3340 2499 3497 2572 quod
3516 2514 3661 2555 ven-

2010 2588 2211 2641 turum
2240 2586 2440 2641 video:
2474 2592 2737 2659 optarem
2767 2592 2825 2642 et
2852 2587 2977 2660 ipse
3027 2588 3339 2643 anathema
3368 2603 3499 2644 esse
3555 2602 3659 2658 pro

2013 2674 2292 2731 fratribus
2324 2675 2490 2745 meis,
2540 2677 2638 2747 qui
2698 2680 2838 2733 sunt
2878 2676 3150 2733 Israelita:
3211 2676 3385 2749 (Rom.
3447 2694 3525 2748 1x,
3583 2677 3657 2745 3).

2012 2762 2247 2819 Utinam
2272 2765 2342 2819 de
2364 2781 2491 2820 meo
2514 2782 2691 2820 sensu
2710 2763 3063 2837 loquerer,et
3078 2770 3348 2822 sanctum
3373 2765 3660 2838 Spiritum

2012 2867 2127 2906 non
2154 2851 2427 2907 haberem
2456 2877 2470 2919 ;
2489 2857 2545 2907 et
2562 2853 2714 2909 inter
2734 2854 3275 2926 pseudoprophetas
3291 2854 3488 2927 potius
3509 2870 3663 2910 com-

2014 2944 2271 3011 putatus,
2306 2940 2466 2997 solus
2491 2942 2954 3014 perirem,etnon
2985 2946 3182 2998 essent
3210 2944 3367 2999 460
3386 2957 3660 3014 veraqute

2012 3028 2143 3083 dico
2170 3047 2183 3084 :
2216 3033 2272 3085 et
2305 3033 2465 3086 tanta
2487 3029 2805 3086 multitudo
2836 3033 3097 3088 crederet
3125 3031 3185 3086 in
3219 3030 3429 3087 Filium
3451 3031 3574 3100 Dei,
3603 3033 3663 3086 et

1986 3133 2129 3172 .non
2160 3118 2490 3173 traderetur
2516 3125 2740 3174 aeterna
2762 3120 3105 3193 captivitati.
3137 3120 3355 3177 Verum
3373 3120 3514 3193 quia
3534 3135 3661 3192 pro-

2015 3205 2189 3277 pheta
2219 3224 2374 3273 sum,
2394 3212 2450 3262 et
2480 3207 2573 3263 Dei
2597 3208 2806 3279 spiritu
2830 3208 3059 3280 loquor,
3089 3212 3145 3265 et
3168 3226 3203 3265 a
3229 3209 3533 3265 divinitate
3550 3207 3659 3278 [Αἰ.

253 3280 501 3366 minem,
530 3303 585 3354 et
602 3280 835 3354 carnem
859 3298 1104 3369 imperio
1137 3297 1345 3353 animae
1366 3298 1627 3368 subjicit,
1649 3280 1762 3355 iste
1783 3315 1903 3354 cor-
1934 3280 1977 3346 Ο
2012 3296 2278 3366 veritate]
2311 3297 2555 3365 missus,
2581 3297 2831 3369 praedico
2860 3297 3193 3355 veritatem:
3212 3302 3519 3372 propterea
3538 3296 3661 3353 stil-

250 3385 552 3457 rumpitur
581 3386 840 3457 quidem,
870 3386 972 3441 sed
1004 3402 1117 3440 non
1149 3385 1537 3457 corruptione,
1580 3385 1720 3456 quia
1776 3402 1901 3441 cor-

250 3475 450 3547 ruptio
481 3473 641 3530 illius
674 3474 952 3530 salutaris
982 3478 1091 3530 est.

326 3565 561 3635 Fugistis
589 3565 810 3619 nemine
842 3571 1215 3636 persequente.
1273 3562 1358 3616 Ad
1392 3578 1491 3618 eos
1536 3562 1771 3628 dicitur,
1806 3577 1906 3633 qui

253 3657 497 3725 propter
526 3651 963 3708 immunditiam
995 3650 1366 3723 corruptione
1422 3651 1678 3722 corrupti
1743 3654 1904 3717 sunt,

253 3740 416 3813 quod
447 3739 804 3796 conscientia
826 3743 1196 3812 peccatorum
1227 3738 1402 3795 etiam
1429 3738 1651 3810 absque
1681 3738 1907 3811 suppli-

254 3828 371 3884 ciis
399 3828 667 3885 resistere
696 3829 968 3885 hostibus
995 3832 1053 3885 et
1080 3827 1359 3884 dimicare
1388 3844 1504 3882 non
1526 3828 1800 3883 audeant.

337 3917 735 3974 459Undeet
754 3916 1186 3973 formidolosiin
1211 3917 1288 3989 (a)
1328 3921 1665 3972 sanctorum
1689 3916 1908 3988 praelia,
1940 3910 1945 3913 Α

253 4022 335 4064 ne
364 4010 620 4063 terreant
650 4011 878 4064 mentes
906 4007 1151 4062 fratrum
1184 4022 1447 4076 suorum,
1508 4005 1826 4076 ejiciuntur
1880 4022 1912 4062 e

255 4096 496 4158 castris,
529 4100 583 4153 et
616 4114 686 4151 ex
744 4096 865 4152 acie
918 4094 1283 4167 repelluntur
1331 4096 1506 4166 (Deut.
1560 4096 1677 4166 xx),
1737 4100 1795 4150 et
1850 4096 1910 4151 in

255 4183 595 4240 maledictis
618 4185 856 4240 Levitici
877 4185 949 4239 ad
974 4184 1381 4255 hujuscemodi
1408 4183 1679 4240 homines
1718 4199 1912 4239 sermo

255 4272 575 4344 dirigitur:
607 4276 978 4344 Persequetur
1004 4289 1094 4329 vos
1121 4273 1248 4343 lolii
1275 4288 1381 4328 vox
1408 4271 1671 4339 volantis,
1713 4281 1766 4328 et
1820 4276 1912 4343 fu-

248 4361 439 4431 gietis,
467 4362 622 4417 nullo
649 4370 1007 4433 persequente
1029 4362 1221 4433 (Levii.
1255 4378 1409 4427 xxvr,
1464 4362 1575 4428 36).
1633 4361 1762 4417 Scio
1820 4377 1913 4417 me

250 4447 318 4504 in
342 4449 655 4520 cujusdam
670 4450 1111 4506 commentariis
1124 4449 1355 4521 legisse,
1376 4452 1716 4521 exponentis
1735 4450 1912 4505 Joan-

252 4537 355 4593 nis
383 4538 752 4610 evangelistae
786 4538 1179 4611 principium:
1215 4539 1413 4594 Omnia
1440 4553 1538 4609 per
1566 4540 1743 4609 ipsum
1768 4540 1917 4608 facta

2011 3382 2144 3440 labo
2175 3384 2281 3438 tibi
2313 3401 2642 3440 sermonem
2657 3402 2854 3441 meum
2887 3386 2945 3441 in
2965 3387 3479 3442 meracumvinum
3501 3385 3658 3457 quod

2013 3477 2071 3527 te
2100 3471 2368 3540 inebriet,
2401 3477 2459 3527 et
2485 3489 2753 3529 corruere
2775 3474 2965 3529 faciat.
2989 3475 3080 3529 Me
3100 3478 3295 3529 autem
3322 3472 3661 3542 stillante,et

2014 3560 2224 3615 futuras
2255 3559 2612 3632 captivitatis
2660 3561 2883 3616 malum
2915 3566 3180 3627 canente,
3239 3560 3494 3633 populus
3547 3559 3661 3615 iste

2017 3664 2178 3704 meas
2209 3648 2489 3720 suscipiet
2523 3648 2766 3720 pluvias,
2785 3649 2894 3705 hoc
2925 3654 3034 3713 est,
3064 3647 3210 3719 vult,
3242 3664 3359 3704 non
3387 3647 3665 3713 vult,sus-

2018 3736 2207 3792 tinere
2236 3736 2413 3792 habet
2441 3753 2568 3807 quae
2596 3736 2744 3791 dico.
2770 3737 2837 3791 Et
2865 3752 2938 3792 ne
2958 3735 3346 3801 arbitremini,
3370 3734 3661 3790 malorum

2020 3840 2115 3880 me
2145 3841 2272 3881 esse
2297 3827 2528 3881 tantum
2548 3824 2653 3892 (Al.
2674 3825 2992 3896 tantorum]
3014 3828 3230 3890 vatem,
3254 3840 3409 3879 nunc
3422 3822 3662 3896 quidem

2015 3914 2209 3969 veniet
2236 3912 2513 3985 praedicta
2531 3911 2838 3985 captivitas
2862 3930 2876 3980 ;
2897 3913 2999 3968 sed
3029 3928 3159 3968 ecce
3182 3912 3241 3967 in
3270 3912 3375 3980 [Αἰ.
3398 3915 3463 3967 ut
3483 3926 3665 3982 agno-

2020 4006 2218 4059 scatur
2250 4001 2388 4074 quia
2414 4001 2638 4071 in,etc.]
2664 4017 2756 4056 me
2786 4017 2979 4057 sermo
3009 4001 3288 4073 loquitur,
3311 4000 3412 4073 qui
3439 4001 3511 4057 ad
3537 4015 3661 4056 om-

2021 4106 2123 4147 nes
2154 4089 2469 4162 prophetas
2497 4090 2580 4144 fit.
2601 4091 2725 4155 Quo
2748 4089 3023 4145 reticente
3071 4088 3375 4162 propheta,
3404 4105 3524 4145 non
3579 4087 3664 4144 lo-

2021 4179 2244 4251 quitur,
2274 4183 2332 4234 et
2347 4194 2505 4233 nunc
2529 4177 2671 4233 dicit
2694 4193 2707 4232 :
2727 4177 2993 4246 Veniam,
3017 4181 3075 4234 et
3102 4177 3431 4235 humanum
3453 4193 3667 4250 corpus

2022 4284 2321 4324 assumam
2357 4283 2566 4322 nascar
2594 4267 2666 4323 de
2684 4266 2944 4340 Virgine.
2970 4268 3100 4324 Sive
3120 4267 3202 4323 ita
3227 4286 3240 4324 :
3274 4267 3423 4333 Quia
3447 4267 3510 4323 in
3540 4283 3667 4323 car-

2022 4356 2115 4413 nis
2145 4355 2481 4412 humilitate
2512 4356 2664 4422 veni,
2698 4360 2753 4410 et
2771 4372 2885 4411 non
2912 4356 3184 4412 credistis
3220 4355 3387 4423 mihi,
3434 4355 3666 4412 veniam

2020 4446 2081 4501 in
2116 4443 2622 4501 consummatione
2652 4444 2857 4499 mundi
2887 4443 2947 4499 in
2981 4445 3287 4515 majestate
3342 4458 3475 4499 mea
3530 4458 3667 4498 cum

2021 4534 2258 4608 Angelis
2278 4534 2618 4605 caterisque
2648 4532 2981 4599 virtutibus,
3011 4538 3068 4588 et
3086 4536 3226 4588 tunc
3247 4537 3303 4587 te
3323 4536 3514 4587 totum
3535 4547 3669 4587 con-

254 4631 414 4693 sunt,
436 4630 487 4683 et
515 4628 638 4683 sine
668 4629 782 4699 ipso
810 4628 1024 4702 factum
1043 4631 1120 4683 est
1148 4628 1314 4697 nihil,
1348 4627 1459 4682 hoc
1488 4628 1645 4698 quod
1677 4627 1911 4694 dicitur,
1946 4643 1992 4708 D
2023 4623 2296 4697 gregabo,
2328 4621 2508 4677 Jacoh
2535 4637 2547 4675 :
2575 4626 2714 4676 tunc
2745 4621 2803 4675 in
2836 4637 3021 4676 unum
3043 4621 3366 4676 conducam
3387 4617 3668 4708 reliquias

253 4716 431 4784 nihil,
466 4716 538 4772 ad
570 4716 853 4774 malitiam
876 4716 1148 4773 retulisse
1172 4733 1185 4771 :
1212 4732 1566 4788 rursumque
1585 4716 1776 4787 ipsam
1798 4733 1917 4771 ma-

256 4805 457 4862 litiam
490 4805 938 4878 interpretatum
970 4821 1098 4862 esse
1130 4804 1449 4873 diabolum,
1483 4809 1540 4860 et
1579 4805 1691 4860 isto
1750 4806 1914 4876 quasi

258 4894 477 4965 gradu,
511 4892 706 4965 ipsum
739 4895 897 4965 quod
928 4894 1144 4950 factum
1178 4898 1267 4949 est
1296 4893 1422 4949 sine
1472 4892 1722 4960 Christo,
1771 4894 1916 4948 nihil

255 4982 573 5039 diabolum
606 4981 1048 5039 intellexisse.Si
1071 4983 1250 5054 igitur
1278 4980 1615 5043 malitia.vel
1647 4981 1918 5038 diabolus

258 5070 418 5127 nihil
449 5076 557 5138 est,
587 5076 645 5126 et
673 5072 952 5144 fugerunt
983 5071 1084 5143 qui
1115 5070 1485 5143 corruptione
1509 5070 1763 5142 corrupti
1780 5075 1922 5125 sunt

254 5159 452 5232 nullo,
487 5161 546 5216 id
576 5165 685 5229 est,
716 5159 864 5216 nihil
907 5162 1313 5233 persequente,
1363 5158 1631 5214 diabolus
1686 5174 1787 5215 eos
1832 5164 1922 5214 est

339 5302 419 5428 (al)
450 5306 576 5357 Duo
625 5301 875 5359 Palatini
935 5317 1103 5367 mss.,
1162 5299 1510 5374 formidolosi
1566 5301 1921 5356 inimicorum

339 5388 388 5428 se
416 5375 469 5428 io
499 5377 743 5428 terreant
770 5381 1001 5428 mentes.
1033 5378 1142 5427 etc.

248 5377 483 5452 praelii:
499 5377 743 5452 terreant
770 5381 1001 5452 mentes,
1033 5378 1160 5452 etc.‘
1247 5445 1256 5452 _
1618 5441 1661 5452 η
1704 5441 1716 5452 ,
1813 5441 1824 5452 ,

341 5445 423 5528 (b)
450 5443 583 5527 Post
604 5444 925 5528 Victorium
957 5461 1026 5499 ex
1057 5441 1302 5515 Vulgata
1322 5441 1593 5528 edition‘e,
1618 5441 1917 5528 llebraico,

254 5511 681 5588 Brix'ianisque
715 5516 1014 5572 codicibus
1046 5511 1208 5587 quem
1238 5528 1340 5584 pro
1372 5527 1497 5583 quae
1536 5511 1824 5588 legimus:
1867 5518 1941 5573 et.

254 5586 450 5661 paulo
482 5586 617 5661 post
644 5596 813 5644 totum
844 5596 925 5661 te,
942 5586 1195 5660 pro’quo
1226 5589 1367 5661 erat,
1390 5588 1564 5661 totum
1593 5587 1654 5638 in
1682 5592 1773 5639 te:
1794 5600 1923 5640 nos-

256 5657 534 5732 quehac
560 5658 621 5732 in
652 5675 714 5715 re
743 5659 926 5715 nostri
943 5657 1195 5732 quoque
1209 5657 1498 5732 juverunt
1527 5670 1670 5732 mss.

341 5730 419 5803 (ο)
450 5730 694 5789 Addunt
722 5746 866 5789 mss.
902 5727 1412 5801 no‘stri‘reli’quum
1441 5730 1694 5785 textum:
1719 5741 1925 5799 ponam

2024 4712 2225 4775 Israel,
2257 4716 2313 4767 et
2343 4726 2478 4765 cum
2506 4709 2769 4782 gentium
2800 4708 3015 4781 populo
3046 4708 3106 4764 in
3137 4708 3271 4764 ovili
3305 4723 3433 4764 meo
3453 4706 3671 4780 pariter

2027 4800 2311 4873 copulabo
2336 4816 2349 4853 ε
2373 4804 2514 4853 tunc
2530 4803 2587 4852 te
2612 4814 2780 4852 muro
2804 4796 3146 4855 firmissimo
3172 4797 3417 4870 sepiam,
3441 4799 3671 4852 ettanta

2026 4889 2136 4945 erit
2165 4887 2529 4944 credentium
2557 4886 2893 4958 multitudo,
2926 4890 2984 4943 et
3029 4886 3181 4943 inter
3235 4885 3437 4942 caulas
3494 4884 3669 4957 positi

2027 4976 2220 5051 gregis
2250 4974 2653 5042 tumultuatio,
2678 4978 2744 5030 ut
2769 4974 3037 5031 vincatur
3065 4990 3347 5030 numerus
3392 4988 3670 5048 pecorum

2028 5066 2316 5138 largitate.
2342 5070 2423 5119 Ac
2452 5080 2524 5119 ne
2555 5063 2799 5120 forsitan
2832 5068 3024 5135 putes,
3056 5063 3195 5135 quia
3233 5062 3389 5119 dixi:
3449 5062 3671 5118 Ponam

2031 5153 2202 5209 illum
2235 5152 2401 5225 quasi
2421 5166 2656 5223 gregem
2677 5149 2737 5205 in
2755 5149 2983 5216 ovili,et
3011 5150 3182 5222 quasi
3212 5166 3392 5222 pecus
3409 5148 3469 5204 in
3483 5146 3676 5203 medio

2029 5298 2208 5364 illum,
2235 5296 2396 5366 quasi
2419 5308 2637 5366 gregem
2660 5293 2716 5347 in
2743 5293 3327 5366 ovili,quasipecusqin
3349 5290 3527 5366 medio
3543 5304 3672 5366 cau-

2030 5361 2211 5424 larum
2236 5361 2259 5421 ἶ
2281 5361 2763 5421 tumultuabuntur
2790 5381 2824 5419 a
2852 5361 3207 5420 multitudine
3238 5363 3542 5419 hominum.
3583 5361 3673 5416 As-

2029 5440 2260 5496 cendens
2288 5439 2437 5492 enim
2459 5434 2652 5507 pandit
2681 5436 2787 5490 iter
2814 5438 2942 5507 ante
2975 5451 3082 5503 eos,
3128 5435 3397 5495 divident,
3448 5441 3501 5489 et
3552 5447 3676 5507 pere

2029 5510 2343 5566 transibunt
2366 5502 2585 5580 portam
2613 5513 2667 5580 et
2697 5505 3044 5580 egredientur
3065 5502 3166 5580 per
3192 5521 3315 5580 eam
3341 5509 3399 5562 et
3418 5502 3677 5580 transib_i_t

2030 5599 2130 5639 rex
2158 5596 2346 5636 eorum
2365 5575 2548 5634 coram
2575 5578 2673 5647 eis,
2705 5580 2757 5631 et
2783 5577 3046 5633 Dominus
3066 5575 3132 5633 in
3164 5578 3348 5650 capita
3375 5591 3583 5634 eorum.
3606 5575 3676 5631 Et

2030 5654 2091 5711 in
2116 5652 2247 5719 hoc,
2280 5656 2389 5709 etc.
