4008 6184
302 373 455 441 H75
1550 367 1612 429 S.
1659 363 1967 429 EUSEBlI
2013 359 2459 426 HlEliONYMI
3547 351 3705 415 11⁸18

302 511 629 579 caularum,
663 509 734 567 de
750 508 954 567 ovibus
976 524 1070 566 me
1086 504 1268 579 loqui,
1291 501 1614 576 intelligere
1635 501 1790 573 quod
1814 515 1948 554 oves
1975 499 2030 564 Α
2062 495 2207 552 labit
2238 497 2297 550 in
2328 497 2530 550 vinum
2565 497 2621 550 et
2641 492 2999 549 ebrietatem.
3025 489 3240 546 Vinum
3262 487 3417 579 quod
3441 485 3702 579 laatiﬁcat

301 600 425 656 istac
453 578 722 657 homines
752 601 892 656 sint.
925 578 1201 672 Sequitur
1222 596 1377 652 enim
1403 611 1415 649 :
1442 591 1947 649 Tumultuabuntur
2056 602 2155 641 cor
2184 584 2439 640 hominis
2473 585 2588 656 (Ps.
2613 586 2733 654 cm)
2759 602 2772 649 ;
2798 586 2853 638 et
2877 581 3217 637 ebrietatem
3239 595 3355 650 qua
3374 578 3702 634 inebriatus

301 705 338 744 α
365 688 719 744 multitudine
744 668 1048 744 hominum.
1074 683 1408 754 Tumultus,
1430 699 1536 741 vox
1559 682 1947 756 plurimorum
2057 679 2144 730 est
2168 674 2304 739 Noe,
2338 678 2394 728 et
2423 673 2494 726 de
2525 689 2642 744 qua
2671 672 2920 725 dicitur:
2959 669 3227 724 Comedite
3257 668 3421 723 amici
3467 669 3602 734 mei,
3655 677 3700 722 et

303 780 411 847 est,
446 780 502 833 et
519 776 712 832 nimiae
747 776 1141 832 multitudinis
1163 775 1384 830 clamor
1415 774 1633 845 pariter
1662 770 1944 826 emissus:
2061 762 2418 818 inebriamim
2451 764 2627 831 (Cant.
2658 779 2712 827 v,
2746 760 2820 830 4).
2865 760 3018 815 462
3075 758 3204 813 Haec
3261 761 3458 812 autem
3509 757 3704 812 omnis

311 845 780 922 ne’gstimemus
811 866 988 920 unius
1011 881 1204 920 vocem
1229 863 1500 918 essmsed
1513 861 1774 916 omnium
1801 876 1951 916 com-
2058 852 2259 908 laetitia
2287 856 2343 907 et
2365 852 2614 907 ebrietas
2644 850 2716 905 ad
2739 847 3232 920 comparationem
3256 845 3560 918 sapientia
3589 845 3705 914 Dei,

2062 959 2186 1014 quae
2215 946 2280 996 ut
2302 942 2512 995 fluvius
2534 939 2827 996 caelestem
2849 933 3580 1010 irrigatJerusalem,stilla
3600 938 3706 999 est,

2062 1035 2118 1086 et
2147 1035 2311 1102 gutta
2341 1029 2695 1102 permodica.
2732 1027 2847 1084 Nec
2878 1026 3232 1082 dubitabunt
3270 1024 3576 1095 sapientiae
3609 1022 3706 1077 Dei

2064 1119 2281 1174 stillam
2306 1119 2363 1172 in
2388 1119 2729 1173 hominibus
2750 1116 3064 1186 dicere,qui
3087 1115 3340 1186 lapidem
3375 1114 3707 1170 abscissum

2065 1209 2134 1262 de
2166 1211 2363 1262 monte
2385 1206 2511 1261 sine
2533 1205 2808 1260 manibus
2837 1204 3083 1275 legerint
3104 1204 3262 1273 (Dan.
3289 1204 3372 1273 II),
3402 1205 3460 1256 et
3478 1204 3712 1257 tatuum

2065 1295 2164 1351 Dei
2185 1295 2508 1367 sapientius
2525 1293 2949 1362 hominibus,et
2973 1291 3282 1364 Apostolos
3300 1307 3536 1362 quoque
3553 1292 3714 1363 ipsos

2067 1402 2134 1440 ex
2165 1389 2327 1456 parte
2353 1383 2713 1456 cognovisse,
2747 1387 2803 1437 et
2831 1399 2899 1438 ex
2932 1387 3095 1454 parte
3125 1381 3711 1453 prophetasse(ICor.

2067 1491 2186 1538 x111,
2219 1474 2294 1544 9).
2331 1478 2405 1527 De
2437 1473 2546 1528 hac
2574 1472 2755 1543 igitur
2784 1470 3086 1542 sapientia,
3120 1470 3176 1524 id
3201 1473 3309 1535 est,
3334 1471 3404 1525 de
3435 1469 3600 1525 stilla
3619 1471 3721 1526 Ju-

2070 1563 2219 1618 daici
2256 1561 2453 1634 populi
2485 1563 2624 1633 (non
2655 1561 2811 1616 enim
2842 1560 2999 1615 venit
3029 1558 3142 1614 nisi
3175 1560 3246 1614 ad
3281 1575 3414 1614 oves
3454 1559 3721 1629 perditas

2071 1653 2282 1706 domus
2313 1651 2507 1720 lsracl)
2534 1654 2920 1722 congregatus
2951 1653 3041 1705 est
3086 1648 3304 1704 Jacob:
3358 1647 3554 1704 omnis
3615 1649 3720 1719 qui

2072 1740 2409 1813 supplantat
2438 1741 2608 1810 Esau,
2641 1742 2698 1794 et
2727 1738 2900 1810 eripit
2924 1737 3221 1809 primitiva
3258 1739 3388 1808 ejus
3417 1753 3483 1792 ac
3540 1738 3718 1794 bene-

307 971 572 1023 munem,
605 954 973 1011 laudantium
1005 955 1223 1010 bonum
1256 956 1569 1024 pastorem,
1609 950 1709 1021 qui
1769 950 1952 1004 ardua

311 1060 555 1115 quaeque
582 1043 1056 1115 complanaverit,
1095 1046 1152 1096 et
1182 1058 1288 1097 suo
1311 1040 1619 1112 aequaverit
1648 1039 1811 1110 pede,
1837 1039 1953 1093 dux

311 1131 538 1188 itineris
554 1149 752 1188 eorum
778 1133 904 1205 ipse
926 1132 1002 1187 sit
1023 1130 1274 1203 paradisi
1293 1132 1495 1200 janua,
1521 1133 1578 1184 et
1608 1129 1764 1183 dicat
1791 1145 1802 1182 :
1843 1131 1953 1196 Ego

311 1237 436 1276 sum
487 1230 684 1292 porta:
735 1238 848 1293 quo
906 1221 1015 1275 iter
1071 1219 1362 1273 dividente
1393 1223 1448 1272 et
1488 1217 1864 1289 praecedente,
1899 1220 1956 1271 et

315 1309 508 1380 (ὠνία)
525 1315 710 1382 porta,
727 1310 1001 1366 transibit
1030 1325 1132 1381 per
1144 1325 1275 1364 eum
1292 1307 1589 1362 credulum
1607 1323 1799 1377 pecus.
1821 1306 1954 1361 Pas-

315 1399 739 1455 torautemiste
754 1415 850 1454 rex
880 1402 967 1454 est
988 1403 1044 1453 et
1065 1397 1369 1453 Dominus.
1387 1396 1548 1451 Unde
1575 1395 1855 1467 sequitur.
1893 1399 1959 1450 Et

318 1489 577 1543 transibit
598 1504 697 1543 rex
721 1504 913 1544 eorum
941 1502 1130 1541 coram
1158 1487 1257 1550 eis,
1287 1489 1337 1540 et
1367 1486 1628 1539 Dominus
1668 1485 1727 1538 in
1784 1486 1960 1555 capite

317 1593 524 1635 eorum.
547 1577 709 1641 Quod
731 1577 782 1632 si
802 1575 1164 1632 voluerimus
1179 1577 1301 1632 hac
1319 1574 1516 1631 omnia
1545 1575 1616 1629 de
1633 1574 1822 1645 primo
1853 1574 1961 1628 ad-

315 1672 494 1724 ventu
527 1667 656 1738 ejus
685 1666 967 1737 accipere,
1017 1670 1074 1720 et
1127 1671 1314 1721 totum
1370 1663 1550 1719 Jacob
1571 1666 1628 1719 et
1685 1661 1964 1732 reliquias

317 1755 495 1812 Israel
526 1756 675 1810 461
705 1753 776 1810 ad
798 1751 1132 1825 Apostolos,
1155 1757 1210 1808 et
1231 1768 1358 1807 eam
1392 1751 1604 1806 referre
1625 1748 1959 1804 multitudi-

318 1861 475 1913 nem,
495 1860 623 1915 quae
646 1843 706 1898 in
730 1842 971 1897 Actibus
998 1840 1394 1913 apostolorum
1415 1839 1638 1894 salvata
1663 1842 1752 1893 est
1773 1853 1840 1892 ex
1859 1837 1961 1891 Ju-

321 1934 484 2002 dais,
515 1949 629 1988 non
651 1930 987 1988 abhorrebit
1008 1947 1041 1985 a
1062 1931 1302 1986 veritate
1315 1927 1594 2000 expositio
1608 1926 1958 1982 tractatoris.

318 2027 438 2079 Hos
461 2021 618 2078 enim
650 2037 783 2076 vere
805 2018 1176 2092 congregavit
1195 2017 1479 2073 Dominus
1501 2017 1560 2071 in
1595 2016 1742 2071 ovile
1763 2033 1961 2083 suum,

322 2116 380 2169 et.
404 2110 601 2183 posuit
627 2111 688 2164 in
717 2109 909 2164 medio
942 2107 1268 2173 caularum,
1301 2111 1357 2162 et
1389 2107 1521 2162 fecit
1552 2106 1661 2162 iter
1691 2108 1824 2160 ante
1843 2122 1963 2173 eos,

325 2204 381 2257 et
402 2199 632 2255 induxit
662 2214 763 2254 eos
782 2197 842 2252 in
864 2196 1202 2264 Ecclesium,
1236 2199 1291 2252 et
1325 2196 1434 2251 fuit
1461 2212 1560 2250 rex
1607 2211 1809 2251 eorum
1868 2210 1967 2250 co-

326 2297 454 2345 ram
486 2287 591 2354 eis,
623 2291 680 2343 et
709 2290 798 2343 est
818 2286 1101 2341 Dominus
1133 2285 1192 2339 in
1225 2283 1412 2356 capite
1442 2300 1643 2339 eorum
1675 2283 1734 2338 in
1766 2299 1969 2354 perpe-

325 2381 516 2434 tuum.

401 2465 578 2522 LXX:
615 2464 854 2536 Spiritus
877 2464 1074 2518 statuit
1100 2462 1470 2517 mendacium.
1502 2462 1748 2517 Stillavit
1786 2460 1886 2515 tibi
1915 2462 1974 2515 in

329 2557 520 2612 vinum
549 2557 602 2610 et
629 2553 968 2618 ebrietatem,
991 2561 1041 2606 et
1060 2552 1164 2608 erit
1183 2552 1246 2607 de
1265 2551 1417 2606 stilla
1431 2553 1620 2622 pepuli
1649 2551 1972 2619 hujus,con-

329 2643 634 2717 gregandus
663 2641 1082 2714 congregabitur
1116 2641 1297 2697 Iacob.
1331 2640 1402 2712 (b)
1431 2640 1576 2710 Non,
1613 2644 1677 2694 ut
1715 2639 1976 2711 plerique

331 2733 643 2803 aestimant,
674 2733 915 2803 spiritus
934 2732 1086 2786 stetit
1114 2731 1392 2790 mendax;
1415 2729 1515 2784 sed
1539 2730 1766 2799 spiritus
1787 2729 1982 2782 statuit

331 2821 692 2890 mendacium,
710 2819 1023 2893 legendum
1042 2818 1312 2890 est,quod
1336 2818 1527 2872 Graece
1543 2817 1757 2872 dicitur
1768 2819 1979 2886 πνεῦμα

332 2913 525 2978 ἔστησε
553 2905 771 2982 ψευδὲς,
802 2907 911 2963 hoc
943 2913 1053 2975 est,
1084 2905 1145 2958 τὸ
1167 2902 1384 2978 ψεῦδος.
1411 2907 1712 2970 Quomodo
1742 2906 1897 2961 enim
1920 2906 1978 2960 in

331 2997 674 3054 vulneribus
704 2995 980 3068 putridis,
1011 3012 1082 3050 ne
1113 3010 1320 3050 cancer
1351 2998 1545 3066 serpat
1566 2998 1622 3049 et
1645 2998 1979 3049 emortuum

336 3103 547 3160 corpus
579 3086 740 3142 vivas
772 3101 977 3140 carnes
1024 3085 1390 3154 depascatur,
1452 3083 1660 3138 medici
1717 3087 1985 3138 statuunt

339 3178 447 3250 [Αι.
481 3176 704 3245 secant]
736 3173 952 3229 vulnus
977 3178 1033 3228 et
1064 3177 1242 3227 urunt
1270 3173 1547 3236 cauterio,
1604 3167 1694 3226 vel
1748 3171 1985 3242 pulvere

339 3266 650 3333 καυστικῷε
683 3244 765 3317 ita
793 3261 1004 3334 spiritu
1039 3261 1137 3316 Dei
1187 3261 1365 3315 ﬁnem
1405 3260 1605 3331 posuit
1638 3260 1984 3326 ,mendacio,
2014 3244 2059 3308 (ἶ

344 3370 418 3410 ne
447 3352 605 3408 ultra
633 3349 886 3424 populus
914 3349 1014 3406 Dei
1052 3348 1696 3420 pseudoprophetarum
1753 3349 1992 3404 vocibus

346 3443 735 3500 subvertatur.
751 3439 913 3505 Quod
935 3441 1132 3493 autem
1154 3437 1396 3508 spiritus
1424 3441 1544 3492 tam
1569 3438 1627 3492 in
1645 3453 1790 3493 novo
1814 3454 1989 3508 quam

351 3531 411 3586 in
441 3529 620 3586 veteri
651 3530 1045 3597 Testamento,
1072 3526 1427 3597 ubicumque
1449 3526 1575 3581 sine
1592 3526 1992 3583 additamento

349 3618 610 3692 ponitur,
642 3617 700 3672 in
732 3617 946 3672 bonam
978 3618 1202 3687 partem
1235 3613 1614 3687 intelligatur,
1638 3620 1695 3670 et
1725 3631 1877 3687 saepe
1906 3615 1992 3670 di-

349 3707 628 3775 ximus,et
650 3721 806 3760 nunc
829 3720 898 3760 ex
921 3708 1082 3777 parte
1107 3719 1491 3775 ponemus,ne
1514 3704 1607 3758 cui
1626 3704 1872 3760 dubium
1895 3703 1991 3759 sit.

348 3798 578 3852 Fructus
599 3798 780 3850 autem
797 3795 1047 3866 spiritus,
1070 3793 1333 3859 charitas,
1364 3792 1769 3864 gaudium,pasc
1793 3793 1991 3864 (Galat.

347 3903 404 3954 ν,
437 3885 550 3957 22).
582 3885 694 3940 Et:
727 3883 790 3938 Si
811 3885 1014 3955 spiritu
1033 3884 1288 3948 vivimus,
1318 3883 1518 3954 spiritu
1548 3890 1599 3938 et
1656 3883 1996 3939 ambulemus

349 3975 506 4048 (Ibid.
538 3991 618 4041 v1,
647 3973 761 4042 25).
795 3973 865 4026 Et
896 3969 1034 4025 alibi
1062 3986 1074 4026 :
1107 3971 1168 4026 Si
1197 3979 1378 4026 autem
1402 3972 1606 4042 spiritu
1626 3988 1787 4043 opera
1803 3975 1996 4028 carnis

347 4062 831 4132 mortiﬁcaverttis,
866 4061 1060 4114 vivetis
1091 4062 1266 4126 (Rom.
1301 4077 1422 4130 vm,
1460 4062 1566 4131 13).
1599 4061 1670 4116 Et
1700 4061 1760 4115 in
1817 4062 1995 4118 veteri

348 4152 764 4208 Testamento:
803 4149 949 4203 Dans
971 4148 1168 4218 ﬂatum
1185 4147 1416 4219 populo,
1467 4151 1565 4220 qui
1593 4159 1670 4205 est
1698 4152 1756 4205 in
1804 4167 1887 4219 ea,
1946 4160 1996 4207 et

345 4239 609 4310 spiritum
639 4237 748 4302 his,
781 4237 875 4306 qui
901 4235 1115 4290 calcant
1140 4252 1261 4291 eam
1290 4237 1439 4306 (Isai.
1472 4239 1647 4309 XLII):
1679 4238 1834 4295 haud
1887 4241 1992 4296 du-

347 4327 513 4383 bium
543 4341 614 4384 ex
648 4323 1112 4398 praecedentibus
1137 4325 1280 4396 quin
1311 4329 1526 4381 terram
1551 4326 1859 4399 significet.
1885 4329 1995 4392 Qui

347 4415 504 4474 enim
535 4413 1024 4471 calcant.terrena
1053 4429 1246 4484 opera,
1279 4418 1336 4469 et
1361 4414 1607 4486 pedibus
1647 4416 1772 4472 suis
1802 4417 1993 4488 subji-

345 4504 529 4574 ciunt,
561 4519 629 4559 ea
661 4503 867 4574 utique
901 4517 1016 4557 non
1048 4504 1293 4573 malum,
1325 4501 1425 4558 sed
1457 4503 1676 4560 bonum
1717 4505 1992 4576 spiritum

2073 1829 2405 1897 dictionem,
2439 1833 2494 1883 et
2525 1832 2838 1899 antequam
2872 1831 3146 1882 nascatur
3193 1826 3383 1882 adhuc
3445 1826 3501 1881 in
3553 1831 3723 1882 utero

2073 1919 2300 1991 positus
2331 1917 2593 1989 plantam
2626 1916 2796 1988 pilosi
2830 1916 3026 1970 fratris
3057 1915 3297 1970 invadit.

2147 2007 2282 2062 LXX
2309 2025 2321 2062 :
2356 2007 2482 2061 Cum
2515 2006 2766 2060 omnibus
2795 2007 3097 2076 suscipiens
3125 2005 3427 2076 suscipiam
3457 2005 3728 2076 reliquias

2075 2097 2138 2152 de
2168 2096 2356 2150 Israel.
2390 2096 2532 2150 Cum
2565 2094 2759 2166 inquit
2787 2093 3098 2149 crediderit
3129 2092 3390 2164 gentium
3443 2094 3727 2165 populus,

2077 2190 2134 2240 et
2158 2184 2349 2240 omnis
2375 2185 2534 2239 orbis
2565 2185 2634 2239 ad
2670 2200 2859 2238 meam
2893 2181 3068 2239 fuerit
3099 2183 3274 2238 fidem
3321 2183 3612 2249 adducus,
3669 2188 3730 2238 et

2080 2273 2382 2329 intraverit
2409 2273 2670 2345 gentium
2705 2271 3028 2344 plenitudo,
3064 2275 3204 2326 tunc
3233 2272 3410 2327 etiam
3463 2271 3729 2344 reliquiae

2080 2362 2258 2419 Israel
2289 2361 2690 2428 salvabuntur,
2716 2378 2831 2416 non
2856 2360 2966 2415 illae
2997 2359 3273 2432 reliquiae,
3295 2361 3368 2416 de
3397 2361 3620 2432 quibus
3637 2366 3735 2418 est

2083 2453 2368 2523 scripturn
2402 2451 2459 2506 in
2494 2451 2827 2523 Regnorum
2858 2449 3005 2504 libro
3030 2465 3044 2504 :
3069 2451 3346 2523 Dereliqui
3372 2451 3513 2504 mihi
3529 2459 3740 2522 septem

2083 2543 2264 2597 millia
2290 2543 2556 2605 virurum,
2590 2541 2684 2611 qui
2711 2555 2818 2594 non
2849 2547 3222 2594 curvaverunt
3247 2555 3433 2607 genua
3465 2541 3604 2595 Baal
3635 2541 3745 2611 (III

2086 2633 2215 2700 Reg.
2249 2647 2366 2696 xxx,
2403 2630 2510 2700 18).
2545 2629 2611 2683 Et
2637 2629 2707 2682 de
2739 2627 2954 2700 quibus
2977 2626 3229 2684 Paulus:
3259 2630 3398 2700 Ergo
3435 2635 3488 2684 et
3516 2630 3578 2683 in
3635 2631 3746 2686 ista

2086 2729 2325 2791 tempore
2352 2718 2598 2788 reliquiae
2627 2717 2924 2773 secundum
2965 2718 3279 2772 electionem
3317 2720 3517 2788 gratim
3569 2720 3751 2777 salva

2085 2813 2245 2878 [actae
2265 2816 2395 2862 sunt
2427 2808 2603 2875 (Rom.
2637 2824 2716 2873 x1,
2748 2807 2834 2877 15)
2863 2824 2875 2873 ;
2911 2806 2982 2861 de
3003 2806 3224 2878 quibus
3252 2823 3434 2878 supra
3464 2807 3560 2862 hic
3609 2825 3752 2879 pro-

2091 2906 2266 2978 pheta
2294 2909 2580 2959 testatur:
2616 2905 2680 2959 Et
2707 2905 2812 2960 erit
2832 2905 2898 2959 de
2917 2903 3080 2960 stilla
3105 2905 3303 2976 populi
3329 2906 3755 2978 hujus,congre-

2090 2993 2309 3067 gandus
2339 2995 2756 3064 congregabitur
2783 2992 2963 3049 Iacob.
2997 2992 3106 3048 Sed
3139 2991 3252 3048 illae
3302 2992 3583 3065 reliquiae,
3619 3013 3756 3068 qua

2094 3087 2406 3155 postquam
2433 3099 2636 3137 omnes
2671 3081 2926 3153 suscepti
2960 3082 3066 3152 [AL
3101 3088 3406 3154 susceptae]
3440 3084 3756 3153 fuerint,in

2097 3173 2213 3227 fine
2244 3171 2696 3242 suscipientura
2731 3171 2948 3226 Deo.Et
2977 3171 3048 3226 de
3066 3171 3278 3242 quibus
3310 3188 3466 3227 nunc
3501 3174 3752 3231 dicitur:

2101 3261 2237 3315 Cum
2266 3261 2519 3316 omnibus
2550 3261 2849 3332 suscipiam
2877 3261 3175 3331 suscipiam
3230 3261 3502 3331 reliquias
3555 3265 3750 3334 Israel,

2101 3350 2346 3418 utjuxta
2367 3349 2425 3404 id
2447 3351 2598 3420 quod
2622 3350 2689 3419 (c)
2709 3349 2992 3419 scriptum
3026 3353 3117 3404 est
3143 3367 3156 3404 :
3191 3349 3566 3407 Concludens
3596 3352 3751 3408 Deus

2102 3455 2305 3494 omnes
2322 3438 2430 3493 sub
2455 3439 2993 3510 peccato,omnibus
3006 3438 3532 3509 misereaturUtom.
3548 3443 3750 3512 x133).

2174 3528 2311 3582 LXX
2342 3544 2354 3582 :
2389 3529 2596 3582 Portam
2627 3529 2960 3582 aversionem
2994 3543 3184 3582 eorum
3210 3529 3352 3583 sicut
3390 3545 3512 3584 oves
3542 3532 3602 3584 in
3651 3535 3753 3586 tri-

2105 3617 2400 3672 bulatione.
2435 3615 2731 3687 Reliquias
2751 3616 2821 3670 de
2844 3615 3019 3671 Israel
3037 3632 3185 3686 quas
3207 3621 3510 3689 postquam
3533 3635 3742 3674 omnes

2103 3721 2432 3776 suscepero,
2466 3710 2849 3776 suscepturus
2871 3720 3043 3760 sum:
3105 3720 3262 3760 nunc
3316 3704 3541 3761 interim
3599 3707 3749 3778 quia

2104 3793 2290 3849 aversi
2309 3798 2447 3849 sunt
2463 3811 2496 3847 a
2517 3809 2853 3864 me,ponam
2877 3793 2936 3848 in
2959 3792 3357 3860 tribulatione,
3384 3799 3439 3850 et
3459 3810 3754 3868 coangus-

2104 3883 2261 3949 tabo,
2293 3887 2352 3938 et
2383 3883 2592 3938 faciam
2617 3883 2838 3948 sedere,
2873 3882 2998 3938 sine
3030 3883 3348 3948 sacerdote,
3383 3885 3510 3940 sine
3561 3885 3750 3957 altari,

2103 3975 2160 4026 et
2190 3971 2315 4026 sine
2347 3971 2630 4043 propheta
2656 3989 2668 4026 :
2694 3975 2761 4026 ut
2791 3987 2964 4042 quem
2985 3988 3086 4043 per
3107 3971 3389 4028 beneﬁcia
3411 3989 3530 4028 non
3555 3991 3754 4032 sense-

2105 4064 2262 4126 runt,
2299 4059 2625 4132 intelligant
2648 4076 2749 4131 per
2777 4059 3083 4132 supplicia.
3691 4050 3700 4058 ’

2175 4149 2311 4204 LXX
2328 4165 2338 4202 :
2355 4149 2523 4216 Quasi
2539 4164 2754 4220 gregem
2774 4150 2834 4202 in
2858 4149 3034 4204 medio
3045 4150 3266 4204 cubillis
3285 4166 3480 4206 eorum
3497 4169 3518 4206 :
3543 4153 3623 4225 (d)
3645 4155 3756 4209 sub

2105 4238 2361 4302 auditur,
2390 4253 2609 4308 ponam.
2644 4238 2768 4292 Non
2801 4237 3018 4306 solum,
3050 4239 3498 4310 inquit,aversio
3523 4258 3754 4314 eorum,

2103 4343 2220 4397 qua
2242 4343 2274 4382 a
2305 4342 2399 4381 me
2428 4325 2612 4382 aversi
2643 4330 2805 4392 sunt,
2838 4329 3267 4400 poneturquasi
3293 4344 3434 4400 grex
3456 4331 3519 4385 in
3562 4333 3756 4388 tribu-

2101 4415 2355 4482 latione;
2390 4416 2490 4471 sed
2519 4420 2833 4487 postquam
2882 4415 3144 4472 tribuisti
3199 4418 3434 4483 fuerint,
3487 4421 3649 4477 46³
3704 4426 3760 4477 et

2102 4505 2387 4576 angustiae
2416 4509 2652 4575 tempus
2677 4504 3052 4576 expleverint,
3087 4511 3380 4578 ponentur
3420 4508 3479 4562 in
3526 4511 3755 4582 requie,

347 4595 646 4651 merentur
671 4591 950 4663 accipere.
982 4590 1334 4647 Econtrario
1367 4591 1557 4648 malus
1579 4591 1822 4665 spiritus
1844 4609 1993 4650 sem-
2023 4615 2069 4678 Β
2101 4593 2212 4650 hoc
2231 4598 2339 4663 est,
2362 4593 2420 4648 in
2455 4591 2632 4648 cubili
2669 4611 2798 4648 suo.
2833 4593 2903 4648 Et
2931 4599 3070 4650 tunc
3095 4596 3202 4666 [AL
3235 4600 3414 4666 nunc]
3447 4597 3521 4653 de
3561 4598 3760 4655 homi-

345 4699 450 4756 per
468 4697 603 4737 cum
625 4679 1025 4736 additamento
1049 4679 1282 4752 legitur,
1304 4680 1456 4737 utihi
1479 4698 1491 4736 :
1519 4681 1654 4738 Cum
1674 4691 1857 4738 autem
1876 4686 1992 4755 spi-

343 4773 492 4828 ritus
525 4770 846 4827 immundus
875 4771 1078 4824 exierit
1107 4770 1174 4824 ab
1215 4771 1434 4825 homine
1489 4770 1657 4842 (Matt.
1717 4788 1815 4838 χιι,
1880 4772 1988 4844 l13).

344 4861 415 4916 Et
444 4860 504 4915 in
531 4857 645 4915 alio
676 4857 834 4914 loco:
863 4860 1166 4930 lncrepavzt
1185 4860 1448 4930 spiritum
1471 4859 1817 4916 immundum
1835 4861 1987 4931 (Luc.

347 4967 424 5022 ιχ,
445 4949 556 5020 43).
573 4949 640 5005 Et
664 4964 677 5003 :
701 4947 940 5020 Spiritus
958 4948 1138 5003 malus
1154 4949 1357 5004 invasit
1383 4948 1516 5004 Saul
1530 4948 1576 5018 (Ι
1592 4953 1721 5020 Reg.
1736 4966 1850 5015 xvr,
1877 4950 1987 5021 14),

345 5042 403 5095 et
431 5042 635 5093 caetera
656 5035 749 5091 his
769 5035 1006 5092 similia.
1041 5037 1295 5108 Spiritus
1315 5053 1452 5109 ergo
1485 5036 1601 5105 Dei,
1653 5037 1751 5108 qui
1811 5039 1990 5095 finem

346 5125 651 5185 mendacio
677 5125 874 5197 posuit
901 5125 961 5181 in
990 5125 1538 5197 pseudoprophetis,
1572 5127 1696 5197 ipse
1728 5127 1831 5181 tibi
1864 5127 1989 5184 stil-

417 5268 501 5341 (a)
532 5269 754 5341 Iterum
781 5266 1098 5341 Victortus,
1126 5269 1214 5322 via
1239 5272 1292 5324 et
1317 5272 1498 5340 porta,
1529 5284 1598 5323 ex
1620 5285 1685 5323 eo
1719 5270 1870 5340 quod
1906 5271 1990 5326 in-

348 5339 489 5467 trati
515 5345 632 5412 Ipse
661 5339 811 5395 enim
839 5339 1101 5396 Dominus
1129 5349 1179 5396 et
1205 5357 1306 5397 rea:
1333 5343 1384 5396 et
1407 5343 1595 5412 pastor
1623 5344 1673 5396 et
1703 5339 1793 5396 via
1819 5347 1897 5397 est
1938 5353 1990 5399 et

348 5430 449 5467 nor
467 5430 531 5467 va.

381 5430 507 5473 orta
519 5451 531 5467 ο

342 5432 639 5553 Ροξῖῗρυω
662 5481 1078 5555 subsequentis
1101 5482 1336 5555 capituli
1366 5483 1619 5548 sectione
1649 5482 1831 5539 altera
1862 5501 1988 5555 pro-

349 5559 650 5626 ponuntur
676 5553 871 5626 verba.
899 5553 1042 5626 Cum
1062 5553 1312 5610 omnibus
1340 5556 1639 5626 suscipiens
1694 5553 1989 5626 suscipiam

345 5623 612 5693 reliquias
671 5625 735 5693 de
772 5626 959 5690 Israel,
991 5623 1083 5679 hic
1106 5627 1322 5682 frustra
1340 5631 1397 5683 et
1417 5623 1620 5682 contra
1641 5643 1784 5683 mss.
1809 5623 1986 5685 tidem

347 5695 409 5752 in
441 5692 616 5748 editis
637 5692 1167 5764 subjungebantur.

2101 4683 2274 4738 nibus
2287 4682 3251 4754 commigrabuntettranscendent
3267 4685 3542 4742 humanae
3556 4689 3764 4744 condi-

2100 4772 2276 4828 tionis
2297 4775 2536 4840 statum,
2554 4770 2952 4843 etimplebunt
2975 4774 3131 4844 quod
3154 4775 3424 4846 sequitur
3443 4791 3456 4831 :
3475 4778 3764 4834 Etsilient

2099 4877 2168 4918 ea:
2201 4860 2546 4928 hominibus,
2576 4860 2702 4916 Non
2736 4860 2926 4916 solum
2955 4867 3149 4918 autem
3173 4862 3257 4916 illi
3289 4863 3564 4921 exsilient
3583 4872 3644 4922 et
3661 4868 3760 4923 ab-

2098 4950 2298 5017 ibunt;
2331 4951 2430 5005 sed
2460 4967 2663 5004 omnes
2685 4950 2756 5004 ad
2785 4966 2930 5020 quos
2963 4951 3026 5006 ﬁt
3047 4951 3149 5007 Dei
3177 4969 3388 5021 sermo,
3425 4959 3481 5009 et
3504 4956 3608 5027 qui
3644 4957 3756 5012 hu-

2101 5056 2275 5095 mana
2302 5038 2443 5094 vitia
2471 5038 2870 5110 relinquentes
2893 5041 3387 5098 conversationem
3423 5043 3752 5101 divinitatis

2098 5129 2424 5196 imitantur,
2459 5132 2516 5182 et
2545 5127 2830 5183 audiunt:
2861 5131 2972 5198 Ego
3003 5129 3146 5202 dixi,
3170 5132 3261 5188 dii
3287 5135 3494 5198 estis,et
3525 5135 3641 5205 ﬁlii
3657 5152 3751 5190 ex-

2169 5274 2240 5343 (c)
2280 5274 2476 5354 .Antea
2523 5274 2664 5352 erat,
2721 5287 2902 5354 supra
2947 5271 3212 5339 diximus,
3264 5275 3749 5336 dissentientibus

2099 5361 2241 5399 mss.
2276 5347 2522 5414 ipsaque
2554 5347 2636 5397 rei
2664 5347 2924 5398 veritate.

2169 5416 2243 5486 (ιι)
2261 5415 2363 5469 Hic
2386 5429 2538 5485 quoq
2550 5429 2618 5486 ue
2630 5414 2805 5486 verba
2822 5414 2972 5470 sacri
2990 5419 3470 5484 textus,ea:silient
3485 5437 3564 5476 ex
3586 5423 3748 5478 honu-

2096 5484 2277 5561 nibus2
2315 5484 2440 5556 qua:
2475 5484 2685 5561 seriem
2715 5485 3176 5561 liieronymianao
3201 5492 3590 5561 expositionis
3642 5496 3744 5548 im-

2097 5551 2427 5636 pcdiehaut,
2461 5561 2636 5636 atque
2669 5555 2913 5636 inferius
2933 5551 3047 5615 suo
3078 5559 3203 5617 loco
3233 5551 3744 5636 proponuntur,ad

2096 5626 2243 5686 mss.
2278 5629 2454 5685 ﬁdem
2488 5626 2850 5685 in‘duximus.
