4008 6184
230 352 389 422 H77

950 355 1692 422 GOMMENTARIORUM
1742 358 1820 418 ΙΝ
1866 356 1877 419 ]

1990 355 2253 420 ἓΗλΕΑΜ
2302 355 2435 417 LlB.
2484 357 2532 420 Ι.
2580 355 2752 420 CAP.
2795 355 2904 421 III.

3472 334 3635 424 ms

225 490 363 546 celsi
376 503 586 557 armes,
601 487 871 547 exsilient
890 506 959 547 ex
978 460 1338 559 hominibus,
1355 494 1410 545 et
1426 489 1594 562 quasi
1616 490 1874 547 ferentur
1900 491 1957 557 Α
1982 491 2287 547 salvabitur
2312 507 2325 545 :
2359 491 2723 563 ingredietur,
2744 496 2797 549 et
2816 494 3150 568 egredietur,
3181 502 3234 553 et
3254 511 3459 569 pascua
3475 498 3627 553 inve-

228 579 340 651 [Αἰ.
375 578 665 650 feruntur]
698 579 771 635 ad
801 579 1029 635 coelum.

301 667 469 723 LXX:
502 666 739 724 Ascende
757 684 859 739 per
876 668 1219 725 divisionem.
1235 672 1496 725 Ρτωεθῐιε
1518 668 1682 725 locus
1704 668 1874 741 quasi

224 756 536 829 proprium
567 755 745 812 habet
773 756 1075 813 exordium
1120 762 1176 813 et
1221 757 1611 829 apostrophen
1655 757 1873 830 eloquii

224 844 608 918 prophetalis,
632 846 705 901 ad
728 862 860 901 eum
885 846 984 917 qui
1007 845 1217 902 salvari
1233 847 1412 918 cupit,
1438 847 1529 902 cui
1551 847 1877 919 imperatur

225 932 583 989 utascendat
594 948 697 1003 per
707 932 1241 997 divisionem.Quod
1255 933 1492 1005 quidem
1508 933 1875 989 manifestius

226 1021 351 1091 ﬁet,
377 1021 427 1076 si
457 1021 529 1077 de
556 1020 765 1077 Genesi
786 1022 1217 1094 sumpserimus
1240 1022 1593 1094 exemplum,
1617 1022 1717 1077 ubi
1738 1039 1872 1078 nas-

226 1114 445 1166 cuntur
472 1109 690 1181 gemini
720 1110 791 1165 de
819 1110 1093 1177 Thamar,
1115 1128 1249 1166 cum
1282 1128 1399 1183 qua
1414 1112 1445 1167 J
1454 1113 1600 1167 udas
1623 1113 1875 1183 patriar-

223 1198 340 1255 cha
372 1199 687 1255 concubuit
714 1216 727 1253 :
762 1201 984 1255 Factum
1021 1205 1122 1267 est,
1162 1200 1373 1272 inquit,
1403 1218 1528 1256 cum
1558 1205 1794 1273 pareret,
1827 1210 1879 1258 et

225 1287 453 1345 haberet
481 1289 725 1360 geminos
756 1290 816 1343 in
846 1295 996 1343 utero
1020 1303 1034 1342 :
1070 1291 1129 1343 in
1157 1291 1272 1360 ipso
1293 1292 1457 1361 partu
1480 1306 1623 1345 unus
1644 1291 1876 1362 protulit

220 1394 450 1448 manus,
481 1381 534 1432 et
564 1378 692 1432 tulit
720 1379 985 1434 obstetrix
1003 1380 1053 1433 et
1073 1378 1266 1448 ligavit
1294 1381 1359 1434 in‘
1381 1396 1550 1434 manu
1570 1382 1685 1452 ejus
1707 1382 1873 1437 cocci-

222 1484 385 1536 num,
442 1466 627 1521 dicens
673 1483 701 1520 εκ
757 1468 855 1522 Hic
909 1466 1253 1539 egredietur.
1313 1468 1450 1523 Cum
1505 1471 1689 1525 autem
1743 1485 1875 1526 con-

224 1556 493 1611 traxisset
513 1571 761 1621 manum,
782 1557 966 1610 statim
985 1571 1229 1623 egressus
1247 1561 1323 1612 est
1345 1558 1520 1628 frater
1540 1559 1678 1629 ejus,
1701 1567 1751 1614 et
1774 1560 1877 1615 illa

226 1645 314 1699 ait
339 1662 363 1698 .-
412 1647 596 1713 Quare
623 1643 801 1699 divisa
826 1652 905 1699 est
933 1648 1153 1715 propter
1181 1652 1230 1700 te
1257 1649 1500 1703 maceria
1520 1651 1543 1688 9
1592 1656 1642 1704 et
1671 1650 1880 1705 vocavit

223 1748 427 1789 nomen
455 1733 573 1804 ejus
604 1731 834 1802 Phares,
884 1734 1040 1804 quod
1081 1733 1497 1806 interpretatur
1542 1736 1763 1793 divisio.
1811 1739 1879 1794 Et

220 1824 351 1894 post
378 1822 497 1879 haec
523 1837 767 1893 egressus
795 1825 877 1877 est
913 1827 1091 1893 frater
1117 1824 1254 1893 eius,
1272 1824 1346 1882 .in
1377 1826 1530 1897 cujus
1558 1843 1731 1881 manu
1761 1834 1879 1883 erat

224 1912 531 1978 coccinum,
564 1915 616 1967 et
645 1911 855 1966 vocavit
883 1927 1087 1967 nomen
1114 1912 1229 1983 ejus
1256 1913 1417 1981 Zara,
1457 1915 1558 1987 qui
1588 1915 1649 1970 in
1682 1914 1881 1988 lingua

225 2004 436 2055 nostra
485 1998 699 2054 dicitur
743 2014 946 2067 semen,
993 1999 1080 2056 vel
1121 2001 1303 2057 oriens
1334 2002 1486 2072 (Gen.
1518 2021 1753 2073 xxxvm,
1785 2005 1877 2075 27,

222 2090 424 2160 seqq).
455 2088 723 2144 Ostendit
754 2104 890 2161 ergo
921 2089 1117 2145 senior
1159 2089 1436 2162 p0pulus,
1485 2092 1544 2147 in
1594 2108 1710 2163 quo
1757 2098 1883 2149 erat

225 2181 396 2233 ortus
428 2179 484 2233 et
511 2192 711 2233 semen
744 2181 1060 2248 antequam
1085 2177 1157 2234 de
1182 2178 1453 2251 gentibus
1480 2181 1732 2238 Ecclesia
1751 2199 1882 2239 nas-

224 2268 478 2334 seretur,
510 2282 753 2321 manum
786 2282 956 2321 suam
988 2266 1048 2321 in
1080 2268 1376 2339 operibus,
1428 2272 1484 2324 et
1514 2274 1716 2341 postea
1744 2288 1879 2327 con-

223 2354 412 2411 traxit
440 2371 568 2410 eam
600 2354 848 2411 audiens
878 2371 983 2427 per
1009 2355 1220 2412 Isaiam
1247 2374 1259 2411 :
1294 2356 1486 2413 Manus
1514 2361 1659 2414 enim
1692 2368 1883 2417 vestra

229 2445 514 2513 sanguine
539 2445 715 2515 plenae
743 2447 872 2499 sunt
919 2444 1071 2516 (Isai.
1105 2462 1146 2511 ι,
1182 2446 1289 2517 15).
1322 2447 1587 2519 Cumque
1616 2447 1715 2503 ille
1744 2465 1882 2505 con-

230 2532 515 2590 traxisset
541 2534 645 2604 [AL
693 2533 1003 2604 contraxit]
1034 2549 1299 2602 manum,
1332 2539 1391 2591 et
1423 2553 1456 2591 a
1478 2536 1723 2606 justitiaa
1757 2555 1883 2595 ces-

232 2626 397 2679 saret
424 2621 717 2695 operibus,
741 2623 920 2678 frater
938 2624 1067 2694 ejus
1086 2639 1359 2695 egressus
1379 2629 1469 2681 est
1488 2627 1754 2698 gentium
1780 2645 1883 2700 po-

232 2711 439 2785 pulus.
452 2711 523 2766 Et
542 2714 774 2783 propter
788 2710 987 2783 ipsum
1003 2711 1190 2768 divisa
1204 2717 1292 2769 est
1312 2730 1498 2785 sepes,
1516 2719 1574 2771 et
1593 2716 1884 2773 destruxit

232 2799 530 2858 Dominus
577 2803 752 2871 atque
798 2799 1080 2869 Salvator,
1137 2805 1201 2856 ut
1243 2800 1338 2857 ille
1368 2806 1567 2874 posset
1595 2803 1880 2877 incedere,

231 2889 539 2963 parietem,
572 2887 672 2961 qui
702 2895 827 2944 erat
858 2889 919 2944 in
950 2889 1163 2960 medio,
1188 2893 1243 2946 et
1273 2892 1587 2949 maceriam
1611 2892 1759 2950 duos
1783 2912 1883 2966 po-

232 2976 409 3052 pulos
438 2982 806 3049 separantem
840 2982 854 3030 ':
886 2982 943 3034 et
973 2978 1107 3034 fecit
1138 2996 1320 3035 unum
1352 2997 1607 3053 gregem,
1649 2987 1707 3039 et
1735 2987 1883 3041 duos

234 3067 454 3124 creavit
484 3066 543 3122 in
575 3068 889 3139 semetipso
938 3068 998 3124 in
1048 3085 1164 3124 uno
1211 3086 1357 3125 novo
1401 3068 1636 3127 homine
1665 3073 1885 3129 faciens

233 3172 461 3229 pacem.
498 3155 658 3212 Unde
688 3159 745 3211 et
774 3156 1053 3212 obstetrix
1082 3156 1417 3230 prophetico
1446 3159 1692 3233 loquens
1741 3162 1883 3219 dicit

234 3246 308 3301 ad
356 3244 575 3300 Phares
622 3245 905 3317 populum
948 3246 1245 3318 juniorem
1281 3264 1294 3302 :
1350 3250 1412 3305 Ut
1440 3230 1571 3321 quid
1597 3250 1773 3307 divisa
1805 3256 1883 3308 est
1912 3230 1955 3298 α

228 3338 454 3407 propter
472 3336 523 3390 te
540 3336 787 3390 maceria
804 3338 829 3387 .9
857 3334 915 3389 Si
939 3334 1306 3393 intellexistis
1328 3338 1658 3411 exemplum
1679 3341 1748 3396 de
1770 3340 1882 3397 Ge-

231 3423 385 3490 nesi,
418 3424 669 3479 ascende
696 3422 797 3494 qui
830 3424 1042 3479 salvari
1063 3424 1252 3496 cupis,
1279 3443 1651 3500 nequaquam
1676 3447 1777 3501 per
1796 3447 1884 3486 ve-

230 3518 418 3569 terem
448 3510 735 3584 populum
765 3512 866 3584 qui
896 3529 1143 3568 manum
1174 3519 1532 3572 contractam
1562 3517 1756 3586 habet,
1779 3521 1881 3575 sed

230 3617 339 3674 per
367 3617 608 3671 novum,
640 3600 701 3656 in
733 3617 848 3672 quo
876 3601 971 3656 via
1000 3601 1270 3658 Christus
1300 3609 1410 3671 est,
1461 3605 1521 3659 in
1571 3622 1686 3676 quo
1718 3612 1884 3678 porta

226 3691 428 3758 Jesus,
476 3707 580 3762 per
620 3706 793 3761 quem
823 3691 897 3746 ad
928 3690 1157 3747 Patrem
1188 3692 1536 3762 incedimus,
1567 3694 1695 3768 ipse
1724 3696 1881 3753 enim

228 3779 412 3837 solvit
430 3780 590 3835 464
616 3779 879 3836 medium
912 3780 1191 3853 parietem
1232 3786 1289 3838 et
1314 3783 1648 3850 maceriam,
1682 3784 1739 3840 id
1771 3789 1879 3857 est,

227 3868 649 3926 obscuritatem
669 3872 933 3925 veterum
965 3870 1405 3943 prophetarum,
1429 3877 1487 3928 et
1511 3872 1708 3930 omnia
1727 3875 1881 3931 anti-

226 3974 363 4031 que
378 3957 544 4029 Legis
563 3957 792 4030 aperuit
813 3963 1265 4024 sacramenta,et
1279 3960 1559 4032 dissipata
1575 3961 1881 4019 incedendi

225 4045 592 4115 difﬁcultate,
624 4045 779 4101 viam
811 4046 996 4103 oculis
1038 4048 1302 4103 omnium
1336 4049 1647 4106 revelavit:
1682 4055 1748 4107 ut
1777 4052 1877 4124 qui

224 4134 356 4191 vult
376 4150 636 4208 pergere,
657 4135 817 4191 nullo
838 4134 1137 4192 irretiatur
1159 4137 1266 4210 (Al.
1290 4137 1666 4213 impediatur]
1693 4140 1878 4213 obice,

224 4240 335 4283 nec
364 4224 744 4281 obscuritatis
774 4224 1025 4297 caligine
1056 4230 1364 4282 terreatur.
1562 4274 1579 4285 ς

300 4313 484 4370 LXX:
519 4314 656 4371 Ante
679 4316 885 4385 faciem
908 4330 1102 4370 eorum
1130 4314 1435 4373 diviserunt
1451 4326 1509 4373 et
1535 4321 1882 4376 transierunt

223 4412 469 4477 portam,
493 4407 544 4459 et
562 4405 767 4475 egressi
784 4412 910 4459 sunt
926 4420 1026 4475 per
1046 4420 1185 4460 eam.
1211 4407 1399 4461 Exivit
1422 4424 1525 4462 rex
1544 4423 1733 4464 eorum
1753 4414 1883 4466 ante

222 4495 428 4565 faciem
442 4509 636 4549 eorum
652 4511 666 4549 :
680 4494 942 4549 Dominus
952 4501 1132 4549 autem
1145 4497 1399 4566 princeps
1409 4512 1596 4551 eorum
1611 4496 1876 4570 [Al.erit].

1982 582 2100 635 niet
2131 584 2315 647 (Joan.
2344 598 2401 651 x,
2431 582 2506 652 9).
2541 582 2621 638 De
2642 600 2759 655 qua
2779 590 2945 657 porta
2967 591 3023 642 et
3041 586 3178 643 alibi
3210 588 3621 662 prophetatur:

1981 670 2111 726 Haec
2138 677 2215 724 est
2241 679 2399 740 porta
2432 672 2666 739 Domini,
2709 674 2851 744 justi
2878 676 3165 733 intrabunt
3205 695 3304 750 per
3343 696 3470 738 eam
3511 682 3624 755 (Ps.

1983 773 2190 827 cxxvn,
2222 759 2334 827 20).
2363 759 2727 832 Quicumque
2747 767 2944 818 autem
2966 765 3272 837 ingressus
3293 768 3485 837 fuerit,
3508 788 3626 827 non

1984 846 2155 902 debet
2183 846 2243 901 in
2274 863 2340 902 eo
2370 852 2528 904 statu
2550 849 2608 903 in
2632 866 2749 922 quo
2771 849 3105 925 intraverat,
3125 871 3465 927 permanere
3486 877 3501 927 ;
3522 862 3626 916 sed

1984 936 2316 1007 egrediatur
2345 937 2416 992 ad
2450 954 2687 1009 pascua,
2720 944 2785 994 ut
2814 941 2871 995 in
2902 942 3172 999 intrando
3202 946 3502 1003 exordium
3526 950 3622 1019 sit,

1984 1025 2043 1080 in
2076 1027 2337 1082 exeundo
2366 1032 2425 1083 et
2453 1027 2512 1081 in
2543 1044 2761 1099 pascua
2790 1031 3151 1102 reperiendo,
3182 1034 3465 1092 virtutum
3497 1054 3627 1110 per-

1985 1113 2177 1170 fectio.
2211 1114 2318 1181 Qui
2350 1117 2694 1188 ingreditur,
2728 1118 2921 1174 adhuc
2951 1120 3009 1175 in
3040 1121 3249 1178 saeculo
3293 1130 3402 1193 est,
3455 1133 3514 1182 et
3559 1144 3629 1184 ex

1985 1202 2268 1259 creaturis
2314 1203 2587 1276 intelligit
2616 1207 2722 1273 (Al.
2756 1207 3061 1282 intelliget]
3114 1211 3465 1270 Creatorem.
3516 1216 3627 1280 Qui

1985 1295 2183 1347 autem
2203 1293 2518 1365 egreditur,
2535 1297 2898 1352 transcendit
2918 1299 3251 1356 universam
3273 1307 3625 1374 creaturam,

1985 1384 2042 1435 et
2069 1381 2344 1438 omnibus
2376 1399 2501 1455 quas
2529 1384 2711 1440 videri
2740 1394 2991 1458 possunt
3033 1407 3134 1462 pro
3166 1391 3351 1448 nihilo
3380 1411 3629 1469 compu-

1986 1469 2144 1535 tatis,
2177 1470 2434 1527 inveniet
2462 1489 2679 1545 pascua
2708 1492 2885 1550 super
2916 1479 3112 1550 caelos,
3145 1487 3201 1539 et
3229 1500 3499 1543 sermone
3528 1488 3629 1544 Dei

1986 1563 2268 1626 vescetur,
2298 1564 2355 1615 et
2382 1559 2572 1618 dicet:
2604 1564 2870 1622 Dominus
2893 1573 3075 1640 pascit
3103 1588 3208 1643 me,
3240 1578 3296 1629 et
3321 1575 3471 1632 nihil
3490 1577 3632 1634 mihi

1985 1647 2156 1703 deerit
2184 1650 2296 1719 (Ps.
2321 1666 2436 1715 xxx,
2463 1651 2535 1709 ll.
2559 1655 2678 1707 Hoc
2703 1654 2853 1724 ideo,
2879 1662 2945 1712 ut
2965 1659 3424 1735 intelligeremus
3446 1667 3630 1725 Evan-

1987 1735 2239 1808 gelicum
2269 1738 2671 1797 testimonium
2708 1760 2723 1797 :
2775 1747 3115 1815 Ingredietur
3140 1760 3192 1807 et
3221 1754 3549 1825 egredietur,
3580 1763 3633 1815 et

1982 1841 2187 1896 pascua
2218 1828 2491 1891 inveniet;
2521 1833 2578 1884 et
2606 1833 2760 1902 quod
2792 1850 2949 1891 nunc
2980 1837 3196 1895 dicitur
3223 1859 3328 1914 per
3371 1848 3632 1919 Prophe-

1988 1918 2111 2007 tam
2135 1930 2149 1970 :
2180 1916 2245 1970 Et
2274 1919 2617 1973 transierunt
2640 1930 2874 1991 portam,
2905 1934 2956 1980 et
2985 1931 3188 1999 egressi
3214 1941 3339 1989 sunt
3349 1950 3453 2007 per
3473 1916 3630 1996 eam:

1990 2002 2092 2074 qui
2123 2006 2318 2101 tamen
2340 2007 2625 2101 transitus
2645 2014 2703 2065 et
2722 2014 2978 2084 egressio
3003 2017 3227 2091 absque
3246 2002 3476 2081 Christo
3498 2044 3634 2101 rege

1989 2096 2187 2149 nostro
2217 2094 2396 2150 tribui
2436 2113 2551 2153 non
2601 2104 2812 2171 potest,
2863 2103 2965 2175 qui
2994 2122 3093 2163 rex
3122 2113 3179 2164 et
3207 2110 3493 2172 Dominus
3522 2094 3631 2174 est.

1990 2181 2200 2281 Statim
2226 2184 2443 2257 quippe
2464 2189 2827 2246 connectitur
2849 2210 2862 2247 :
2896 2194 3157 2253 Dominus
3175 2208 3358 2257 autem
3371 2207 3636 2281 princeps

1990 2272 2114 2326 erit.

2061 2359 2221 2456 (Cap.
2256 2361 2354 2456 Ill.
2379 2364 2655 2456 —Yers.l
2675 2370 2941 2443 seqq.)Et
2956 2373 3082 2429 dixi
3094 2391 3108 2431 :
3128 2378 3341 2448 Audite,
3355 2384 3634 2456 principes

1988 2448 2170 2514 Jacob,
2198 2457 2251 2505 et
2269 2451 2430 2507 duces
2449 2453 2637 2510 domus
2657 2458 2844 2514 Israel.
2872 2462 3151 2534 Numquid
3162 2483 3273 2523 non
3294 2448 3636 2529 vestrum-est

1990 2538 2129 2635 scire
2130 2537 2531 2635 judicium,qui
2538 2545 2662 2601 odio
2673 2547 2880 2603 habetis
2892 2550 3089 2608 bonum
3100 2558 3152 2608 et
3161 2555 3393 2629 diligitis
3402 2563 3632 2635 malum,

1991 2628 2089 2716 qui
2101 2627 2365 2716 uiolenter
2382 2632 2575 2687 tollitis
2593 2635 2760 2704 pelles
2773 2652 2961 2695 eorum
2982 2641 3217 2715 desuper
3231 2627 3330 2716 eis,
3346 2656 3396 2703 et
3415 2627 3636 2707 carnem

1994 2714 2405 2810 [Vulgata-nes]
2421 2735 2607 2777 eorum
2616 2723 2848 2786 desuper
2857 2730 3065 2787 ossibus
3077 2714 3324 2810 eorum,q
3330 2739 3390 2793 ui
3401 2740 3636 2797 comede-

1993 2808 2122 2859 runt
2141 2807 2291 2901 465
2315 2825 2537 2865 carnem
2555 2816 2752 2884 populi
2767 2820 2902 2886 mei,
2914 2823 2967 2875 et
2983 2822 3181 2892 pellem
3201 2807 3393 2883 eorum
3410 2828 3638 2901 desuper

1991 2898 2428 2966 excoriaverunt,
2453 2908 2503 2954 et
2524 2916 2642 2956 ossa
2664 2919 2853 2961 eorum
2880 2913 3292 2986 con/regerunt,
3321 2925 3373 2973 et
3389 2898 3637 2977 concide-

1993 2988 2124 3038 runt
2151 2986 2294 3040 sicut
2324 2988 2385 3041 in
2413 2987 2602 3057 lebete,
2646 2996 2697 3047 et
2739 2998 2900 3064 quasi
2924 3015 3150 3058 carnem
3181 3006 3240 3059 in
3270 3008 3458 3063 medio
3487 3011 3634 3069 οιιθε.

1994 3071 2136 3168 Tunc
2161 3074 2481 3168 clamabunt
2510 3078 2580 3133 ad
2607 3081 2923 3153 Dominum,
2953 3091 3004 3143 et
3034 3106 3143 3146 non
3162 3096 3427 3153 exaudiet
3454 3114 3566 3168 eos,
3587 3108 3639 3157 et

1991 3162 2280 3218 abscondet
2306 3166 2508 3235 faciem
2535 3185 2694 3224 suam
2714 3172 2783 3227 ab
2801 3176 2881 3229 eis
2902 3178 2962 3231 in
2983 3185 3220 3252 tempore
3248 3185 3366 3253 illo,
3388 3187 3529 3243 sicut
3547 3162 3637 3245 ne-

1992 3253 2174 3321 quiter
2199 3263 2425 3321 egerunt
2450 3258 2508 3310 in
2537 3258 3020 3323 adinventionibus
3046 3272 3180 3326 suis.
3211 3271 3514 3334 Manifeste
3535 3280 3637 3336 ad-

1992 3357 2224 3440 versum
2246 3343 2538 3418 principes
2556 3348 2732 3406 Israel
2754 3370 2947 3412 sermo
2965 3363 3072 3425 est,
3086 3365 3144 3415 et
3164 3363 3274 3418 sub
3296 3368 3639 3440 metaphora

1992 3428 2229 3486 leonum
2247 3432 2368 3488 sive
2390 3434 2680 3493 latronum
2705 3443 3018 3500 crudelitas
3036 3464 3236 3505 eorum
3257 3428 3632 3515 describitur:

1995 3520 2151 3589 quod
2174 3520 2548 3592 spoliaverint
2577 3544 2883 3600 pauperes,
2918 3537 2976 3588 et
3003 3533 3401 3597 interfecerint
3430 3559 3547 3615 eos,
3582 3554 3639 3604 et

1994 3622 2199 3699 carnes
2214 3625 2416 3666 eorum
2435 3629 2687 3687 ossaque
2704 3620 3161 3691 contriverint,et
3177 3630 3347 3699 quasi
3366 3631 3424 3687 in
3443 3637 3637 3694 medio

1993 3693 2142 3791 cllas,
2162 3697 2253 3791 sic
2283 3698 2341 3754 in
2373 3702 2516 3757 urbe
2540 3704 2862 3763 Jerusalem
2887 3693 3281 3773 miserabilem
3308 3719 3535 3791 plebem
3558 3726 3639 3782 af-

1992 3782 2265 3883 ﬂixerint,
2287 3791 2353 3883 et
2380 3795 2617 3862 propter
2636 3792 2756 3849 haec
2778 3795 3062 3854 inferatur
3081 3802 3165 3857 eis
3188 3782 3388 3874 postea
3407 3811 3634 3883 suppli-

1991 3871 2147 3970 cium
2178 3873 2237 3928 in
2269 3875 2364 3970 die
2394 3879 2763 3949 captiv1tatis,
2794 3883 2880 3941 vel
2906 3902 2940 3941 a
2967 3871 3635 3970 Nabuchodonosoifvel

1991 3976 2026 4016 a
2054 3961 2409 4059 Vespasiano
2440 3972 2497 4023 et
2525 3970 2673 4026 Tito.
2724 3973 2792 4027 Et
2819 3972 3076 4033 clament
3101 3981 3174 4035 ad
3208 3961 3637 4059 Dominum,.et

1991 4064 2107 4149 non
2140 4053 2407 4111 exaudiat
2438 4074 2557 4129 eos,
2589 4066 2643 4115 et
2669 4061 2990 4121 abscondat
3010 4067 3217 4129 faciem
3240 4090 3411 4132 suam
3433 4078 3505 4134 ab
3526 4053 3633 4149 eis,

1990 4138 2131 4210 quia
2155 4143 2425 4214 nequiter
2453 4147 2677 4219 egerint
2704 4149 2762 4206 in
2794 4152 3115 4215 sceleribus
3145 4161 3291 4219 suis.

2230 4249 2243 4287 :
2357 4234 2538 4291 dicet:
2570 4239 2766 4330 Audite
2784 4242 2920 4313 haec,
2939 4246 3219 4322 principes
3242 4251 3431 4313 domus
3448 4259 3632 4330 Iacob,

1988 4320 2044 4372 et
2064 4317 2282 4391 reliqui
2299 4323 2487 4380 domus
2504 4326 2696 4384 Israel.
2712 4330 2857 4387 Cum
2882 4317 3284 4406 superioribus
3305 4343 3484 4403 haeret
3508 4317 3635 4406 seu:

1988 4407 2188 4509 tentia.
2216 4410 2406 4484 Supra
2426 4416 2578 4471 enim
2604 4418 2858 4478 dixerat:
2895 4427 3164 4482 Dominus
3182 4439 3363 4488 autem
3379 4438 3633 4510 princeps

1989 4498 2115 4598 erit,
2132 4508 2184 4555 et
2203 4501 2381 4598 dicet
2411 4506 2625 4598 audite,
2645 4511 2924 4582 principes
2942 4514 3137 4572 domus
3155 4520 3335 4588 Iacob,
3354 4498 3405 4579 et
3424 4498 3631 4598 reliqui

226 4584 541 4682 Propterea
569 4581 687 4688 dixi
715 4581 824 4688 tibi
849 4599 863 4639 :
894 4581 1129 4637 Ascende
1140 4598 1243 4683 per
1261 4583 1602 4656 divisionem,
1626 4586 1726 4657 qui
1749 4604 1876 4688 sur-
1908 4606 1956 4670 D
2199 4591 2383 4648 Israel.
2411 4592 2517 4650 Pro
2538 4597 2772 4669 reliquis
2793 4581 2986 4658 domus
3009 4606 3196 4675 Israel,
3220 4581 3471 4683 exceptis
3491 4581 3628 4688 Sep-

226 4669 432 4728 rexisti
458 4686 595 4726 cum
618 4669 870 4737 Christo,
893 4675 951 4726 et
968 4687 1036 4726 ea
1058 4670 1269 4742 quaeris
1292 4688 1423 4744 quas
1443 4690 1680 4729 sursum
1703 4678 1871 4730 sunt:

222 4760 364 4833 quia
389 4758 615 4832 Angeli,
647 4759 767 4816 sive
792 4764 962 4816 Pater
980 4764 1039 4816 et
1064 4760 1267 4826 Filius,
1289 4765 1347 4817 et
1364 4762 1614 4835 Spiritus
1635 4767 1875 4820 sanctus

220 4850 548 4906 diviserunt
571 4849 729 4921 quod
752 4848 1058 4906 videbatur
1082 4851 1333 4917 obstare,
1357 4858 1413 4906 et
1441 4852 1702 4908 fecerunt
1722 4853 1871 4909 viam

214 4938 550 4996 volentibus
571 4937 819 5012 ingredi,
837 4942 895 4995 et
924 4938 1064 5011 quia
1084 4943 1283 5011 aperto
1306 4940 1511 4997 itinere
1529 4940 1873 4997 invaserunt

217 5029 352 5097 iter,
385 5045 502 5084 non
534 5027 727 5084 solum
758 5027 1009 5101 ingressi
1034 5031 1173 5084 sunt
1201 5033 1453 5101 portam,
1478 5031 1580 5087 sed
1602 5035 1660 5087 et
1679 5035 1869 5088 trans-

215 5117 419 5176 ierunt
447 5133 550 5190 per
577 5133 728 5174 eam.
761 5118 1017 5190 Ingressi
1055 5121 1195 5174 sunt
1238 5122 1457 5186 autem,
1510 5121 1649 5194 quia
1686 5124 1743 5177 et
1773 5138 1872 5178 rex

215 5223 427 5264 eorum
455 5208 725 5264 eamdem
754 5207 1058 5281 ingressus
1078 5211 1169 5265 est
1188 5212 1438 5280 portam,
1460 5214 1516 5265 et
1536 5210 1765 5282 aperuit
1783 5211 1868 5267 eis

214 5296 347 5365 iter,
396 5300 465 5352 ut
507 5296 729 5368 absque
758 5296 880 5353 ulla
906 5296 1252 5354 difﬁcultate
1282 5298 1685 5371 graderentur.
1739 5302 1869 5373 Ipse

213 5386 379 5443 enim
410 5385 718 5455 Dominus,
752 5389 809 5459 et
839 5403 937 5442 rex
966 5391 1024 5443 et
1052 5391 1271 5460 pastor,
1298 5392 1356 5443 et
1374 5387 1467 5444 via
1489 5394 1655 5445 estet
1676 5395 1862 5463 porta,

211 5475 477 5547 dicitque
501 5492 514 5530 :
541 5475 651 5544 Ego
670 5492 793 5531 sum
810 5480 968 5548 porta
988 5494 1007 5531 :
1031 5493 1135 5549 per
1152 5494 1237 5534 me
1257 5480 1354 5550 qui
1370 5479 1538 5550 fuerit
1565 5482 1864 5552 ingressus,

282 5688 367 5765 (α)
378 5687 550 5750 Falso
566 5692 625 5751 et
636 5690 923 5753 contrario
938 5707 1117 5753 sensu
1132 5691 1400 5753 Martian.
1408 5736 1425 5767 ,
1439 5692 1526 5753 his
1536 5694 1635 5769 qui
1646 5697 1856 5760 uolunt.

1987 4676 2272 4747 tuaginta,
2305 4697 2528 4750 omnes,
2560 4686 2721 4741 duces
2749 4688 2938 4747 domus
2961 4694 3150 4762 Israel,
3179 4676 3624 4761 transtulerunt.

1988 4762 2425 4863 Dominusergo
2446 4771 2546 4842 qui
2567 4773 2719 4830 viam
2742 4777 2875 4833 fecit
2895 4783 3109 4852 populo
3131 4800 3261 4853 suo,
3279 4791 3335 4844 et
3356 4806 3627 4863 egressus

1985 4854 2076 4949 est
2104 4859 2236 4951 ante
2262 4856 2465 4951 faciem
2498 4876 2720 4934 eorum,
2752 4869 2811 4921 et
2837 4866 2963 4939 ipse
2991 4876 3082 4928 est
3110 4854 3627 4951 princepsitineris

1984 4938 2358 5041 simplicioris
2372 4947 2773 5041 populi,quem
2788 4938 3019 5030 gregem
3032 4938 3216 5019 vocat:
3232 4938 3627 5041 hisqui(a)no;

1984 5025 2113 5083 lunt
2134 5046 2197 5085 se
2213 5034 2698 5129 praeviumsequi,
2713 5025 2811 5098 sed
2829 5025 3192 5121 superbiunt,
3206 5061 3264 5110 et
3281 5025 3621 5129 quasi‘judi-

1982 5121 2294 5212 ces‘populi
2310 5125 2555 5200 vestigia
2569 5129 2728 5187 illius
2746 5151 2859 5190 non
2877 5121 3626 5212 sequuntur,comminatur

1981 5210 2040 5263 et
2060 5208 2231 5267 dicit:
2259 5214 2470 5287 Audite,
2486 5221 2763 5293 principes
2781 5208 3172 5298 domuslacob,
3188 5208 3240 5289 et
3257 5234 3417 5291 duces
3434 5238 3623 5297 domus

1980 5299 2164 5357 Israel.
2196 5303 2341 5367 Quid
2373 5310 2463 5361 est
2491 5313 2687 5365 autem
2718 5315 2872 5383 quod
2905 5332 3004 5372 eos
3035 5320 3191 5393 cogit
3219 5324 3422 5382 audire
3442 5326 3471 5382 ?
3497 5333 3622 5387 Non

1981 5394 2216 5447 vestrum
2243 5402 2344 5463 est,
2380 5396 2589 5470 inquit,
2632 5404 2772 5457 scire
2808 5404 3097 5472 judicium,
3131 5412 3231 5481 qui
3257 5412 3380 5470 odio
3408 5416 3619 5476 habetis

1979 5479 2195 5553 bonum,
2229 5487 2281 5539 et
2310 5490 2558 5556 quaeritis
2584 5491 2769 5547 mala:
2804 5493 2863 5548 id
2894 5498 3003 5562 est,
3034 5479 3155 5554 non
3182 5504 3487 5561 moremini
3514 5508 3617 5567 Dei
