4008 6184
278 312 432 385 1181

999 314 1743 387 COMMENTARIORUM
1787 315 1868 379 IN
1911 315 1932 379 l

2043 315 2300 382 ῐΗΑΞΑΜ
2339 316 2491 382 LIB.
2535 320 2589 384 Ι.
2618 315 2795 384 CAP.
2835 317 2944 385 ῙῙῐ.

3520 317 3676 386 1182

277 450 641 523 fortitudine,
673 454 740 509 ut
769 452 871 526 qui
887 452 1052 527 prius
1073 454 1356 528 populum
1379 452 1795 510 blandimentis
1821 452 1921 506 de-
1950 451 2004 516 Α
2036 467 2152 506 non
2182 450 2683 524 solumjudicium
2714 469 2831 510 non
2860 451 3187 522 faciebant;
3237 452 3339 511 sed
3378 454 3680 513 abomina-

278 541 595 614 cipiebant,
629 546 834 613 postea
872 559 1010 599 vera
1047 543 1451 599 annuntiando
1482 544 1832 611 deterreant,
1865 544 1923 595 et

277 631 353 686 ad
384 635 598 686 rectam
628 636 900 687 revocent
929 632 1110 703 viam,
1140 638 1196 688 et
1225 632 1323 705 qui
1356 649 1535 688 causa
1564 630 1778 686 erroris
1807 630 1924 685 fue-

275 724 431 786 rant,
476 718 763 791 incipiant
801 722 1020 777 mederi
1065 721 1406 778 vulneribus
1427 738 1554 793 qua:
1583 719 1921 784 intulerant,

274 811 334 864 et
365 824 493 863 esse
543 807 772 864 occasio
803 809 1091 865 sanitatis.
1122 810 1531 865 Animadverte
1558 810 1615 863 in
1648 807 1923 881 prasenti

274 896 430 962 loco,
456 912 628 969 posse
648 883 905 969 aliquem
928 900 1133 955 docere
1155 904 1285 970 post
1307 904 1630 971 peccatum,
1656 898 1704 953 si
1727 902 1923 953 tamen

274 985 420 1041 vitia
448 985 699 1057 pristina
719 986 899 1059 digna
929 988 1270 1059 poenitentia
1289 988 1515 1043 eluerit.
1549 987 1712 1042 Unde
1738 990 1794 1041 et
1812 986 1923 1040 Da-

273 1072 375 1128 vid
397 1077 529 1145 post
549 1072 903 1129 adulterium
930 1079 987 1131 et
1006 1075 1385 1131 homicidium
1412 1076 1672 1146 loquitur
1693 1075 1750 1129 in
1771 1073 1924 1145 psal-

277 1177 414 1217 mo:
460 1163 715 1233 Asperges
741 1180 829 1219 me
879 1164 1080 1236 hysopo
1109 1169 1159 1219 et
1195 1165 1531 1221 mundabor:
1568 1165 1777 1220 lavabis
1819 1178 1924 1227 me,

273 1258 328 1307 et
370 1267 535 1322 super
560 1252 744 1307 nivem
772 1252 1089 1309 dealbabor.
1124 1255 1237 1309 Nec
1270 1272 1378 1309 sua
1408 1259 1639 1309 tantum
1672 1253 1927 1325 puritate

277 1342 589 1395 contentus
619 1344 729 1405 est,
772 1342 872 1395 sed
893 1342 1104 1397 infert:
1130 1343 1306 1398 Redde
1330 1344 1470 1398 mihi
1505 1344 1761 1400 laetitiam
1780 1344 1927 1397 salu-

275 1430 420 1483 taris
447 1430 552 1499 tui,
583 1436 635 1484 et
662 1431 863 1501 spiritu
890 1431 1202 1503 principali
1228 1433 1490 1501 conﬁrma
1528 1448 1629 1486 me.
1665 1431 1929 1501 Cumque

274 1517 387 1573 hoc
416 1516 642 1573 feceris.
672 1518 895 1586 Docebo,
930 1519 1029 1590 ait,
1055 1522 1272 1592 iniquos
1293 1522 1411 1575 vias
1435 1525 1577 1591 tuas,
1595 1524 1648 1575 et
1676 1521 1843 1591 impii
1858 1519 1930 1574 ad

274 1615 329 1662 te
358 1610 746 1663 convertentur
775 1608 946 1678 (Psal.
980 1609 1056 1681 x).

345 1694 535 1765 (Vers.
594 1696 629 1749 9
668 1700 817 1768 seq.)
864 1697 1057 1754 Audite
1110 1699 1241 1769 haec,
1287 1700 1570 1770 principes
1608 1698 1798 1755 domus
1842 1700 1931 1754 Ja-

2032 541 2249 597 bantur
2278 540 2422 597 illud
2435 584 2449 608 ,
2462 546 2519 599 et
2531 543 2731 599 omnia
2748 547 2904 600 recta
2918 543 3346 616 pervertebant,
3370 561 3443 601 ne
3465 545 3674 602 saltem

2034 646 2213 701 parva
2234 630 2470 700 justitia
2498 636 2824 688 remaneret
2843 633 2902 687 in
2934 632 3181 688 civitate.
3216 633 3323 699 Qui
3356 633 3677 691 aedificave-

2032 718 2315 774 runtSion
2334 720 2393 775 in
2405 721 2817 793 sanguinibus,
2835 726 2892 777 et
2911 721 3238 777 Jerusalem
3264 721 3325 777 in
3346 722 3675 796 iniquitate,

2035 807 2256 879 rapinis
2288 825 2634 881 pauperum,
2667 811 2821 865 caede
2850 810 3191 879 insontium,
3224 811 3512 868 occisione
3541 829 3677 869 san-

2035 900 2281 951 ctorum.
2304 898 2468 961 Quod
2500 898 2549 953 si
2577 898 2709 969 quis
2729 900 2800 953 de
2818 899 3181 970 principibus
3200 899 3506 956 videbatur
3516 901 3679 971 judi-

2036 1001 2166 1039 care
2197 987 2353 1056 quod
2385 992 2510 1042 erat
2529 988 3072 1053 re,ctum,vendebat
3096 989 3284 1061 magis
3306 991 3677 1057 sententiam,

2037 1076 2093 1129 et
2122 1074 2178 1129 in
2213 1075 2557 1131 muneribus
2579 1076 2904 1147 judicabat.
2936 1078 3278 1134 Sacerdotes
3308 1095 3540 1150 quoque
3563 1095 3680 1135 non

2036 1162 2322 1219 docebant
2368 1164 2674 1237 populum,
2734 1165 2845 1221 nisi
2905 1170 3139 1238 accepto
3188 1168 3410 1238 pretio;
3443 1171 3501 1223 et
3547 1184 3681 1224 cum

2038 1251 2268 1331 dicatur
2318 1255 2385 1309 ad
2422 1259 2691 1311 sanctos:
2756 1256 2936 1312 Gratis
2991 1258 3300 1328 accepistis,
3360 1258 3533 1326 gratis
3560 1258 3685 1313 date

2037 1342 2255 1412 (Matth.
2274 1360 2328 1413 x,
2352 1343 2428 1414 8),
2444 1343 2527 1398 illi
2541 1344 2640 1400 Dei
2658 1360 3029 1417 responsum,
3049 1350 3285 1417 accepta
3296 1347 3685 1419 pecuniapro-

2039 1431 2306 1498 ferentes,
2340 1432 2588 1503 gratiam
2607 1434 2767 1490 Domi
2776 1435 3020 1490 niavara
3036 1436 3301 1492 mercede
3327 1436 3679 1493 vendebant.

2040 1519 2107 1574 Et
2137 1525 2270 1591 post
2298 1520 2420 1576 haec
2437 1521 2591 1578 mala
2608 1539 2724 1578 non
2747 1523 3136 1597 intelligentes
3152 1530 3455 1596 peccatum
3483 1543 3683 1594 suum,

2040 1608 2207 1679 quasi
2230 1608 2551 1666 sceleribus
2573 1612 2926 1668 redimerent
2953 1612 3298 1670 charitatem
3324 1615 3441 1686 Dei,
3454 1615 3686 1687 judices

2040 1714 2106 1752 ac
2138 1699 2468 1755 sacerdotes
2490 1704 2547 1754 et
2574 1700 2889 1772 prophetas
2908 1703 3065 1758 470
3098 1703 3193 1759 Dei
3225 1718 3356 1759 esse
3383 1721 3446 1760 se
3463 1720 3684 1762 memo-

272 1785 390 1854 cob,
410 1785 556 1855 el(a)
576 1785 795 1856 judices
847 1787 1038 1842 domus
1056 1789 1258 1843 Israel:
1290 1790 1390 1859 qui
1416 1789 1819 1845 abominamini
1840 1789 1931 1860 ju-
1962 1818 2010 1885 B
2042 1786 2268 1855 rabant,
2287 1791 2345 1843 et
2358 1789 2681 1843 secundum
2699 1789 3074 1861 impcenitens
3089 1807 3189 1847 cor
3204 1793 3681 1850 suumdicebant:

272 1873 502 1944 dicium,
516 1876 568 1928 et
591 1876 937 1930 omniarecta
947 1878 1284 1948 pervertitis,
1304 1878 1401 1947 qui
1414 1877 1932 1946 aediﬁcatisSionin
1962 1873 2008 1885 “’
2040 1876 2303 1931 Dominus
2334 1878 2394 1931 in
2420 1877 2603 1933 medio
2647 1886 2895 1933 nostrum
2923 1885 3027 1945 est,
3057 1884 3111 1935 et
3137 1897 3249 1937 non
3277 1883 3498 1938 venient
3525 1899 3690 1956 super

266 1962 658 2033 sanguinibus,
681 1966 735 2017 et
756 1964 1059 2020 Jerusalem
1081 1967 1139 2019 in
1166 1966 1479 2036 iniquitate.
1500 1968 1791 2037 Principes
1817 1967 1935 2037 ejus

272 2053 336 2107 in
366 2051 689 2106 muneribus
728 2051 1077 2123 judicabant,
1116 2061 1172 2109 et
1216 2054 1528 2110 sacerdotes
1558 2057 1675 2111 eius
1706 2057 1768 2110 in
1799 2071 1937 2111 mer—

273 2140 404 2196 cede
431 2139 713 2207 docebant,
735 2149 788 2197 et
815 2143 1089 2212 propheta
1108 2144 1226 2214 ejus
1245 2145 1305 2198 in
1331 2145 1572 2215 pecunia
1587 2144 1933 2212 divinabant,

273 2233 329 2285 et
356 2244 521 2300 super
569 2231 862 2285 Dominum
890 2232 1303 2303 requiescebant
1347 2233 1614 2289 dicentes:
1663 2234 1939 2304 Numquid

277 2333 391 2373 non
438 2318 699 2374 Dominus
729 2322 789 2373 in
839 2319 1017 2375 medio
1045 2323 1338 2377 nostrum?
1366 2338 1475 2377 non
1524 2324 1742 2377 venient
1770 2339 1940 2392 super

289 2423 392 2463 nos
410 2407 591 2461 mala:
621 2417 850 2478 propter
872 2407 971 2465 hoc
997 2426 1161 2466 causa
1180 2413 1346 2471 vestri
1370 2410 1498 2466 Sion
1528 2414 1589 2465 ut
1616 2427 1745 2482 ager
1758 2412 1939 2467 arabi-

294 2504 413 2563 tur,
442 2500 495 2550 et
522 2497 828 2553 Jerusalem
850 2500 1009 2569 quasi
1025 2515 1252 2554 acervus
1282 2499 1530 2571 lapidum
1553 2501 1682 2568 erit,
1712 2505 1766 2555 et
1784 2516 1941 2555 mons

287 2585 492 2654 templi
510 2586 571 2639 in
599 2586 815 2642 excelsa
842 2588 1130 2642 silvarum.
1175 2588 1345 2644 LXX:
1377 2588 1572 2643 Audite
1599 2588 1736 2654 lucc,
1771 2589 1940 2645 duces

289 2672 407 2745 [ΑΙ.
419 2672 667 2745 judices]
695 2674 889 2730 domus
918 2676 1079 2731 Iacob
1098 2679 1148 2731 et
1178 2677 1378 2747 reliqui
1398 2678 1593 2733 domus
1621 2676 1817 2747 Israel,
1846 2677 1944 2748 qui

292 2762 706 2820 abominamini
716 2765 869 2820 469
883 2765 1240 2836 judicium,et
1250 2767 1438 2821 omnia
1448 2774 1593 2821 recta
1609 2768 1942 2838 pervertitis:

289 2854 393 2923 qui
421 2851 700 2923 adiﬁcatis
728 2853 859 2909 Sion
882 2855 943 2908 in
968 2855 1357 2927 sanguinibus,
1374 2857 1735 2912 etJerusalem
1759 2857 1820 2910 in
1834 2858 1943 2910 ini-

292 2942 622 3012 quitatibus.
645 2943 816 2997 Duces
844 2944 962 3014 ejus
988 2945 1049 2997 in
1067 2945 1391 2999 muneribus
1403 2945 1747 3015 judicabant,
1782 2949 1941 3000 etsa-

290 3029 540 3086 cerdotes
555 3032 673 3101 ejus
702 3033 760 3086 in
781 3031 1022 3087 mercede
1036 3031 1515 3101 respondebant,et
1534 3033 1816 3105 prophetae
1825 3035 1941 3105 ejus

292 3121 356 3174 in
395 3121 634 3190 pecunia
663 3120 1009 3188 divinabant,
1035 3125 1087 3176 et
1116 3137 1284 3191 super
1312 3122 1606 3178 Dominum
1636 3125 1942 3193 requiesce-

2041 1980 2139 2019 nos
2171 1965 2342 2020 mala.
2370 1965 2515 2031 Quia
2544 1965 2726 2038 igitur
2755 1983 2869 2022 non
2899 1971 3145 2039 egerunt
3176 1970 3599 2041 pmnitentiam,
3631 1977 3690 2029 et

2044 2053 2236 2109 omnis
2268 2053 2520 2126 populus
2532 2059 2770 2111 secutus
2780 2060 2869 2111 est
2882 2056 3238 2130 principium
3250 2062 3307 2114 et
3318 2061 3687 2118 sacerdotum

2044 2142 2578 2215 prophetarumque
2607 2143 2764 2211 vitia,
2797 2144 2931 2200 Sion
2963 2145 3132 2216 quasi
3163 2161 3301 2218 ager
3328 2148 3613 2215 arabitur,
3634 2153 3693 2207 et

2044 2230 2371 2287 Jerusalem
2403 2232 2556 2287 sicut
2585 2247 2828 2288 acervus
2857 2232 3120 2306 lapidum
3150 2234 3280 2302 erit,
3311 2240 3368 2291 et
3399 2237 3689 2309 templum

2046 2319 2200 2390 quod
2223 2319 2386 2391 prius
2407 2336 2549 2375 auro
2570 2325 2927 2392 argentoque
2947 2322 3225 2394 fulgebat,
3248 2324 3309 2379 in
3334 2325 3538 2382 ruinas
3560 2326 3695 2383 ulti-

2047 2424 2175 2477 mas
2204 2407 2545 2464 collabetur.
2595 2412 2727 2464 Haec
2757 2416 2959 2466 contra
3006 2411 3288 2483 populum
3330 2414 3687 2483 Judmorum,

2048 2498 2218 2567 cujus
2248 2513 2383 2553 vera
2411 2498 2718 2569 captivitas
2749 2502 2806 2554 et
2835 2502 3105 2555 extrema;
3137 2502 3339 2571 ruinas,
3371 2507 3429 2557 et
3459 2508 3693 2575 propter

2048 2585 2347 2657 superiora
2368 2586 2605 2658 quidem
2624 2587 2864 2655 scelera,
2891 2589 2992 2644 sed
3018 2589 3269 2645 maxime
3290 2596 3526 2663 propter
3544 2592 3689 2648 etfu-

2048 2674 2270 2730 sionem
2301 2675 2587 2731 Dominici
2621 2676 2928 2748 sanguinis
2958 2677 3213 2750 irrogata
3240 2683 3397 2734 sunt.
3446 2680 3607 2736 Unde
3636 2684 3695 2736 et

2048 2763 2187 2818 Sion
2219 2764 2387 2835 quasi
2418 2780 2554 2836 ager
2584 2770 2747 2820 arata
2775 2769 2887 2831 est,
2908 2769 2967 2821 et
2992 2765 3320 2823 Jerusalem
3342 2767 3402 2822 in
3429 2768 3693 2826 tumulos

2046 2868 2214 2907 versa
2244 2868 2539 2920 saxorum,
2570 2857 2627 2908 et
2659 2852 2947 2925 templum
2980 2853 3123 2909 illud
3170 2857 3469 2926 quondam
3501 2857 3696 2913 nobile

2050 2945 2222 3012 atque
2240 2940 2513 3006 sublime,
2526 2941 2584 2995 in
2607 2945 2896 2998 extremos
2907 2942 3130 2999 cineres
3142 2942 3570 3001 comminutum
3584 2950 3691 3002 est.

2049 3029 2107 3085 Si
2144 3030 2276 3101 quis
2308 3035 2502 3085 autem
2537 3030 2657 3085 hate
2701 3047 2826 3102 quia
2858 3031 2929 3086 de
2955 3031 3278 3088 Jerusalem
3311 3032 3609 3105 dicuntur,
3638 3038 3697 3091 et

2049 3119 2120 3174 de
2149 3119 2287 3175 Sion
2318 3120 2390 3174 ad
2422 3118 2741 3175 Ecclesiam
2768 3119 3081 3175 transferat
3109 3119 3261 3192 (ipsa
3286 3126 3377 3177 est
3402 3122 3559 3177 enim
3591 3123 3693 3179 do-

291 3188 444 3278 bant,
469 3207 710 3263 dicentes
726 3227 745 3262 :
767 3210 958 3265 Nonne
986 3188 1252 3265 Dominus
1292 3212 1354 3266 in
1382 3211 1537 3266 nobis
1565 3215 1643 3267 est
1663 3215 1688 3265 .9
1705 3188 1817 3266 non
1844 3227 1936 3266 ve-
1970 3188 2013 3254 ο
2051 3225 2185 3265 mus
2200 3209 2399 3275 Jacob,
2422 3213 2481 3264 et
2501 3209 2712 3264 domus
2736 3208 2931 3275 Israel,
2952 3188 3440 3265 secundumillud
3453 3212 3609 3282 quod
3632 3210 3693 3267 in

284 3299 445 3352 nient
470 3313 632 3368 super
672 3314 770 3353 nos
796 3299 971 3353 mala.
1005 3298 1209 3354 Idcirco
1238 3307 1461 3372 propter
1488 3316 1579 3356 vos
1606 3301 1740 3356 Sion
1780 3302 1941 3372 quasi

284 3401 425 3456 ager
442 3386 722 3454 arabitur,
746 3396 798 3443 et
825 3388 1128 3443 Jerusalem
1157 3396 1215 3444 ut
1242 3390 1502 3445 custodia
1538 3391 1776 3460 pomarii
1808 3391 1937 3459 erit,

283 3483 336 3531 et
354 3491 513 3532 mons
533 3477 755 3532 Domini
774 3478 833 3532 in
855 3478 1041 3532 lucum
1066 3479 1260 3533 saltus.
1281 3478 1462 3533 Nemo
1484 3478 1750 3550 ambigit,
1771 3478 1937 3533 Jeru-

282 3562 471 3619 salem
501 3568 738 3636 propter
769 3564 989 3621 scelera
1015 3582 1142 3637 quae
1172 3566 1233 3621 in
1268 3566 1391 3623 .hoc
1434 3565 1689 3637 capitulo
1720 3565 1937 3621 descri-

281 3656 527 3722 buntur,
559 3652 742 3710 fuisse
761 3655 1124 3726 subversam,
1147 3660 1205 3710 et
1228 3654 1368 3726 quia
1387 3671 1568 3726 supra
1583 3655 1670 3710 vel
1694 3654 1767 3709 ad
1780 3654 1939 3724 judi-

283 3758 408 3808 ces,
437 3741 524 3798 vel
556 3742 627 3798 ad
659 3742 1202 3815 pseudoprophetas
1225 3747 1598 3815 praecesserat
1618 3742 1937 3798 commina-

287 3830 414 3885 tio:
459 3831 668 3897 Audite,
698 3834 980 3904 principes
1025 3833 1216 3888 domus
1254 3832 1437 3899 Jacob,
1467 3840 1518 3888 et
1552 3832 1711 3887 duces
1747 3832 1938 3887 domus

283 3919 477 3977 Israel.
514 3925 584 3976 Et
613 3925 747 3993 post
774 3937 992 3993 paucos
1032 3921 1388 3978 versiculos:
1420 3923 1545 3977 Have
1579 3921 1712 3977 dicit
1743 3921 1937 3976 Domi-

281 4024 396 4064 nus
421 4025 585 4081 super
611 4010 929 4083 Prophetas,
984 4012 1080 4081 qui
1119 4010 1383 4067 seducunt
1426 4011 1686 4082 populum
1730 4025 1933 4078 meum,

282 4101 343 4154 et
362 4098 622 4171 reliqua:
680 4115 840 4154 nunc
869 4098 1222 4170 generaliter
1263 4104 1322 4155 et
1347 4100 1656 4155 adversum
1678 4098 1932 4171 judices,

280 4189 343 4243 et
362 4187 676 4243 adversum
698 4187 1259 4260 pseudoprophetas,
1282 4191 1339 4243 et
1358 4192 1559 4245 contra
1576 4190 1932 4257 sacerdotes,

282 4279 344 4332 et
372 4281 577 4332 contra
604 4292 724 4345 eos,
767 4275 867 4349 qui
898 4276 1011 4331 sibi
1042 4276 1142 4332 Dei
1174 4276 1601 4348 pollicebantur
1644 4277 1932 4346 notitiam,

281 4363 644 4437 prophetalis
673 4381 867 4421 sermo
896 4365 1129 4431 texitur,
1163 4370 1222 4421 et
1250 4366 1445 4438 arguit
1466 4382 1565 4421 eos
1588 4366 1744 4436 quod
1768 4382 1937 4438 prop-

280 4456 376 4510 ter
404 4453 624 4510 scelera
652 4469 853 4510 eorum
876 4454 1011 4509 Sion
1045 4454 1215 4525 quasi
1242 4469 1379 4526 ager
1398 4455 1619 4509 aranda
1647 4455 1743 4525 sit,
1770 4458 1829 4509 et
1845 4458 1937 4512 Je-

2050 3298 2201 3354 Isaia
2221 3298 2501 3354 scribitur
2523 3314 2536 3355 z
2559 3298 2717 3355 Jacob
2731 3313 2871 3365 puer
2887 3314 3059 3363 meus,
3080 3300 3381 3370 suscipiam
3394 3316 3520 3355 eum
3540 3301 3694 3371 (Isai.

2048 3404 2160 3455 xu,
2186 3389 2263 3458 8).
2297 3388 2366 3443 Et
2394 3387 2537 3442 illud
2586 3388 2659 3442 ad
2691 3386 3101 3443 Timotheum:
3139 3389 3202 3444 Ut
3243 3391 3387 3444 scias
3432 3390 3695 3460 quomodo

2048 3478 2098 3529 te
2126 3478 2365 3545 Oporteat
2394 3478 2455 3529 in
2497 3476 2666 3530 domo
2698 3475 2795 3529 Dei
2822 3477 3152 3539 conversari,
3186 3490 3312 3544 quae
3348 3485 3424 3530 est
3454 3478 3694 3533 Ecclesia

2048 3563 2093 3633 (Ι
2128 3564 2243 3617 Tim
2274 3580 2358 3627 ιιι,
2392 3564 2479 3633 15)
2507 3562 2617 3617 iste
2645 3561 2869 3633 liquido
2900 3560 3240 3633 pervidebit,
3286 3564 3441 3634 quod
3474 3563 3693 3635 princi-

2048 3668 2151 3723 pes
2171 3652 2381 3706 domus
2408 3651 2609 3719 Jacob,
2641 3654 2699 3705 et
2723 3649 2932 3720 reliqui
2962 3651 3032 3705 de
3052 3650 3225 3705 domo
3250 3650 3424 3707 Israel
3441 3651 3605 3722 (sive,
3629 3657 3697 3709 ut

2048 3739 2259 3795 melius
2282 3739 2342 3794 in
2364 3739 2601 3794 Hebraeo
2620 3738 2905 3809 scriptum
2921 3739 3033 3809 est)
3051 3739 3270 3794 Judices
3288 3738 3477 3795 domus
3491 3742 3691 3811 Israel,

2047 3845 2161 3883 non
2196 3828 2315 3885 sint
2335 3828 2431 3884 alii
2455 3827 2567 3884 nisi
2590 3826 2868 3899 episcopi,
2893 3827 3212 3900 presbyteri
3236 3832 3295 3883 et
3312 3828 3564 3896 diaconi,
3590 3831 3692 3902 qui

2047 3917 2161 3973 nisi
2195 3917 2353 3973 omni
2403 3916 2671 3973 custodia
2697 3914 3054 3971 servaverint
3097 3931 3197 3972 cor
3233 3932 3430 3985 suum,
3462 3916 3694 3975 abomi-

2047 4010 2266 4062 nantur
2269 4005 2559 4077 judicium
2579 4008 2636 4061 et
2655 4003 2930 4060 universa
2940 4009 3100 4060 recta
3118 4010 3487 4076 pervertunt:
3511 4024 3695 4079 quan-

2045 4095 2119 4151 do
2149 4096 2305 4150 enim
2330 4096 2500 4166 juxta
2516 4108 2826 4167 personam
2840 4092 3131 4162 judicant,
3154 4098 3213 4150 et
3234 4094 3296 4150 in
3318 4093 3691 4168 disceptatio-

2046 4200 2119 4239 ne
2141 4184 2359 4258 negotii
2388 4200 2503 4239 non
2525 4182 2875 4238 valetcausa:
2890 4183 3190 4251 meritum,
3215 4184 3317 4240 sed
3341 4200 3574 4241 reorum
3598 4202 3693 4258 po-

2045 4272 2250 4337 tentia,
2264 4288 2457 4328 nonne
2478 4271 2891 4327 abominantur
2899 4271 3215 4342 judicium,
3238 4276 3296 4328 et
3315 4274 3516 4330 omnia
3536 4279 3693 4332 recta

2048 4365 2382 4434 pervertunt
2401 4361 2429 4415 ‘t
2458 4360 2652 4417 Potest
2662 4364 2858 4416 autem
2873 4366 2931 4416 et
2949 4360 3121 4417 aliter
3134 4361 3339 4433 accipi,
3358 4364 3515 4433 quod
3538 4363 3693 4435 prin—

2046 4451 2206 4523 cipes
2236 4451 2446 4507 domus
2472 4449 2674 4520 Jacob,
2708 4453 2765 4505 et
2784 4449 3017 4519 judices
3034 4449 3244 4505 domus
3265 4449 3443 4506 Israel
3461 4450 3691 4507 abomi-

282 4542 542 4599 rusalem
573 4541 732 4598 velut
751 4558 992 4599 acervus
1019 4542 1282 4615 lapidum
1314 4542 1664 4611 corruitura,
1688 4547 1745 4599 et
1764 4559 1936 4601 mons
1964 4559 2012 4623 D
2047 4544 2262 4596 nentur
2292 4536 3091 4608 detestenturquejudicium,
3114 4537 3214 4592 Dei
3225 4537 3689 4608 judicissenten-

279 4630 489 4704 templi
507 4631 741 4688 futurus
753 4632 812 4686 in
826 4631 1053 4688 excelsa
1065 4631 1343 4687 silvarum
1354 4673 1366 4687 .
1383 4630 1663 4687 Videmus
1675 4631 1931 4703 comple-

282 4724 346 4777 ta
375 4736 508 4792 qua
526 4720 681 4777 dicta
692 4724 830 4777 sunt
848 4736 861 4776 :
882 4721 1000 4777 oris
1020 4720 1318 4792 eloquium
1331 4719 1482 4775 oculi
1504 4720 1783 4792 probant:
1800 4737 1934 4793 pro-

280 4809 495 4884 phetia:
522 4809 690 4866 testis
720 4815 991 4882 aspectus
1021 4812 1129 4865 est.
1161 4808 1280 4865 Hoc
1309 4808 1505 4881 ipsum
1528 4808 1931 4865 testimonium

280 4902 342 4954 et
370 4898 432 4954 in
460 4898 726 4955 Jeremiaa
755 4897 1053 4955 volumine
1073 4896 1352 4954 scribitur
1380 4898 1598 4969 (Jerem.
1620 4900 1799 4967 xxvx),
1831 4898 1930 4953 ubi

280 4991 343 5044 et
370 4987 620 5044 Michaaaa
650 4988 944 5061 prophetae
974 4988 1042 5042 ﬁt
1063 4986 1302 5053 mentio,
1335 4991 1394 5041 et
1414 4985 1737 5043 Jerusalem
1759 4987 1933 5043 vasti-

281 5081 376 5132 tas
400 5076 768 5149 praedicatur.
794 5077 1033 5133 Judices
1056 5080 1113 5132 et
1132 5075 1423 5148 principes
1439 5076 1651 5132 domus
1672 5076 1852 5132 Jacob
1875 5080 1932 5133 et

282 5166 499 5223 domus
530 5166 728 5237 Israel,
753 5166 811 5222 id
833 5171 941 5235 est,
974 5170 1031 5223 et
1059 5166 1312 5222 duarum
1342 5170 1399 5221 et
1419 5165 1617 5221 decem
1643 5165 1928 5237 tribuum,

357 5345 434 5426 (α)
458 5344 656 5426 Idem,
687 5344 1042 5427 Degendum,
1094 5344 1303 5427 inquit,
1337 5348 1513 5427 esset.
1538 5344 1722 5427 duces,
1759 5349 1823 5399 ut
1867 5342 1928 5427 in

280 5415 573 5489 principio
610 5415 852 5489 capituli
877 5417 1127 5489 {eadem
1157 5415 1327 5489 enim,
1364 5415 1813 5489 utrobiquevox
1842 5419 1931 5471 est

278 5486 450 5574 iyrp.
479 5486 699 5543 Verum
728 5488 867 5560 quia
895 5488 1146 5561 Vulgata
1193 5486 1368 5544 editio
1406 5487 1564 5559 legit,
1580 5486 1821 5559 judices,
1874 5491 1930 5542 et

278 5576 366 5650 ita
392 5577 567 5633 etiam
588 5576 975 5650 Hieronymus
993 5578 1429 5650 interpretatur,
1453 5577 1526 5633 ad
1543 5592 1787 5650 sensum
1810 5591 1928 5632 ma-

277 5647 373 5722 gis
402 5663 582 5720 quam
613 5648 686 5706 ad
713 5647 957 5706 verbum
995 5647 1333 5721 respiciens,
1364 5665 1597 5706 monere
1627 5647 1924 5718 lectorem,

2043 4629 2186 4685 tiam
2218 4627 2602 4692 declinantes,
2628 4630 2684 4682 et
2715 4642 2948 4680 omnem
2968 4625 3229 4698 regulam
3252 4626 3686 4697 Scripturarum

2045 4717 2216 4773 malis
2234 4714 2814 4785 interpretationibus
2845 4714 3246 4784 depravantes,
3270 4714 3368 4769 isti
3398 4715 3690 4772 nidificant

2040 4805 2245 4862 Sionin
2264 4803 2655 4876 sanguinibus
2681 4821 2694 4859 :
2717 4806 2775 4858 et
2787 4801 3112 4858 Jerusalem
3128 4802 3525 4876 ininiquitate.
3540 4804 3687 4860 Cum

2040 4894 2193 4951 enim
2221 4893 2523 4964 Scriptura
2542 4892 2751 4963 jubeat
2774 4908 2787 4946 :
2814 4891 2980 4963 Ne(b)
3009 4892 3238 4947 inducas
3259 4893 3495 4959 impium
3514 4893 3576 4947 in
3600 4897 3691 4950 ta-

2041 4982 2694 5052 bernaculumjustorum
2723 4982 2891 5051 (Psal.
2925 4982 3003 5052 v),
3024 4986 3081 5036 et
3107 4979 3298 5036 virum
3326 4980 3685 5053 sanguinum

2040 5076 2097 5129 et
2116 5071 2388 5128 dolosum
2417 5069 2790 5126 abominetur
2821 5070 3137 5126 Dominus:
3187 5070 3248 5125 hi
3280 5086 3687 5143 quoscumque

2038 5163 2110 5218 de
2133 5160 2373 5217 asseclis
2404 5158 2529 5215 suis
2559 5158 2833 5215 ordinant
2845 5157 3105 5227 clericos,
3124 5162 3183 5215 et
3197 5159 3376 5215 vitam
3399 5176 3601 5216 eorum
3624 5158 3686 5215 in

2038 5358 2155 5397 non
2185 5341 2381 5395 autem
2413 5336 2721 5393 lectionem
2747 5339 2973 5392 mutare
3002 5336 3239 5409 placuit.

2109 5430 2184 5501 (b)
2198 5429 2471 5501 Notatum
2488 5423 2948 5501 Victoriohaberi
2964 5424 3364 5501 testimonium
3377 5424 3540 5501 Prov.
3554 5442 3687 5484 xxiv

2037 5490 2361 5572 secundum
2406 5496 2805 5572 Septuaginta,
2861 5495 3291 5572 pﬂnpoaiyaxe
3340 5490 3505 5565 ἀσεϐῆ
3537 5501 3683 5572 νομῇ

2037 5569 2284 5649 δᾳαίῳν.
2319 5570 2447 5649 Quo
2470 5566 2530 5622 in
2560 5566 2843 5649 loco-non
2870 5566 3185 5625 habemus:
3218 5566 3293 5626 Ne
3341 5585 3558 5643 quteras
3585 5566 3685 5649 im-

2030 5646 2295 5718 pietatem
2313 5642 2376 5697 in
2403 5640 2566 5699 domo
2587 5639 2753 5710 justi.
3348 5639 3365 5643 '
3598 5644 3609 5653 ‘
