4008 6184
465 308 620 373 “83

1711 305 1773 370 S.
1823 303 2129 370 EUSEBII
2175 304 2620 372 HIERONYMI

3635 310 3746 380 ΗΜ

452 442 800 505 scandalum
832 442 1064 517 populis
1083 446 1456 517 exponentes,
1477 442 1557 502 rei
1577 446 1718 501 sunt
1733 439 2100 499 inﬁdelitatis
2131 440 2186 506 Α
2215 442 2339 498 lum
2358 444 2546 501 mellis
2577 445 2676 516 (III
2693 445 2812 517 Reg.
2827 442 3356 518 x1v).Diciturenim
3371 445 3492 520 quid
3505 448 3747 505 secumilla

449 552 655 592 eorum
681 535 782 606 qui
814 532 1288 590 scandalizantur
1317 534 1487 605 (Matt.
1505 534 1687 604 XVIII).
1712 533 1874 589 Unde
1888 531 2103 586 dicitur

451 625 720 695 expedire
752 623 976 680 homini
1025 626 1172 679 471
1207 629 1270 679 ut
1301 624 1455 680 mola
1503 623 1760 680 asinaria
1788 622 2001 693 ligetur
2041 619 2102 673 in

2213 535 2546 604 portaverit,
2580 541 2636 590 et
2679 540 2874 592 tamen
2907 537 3184 608 propheta
3227 553 3338 591 non
3377 537 3615 592 scribitur
3636 555 3745 596 acce-

2213 623 2398 694 pisse:
2435 625 2650 697 quippe
2680 643 2813 680 cum
2847 630 2904 681 et
2924 626 3261 697 corripuerit
3289 642 3428 692 eam,
3451 632 3500 680 et
3517 632 3745 682 venturum

451 712 599 769 collo
620 715 770 783 ejus,
802 717 858 768 et
891 713 1280 785 praecipitetur
1308 713 1369 768 in
1414 715 1793 784 profundum,
1829 726 2006 782 quam
2039 711 2104 762 ut
2211 712 2434 768 luctum
2468 715 2831 783 prmdixerit:
2871 715 3003 769 licet
3030 715 3314 786 potuerint
3342 715 3398 768 hi
3426 714 3515 784 qui
3542 716 3602 769 ad
3622 715 3749 770 bene

449 802 803 859 scandalizet
833 819 1016 856 unum
1049 804 1118 858 de
1134 803 1393 858 minimis
1412 803 1704 858 Ecclesiae.
1727 802 1990 871 Cumque
2008 815 2100 853 sa-

451 878 714 948 cerdotes
753 891 1071 947 Malachias
1101 892 1382 964 propheta
1426 891 1662 964 angelos
1693 895 1854 946 vocet
1887 889 2097 960 (Malae.

447 983 535 1053 ιι),
566 985 621 1036 et
642 999 706 1036 os
736 995 938 1036 eorum
961 980 1260 1036 oraculum
1292 981 1515 1036 Domini
1552 981 1961 1052 sit(Deut.x1x,
1988 979 2094 1044 19),

448 1070 576 1125 sine
608 1086 918 1124 munerum
959 1070 1291 1140 acceptione
1324 1087 1438 1124 non
1481 1070 1770 1139 judicent,
1807 1068 2094 1139 legentes:

446 1159 673 1214 Munera
702 1166 975 1214 exsiccant
1023 1160 1203 1214 oculos
1241 1161 1408 1214 etiam
1451 1161 1808 1230 sapientium,
1859 1167 1909 1212 et
1940 1159 2099 1227 quasi

445 1247 669 1320 frenum
698 1251 758 1303 in
783 1264 874 1303 ore
899 1252 1149 1303 avertunt
1179 1251 1257 1315 (α)
1278 1251 1705 1318 inerepationem
1727 1249 1946 1318 (Eccles.
1970 1246 2093 1315 xx);

444 1341 501 1393 et
532 1354 662 1392 cum
682 1337 910 1392 dicatur
938 1339 1009 1392 ad
1041 1337 1336 1408 apostolos
1363 1354 1375 1392 :
1409 1339 1580 1393 Nolite
1599 1338 1874 1408 possidere
1895 1353 2092 1391 aurum

442 1430 494 1482 et
522 1434 827 1496 argentum,
857 1442 1030 1496 neque
1051 1443 1125 1481 ws
1146 1428 1206 1481 in
1237 1428 1389 1481 zonis
1421 1435 1612 1482 vestris
1633 1429 1704 1481 sit
1724 1428 1893 1498 (Matt.
1918 1445 1972 1493 x,
2001 1426 2088 1494 9):

443 1519 500 1570 et
528 1515 856 1570 excutiatur
886 1516 956 1569 de
991 1515 1178 1570 sancti
1225 1516 1334 1570 viri
1366 1516 1642 1571 manibus
1675 1515 1850 1570 etiam
1895 1515 2095 1569 labore

442 1607 609 1674 parta
643 1604 901 1673 pecunia,
927 1621 1098 1660 voces
1117 1605 1684 1672 Dominivenditant,
1701 1608 1758 1660 et
1778 1605 1848 1660 de
1869 1603 1994 1659 colu
2006 1620 2091 1658 m-

441 1691 533 1750 bis
565 1697 896 1749 mercantur
913 1693 974 1749 in
1004 1693 1242 1764 templo.
1260 1695 1370 1749 Sed
1389 1699 1445 1748 et
1459 1695 1748 1765 prophetae
1767 1692 2090 1749 Jerusalem

2212 800 2301 857 los
2346 803 2429 857 ire
2456 808 2875 858 consueverant
2921 803 3082 874 (quia
3115 802 3276 857 multi
3309 803 3473 858 divini
3516 807 3565 858 et
3604 802 3749 858 harioli

2210 897 2375 946 erant
2405 892 2464 945 in
2524 893 2721 962 Israel)
2755 891 2908 947 mala
2957 890 3369 946 consuetudine
3413 891 3659 945 mtimasse
3690 892 3749 945 id-

2208 979 2400 1050 ipsum
2435 981 2609 1035 etiam
2642 982 2712 1035 de
2744 981 3061 1052 prophetis,
3103 984 3160 1034 et
3186 980 3427 1035 voluisse
3449 980 3636 1035 sanctis
3656 979 3750 1034 vitis

2207 1069 2430 1135 offerre,
2464 1069 2618 1140 quod
2653 1069 2864 1124 divinis
2903 1071 3105 1124 oll‘erre
3148 1072 3556 1137 consueverant,
3582 1073 3629 1122 et
3661 1071 3752 1122 tan-

2207 1159 2510 1213 tummodo
2548 1159 2908 1230 Scripturam
2943 1175 3212 1213 narrasse
3249 1158 3382 1228 quid
3411 1157 3487 1212 illi
3515 1155 3752 1222 voluerint,

2208 1263 2311 1302 nec
2344 1253 2538 1302 tamen
2568 1247 2839 1302 intulisse
2870 1248 3021 1317 quod
3054 1247 3166 1318 ipsi
3199 1251 3295 1301 aut
3324 1247 3512 1301 offerre
3539 1244 3644 1299 ausi
3670 1245 3755 1299 lue-

2207 1336 2341 1407 rint,
2378 1341 2477 1391 aut
2506 1336 2801 1407 prophetm
2846 1336 3191 1407 acceperint.
3245 1333 3537 1407 Apostolus
3563 1332 3753 1388 Paulus:

2208 1426 2314 1493 Qui
2332 1427 2523 1492 altari,
2553 1425 2766 1495 inquit,
2809 1426 3074 1485 serviunt.
3107 1433 3159 1479 et
3208 1424 3270 1478 de
3297 1425 3458 1478 altari
3481 1423 3756 1493 participant,

2204 1523 2254 1569 et
2280 1515 2473 1570 vivunt
2507 1515 2547 1584 (I
2583 1514 2701 1570 Cor.
2757 1531 2833 1579 1x,
2870 1515 2976 1585 13).
3033 1513 3390 1568 Permittitur
3433 1512 3548 1578 tibi,
3572 1528 3598 1566 ο
3624 1527 3758 1565 sacer-

2204 1603 2330 1669 dos,
2363 1607 2428 1657 ut
2454 1602 2612 1658 vivas
2643 1604 2713 1657 de
2744 1602 2936 1670 altari,
2969 1619 3084 1658 non
3119 1610 3183 1657 ut
3214 1601 3527 1658 luxurieris.
3556 1599 3665 1654 Bovi
3688 1598 3757 1652 tri-

2206 1693 2426 1748 turanti
2473 1709 2538 1747 os
2569 1709 2682 1747 non
2716 1691 3010 1746 clauditur
3043 1691 3229 1762 (Ibid.,
3259 1692 3335 1759 9).
3368 1690 3576 1746 Scimus
3599 1689 3702 1753 ista,
3725 1691 3760 1741 et

441 1780 500 1837 in
534 1781 781 1853 pecunia
809 1781 1512 1847 divinabant,nescientes
1527 1782 1682 1837 aliud
1702 1799 1828 1838 esse
1844 1782 2090 1854 prophe-
2121 1811 2170 1876 B
2202 1785 2401 1837 tamen
2442 1780 2677 1836 licentia
2706 1781 2812 1835 hac
2846 1779 3156 1851 Apostolus
3185 1797 3298 1836 non
3329 1779 3588 1834 abutitur:
3631 1781 3673 1832 et
3694 1776 3760 1830 ha-

439 1869 605 1936 tiam,
639 1870 796 1926 aliud
819 1871 1236 1926 divinationem
1263 1888 1617 1943 :numquam
1633 1873 1788 1927 enim
1810 1872 2093 1926 divinatio
2121 1868 2166 1876 “’
2201 1872 2344 1927 hens
2376 1872 2590 1924 victum
2621 1871 3174 1940 vestimentumque,
3202 1873 3497 1924 contentus
3516 1868 3758 1922 estznocte

440 1957 501 2013 in
531 1958 920 2030 Scripturisin
943 1960 1158 2015 bonam
1180 1964 1403 2031 partem
1417 1960 1722 2032 accipitur.
1751 1961 2088 2032 Non(b)erit,

440 2047 544 2113 ait,
604 2050 904 2117 augurium
964 2050 1024 2103 in
1069 2049 1232 2103 Jacob
1270 2065 1442 2122 neque
1495 2050 1775 2105 divinatio
1829 2052 1888 2104 in
1920 2050 2092 2105 Israel

437 2135 622 2208 (Num.
654 2153 816 2202 xxm,
837 2137 949 2208 23).
982 2136 1344 2192 Videbantur
1373 2137 1485 2192 sibi
1517 2138 1755 2209 quidem
1785 2155 1914 2194 esse
1957 2155 2087 2209 pro-

439 2225 647 2296 phetae,
680 2228 780 2282 sed
823 2227 961 2298 quia
1011 2227 1321 2298 pecuniam
1357 2226 1740 2298 accipiebant,
1787 2227 2091 2302 prOphetia

437 2313 702 2386 ipsorum
761 2316 912 2371 facta
967 2320 1056 2371 est
1114 2316 1412 2371 divinatio.
1470 2320 1676 2372 Petrus
1749 2317 2084 2388 apostolus:

436 2405 753 2475 Argentum,
785 2405 999 2477 inquit,
1032 2413 1082 2460 et
1111 2421 1309 2460 aurum
1343 2422 1454 2462 non
1483 2406 1650 2461 habeo
1694 2408 1830 2478 (Act.
1880 2424 1963 2475 ιιι,
1995 2407 2084 2476 6):

437 2497 660 2566 poterat
747 2492 950 2565 utique
1027 2493 1252 2549 Simoni
1330 2511 1500 2566 mago
1574 2496 1842 2561 vendere,
1931 2495 2086 2566 quod

435 2583 706 2654 petebat;
739 2583 920 2638 immo
953 2587 1180 2654 poterat
1198 2583 1478 2639 simulare
1507 2585 1856 2639 vendentem
1879 2585 2084 2656 (Spiri-

433 2677 532 2729 tus
544 2673 700 2729 enim
719 2678 958 2730 sanctus
982 2691 1086 2730 nec
1107 2675 1452 2742 venundari,
1479 2691 1584 2730 nec
1599 2674 1712 2729 emi
1729 2677 1963 2746 potest),
1983 2675 2083 2730 sed

436 2762 690 2819 oblatam
744 2763 1052 2834 pecuniam
1110 2781 1243 2818 cum
1274 2764 1550 2819 offerente
1597 2763 1894 2819 damnavit
1924 2765 2082 2833 (Ibid.

435 2853 561 2919 νιιι)
592 2852 757 2905 Nunc
787 2852 1004 2916 videas,
1031 2851 1342 2923 prophetas
1372 2851 1694 2907 Jerusalem
1726 2870 1840 2907 non
1872 2853 2085 2908 habere

436 2938 497 2993 in
529 2955 626 2994 ore
657 2939 1022 3010 prophetiam
1051 2957 1064 3007 ;
1105 2943 1162 2995 et
1190 2939 1250 2994 in
1297 2941 1544 2996 Domino
1598 2941 1978 3013 requiescere,
2027 2946 2086 2997 et

436 3025 662 3082 dicere:
699 3027 815 3082 Non
845 3030 1066 3083 venient
1093 3044 1256 3100 super
1283 3044 1382 3083 nos
1406 3029 1554 3083 mala
1579 3047 1591 3082 :
1626 3046 1876 3099 quorum
1909 3047 2086 3086 causa

437 3113 889 3186 speculatorium
915 3116 1011 3171 Dei
1038 3116 1237 3171 hostili
1268 3121 1460 3172 aratro
1491 3117 1769 3172 dividitur
1795 3139 1809 3184 ς
1846 3123 1902 3172 et
1922 3119 2084 3174 locus

440 3181 738 3275 quondam
774 3205 952 3275 pacis,
987 3205 1176 3259 ruinis
1218 3205 1426 3277 plenus
1457 3207 1540 3274 ﬁt,
1573 3210 1629 3261 et
1655 3181 1941 3278 templum
1973 3209 2083 3264 Do-
2115 3181 2158 3248 Ο

441 3292 587 3348 mini
617 3292 692 3346 in-
710 3309 913 3364 vepres
935 3294 1257 3366 spinasque
1284 3294 1658 3364 convertitur,
1683 3299 1838 3351 etest
1857 3296 2086 3352 habita-

441 3380 638 3436 culum
665 3381 1010 3437 Bestiarum.
1029 3383 1143 3436 Nec
1157 3399 1513 3454 quemquam
1530 3389 1757 3439 moveat
1770 3384 1912 3440 illud
1928 3388 2083 3456 quod

439 3470 498 3525 in
518 3469 706 3542 primo
734 3471 952 3541 Regum
977 3471 1125 3526 libro
1147 3471 1418 3543 legimus,
1445 3471 1582 3527 Saul
1608 3473 1890 3529 volentem
1908 3475 1992 3530 ire
2014 3477 2081 3531 ad

439 3558 773 3616 Samuelem
822 3559 1040 3615 dixisse
1069 3577 1248 3632 puero
1297 3577 1424 3631 suo,
1457 3560 1528 3616 ad
1560 3578 1696 3616 eum
1747 3579 1808 3618 se
1838 3563 1922 3618 ire
1968 3581 2082 3618 non

438 3664 630 3721 posse,
673 3648 812 3720 quia
854 3647 1107 3720 pretium
1157 3649 1310 3720 quod
1359 3648 1589 3704 offerret
1636 3667 1740 3721 pro
1788 3651 2080 3720 vaticinia,

439 3754 556 3793 non
588 3737 850 3804 haberet,
901 3742 957 3793 et
985 3755 1232 3811 puerum
1264 3737 1667 3810 respondisse:
1701 3740 1832 3796 Ecce
1862 3743 2085 3796 inventa

439 3834 520 3884 est
537 3827 598 3882 in
625 3844 795 3882 manu
823 3843 948 3884 mea
996 3835 1192 3898 quarta
1235 3844 1368 3898 pars
1393 3828 1518 3882 sicli
1552 3830 1820 3899 pecuniae,
1869 3833 1922 3883 et
1947 3829 2082 3885 dabo

439 3916 558 3971 viro
577 3917 695 3984 Dei,
715 3925 767 3971 et
784 3918 1140 3971 annuntiabit
1163 3916 1319 3970 nobis
1343 3917 1493 3971 viam
1511 3924 1755 3972 nostram
1777 3918 1820 3986 (Ι
1836 3919 1960 3989 Reg.
1983 3919 2079 3988 1x):

441 4021 558 4061 non
592 4005 747 4060 enim
769 4005 1054 4076 scriptum
1087 4008 1193 4072 est,
1217 4005 1372 4075 quod
1395 4005 1626 4060 Samuel
1655 4007 1958 4078 acceperit,
1983 4013 2085 4063 aut

441 4093 598 4164 quod
629 4092 715 4146 illi
737 4092 1082 4147 obtulerint:
1104 4093 1245 4164 quin
1270 4094 1809 4166 potiusaprophcta
1833 4113 2082 4167 pascun-

441 4185 560 4246 tur,
592 4185 649 4234 et
677 4179 999 4236 invitantur
1028 4182 1100 4236 ad
1131 4181 1463 4253 prandium.
1497 4183 1604 4237 Sed
1635 4184 1723 4238 fac
1753 4201 1886 4239 eum
1918 4201 2084 4240 acce-

445 4269 625 4341 pisse,
657 4270 841 4341 stipes
889 4271 1079 4341 magis
1128 4270 1483 4326 aestimandae
1515 4276 1654 4326 sunt
1700 4273 2080 4343 tabernaculi,

442 4374 620 4430 quam
654 4374 898 4414 munera
927 4358 1260 4430 prophetiae.
1296 4358 1486 4415 Siclus
1510 4360 1665 4414 enim
1697 4361 1898 4432 viginii
1940 4364 2084 4418 obo-

441 4446 530 4503 los
569 4447 760 4514 habet,
794 4451 852 4502 et
881 4452 1088 4518 quarta
1117 4464 1252 4519 pars
1283 4447 1409 4503 sicli
1457 4447 1715 4519 quinque
1745 4453 1897 4507 472
1931 4452 2083 4508 oboli

2201 1965 2259 2016 et
2287 1959 2379 2015 die
2431 1960 2654 2014 laborat
2700 1959 2978 2014 manibus
3006 1959 3150 2027 suis,
3185 1975 3256 2014 ne
3286 1957 3371 2012 cui
3401 1956 3574 2028 gravis
3598 1955 3675 2010 sit.
3712 1954 3758 2007 Et

2193 2050 2356 2119 jurat
2384 2048 2445 2102 in
2504 2047 2800 2118 Epistolis,
2831 2064 2893 2103 se
2951 2051 3171 2114 sancte,
3232 2051 3287 2102 et
3338 2047 3457 2102 sine
3501 2042 3696 2098 avaritia
3715 2041 3756 2095 in

2199 2137 2413 2193 Christi
2447 2136 2753 2208 Evangelia
2785 2140 3213 2204 conversatum,
3235 2140 3420 2191 etnon
3443 2133 3608 2189 solum
3624 2132 3679 2186 de
3698 2146 3756 2196 se,

2200 2228 2301 2283 sed
2335 2228 2404 2282 de
2452 2226 2758 2298 discipulis
2790 2243 3022 2303 quoque
3071 2225 3196 2280 suis
3243 2226 3348 2280 hoc
3375 2225 3554 2297 ipsum
3579 2219 3754 2277 asserit:

2199 2317 2353 2388 quod
2387 2316 2616 2371 nullum
2649 2315 2894 2379 miserit,
2928 2315 3029 2384 qui
3061 2315 3134 2369 ab
3170 2314 3433 2370 Ecclesiis
3449 2318 3540 2367 aut
3564 2311 3756 2383 posceret

2199 2406 2304 2476 [Αι.
2331 2405 2536 2477 possit]
2569 2404 2814 2475 aliquid,
2846 2408 2947 2459 aut
2967 2403 3140 2458 vellet
3163 2404 3415 2475 accipere
3442 2403 3483 2470 (Ι
3515 2401 3658 2455 Thess.
3686 2397 3754 2467 ιιι).

2198 2495 2257 2550 Si
2289 2500 2485 2550 autem
2519 2492 2846 2566 gratulatur
2876 2493 2932 2546 in
2955 2492 3310 2564 quibusdam
3326 2486 3758 2563 Epistolis,etmit-

2195 2583 2444 2638 tentium
2477 2599 2722 2637 munera
2766 2581 3234 2636 benevolentiam
3274 2581 3367 2635 Dei
3409 2576 3646 2650 appellat,
3679 2589 3758 2628 non

2197 2678 2317 2727 tam
2337 2671 2444 2727 sibi
2471 2674 2785 2743 congregat
2800 2687 2977 2742 quam
2992 2669 3351 2742 pauperibus
3367 2673 3674 2725 sanctorum,
3690 2661 3759 2732 qui

2195 2766 2362 2816 erant
2393 2761 2450 2814 in
2482 2759 3043 2815 Jerusalem.Sancti
3067 2763 3266 2815 autem
3290 2773 3569 2830 pauperes,
3583 2754 3630 2808 hi
3644 2753 3759 2807 erant

2197 2849 2256 2902 in
2281 2847 2630 2912 Jerusalem,
2663 2847 2762 2917 qui
2797 2847 3054 2918 primum
3093 2847 3155 2901 in
3207 2847 3430 2902 Christo
3474 2841 3759 2898 crediderant

2195 2938 2265 2992 de
2291 2937 2531 2998 Judaeis,
2565 2940 2620 2992 et
2648 2935 2886 3007 projecti
2922 2953 2956 2990 a
2986 2936 3331 3007 parentibus
3361 2939 3414 2990 et
3439 2929 3676 3004 cognatis,
3698 2931 3756 2981 at-

2195 3044 2309 3098 que
2339 3027 2616 3080 afﬁnibus
2650 3025 2793 3091 suis,
2827 3029 2948 3079 tam
2973 3025 3398 3097 possessiones,
3424 3039 3580 3094 quam
3595 3018 3757 3073 univer-

2196 3133 2321 3170 sam
2355 3114 2772 3186 supellectilem
2827 3113 3238 3169 sacerdotibus
3281 3111 3492 3184 templi,
3520 3126 3577 3164 ac
3601 3103 3757 3179 populo

2193 3210 2510 3272 vastantes,
2527 3203 2918 3274 perdiderant.
2946 3201 3005 3257 Si
3035 3201 3188 3258 tales
3201 3216 3474 3274 pauperes
3499 3202 3633 3261 sunt,
3651 3192 3757 3249 acci-

2195 3294 2377 3364 piant.
2424 3292 2484 3348 Si
2527 3298 2720 3347 autem
2781 3292 2891 3346 sub
2941 3291 3250 3347 occasione
3299 3303 3589 3363 pauperum
3614 3297 3756 3356 pauca

2195 3384 2460 3438 ditantur
2509 3382 2743 3447 domus,
2778 3385 2834 3435 et
2865 3381 2922 3435 in
2963 3380 3114 3436 vitro
3164 3393 3231 3436 ac
3261 3395 3395 3436 vase
3439 3375 3577 3433 fictili
3604 3386 3754 3428 aurum

2195 3471 2580 3538 comedimus,
2610 3475 2710 3526 aut
2740 3486 2874 3524 cum
2895 3469 3196 3524 thesauris
3229 3474 3511 3524 mutemus
3534 3469 3582 3519 et
3602 3464 3753 3521 vestes,

2195 3564 2295 3617 aut
2327 3576 2548 3632 pauper
2568 3558 2806 3614 habitus
2838 3573 2952 3612 non
2978 3561 3208 3628 quaerat
3235 3556 3461 3613 divitias
3479 3555 3752 3609 senatorum.

2194 3649 2348 3704 473
2399 3649 2547 3712 Quid
2578 3648 2815 3719 prodest
2860 3645 3013 3700 circa
3069 3645 3290 3701 collum
3321 3647 3391 3701 ad
3429 3633 3751 3709 abstergendae

2195 3738 2440 3795 sudores
2471 3735 2775 3792 linteolum
2809 3752 2924 3790 non
2957 3734 3196 3791 habere.
3231 3735 3376 3801 Quid
3403 3733 3650 3805 juvatesse
3674 3739 3750 3794 μο-

2191 3824 2516 3902 νοχίτωνας,
2571 3830 2627 3881 et
2675 3825 2942 3897 praeferre
2996 3824 3203 3880 habitu
3254 3825 3629 3896 paupertatem,
3654 3827 3751 3867 cum

2192 3915 2557 3987 marsupium
2590 3919 2858 3970 nostrum
2888 3913 3167 3969 universa
3196 3905 3664 3986 pauperumturba
3685 3915 3753 3954 su-

2192 4006 2376 4078 spiret
2397 4006 2424 4060 ‘t
2455 4009 2697 4075 PrOpter
2726 4004 2854 4069 hoc,
2889 4018 3067 4057 causa
3088 4004 3300 4070 nostri,
3332 3999 3567 4074 quitales
3584 4003 3752 4078 sumus,

2193 4076 2294 4168 qui
2322 4095 2457 4150 Sion
2491 4094 2848 4148 aediﬁcamus
2879 4091 2938 4145 in
2985 4093 3300 4164 sanguine,
3332 4096 3386 4147 et
3427 4083 3696 4145 Jerusalem
3717 4076 3757 4131 in

2191 4184 2521 4254 iniquitate,
2554 4181 2652 4252 qui
2673 4179 3084 4250 judicamusin
3108 4181 3472 4249 muneribus,
3490 4176 3577 4248 qui
3597 4180 3756 4228 merce-

2193 4274 2367 4328 dibus
2398 4270 2842 4341 respondemus,
2878 4269 2977 4340 qui
3029 4268 3089 4324 in
3124 4270 3377 4340 pecunia
3405 4256 3761 4324 divinamusiet

2193 4378 2371 4433 super
2399 4360 2507 4415 hoc
2553 4359 2746 4413 ﬁctam
2779 4359 2947 4413 nobis
3001 4358 3451 4414 sanctimoniam
3477 4351 3761 4410 vindicantas

2192 4451 2477 4506 dicimus:
2536 4453 2668 4505 Nan
2720 4450 2944 4502 venient
2990 4463 3160 4517 super
3201 4463 3302 4503 nos
3328 4446 3490 4502 mala.
3513 4440 3762 4498 Audiamus

441 4541 598 4594 sunt.
633 4540 702 4594 Et
733 4538 915 4594 nostri
946 4538 1129 4610 igitur
1157 4538 1488 4594 sacerdotes
1521 4537 1570 4593 si
1609 4538 1815 4596 volunt
1846 4543 2089 4598 vendere
2119 4552 2166 4617 D
2199 4537 2547 4596 sententiam
2581 4535 2812 4592 Domini
2846 4553 2972 4608 quae
3005 4540 3323 4606 sequatur:
3358 4536 3488 4592 Sion
3516 4536 3566 4588 et
3588 4529 3764 4617 Jerusa-

444 4627 835 4700 prophetiam,
850 4631 906 4683 et
922 4627 1224 4683 columbas
1246 4626 1318 4698 (c)
1337 4627 1392 4681 in
1420 4627 1711 4684 cathedris
1733 4629 1858 4685 suis
1879 4648 2089 4703 propo-

443 4733 599 4787 nere,
649 4733 796 4788 quas
845 4716 1130 4771 Dominus
1178 4715 1406 4788 ﬂagello
1454 4716 1737 4772 subvertit
1794 4719 1968 4788 (Joan.
2006 4722 2087 4791 ιι),

443 4806 708 4878 quinque
737 4805 938 4861 obolos
965 4805 1270 4877 accipiant,
1299 4822 1412 4861 non
1447 4806 1628 4877 pretia
1661 4805 1952 4863 villarum.
1973 4809 2090 4864 Hoc

445 4895 643 4966 ipsum
679 4897 848 4950 sonat
879 4899 936 4954 et
967 4894 1206 4950 intertio
1240 4894 1572 4966 Regnorum
1597 4894 1929 4966 libro,quod
1948 4915 2093 4953 uxor

441 4983 775 5045 Jeroboam,
801 4982 1137 5037 inﬁrmanle
1169 4981 1306 5049 ﬁlio,
1331 4982 1519 5054 pergit
1537 4983 1609 5038 ad
1640 4983 1879 5039 Achiam
1902 4985 2087 5041 homi-

443 5087 578 5128 nem
611 5071 735 5139 Dei,
769 5071 953 5127 defert
982 5071 1030 5125 ei
1065 5086 1244 5143 panes
1275 5075 1332 5124 et
1364 5087 1506 5124 uvas
1536 5087 1762 5141 passas,
1796 5079 1853 5128 et
1881 5091 2092 5131 vascu-

535 5290 591 5367 a)
605 5286 809 5367 Maluit
828 5286 1041 5341 Victor.
1057 5285 1772 5367 increpationes,eri-Cresco
1797 5282 2087 5367 ἐλεγμούς,

539 5360 591 5430 b)
626 5360 840 5414 Iterum
871 5368 967 5427 est,
1003 5373 1105 5429 pro
1137 5356 1259 5420 erit,
1295 5356 1602 5411 substituit
1631 5356 1943 5414 Victorius;

512 5432 587 5498 (ι’)
619 5431 766 5484 Editi
803 5431 1022 5502 legunt,
1060 5430 1273 5484 utinam
1319 5444 1425 5482 non
1459 5430 1638 5554 pretia
1668 5431 1955 5497 villarum,
2001 5432 2090 5486 sed

512 5503 683 5554 .inaue
711 5503 890 5554 obolos
927 5504 1247 5554 accinerent.
1281 5503 1386 5554 Ms.
1421 5498 1462 5554 C
1488 5500 1820 5554 uuiacensis
1859 5504 2089 5554 ontimze

441 5503 683 5575 quinque
711 5498 890 5575 obolos
927 5503 1386 5575 acciperent._Ms.
1421 5498 1820 5575 Cluniacensis
1859 5504 2089 5575 Optimae

444 5577 594 5627 notes
620 5573 704 5628 sic
734 5573 941 5648 habet;
975 5572 1341 5648 Et'columbas
1365 5574 1426 5648 in
1447 5572 1718 5648 cathedris
1747 5576 1860 5630 suis
1897 5572 2089 5648 propo-

442 5656 574 5698 nere
592 5659 726 5715 quas
755 5645 1014 5701 Dominus
1041 5645 1326 5713 subvertit,
1348 5645 1696 5718 ﬂagellatque
1719 5645 1975 5718 petentes,
1996 5645 2093 5704 ἀε-

2199 4630 2334 4697 lem,
2367 4631 2423 4683 et
2452 4642 2621 4681 mons
2647 4625 2868 4696 templi,
2903 4624 3384 4697 speculatorium,
3415 4627 3468 4680 et
3487 4621 3610 4678 visio
3632 4609 3764 4688 pacis.

2200 4723 2256 4774 et
2283 4715 2566 4787 templum
2597 4713 2811 4768 Christi
2859 4714 2918 4768 in
2968 4714 3489 4782 consummatione,
3517 4714 3566 4765 et
3596 4707 3644 4760 in
3669 4703 3764 4791 ﬁne,

2199 4807 2434 4881 quando
2464 4803 2750 4860 refrixerit
2779 4803 3051 4874 Charitas,
3074 4807 3131 4859 et
3161 4821 3294 4859 rara
3313 4796 3766 4863 ﬁdesfuerit,qu851

2200 4913 2338 4969 ager
2368 4894 2722 4960 arabitur,et
2751 4892 3046 4965 redigetur
3067 4893 3125 4947 in
3148 4893 3428 4960 tumulos,
3453 4893 3506 4945 et
3524 4885 3620 4942 erit
3639 4883 3683 4935 in
3698 4892 3765 4970 es:

2200 4986 2357 5042 celsa
2385 4982 2662 5040 silvarum
2692 4981 2810 5038 sive
2840 4983 2899 5037 in
2948 4983 3276 5039 custodiam
3294 4964 3764 5054 pomorummtubl

2201 5073 2409 5146 amplae
2442 5072 2739 5143 quondam
2771 5071 2982 5127 domus
3011 5076 3195 5140 erant,
3230 5076 3290 5126 et
3337 5071 3547 5141 absque
3585 5067 3764 5119 numero

2201 5287 2413 5358 cipiunt
2463 5287 2667 5356 uinque
2694 5286 2891 5357 obolos,
2923 5302 3032 5341 non
3053 5288 3234 5357 pretia
3262 5287 3538 5341 villarum.
3565 5278 3762 5330 Mser.“

2201 5360 2325 5410 Duo
2356 5303 2602 5410 Paiatin.
2635 5373 2780 5410 mss.
2811 5360 2867 5410 in
2897 5358 3168 5410 cathedris
3195 5360 3310 5410 suis
3338 5367 3541 5410 ponere.
3573 5358 3681 5410 0W
3694 5338 3760 5410 Da?

2200 5338 2344 5415 i586
2356 5338 2780 5413 palatinas:
2797 5338 3316 5414 sussciri-sai;
3327 5338 3541 5429 ponere,
3603 5358 3681 5401 uas
3694 5338 3760 5416 υοῖ

2202 5433 2386 5485 minus
2425 5430 2706 5490 subvertit.
2754 5431 3074 5490 Ilaqclloaue
3129 5432 3350 5490 penitus
3395 5426 3520 5490 (leg.
3566 5365 3760 5490 βορηίῳ

2202 5411 2386 5485 unus
2416 5411 2721 5498 summa
2745 5411 3099 5502 iugulas};
3123 5411 3357 5502 pessis;
3379 5411 3538 5502 mea;
3566 5411 3760 5502 ηαρειίειξέι

2201 5503 2478 5572 accipiant
2525 5481 2767 5572 quinq’ue
2812 5481 3010 5570 ὀῗιοὶοῖ,
3049 5481 3156 5557 φιοῆ
3210 5481 3760 5573 pretia‘villat‘um;

2202 5549 2373 5657 ctori,
2400 5549 2618 5700 utifam
2645 5549 2760 5629 τῖοη
2777 5576 2959 5646 pretia
2983 5549 3268 5643 uitiarant,
3287 5572 3378 5630 sed
3393 5571 3612 5642 quisque
3637 5549 3761 5613 0M“

2202 5660 2482 5700 acciperem
2515 5688 2528 5700 .

2198 5660 2528 5718 acciperent.
