4008 6184
288 260 448 322 1193
504 264 507 267 ’

997 263 1749 327 COMMENTARIOBUM
1793 264 1871 325 IN
1914 263 2307 329 MIGHEAM
2350 268 2500 329 LIB.
2545 269 2624 331 ΙΙ.
2670 269 2840 332 CAP.
2886 269 2990 334 ιν.

3536 275 3695 341 1194

286 409 442 460 eam,
472 396 534 448 et
562 409 664 450 rex
689 397 748 450 et
778 394 1149 452 consiliarius
1179 413 1294 452 non
1327 396 1406 453 sit
1434 396 1495 459 in
1516 412 1605 468 ea,
1630 401 1688 452 et
1707 395 1938 454 dolores
1964 401 2019 467 Α
2049 401 2248 454 nerato
2279 399 2470 455 dicere
2498 417 2512 457 :
2544 401 2675 458 Dote
2700 409 2753 457 et
2778 402 3019 459 viriliter
3055 418 3179 473 age,
3226 403 3455 462 sustine
3508 406 3695 479 sitim,

285 483 444 538 sicut
462 483 884 554 parturientem
906 486 1345 557 apprehendant
1365 502 1517 555 eam,
1543 487 1699 558 quod
1723 487 1942 543 frustra

285 571 533 643 peperit,
577 572 780 629 videns
811 578 1004 630 tantos
1036 574 1189 630 filios
1220 574 1581 631 interfectos.

360 677 544 749 (Vers.
580 680 690 750 10.)
723 681 849 736 Dote
875 689 928 736 et
954 690 1160 749 satage,
1195 681 1315 767 ﬁlia
1347 681 1499 749 Sion,
1545 683 1714 754 quasi
1742 690 1941 753 partu-

281 768 438 821 riens
463 783 475 821 :
508 769 638 840 quia
661 785 812 824 nunc
835 770 1132 838 egredieris
1154 770 1215 825 de
1241 773 1489 835 civitate,
1510 779 1561 826 et
1584 770 1861 825 habitabis
1880 773 1940 826 in

280 857 526 927 regione,
575 860 625 911 et
670 860 855 913 venies
902 875 1070 930 usque
1110 858 1179 913 ad
1212 858 1554 929 Babylonem
1576 877 1594 912 :
1626 859 1708 913 ibi
1736 859 1938 914 libera-

282 944 450 1015 beris,
502 945 583 999 ibi
628 946 855 1002 redimet
902 957 952 1002 te
994 949 1253 1002 Dominus
1292 947 1357 1003 de
1386 964 1558 1002 manu
1587 949 1940 1003 inimicorum

282 1035 523 1089 tuorum.
559 1034 736 1091 LXX:
770 1035 922 1102 Dole,
951 1045 1005 1091 et
1040 1038 1278 1091 viriliter
1308 1053 1426 1105 age,
1459 1037 1583 1107 ﬁlia
1604 1036 1757 1105 Sion,
1784 1040 1942 1109 quasi

276 1124 529 1192 pariens,
559 1123 689 1195 quia
719 1140 868 1180 nunc
893 1124 1193 1193 egredieris
1223 1125 1290 1180 de
1317 1127 1558 1195 civitate,
1583 1129 1636 1181 et
1665 1127 1939 1182 habitabis

279 1212 346 1265 in
375 1227 583 1283 campo,
628 1220 680 1268 et
717 1215 902 1269 venies
931 1230 1099 1286 usque
1125 1214 1203 1271 ad
1230 1215 1566 1288 Babylonem
1588 1233 1606 1269 :
1640 1215 1768 1271 inde
1799 1216 1938 1271 libe-

281 1301 435 1354 rabit
479 1302 553 1369 te,
605 1305 657 1357 et
701 1302 834 1358 inde
881 1302 1113 1359 redimet
1164 1307 1215 1360 te
1261 1304 1526 1359 Dominus
1555 1305 1695 1359 Deus
1722 1312 1847 1360 tuus
1875 1304 1941 1361 de

279 1405 458 1443 manu
485 1389 839 1447 inimicorum
867 1395 1108 1448 tuorum.
1140 1392 1243 1449 Cui
1276 1392 1613 1465 praecipitur
1634 1397 1699 1448 ut
1721 1392 1935 1462 doleat,

282 1475 406 1531 sive
436 1478 743 1549 parturiat,
777 1484 835 1535 et
863 1485 1064 1552 postea
1093 1480 1363 1549 infertur,
1397 1480 1643 1537 viriliter
1671 1498 1797 1554 age,
1821 1498 1939 1537 non

280 1566 506 1622 frustra
534 1568 901 1641 praecipitur;
935 1570 1038 1625 sed
1060 1576 1126 1624 ut
1146 1568 1374 1625 dolores
1406 1570 1693 1642 patienter
1723 1571 1936 1641 ferens,

280 1654 620 1727 egrediatur
648 1657 719 1713 de
748 1657 1000 1724 civitate,
1050 1662 1107 1714 et
1143 1658 1368 1715 habitet
1396 1659 1455 1714 in
1488 1676 1695 1732 campo
1729 1660 1848 1716 sive
1874 1661 1937 1717 in

281 1743 539 1815 regione,
594 1749 652 1801 et
695 1746 894 1802 veniat
943 1763 1130 1819 usque
1180 1747 1252 1803 ad
1302 1747 1681 1820 Babylonem,
1714 1752 1936 1804 etcum

279 1848 390 1903 pro
438 1832 594 1888 484
641 1838 875 1906 peccato
925 1835 1225 1891 sustinens
1275 1836 1671 1908 captivitatem
1705 1837 1939 1893 fortiter

278 1920 485 1976 tulerit
515 1923 670 1994 quod
698 1922 926 1979 illatum
952 1929 1057 1992 est,
1081 1929 1224 1979 tunc
1248 1923 1458 1981 liberet
1476 1941 1604 1980 eam
1628 1926 1934 1993 Dominus,

280 2014 340 2064 et
364 2010 613 2067 redimat
635 2016 785 2068 Deus
808 2030 952 2069 suus
974 2013 1043 2068 de
1065 2029 1244 2069 manu
1268 2012 1643 2069 inimicorum
1671 2031 1936 2087 suorum,

278 2103 349 2154 ut
378 2103 688 2172 postquam
719 2100 893 2157 fuerit
938 2101 1206 2170 liberata,
1255 2101 1683 2159 insultantibus
1731 2103 1930 2159 dicat:

284 2196 414 2252 Noli
460 2199 725 2254 insultare
771 2198 935 2267 mihi,
987 2201 1221 2256 inimica
1250 2216 1401 2267 mea,
1451 2202 1582 2271 quia
1609 2201 1819 2257 cecidi:
1848 2217 1939 2256 re-

276 2303 545 2357 surgam;
572 2289 681 2343 etsi
705 2289 856 2343 enim
880 2288 1234 2344 ambulavero
1265 2290 1327 2343 in
1373 2290 1631 2361 tenebris,
1671 2290 1935 2345 Dominus

277 2376 388 2432 Luc
414 2393 546 2433 mea
573 2380 691 2433 est:
722 2379 870 2433 iram
892 2378 1111 2433 Domini
1131 2378 1410 2433 sustinebo
1437 2381 1700 2448 quoniam
1717 2381 1936 2450 peccavi

276 2468 352 2537 ei,
386 2465 551 2522 donec
567 2466 837 2538 justiﬁcet
864 2483 1089 2523 causam
1114 2483 1317 2534 meam,
1370 2471 1424 2522 et
1450 2470 1624 2539 faciat
1668 2467 1936 2539 iudicium

280 2572 486 2620 meum,
539 2560 591 2611 et
632 2555 825 2611 educat
872 2571 961 2611 me
990 2556 1051 2610 in
1100 2556 1293 2623 lucem,
1342 2562 1393 2610 ct
1438 2556 1623 2612 videbo
1661 2557 1937 2626 iustitiam

279 2646 422 2715 eius,
454 2652 505 2700 et
532 2645 757 2716 aspiciet
799 2646 1027 2700 inimica
1054 2661 1198 2711 mea,
1230 2648 1282 2700 et
1310 2646 1585 2716 aperietur
1631 2646 1937 2717 ignominia

282 2734 469 2804 (Infra
495 2750 619 2799 vm,
649 2733 724 2805 9).
776 2732 939 2789 Unde
989 2736 1046 2788 et
1091 2733 1151 2788 in
1201 2732 1451 2788 Psalmis
1500 2748 1759 2805 congrua
1797 2749 1935 2789 voce

281 2827 589 2878 cantatur:
619 2822 733 2878 Non
756 2824 816 2877 in
832 2825 1153 2893 perpetuum
1177 2823 1471 2889 irascetur,
1496 2838 1667 2894 neque
1691 2824 1747 2878 in
1769 2826 1935 2879 mter-

281 2928 421 2966 imm
449 2913 871 2967 comminabitur
898 2912 1162 2966 Dominus
1193 2911 1359 2982 (Psal.
1392 2927 1490 2978 cu,
1523 2912 1600 2982 9).
1635 2911 1797 2975 Quod
1827 2928 1937 2966 au-

279 3004 406 3056 tem
436 3000 589 3065 Dote,
619 3008 669 3055 et
695 3001 936 3056 viriliter
961 3016 1087 3069 age,
1111 3001 1183 3055 ad
1206 2999 1453 3055 salutem
1477 2998 1728 3055 dolentis
1753 3000 1935 3072 perti-

280 3092 441 3159 neat,
470 3092 528 3144 et
557 3088 783 3161 agentis
811 3087 1077 3155 viriliter,
1108 3088 1282 3143 Jesus
1314 3104 1547 3160 quoque
1591 3088 1751 3144 ﬁlius
1780 3089 1933 3145 Nave

280 3177 454 3232 testis
474 3180 581 3245 est,
608 3177 699 3232 cui
723 3176 1008 3233 Dominus
1037 3177 1215 3232 dicit:
1252 3175 1591 3249 Confortare,
1623 3185 1673 3233 et
1694 3177 1935 3232 viriliter

277 3283 388 3334 aqe
416 3267 598 3335 (Iosue
627 3283 667 3333 ι,
703 3266 776 3337 1).
826 3263 993 3321 Dolet
1041 3270 1238 3321 autem
1288 3270 1346 3321 et
1393 3264 1514 3339 agit
1541 3264 1787 3321 viriliter
1816 3263 1936 3319 ﬁlia

279 3357 446 3421 Sion,
462 3354 602 3427 quia
625 3354 939 3410 excalciata
958 3358 1014 3410 et
1035 3355 1193 3410 nuda
1218 3371 1454 3428 egressa
1476 3359 1566 3410 est
1590 3356 1661 3411 de
1681 3355 1933 3424 civitate,

278 3457 338 3508 et
355 3452 582 3524 captiva
600 3452 868 3507 ducenda
886 3455 974 3507 est
992 3452 1049 3506 in
1073 3469 1347 3524 campum
1366 3453 1647 3519 Sennaar,
1664 3456 1720 3506 et
1740 3452 1937 3506 futura

279 3543 341 3597 in
379 3540 669 3613 Babylone
699 3542 882 3596 donec
910 3540 1225 3596 Zorobabel
1256 3540 1469 3606 veniat,
1503 3544 1559 3595 et
1592 3540 1803 3595 Ezdras
1836 3538 1937 3609 qui

279 3630 702 3702 interpretatur
728 3630 968 3702 adjutor,
1010 3634 1066 3685 et
1096 3630 1165 3685 de
1199 3646 1376 3685 manu
1421 3630 1829 3685 Chaldaeorum
1861 3627 1937 3681 li-

280 3721 448 3775 beret
468 3719 794 3783 eam.Quod
819 3736 951 3774 cum
965 3719 1133 3790 juxta
1157 3717 1412 3774 litteram
1437 3717 1815 3773 manifestum
1838 3716 1937 3782 sit,

286 3807 611 3880 intelligere
643 3807 789 3863 mihi
819 3808 1050 3864 videtur
1078 3807 1335 3862 animam
1368 3810 1604 3879 propter
1634 3810 1936 3877 peccatum

286 3896 365 3951 de
394 3896 647 3953 Ecclesia
676 3896 931 3969 pulsam,
976 3899 1034 3951 et
1065 3895 1301 3950 inimico
1333 3900 1390 3949 et
1436 3893 1611 3950 ultori
1645 3894 1937 3950 contradi-

283 3985 493 4041 tamin
518 3984 825 4042 interitum
848 3984 1063 4051 carnis,
1090 3987 1153 4039 ut
1176 3982 1417 4056 spiritus
1444 3982 1639 4039 salvus
1663 3984 1764 4037 ﬁat
1784 3982 1940 4038 exire

280 4076 357 4131 de
391 4074 619 4130 civitate
641 4091 817 4146 quam
842 4072 1101 4129 [luminis
1125 4073 1379 4145 impetus
1397 4071 1673 4137 laetiﬁcat,
1696 4075 1754 4127 et
1772 4070 1939 4125 babi-

283 4170 412 4219 tare
444 4180 560 4219 non
592 4163 649 4217 in
682 4167 903 4232 monte,
936 4162 1035 4217 ubi
1068 4162 1233 4233 prius
1266 4162 1472 4226 fuerat,
1508 4160 1607 4215 sed
1631 4160 1687 4213 in
1711 4175 1938 4230 campo,

282 4252 344 4308 in
382 4269 498 4324 quo
529 4252 902 4324 Assyriorum
948 4255 1196 4323 vagatur
1242 4249 1549 4316 exercitus,
1602 4252 1658 4303 et
1703 4264 1833 4303 esse
1879 4247 1939 4301 in

280 4341 633 4398 confusione
662 4340 935 4396 vitiorum
964 4356 1229 4409 suorum,
1257 4344 1314 4395 et
1335 4342 1648 4410 postquam
1670 4336 1944 4393 habuerit

283 4430 625 4503 compedes,
655 4433 711 4486 et
731 4429 972 4486 traxerit
992 4427 1231 4496 molam,
1257 4432 1313 4482 et
1338 4426 1586 4481 farinam
1608 4424 1941 4498 Babyloniis

2048 490 2217 558 porta
2269 488 2619 561 cauterium,
2668 490 2820 547 485
2869 496 2935 547 ut
2979 491 3191 548 certior
3231 493 3455 550 sanitas
3484 511 3696 555 conse-

2049 580 2283 647 quatur.

2119 682 2304 754 (Vers.
2362 683 2579 751 11-13.)
2625 686 2691 740 Et
2736 702 2883 741 nunc
2916 695 3274 760 congregatae
3300 693 3431 746 sunt
3456 704 3620 763 super
3649 698 3700 748 te

2046 775 2229 839 gentes
2277 772 2483 837 multa,
2533 789 2653 844 quae
2682 774 2875 829 dicunt
2907 793 2924 829 :
2966 776 3271 847 Lapidetur
3296 786 3348 834 et
3375 782 3610 851 aspiciat
3636 783 3699 837 in

2049 859 2175 914 Sion
2218 861 2406 915 oculus
2435 865 2634 917 noster.
2668 865 2778 935 Ipsi
2804 867 2991 918 autem
3020 881 3131 920 non
3158 860 3524 937 cognoverunt
3552 871 3700 940 cogi-

2048 950 2274 1004 tationes
2305 950 2544 1016 Domini,
2577 955 2627 1007 et
2655 969 2763 1007 non
2795 955 3207 1010 intellexerumt
3226 958 3521 1013 consilium
3544 974 3696 1031 ejus:

2048 1040 2183 1109 quia
2209 1041 2556 1109 congregavit
2585 1055 2689 1111 eos,
2721 1044 2883 1113 quasi
2907 1045 3101 1113 fenum
3130 1060 3292 1100 areae.
3325 1046 3499 1117 Surge
3520 1050 3572 1102 et
3595 1048 3700 1103 tri-

2047 1135 2195 1193 tura,
2226 1127 2347 1197 filia
2376 1128 2529 1196 Sion,
2561 1131 2690 1200 quia
2718 1146 2889 1186 cornu
2916 1135 3071 1187 tuum
3097 1149 3303 1204 ponam
3327 1134 3596 1208 ferreum,
3642 1142 3697 1192 et

2046 1217 2282 1286 ungulas
2316 1220 2438 1272 tuas
2456 1233 2659 1286 ponam
2683 1236 2876 1286 aereas,
2899 1224 2949 1275 et
2967 1223 3301 1278 comminues
3318 1223 3541 1295 populos
3557 1223 3701 1280 mul-

2048 1311 2129 1359 tos
2159 1320 2177 1357 :
2228 1312 2278 1360 et
2304 1306 2608 1377 interﬁcies
2654 1307 2764 1380 (Al.
2816 1310 3170 1381 interﬁciam)
3202 1313 3445 1368 Domino
3473 1314 3701 1385 rapinas

2048 1407 2253 1464 eorum,
2277 1401 2328 1449 et
2356 1395 2739 1466 fortitudinem
2763 1412 2955 1453 eorum
2979 1400 3204 1456 Domino
3223 1402 3499 1459 universae
3515 1403 3696 1458 terrm.

2050 1480 2190 1536 LXX
2215 1499 2228 1536 :
2260 1482 2324 1537 Et
2351 1498 2501 1539 nunc
2525 1493 2866 1557 congregatae
2892 1495 3022 1543 sunt
3048 1504 3219 1560 super
3236 1496 3285 1545 te
3304 1497 3486 1561 gentes
3506 1490 3700 1547 multae

2046 1569 2384 1626 dicentium:
2415 1573 2745 1629 Insultemus
2774 1583 2827 1631 et
2853 1576 3075 1633 videant
3092 1579 3153 1632 in
3179 1578 3312 1635 Sion
3331 1578 3481 1635 oculi
3496 1579 3694 1634 nostri.

2046 1667 2157 1737 Ipsi
2183 1676 2365 1723 autem
2394 1672 2709 1726 nescierunt
2736 1673 3089 1742 cogitationes
3116 1675 3357 1743 Domzni,
3390 1679 3446 1731 et
3471 1690 3583 1732 non
3612 1675 3698 1732 in-

1968 1770 2016 1836 B
2042 1755 2377 1812 tellexerunt
2403 1758 2697 1814 consilium
2724 1762 2859 1830 eius,
2915 1764 3047 1832 quia
3093 1766 3440 1834 congregavit
3476 1780 3587 1833 eos,
3637 1770 3702 1820 ut

2044 1846 2356 1915 manipulos
2386 1863 2548 1902 areae.
2581 1848 2755 1919 Surge
2782 1856 2834 1904 et
2859 1851 3061 1906 tritura
3078 1867 3187 1919 eos,
3210 1851 3341 1924 ﬁlia
3358 1854 3495 1909 Sion
3514 1871 3535 1908 :
3563 1854 3698 1926 quia

2045 1949 2255 1989 cornua
2277 1943 2375 1989 tua
2392 1951 2595 2006 ponam
2610 1938 2819 2007 ferrea,
2834 1946 2887 1994 et
2902 1941 3137 2011 ungulas
3152 1948 3274 1996 tuas
3286 1957 3492 2012 ponam
3506 1957 3698 2012 areas,

2046 2029 2098 2077 et
2124 2025 2455 2078 comminucs
2481 2026 2709 2096 populos
2736 2027 2955 2094 multos,
2987 2031 3041 2083 et
3068 2029 3282 2085 vovebis
3304 2030 3530 2086 Domino
3549 2029 3696 2086 mul-

2044 2110 2342 2167 titudinem
2372 2128 2583 2184 eorum,
2635 2117 2690 2169 et
2732 2115 2901 2171 robur
2943 2132 3137 2172 eorum
3164 2117 3394 2175 Domino
3422 2119 3702 2176 universae

2043 2202 2230 2255 terrae.
2266 2200 2309 2255 Ο
2338 2200 2686 2270 Jerusalem,
2723 2220 2755 2258 o
2786 2202 2908 2260 filia
2934 2205 3098 2275 Sion,
3129 2221 3257 2277 quae
3287 2206 3482 2264 venies
3510 2222 3701 2280 usque

2046 2288 2421 2361 Babylonem,
2457 2293 2514 2345 et
2544 2290 2623 2345 ibi
2654 2290 3020 2361 liberaberis,
3053 2298 3111 2350 et
3139 2295 3387 2351 redimet
3414 2298 3472 2352 te
3498 2295 3698 2352 Domi-

2046 2392 2158 2431 nus
2180 2377 2249 2432 de
2268 2394 2446 2433 manu
2469 2378 2844 2435 inimicorum
2862 2384 3099 2437 tuorum
3122 2397 3135 2435 :
3162 2399 3319 2438 nunc
3335 2382 3572 2439 interim
3590 2382 3694 2450 [ΑΙ.

2043 2464 2278 2534 iterum]
2297 2471 2659 2539 congregatae
2683 2472 2820 2523 sunt
2842 2485 3019 2541 super
3033 2472 3089 2525 te
3106 2474 3308 2543 gentes
3326 2470 3544 2541 multae,
3566 2486 3694 2545 qua:

2043 2554 2213 2625 quasi
2246 2554 2315 2609 de
2346 2553 2609 2611 adultera
2638 2554 2980 2628 loquuntur,
3008 2564 3066 2614 et
3093 2559 3298 2615 dicunt
3322 2576 3336 2616 :
3367 2558 3694 2632 Lapidetur,

2042 2647 2094 2698 et
2122 2641 2354 2714 aspiciat
2375 2644 2434 2697 in
2454 2659 2575 2699 eam
2595 2645 2785 2701 oculus
2803 2650 3005 2702 noster.
3028 2647 3159 2703 Sive
3183 2652 3248 2703 ut
3267 2647 3327 2703 in
3353 2648 3487 2704 LXX
3509 2646 3694 2721 scrip-

2043 2734 2167 2787 tum
2192 2736 2282 2787 est
2304 2748 2318 2787 :
2350 2733 2680 2788 Insultemus
2698 2742 2749 2790 et
2767 2735 3118 2807 gaudeamus,
3139 2741 3193 2791 et
3213 2736 3516 2809 despiciant
3534 2752 3697 2809 super

2044 2819 2176 2875 Sion
2204 2821 2350 2876 oculi
2376 2823 2555 2877 nostri
2581 2840 2594 2877 :
2627 2831 2681 2878 et
2708 2840 2819 2878 non
2850 2832 3216 2895 cognoverunt
3242 2824 3464 2881 Domini
3490 2826 3693 2882 volun-

2042 2912 2206 2965 tatem
2234 2912 2395 2981 atque
2422 2911 2715 2966 consilium
2747 2928 2760 2965 :
2795 2913 2934 2983 quia
2963 2917 3269 2985 propterea
3297 2913 3606 2969 adversum
3633 2917 3694 2971 te

2043 3002 2403 3071 congregatas
2436 2998 2555 3054 sint
2584 3000 2873 3066 nationes,
2901 3004 2968 3055 ut
2988 3005 3254 3057 conteras
3274 3017 3396 3069 eas,
3418 3002 3589 3073 quasi
3608 3001 3693 3058 fe-

2044 3103 2183 3143 num
2218 3086 2305 3142 vel
2335 3087 2614 3158 stipulam
2647 3106 2812 3144 area.
2846 3090 3031 3161 Surge
3065 3088 3262 3162 igitur,
3296 3089 3418 3145 ﬁlia
3446 3090 3608 3159 Sion,
3632 3093 3694 3147 et

2043 3177 2104 3231 in
2126 3176 2400 3231 cornibus
2424 3176 2649 3245 ferreis,
2664 3194 2790 3249 quae
2811 3176 2918 3233 tibi
2940 3178 3079 3234 dare
3100 3195 3193 3235 me
3214 3179 3493 3251 spondeo,
3518 3183 3695 3252 atque

2043 3264 2105 3320 in
2138 3264 2376 3337 ungulis
2408 3264 2596 3333 aratis,
2626 3282 2773 3337 quas
2800 3270 3111 3334 acceptura
3140 3284 3224 3335 es,
3245 3267 3460 3324 ventila
3485 3271 3542 3324 et
3561 3284 3698 3324 con-

2045 3357 2164 3409 tere
2187 3351 2453 3425 populos,
2469 3358 2525 3408 et
2544 3354 2805 3409 interﬁce
2827 3371 2925 3410 eos
2944 3355 3185 3411 Domino
3208 3356 3489 3412 universae
3505 3359 3695 3412 terra).

2045 3452 2174 3508 Tali
2204 3452 2359 3506 enim
2390 3452 2631 3507 victima
2662 3455 2719 3506 et
2746 3451 2847 3507 tali
2879 3453 3165 3508 sacriﬁcio
3196 3452 3534 3509 delectatur.
3563 3454 3699 3510 Haec

2044 3540 2229 3595 Judaei
2250 3540 2500 3594 necdum
2519 3538 2744 3611 expleta
2758 3540 3149 3609 cernentes,in
3167 3540 3362 3595 futuro
3381 3540 3493 3594 sibi
3506 3540 3699 3596 Chris-

2046 3629 2089 3683 ti
2121 3627 2470 3700 pollicentur
2500 3629 2773 3695 adventu,
2798 3632 2855 3683 et
2874 3628 3078 3683 dicunt
3096 3627 3402 3684 universas
3423 3628 3691 3685 nationes

2044 3718 2284 3773 Judaico
2308 3716 2520 3788 populo
2546 3716 2882 3787 servituras,
2908 3715 3222 3788 ipsumque
3240 3714 3556 3788 imperium
3580 3716 3695 3773 Ro-

2048 3822 2383 3872 manorum,
2416 3805 2572 3876 quod
2604 3805 2714 3861 sub
2746 3804 2981 3860 nomine
3006 3804 3469 3876 interpretantur
3486 3805 3695 3873 Edom,

2047 3895 2467 3951 conterendum
2490 3900 2617 3950 esse
2638 3892 2877 3965 ungulis
2898 3892 3019 3949 suis
3043 3897 3099 3948 et
3119 3892 3397 3948 cornibus
3417 3891 3701 3948 ventilan-

2048 3985 2211 4039 dum.
2226 3983 2387 4048 Quod
2405 3999 2583 4054 quam
2607 3981 2855 4037 stultum
2877 3982 2973 4053 sit,
2994 3999 3063 4037 ex
3081 3980 3359 4037 omnibus
3381 3980 3696 4054 Scripturis

2048 4072 2216 4128 facile
2245 4072 2693 4144 comprobatur;
2729 4072 2826 4127 sed
2861 4071 2969 4126 hoc
3002 4070 3241 4127 alterius
3271 4071 3554 4143 temporis
3584 4073 3695 4127 est.

2047 4166 2175 4216 Non
2199 4178 2334 4232 ergo
2356 4161 2458 4233 qui
2480 4177 2595 4215 non
2619 4160 2977 4216 occidentem
2999 4159 3277 4229 litteram,
3302 4160 3403 4216 sed
3427 4159 3701 4231 spiritum

2047 4250 2431 4305 viviﬁcantem
2446 4249 2717 4320 sequimu
2729 4248 2989 4317 r,dicimu
3000 4266 3026 4305 s
3042 4251 3346 4306 adversum
3360 4247 3702 4318 filiamSion,

2051 4356 2177 4410 quis
2208 4337 2624 4410 interpretatur
2655 4338 2807 4393 486
2838 4337 3114 4409 Ecclesia,
3168 4338 3386 4394 multas
3434 4337 3701 4394 nationes

2051 4428 2383 4482 daemonum
2416 4428 2776 4500 congregari,
2811 4432 2869 4482 et
2898 4427 2957 4481 in
2988 4425 3259 4499 praesenti
3284 4425 3517 4492 saeculo,
3540 4424 3698 4496 quod

284 4519 513 4589 iecerit,
546 4519 604 4574 in
637 4523 825 4575 semet
864 4533 1155 4573 reversam
1201 4516 1392 4571 dicere
1426 4532 1437 4570 :
1491 4516 1697 4584 Quanti
1742 4530 1941 4570 merce-
1973 4504 2019 4568 D
2051 4516 2111 4572 in
2147 4515 2404 4588 maligno
2437 4516 2689 4587 positum
2726 4519 2834 4585 est,
2866 4515 3171 4583 insultare,
3222 4517 3279 4569 et
3315 4513 3377 4568 in
3406 4512 3700 4569 occisione

280 4610 446 4665 uarii
467 4616 649 4680 patris
678 4607 789 4663 mei
814 4609 1143 4662 saturantur
1170 4606 1440 4677 panibus,
1472 4612 1523 4660 et
1551 4619 1647 4675 ego
1679 4602 1769 4659 hic
1797 4606 1943 4674 fame

283 4713 446 4771 pereo
476 4696 626 4768 (Luc.
656 4712 751 4762 xv,
788 4696 875 4767 17)
901 4694 913 4749 l
949 4698 1006 4750 et
1040 4694 1112 4749 ad
1146 4697 1448 4765 paternam
1472 4692 1714 4747 domum
1742 4695 1944 4764 postea

286 4789 676 4843 revertentem
709 4782 928 4853 suscipi
959 4799 993 4837 a
1023 4781 1486 4837 clementissimo
1518 4783 1703 4852 patre,
1754 4784 1811 4835 et
1848 4795 1941 4834 re-

284 4874 436 4931 dimi
465 4874 537 4929 de
569 4890 743 4929 manu
777 4871 1085 4928 durissimi
1117 4870 1366 4926 domini.
1420 4874 1717 4925 Ponamus
1748 4885 1945 4925 exem-

286 4962 457 5035 plum
480 4966 545 5017 ut
565 4962 721 5035 quod
747 4961 1073 5032 imperatur
1093 4959 1224 5014 ﬁlice
1247 4959 1411 5025 Sion,
1436 4964 1492 5015 et
1513 4958 1763 5013 dicitur:
1798 4958 1945 5025 Dote,

286 5062 339 5107 et
372 5052 609 5106 viriliter
636 5066 737 5122 age
764 5051 924 5121 quasi
947 5050 1193 5120 pariens,
1226 5064 1341 5103 non
1374 5048 1443 5102 ad
1471 5064 1723 5119 pmnam,
1749 5047 1850 5101 sed
1874 5047 1943 5102 ad

291 5140 606 5196 utilitatem
639 5139 798 5195 illius
828 5139 1171 5194 referamus.
1210 5136 1484 5207 Loquitur
1506 5135 1722 5192 Paulus
1746 5137 1817 5192 ad
1840 5137 1946 5193 Ga-

290 5229 443 5286 latas
487 5246 500 5285 :
562 5228 758 5285 Filioli
810 5230 943 5295 mei,
1002 5243 1132 5298 quos
1190 5228 1391 5281 iterum
1441 5228 1723 5297 parturio,
1780 5227 1947 5281 donec

290 5319 545 5375 Christus
571 5319 844 5389 formetur
872 5319 934 5371 in
962 5317 1116 5371 vobis
1147 5314 1345 5386 (Galat.
1382 5331 1458 5378 ιν,
1494 5314 1601 5385 19).
1629 5318 1697 5368 Et
1718 5313 1945 5369 tamdiu

291 5406 502 5474 doluit,
534 5406 762 5461 tamdiu
793 5406 899 5477 [Αἱ.
934 5403 1241 5476 quamdiu]
1274 5402 1602 5475 parturivit,
1636 5402 1819 5456 donec
1850 5418 1948 5457 eos

292 5512 534 5555 rursum
566 5512 669 5569 per
696 5494 1098 5567 paenitentiam
1130 5495 1453 5564 generaret,
1501 5490 1601 5563 qui
1632 5507 1737 5563 per
1765 5490 1946 5547 delic-

288 5590 425 5648 tum
454 5583 768 5664 perierant.
800 5587 950 5640 Puta
978 5581 1276 5640 medicum
1302 5579 1680 5651 febricitanti,
1711 5577 1801 5638 vel
1828 5578 1947 5640 vul-

616 5711 885 5780 Ριτιιοι.
910 5706 1102 5781 XXV.

2050 4605 2302 4660 ﬁliorum
2324 4605 2451 4675 ejus
2472 4604 2745 4675 gaudere,
2765 4604 3090 4659 nescientes
3112 4599 3491 4673 cogitationes
3507 4599 3701 4656 Domi-

2052 4694 2133 4761 ni,
2166 4710 2271 4749 nec
2301 4695 2429 4763 ejus
2461 4690 2773 4746 consilium
2797 4694 3199 4762 agnoscentes.
3222 4688 3280 4743 Si
3301 4688 3457 4744 enim
3484 4704 3701 4761 cogno-

2051 4781 2295 4848 vissent,
2327 4795 2655 4850 numquam
2687 4779 2997 4833 Dominum
3030 4776 3359 4848 majestatis
3388 4776 3703 4833 cruciﬁxis-

2053 4873 2184 4925 sent
2214 4869 2257 4940 (Ι
2290 4868 2409 4925 Cor.
2434 4885 2495 4935 ιι,
2528 4869 2603 4939 8).
2632 4866 3021 4939 Congregabit
3040 4866 3237 4938 itaque
3268 4882 3367 4922 eos
3388 4865 3554 4938 quasi
3576 4881 3702 4921 ma-

2054 4957 2287 5030 nipulos
2332 4973 2496 5023 arezn,
2549 4959 2616 5011 ut
2646 4955 2929 5027 quidquid
2963 4955 3271 5026 spinosum
3300 4953 3514 5010 habere
3542 4952 3703 5009 vide-

2056 5046 2269 5101 bantur
2288 5050 2344 5101 et
2366 5061 2695 5116 aspersum,
2710 5060 3078 5115 vacuumque
3095 5047 3152 5099 et
3166 5042 3308 5111 leve,
3324 5040 3560 5115 ungulis
3577 5040 3705 5096 suis

2054 5138 2336 5199 conterat,
2369 5139 2426 5189 et
2454 5134 2732 5189 cornibus
2762 5132 3021 5200 ventilet,
3062 5137 3121 5188 et
3150 5148 3363 5204 purum
3394 5144 3705 5187 remanens

2053 5225 2437 5293 frumentum,
2452 5222 2513 5277 in
2531 5222 2757 5277 Domini
2776 5222 3051 5278 oﬂ'eratur
3067 5220 3329 5276 donaria.
3345 5218 3491 5286 Quid
3512 5222 3707 5274 autem

2054 5313 2114 5368 in
2137 5329 2202 5368 co
2230 5311 2521 5384 signiﬁcet
2541 5311 2693 5378 quod
2720 5310 2802 5365 ait
2827 5327 2839 5364 :
2874 5312 2938 5365 Et
2966 5311 3303 5365 comminues
3319 5308 3546 5380 populos
3564 5304 3709 5362 mul-

2054 5406 2154 5466 tos,
2188 5403 2236 5456 el
2267 5401 2612 5455 consecrabis
2659 5400 2887 5454 Domino
2934 5397 3344 5453 multitudinem
3392 5410 3604 5463 eorum,
3656 5398 3710 5449 et

2056 5492 2223 5546 robur
2260 5506 2451 5546 eorum
2485 5490 2715 5545 Domino
2750 5487 3019 5541 universae
3048 5492 3236 5542 terrae.
3273 5486 3558 5557 Legamus
3586 5480 3707 5539 Nu-

2056 5594 2271 5654 meros,
2299 5582 2356 5639 et
2382 5577 2589 5638 Jesum
2622 5576 2799 5651 Nave,
2847 5576 2907 5635 et
2950 5572 3210 5651 primum
3255 5572 3590 5650 Regnorum
3630 5567 3707 5653 iis
