4008 6184
438 257 630 320 1195

1722 259 1786 319 8.
1833 253 2146 318 EUSEBII
2190 254 2634 320 HIERONYMI

3620 268 3728 329 H96

469 390 728 460 hrum,et
741 387 1072 444 videbimus
1089 388 1383 460 quomodo
1413 388 1485 444 de
1505 387 1786 459 subjectis
1815 386 2108 459 gentibus,
2138 386 2196 452 Α
2224 402 2359 452 nos;
2386 393 2444 443 et
2470 388 2749 449 Romanis
2770 388 3154 460 potestatibus
3174 388 3415 459 subdita,
3434 394 3735 463 percutieutur

471 494 604 536 cum
638 476 909 532 universa
938 476 1217 548 perierint
1244 476 1305 530 in
1336 492 1436 532 oro
1464 476 1666 549 gladii,
1700 493 1907 532 aurum
1937 482 1990 531 et
2021 492 2111 531 ar-

469 569 734 640 gentum,
767 569 824 621 et
851 569 972 621 tam
1005 565 1075 621 de
1106 565 1471 632 hominibus,
1524 582 1701 636 quam
1734 566 1803 620 de
1827 564 2114 635 jumentis

469 659 663 712 certus
684 654 890 727 praedm
913 670 1196 709 numerus
1221 652 1469 709 Domino
1492 657 1866 709 consecratus
1888 652 1984 708 sit.
2004 653 2115 708 De-

470 744 650 816 nique
679 748 737 799 et
769 742 972 811 Achor,
1008 742 1108 815 qui
1139 742 1210 797 de
1240 742 1611 798 anathemate
1639 741 1868 797 Jericho
1891 741 2115 813 aliquid

470 837 561 890 est
588 833 837 900 furatus,
884 831 1250 887 conturbavit
1294 831 1601 903 p0pulum,
1655 835 1711 886 et
1760 847 1829 886 ex
1882 834 2114 901 peccato

468 919 606 978 valli
618 922 696 993 (a)
713 936 925 977 nomen
942 919 1286 992 impositum
1303 924 1412 986 est,
1427 935 1576 974 amne
1587 917 2112 1006 ACHORWJVPDV),

469 1008 530 1065 id
561 1012 669 1077 est,
699 1009 866 1065 vallis
896 1009 1184 1076 tumultus,
1219 1007 1338 1064 sive
1367 1007 1655 1063 turbarum
1685 1009 1863 1073 (Iosue
1891 1010 2013 1075 vn).
2043 1006 2117 1062 Ut

471 1104 665 1155 autem
696 1097 1046 1168 scias?juxta
1075 1095 1220 1151 LXX
1249 1095 1618 1167 interpretes,
1669 1095 1767 1166 qui
1801 1096 2072 1150 dixerunt
2099 1112 2112 1149 :

473 1185 821 1244 Consecrabis
848 1186 1078 1242 Domino
1105 1184 1513 1240 multitudinem
1535 1200 1742 1251 eorum,
1764 1186 1815 1240 et
1839 1185 2008 1240 robur
2026 1199 2114 1239 eo-

468 1275 835 1331 rumDomino
850 1275 1130 1331 universa
1143 1281 1331 1337 terrm,
1344 1272 1405 1328 in
1427 1273 1639 1329 bonam
1662 1276 1888 1344 partem
1909 1271 2118 1328 debere

470 1362 1177 1435 accipijconseorationem
1206 1377 1220 1415 :
1250 1359 1568 1417 Theodotio
1590 1376 1693 1432 pro
1714 1358 2113 1425 multitudine,

464 1467 694 1509 munera
714 1450 1019 1508 transtulit
1051 1467 1063 1506 :
1098 1450 1310 1517 Quinta
1366 1448 1563 1516 editio,
1584 1450 2026 1517 emolumentum,
2057 1447 2115 1503 id

467 1544 576 1608 est,
608 1540 684 1613 (b)
715 1535 1017 1616 ωφὲλειανε
1053 1538 1463 1613 Symmachus,
1515 1538 1746 1607 lucrum,
1799 1537 1857 1591 id
1901 1542 2008 1601 est,
2053 1536 2115 1589 τὸ

467 1626 667 1684 αὐτῶν.
1439 1679 1445 1686 .

537 1717 699 1790 (Cap.
721 1716 785 1775 ν.
803 1715 1050 1773 ——Vers.
1072 1716 1148 1787 1.)
1168 1716 1323 1770 Nunc
1348 1714 1658 1781 lJastaberis,
1688 1714 1819 1784 ﬁlia
1848 1714 2112 1768 latronis:

463 1805 798 1863 obsidionem
820 1812 1122 1876 posuerunt
1146 1819 1310 1875 super
1338 1819 1436 1858 nos
1460 1819 1473 1857 :
1522 1804 1585 1857 in
1612 1804 1769 1872 virga
1807 1803 2114 1872 percutient

464 1894 759 1951 maxillam
796 1892 1005 1964 judicis
1040 1891 1228 1948 Israel.
1262 1890 1439 1946 LXX:
1473 1892 1627 1946 Nunc
1655 1891 1969 1945 obstruetur
1992 1891 2114 1960 ﬁlia

467 1984 833 2040 obstructione
859 1997 880 2036 :
929 1981 1242 2052 angustiam
1282 1981 1463 2051 posuit
1489 1995 1652 2050 super
1677 1995 1777 2034 nos
1800 1999 1819 2032 .-
1869 1981 1930 2033 in
1957 1980 2113 2050 virga

460 2071 769 2144 percutient
780 2085 947 2141 super
965 2069 1259 2124 maxillam
1277 2070 1454 2123 tribus
1470 2068 1658 2122 Israel.
1674 2067 1798 2122 Non
1818 2068 1971 2139 quod
1998 2084 2114 2122 una

465 2159 656 2215 tribus
677 2159 963 2231 percutiat
983 2156 1277 2212 maxillam
1297 2156 1556 2222 alterius,
1573 2157 1674 2211 sed
1695 2156 1849 2227 quod
1867 2155 1965 2211 alii
1991 2173 2113 2228 per-

464 2249 690 2307 cutiant
708 2247 899 2303 tribus
919 2246 1097 2302 Israel
1113 2245 1174 2301 in
1202 2244 1524 2300 maxillam.
1550 2244 1852 2299 Pollicitus
1873 2244 2110 2316 quidem

461 2336 570 2393 tibi
592 2351 795 2405 sum,o
819 2334 940 2390 filia
960 2334 1120 2401 Sion,
1136 2334 1292 2406 quod
1315 2337 1628 2389 venturum
1649 2332 1977 2406 sittempus
1999 2351 2112 2405 quo

461 2442 646 2483 cornu
666 2428 843 2480 tuum
870 2439 1084 2496 ponam
1108 2423 1382 2490 ferreum,
1406 2426 1464 2477 et
1483 2421 1738 2495 ungulas
1758 2426 1891 2479 tuas
1913 2440 2111 2491 aereas,

458 2519 518 2573 et
543 2513 910 2571 comminuta
930 2512 1264 2567 daemonum
1293 2510 1691 2578 multitudine,
1714 2510 1922 2567 offeras
1948 2513 2117 2584 quid-

456 2603 602 2678 quid
633 2601 721 2658 illi
754 2604 891 2658 ante
920 2599 1304 2672 possederant
1332 2599 1576 2655 Domino
1627 2600 1798 2672 (Rom.
1850 2602 1928 2672 x1)
1978 2603 2109 2656 uni-

453 2708 637 2751 versal
655 2696 842 2748 terrae.
867 2689 979 2745 Sed
1001 2689 1141 2760 quia
1161 2688 1270 2744 hoc
1290 2692 1430 2743 tunc
1456 2688 1720 2743 futurum
1742 2693 1851 2755 est,
1877 2692 2110 2760 quando

457 2780 883 2840 subintraverit
910 2777 1176 2852 gentium
1208 2776 1528 2849 plenitudo,
1578 2781 1635 2832 et
1686 2778 1879 2833 omnis
1935 2779 2109 2835 Israel

457 2869 720 2928 salvatus
747 2867 958 2924 fuerit:
990 2882 1149 2945 nupc
1178 2866 1413 2922 interim
1446 2882 1548 2937 pro
1571 2865 1795 2921 meritis
1816 2866 1934 2922 tuis
1956 2868 2102 2923 487

458 2962 711 3030 vastare,
744 2956 865 3013 sive
896 2960 964 3011 ut
990 2954 1050 3009 in
1081 2954 1318 3010 Hebraeo
1349 2953 1617 3025 habetur,
1660 2955 1963 3010 concidere.
1999 2956 2109 3012 Ne-

2222 476 2281 530 in
2314 476 2548 532 maxilla
2576 478 2766 533 tribus
2796 476 2996 533 Israel.
3029 476 3274 533 Abstulit
3298 480 3435 534 enim
3456 481 3674 540 Dominus
3688 487 3733 542 de

2220 565 2424 620 Judaea
2453 570 2510 621 et
2540 566 2610 621 de
2640 565 2991 631 Jerusalem,
3023 567 3226 621 fortem
3255 572 3309 622 et
3333 566 3570 639 validum,
3610 576 3654 626 et
3674 589 3737 628 sa-

2223 653 2478 724 pientem
2512 654 2917 723 architectum,
2967 659 3026 710 et
3078 653 3463 726 intelligentem
3504 657 3736 716 auditorem

2224 741 2339 811 [AL
2373 741 2766 812 adjutorem],
2817 746 2873 811 et
2920 742 3024 796 viae
3068 743 3194 812 ejus
3223 758 3394 813 usque
3419 743 3565 799 hodie
3598 745 3739 803 clause

2224 834 2365 884 sunt
2384 834 2440 884 et
2461 830 2737 901 obseptze,
2752 847 2856 885 nec
2876 833 3068 902 potest
3083 830 3270 903 egredi
3288 831 3352 884 de
3370 831 3662 901 captivitate;
3678 835 3740 889 sed

2224 917 2543 973 durissimo
2567 919 2853 990 premitur
2879 917 3124 988 imperio
3147 918 3288 990 (Isai.
3309 935 3388 984 ιιι,
3403 918 3449 981 1,
3465 919 3530 989 2).
3548 920 3596 975 Si
3613 928 3744 978 autem

2217 1006 2387 1077 juxta
2406 1007 2763 1079 superiorem
2784 1022 3024 1063 sensum
3039 1005 3379 1062 voluerimus
3389 1008 3452 1062 de
3462 1007 3662 1063 Ecclesia
3673 1010 3746 1064 dio-

2226 1099 2349 1150 tum
2376 1097 2662 1167 accipere:
2684 1097 2840 1151 Nunc
2860 1097 3172 1151 obstruetur
3191 1095 3301 1165 ﬁlia
3317 1095 3641 1165 obstruclione,
3651 1094 3747 1150 illud

2225 1183 2444 1238 deOsee
2462 1184 2825 1254 proferamus
2840 1199 2997 1239 exem
3008 1182 3253 1253 plum,in
3273 1199 3378 1255 quo
3393 1181 3615 1237 adultera
3626 1183 3749 1254 loqui-

2225 1276 2360 1326 tur:
2419 1271 2619 1327 Vadam
2658 1273 2779 1343 post
2827 1279 3097 1327 amatores
3146 1287 3302 1337 meos,
3330 1272 3438 1341 .qui
3468 1270 3635 1326 dabant
3654 1270 3750 1325 mihi

2222 1376 2390 1431 panes
2435 1375 2602 1427 meos,
2658 1368 2710 1415 et
2742 1377 2944 1432 aquam
2968 1376 3168 1427 meam,
3198 1367 3248 1415 et
3274 1361 3559 1415 vestimenta
3581 1374 3687 1428 mea,
3720 1360 3751 1413 et

2227 1449 2555 1504 linteamina
2572 1465 2713 1517 mea,
2739 1450 2920 1504 oleum
2939 1465 3139 1519 meum,
3163 1451 3214 1504 et
3240 1450 3413 1503 omnia
3430 1462 3539 1520 qua
3554 1448 3663 1502 mihi
3673 1461 3752 1518 pra

2223 1540 2350 1593 sunt
2398 1537 2550 1610 (Osee
2598 1555 2660 1605 ιι,
2707 1538 2784 1608 5).
2836 1539 2905 1593 Et
2942 1542 3144 1610 postea
3172 1537 3320 1592 Deus
3345 1536 3523 1592 volens
3544 1535 3752 1607 impedire

2223 1626 2631 1698 cogitationem
2662 1625 3004 1698 pessimam,
3046 1642 3163 1680 non
3197 1640 3323 1681 eam
3351 1624 3474 1680 facit
3497 1624 3624 1695 quod
3648 1622 3755 1678 desi-

2223 1715 2387 1770 derat
2432 1713 2751 1786 adimplere
2785 1731 2799 1782 ;
2858 1716 2961 1771 sed
3007 1715 3260 1770 obstruit
3287 1713 3402 1769 vias
3429 1714 3558 1784 eius,
3583 1728 3640 1767 ne
3662 1727 3756 1766 con-

2218 1807 2501 1874 sequatur
2549 1806 2839 1859 amatores
2885 1819 3048 1870 suos,
3107 1808 3166 1858 et
3221 1800 3459 1873 amplius
3501 1800 3750 1855 fornicatur.

2218 1893 2311 1945 Ait
2339 1891 2491 1946 488
2525 1892 2776 1962 quippe:
2810 1894 3106 1962 Propterea
3135 1906 3250 1946 ecce
3276 1905 3367 1960 ego
3403 1889 3644 1945 obstruam
3677 1889 3756 1942 vis:

2219 1980 2334 2051 ejus
2385 1982 2448 2035 in
2492 1980 2738 2044 sudibus,
2787 1984 2840 2035 et
2881 1981 3161 2051 obsepiam
3188 1982 3305 2034 vias
3335 1978 3476 2049 ejus:
3517 1978 3757 2033 etsemilam

2216 2085 2375 2123 suam
2393 2085 2503 2124 non
2529 2071 2585 2123 in
2595 2070 2793 2135 veniet,
2816 2072 2867 2123 et
2886 2077 3243 2140 persequetur
3263 2071 3521 2122 amatores
3542 2064 3630 2136 [AL
3651 2063 3760 2118 addit

2217 2157 2408 2228 suos],
2457 2160 2505 2212 et
2535 2173 2646 2212 non
2676 2156 3041 2228 apprehendet
3070 2172 3182 2224 eos,
3226 2160 3274 2211 et
3302 2163 3496 2228 quaeret
3517 2169 3606 2217 eos,
3630 2155 3667 2208 et
3686 2166 3757 2206 nos

2218 2247 2478 2314 inveniet,
2510 2248 2561 2301 et
2591 2246 2737 2301 dicet
2765 2262 2777 2301 :
2818 2245 3016 2302 Vadam
3044 2253 3097 2301 ct
3124 2243 3449 2301 revertarad
3469 2245 3760 2298 vimmmeum

2216 2336 2458 2405 priorem
2486 2336 2616 2406 quia
2643 2334 2773 2388 bene
2800 2334 2943 2389 mihi
2968 2342 3086 2389 erat
3133 2334 3379 2405 (Ibidem,
3421 2349 3492 2397 v1,
3516 2346 3602 2386 sec.
3628 2326 3756 2393 LXX).

2221 2423 2630 2478 Animadverte
2684 2438 2832 2494 opus
2880 2422 3111 2477 Domini
3180 2421 3515 2495 profecisse:
3558 2415 3761 2474 Adultera

2221 2513 2377 2569 enim
2403 2528 2518 2567 non
2539 2511 2841 2566 inveniens
2869 2510 3023 2566 viam
3055 2528 3251 2580 suam,
3282 2526 3382 2565 nec
3399 2508 3572 2564 valens
3589 2518 3759 2578 pergere

2222 2617 2337 2673 quo
2357 2601 2604 2664 volebat,
2620 2599 2963 2655 necessitate
2984 2599 3265 2656 obstricta
3286 2598 3355 2655 ad
3375 2597 3618 2653 maritum
3636 2607 3761 2648 rever-

2217 2690 2363 2746 titur
2387 2690 2661 2762 priorem,
2681 2695 2737 2744 et
2758 2691 3086 2760 conﬁtetur,
3109 2688 3321 2744 melius
3342 2687 3445 2743 sibi
3469 2685 3520 2740 in
3538 2685 3675 2739 domo
3690 2678 3761 2733 viri

2218 2796 2346 2835 esse
2376 2778 2607 2851 prioris,
2666 2794 2843 2849 quam
2877 2777 3177 2849 quondam
3209 2776 3359 2850 apud
3388 2778 3635 2830 amatores
3668 2782 3763 2825 suos

2219 2868 2430 2934 fuerat,
2452 2865 3068 2936 tribulationibusque,
3087 2869 3148 2921 et
3171 2864 3354 2938 plagis
3376 2861 3531 2919 Israel
3552 2858 3761 2916 eruditur.

2218 2955 2382 3011 Unde
2410 2959 2468 3010 et
2495 2954 2567 3009 ad
2599 2954 2703 3025 (Al.
2736 2954 2829 3024 de)
2865 2954 3038 3009 David
3071 2957 3186 3010 sub
3216 2960 3348 3026 typo
3372 2950 3562 3008 Christi
3589 2943 3761 3019 mystice

458 3062 759 3121 quaquam
781 3043 937 3101 enim
953 3044 1123 3115 juxta
1147 3042 1493 3114 Apostolum
1523 3044 1752 3115 (Philip.
1779 3047 1865 3111 ιιι)
1886 3045 2109 3100 vocaris
2170 3120 2175 3121 γ
2217 3043 2459 3098 dicitur:
2480 3041 2541 3097 Si
2555 3042 2958 3113 dereliquerint
2973 3041 3088 3111 ﬁlii
3102 3043 3225 3114 ejus
3239 3044 3408 3111 legem
3421 3033 3764 3103 meam,etinfu-

461 3133 859 3205 Circumcisio,
909 3132 1010 3189 sed
1054 3130 1308 3187 concisio
1342 3148 1355 3186 :
1407 3146 1513 3186 nec
1561 3135 1619 3186 te
1665 3131 1893 3204 appello
1924 3132 2106 3188 filiam
2138 3120 2181 3182 C
2216 3132 2379 3188 diciis
2401 3133 2532 3187 meis
2551 3147 2661 3186 non
2679 3124 3762 3203 ambulaverint,sijustitiasmeaspmeW

461 3240 676 3294 meam,
709 3223 811 3280 sed
841 3220 1085 3278 latronis
1115 3219 1321 3287 filiam,
1373 3219 1530 3291 quod
1566 3219 1840 3276 Hebraice
1868 3221 2101 3292 dicitur,

458 3329 600 3370 mra
621 3327 809 3369 canon
840 3310 989 3383 (πυ
1011 3309 1139 3381 nn),
1172 3308 1230 3363 id
1252 3311 1359 3365 est.
1383 3306 1598 3364 diaboli
1627 3309 1700 3363 ad
1724 3310 2102 3380 prendendum

456 3417 690 3475 semper
708 3398 973 3456 accincti.
991 3396 1199 3453 Fecisti
1221 3396 1374 3452 enim
1398 3397 1639 3453 domum
1661 3413 1850 3452 meam
1875 3399 2104 3471 spelun-

454 3506 585 3548 cam
615 3490 934 3557 latronum,
967 3483 1310 3558 repugnasti
1336 3485 1647 3540 adversum
1674 3501 1787 3554 me,
1812 3491 1869 3541 et
1890 3485 1994 3541 ﬁlii
2016 3487 2101 3543 tui

450 3579 816 3637 obsidionem
847 3578 1175 3649 posuerunt
1205 3590 1382 3646 super
1413 3589 1525 3642 me,
1570 3579 1627 3629 et
1657 3590 1834 3646 super
1863 3575 2098 3643 Filium,

446 3672 507 3726 et
526 3667 813 3742 Spiritum
837 3666 904 3739 (c)
927 3680 1146 3720 meum.
1171 3664 1258 3718 An
1284 3679 1398 3718 non
1422 3663 1781 3718 contumelia
1799 3664 2099 3720 Trinitatis

445 3762 559 3826 est,
589 3756 824 3829 quando
850 3753 911 3809 in
943 3753 1104 3825 virga
1132 3757 1191 3807 et
1219 3751 1466 3818 calamo,
1487 3756 1543 3805 te
1566 3750 1830 3821 faciente,
1860 3767 2095 3822 percus-

444 3863 571 3905 sere
592 3844 840 3902 Romani
866 3846 1042 3914 caput
1060 3839 1283 3912 judicis
1308 3839 1506 3905 Israel,
1531 3839 1790 3893 dicentes
1815 3855 1826 3892 :
1858 3840 2093 3911 Prophe-

442 3936 559 3992 tina
577 3934 756 4001 nobis,
779 3932 1015 4001 Christe,
1039 3930 1162 4001 quis
1184 3932 1265 3984 est
1285 3929 1383 3999 qui
1399 3931 1455 3982 te
1469 3928 1735 3998 percussit
1764 3928 1908 3995 (Mat.
1938 3944 2090 3998 XXVI,

442 4022 584 4095 60)?
631 4022 751 4077 sive
789 4018 1023 4090 quando
1054 4033 1210 4073 unus
1240 4017 1312 4071 de
1341 4015 1629 4071 ministris
1658 4016 1777 4071 tuis
1807 4019 2092 4089 percussit

443 4126 581 4167 eum
627 4109 688 4164 in
738 4105 1058 4177 maxillam,
1109 4106 1355 4160 dicens:
1407 4103 1496 4159 Sic
1523 4105 1819 4176 respondes
1844 4108 2092 4178 pontiﬁci

444 4202 631 4269 (Joan.
662 4212 820 4266 xvm,
849 4193 942 4266 22)
962 4195 992 4250 Τ
1024 4198 1144 4250 Ηοο
1167 4194 1339 4265 juxta
1369 4192 1740 4261 Hebraioum,
1785 4195 1879 4249 cui
1911 4194 2090 4250 inter-

444 4285 753 4360 pretationi
782 4282 996 4361 Aquila
1026 4286 1083 4339 et
1111 4281 1522 4355 Symmachus,
1557 4286 1614 4337 et
1644 4283 1985 4351 Theodotio,
2034 4289 2091 4340 et

444 4373 622 4430 editio
653 4373 859 4446 quinta
888 4371 1281 4428 consentiunt.
1313 4371 1490 4427 Juxta
1511 4371 1648 4426 LXX
1676 4376 1873 4428 autem
1904 4373 2090 4430 multo

444 4461 524 4537 (ἀ)
554 4461 727 4518 altior
754 4476 965 4517 sensus
1004 4464 1114 4528 est,
1138 4465 1195 4516 et
1224 4459 1391 4532 quasi
1423 4476 1456 4515 a
1484 4460 1716 4531 proprio
1743 4459 2091 4533 intelligitur

442 4549 695 4609 exordio.
722 4550 888 4607 Nunc
908 4549 1234 4606 obstruitur
1254 4564 1550 4622 synagoga
1570 4550 1967 4605 obstructione
1989 4566 2001 4604 :
2031 4555 2089 4606 et

441 4639 637 4698 dicent
649 4638 750 4712 qui
766 4639 827 4695 in
842 4654 911 4697 ea
930 4637 1113 4695 clausi
1133 4638 1350 4694 fuerint
1364 4655 1377 4695 :
1392 4638 1716 4707 Angustiam
1725 4640 1909 4711 posuit
1921 4655 2086 4713 super

510 4872 587 4946 (a)
616 4870 881 4946 Diximus
911 4870 1157 4946 in__not_is
1186 4871 1270 4946 ad
1293 4870 1444 4946 Libr.
1482 4870 1786 4934 Locorum.
1820 4871 1921 4943 qui
1953 4888 2085 4929 con-

437 4941 592 5003 stare
644 4943 902 4999 nominis
940 4941 1151 4998 allusio
1183 4942 1372 4997 debet.

509 5014 584 5089 (b)
619 5013 791 5071 Addit
809 5013 1028 5069 Victor.
1054 5013 1112 5068 id
1144 5017 1234 5069 est
1262 5007 1410 5087 δῶρα
1440 5028 1452 5068 :
1488 5016 1541 5067 et
1576 5028 1729 5079 mox,
1755 5013 1974 5069 lucrum
1993 5032 2079 5071 eo-

608 5158 738 5227 puo
769 5171 940 5227 mss.,
970 5157 1021 5210 et
1048 5156 1319 5227 Spiritum
1347 5158 1617 5209 sanctum.

535 5172 565 5213 c
613 5158 738 5212 Duo
769 5171 940 5227 mss.,
970 5157 1021 5210 et
1048 5156 1319 5227 Spiritum
1347 5158 1617 5209 sanctum.

507 5156 584 5301 fdi
605 5224 713 5301 Pro
734 5227 927 5301 altior,
950 5242 1077 5297 quae
1099 5243 1232 5282 vera
1249 5231 1339 5301 est
1360 5242 1503 5281 mss.
1532 5228 1864 5301 nostrorum
1888 5226 2077 5301 lectio,

434 5296 591 5358 ut'ex
619 5297 746 5370 ipso
776 5296 1283 5370 liquet’contextu,
1311 5297 1590 5353 hactenus
1622 5298 1876 5354 obtinuit
1895 5296 2076 5358 aliter;

505 5372 579 5441 (e)
604 5368 1135 5454 Phletinbrurpppe
1153 5370 1422 5454 codicum
1446 5371 2074 5454 expu'nximusovoc‘em,

431 5456 798 5569 nequaquam,
820 5457 947 5514 quae
969 5440 1560 5498 hic‘interse‘rebatur.
1587 5441 1787 5495 Brixiae
1809 5441 2080 5499 similiter

432 5528 501 5570 co
545 5512 684 5578 ices,
708 5528 855 5585 quos
873 5512 1167 5585 Victorius
1190 5511 1504 5583 consuluit,
1528 5528 1655 5567 eam
1680 5528 1795 5569 non
1820 5513 2073 5572 habent:

388 5590 399 5599 '
430 5596 623 5667 pequs
635 5583 808 5663 porro
821 5583 948 5661 ipse
959 5583 1193 5646 Graecus
1207 5584 1600 5661 textus,oajus
1615 5584 1791 5644 verba
1807 5584 1866 5644 in
1885 5602 2078 5649 emen-

2207 3224 2463 3285 verint,et
2469 3228 2738 3292 praecepta
2748 3235 2870 3274 mea
2882 3234 2989 3274 non
2998 3215 3582 3286 custodierint,visitabo
3591 3216 3637 3268 in
3650 3211 3758 3279 virga

2211 3312 2530 3381 iniquitates
2555 3325 2762 3380 eorum,
2786 3310 2915 3364 etin
2938 3308 3181 3379 ﬂagellis
3198 3312 3417 3381 peccata
3437 3320 3630 3361 eorum:
3654 3299 3763 3354 mitt-

2209 3399 2508 3456 ricordiam
2536 3399 2717 3453 autem
2759 3413 2940 3451 meam
2985 3412 3097 3452 non
3140 3398 3457 3470 dispergam
3482 3393 3614 3448 abeo
3642 3382 3761 3459 (Ptol.

2211 3505 2477 3552 LXXXVIII,
2510 3488 2574 3541 31
2609 3486 2778 3558 seqq.)
2817 3484 3292 3541 Tribulationem
3323 3500 3449 3556 ergo
3476 3479 3634 3555 posuit
3654 3474 3761 3529 Deus

2210 3594 2387 3648 super
2415 3576 2597 3631 ﬁliam
2632 3573 2829 3644 Israel,
2884 3579 2941 3629 et
2971 3576 3307 3645 percutiant
3335 3589 3456 3629 eam
3480 3564 3657 3640 Angeli,
3690 3559 3763 3632 qui

2206 3667 2394 3739 plagis
2420 3664 2713 3737 praepositi
2744 3666 2902 3733 sunt,
2934 3662 2994 3716 in
3028 3663 3290 3718 maxilla.
3342 3670 3419 3717 Ac
3461 3675 3517 3714 ne
3542 3657 3654 3709 forte
3680 3664 3763 3703 ne-

2206 3756 2386 3811 scires
2416 3770 2543 3825 quae
2574 3755 2728 3808 esset
2761 3750 2900 3816 filia,
2929 3768 3054 3823 quae
3077 3751 3411 3808 obstruitur
3429 3740 3761 3805 obstructione,

2205 3849 2262 3900 et
2292 3844 2530 3916 ponitur
2557 3842 2619 3897 in
2651 3841 2942 3913 angustia,
2974 3841 3180 3896 statim
3215 3840 3473 3905 infertur,
3512 3840 3559 3890 et
3583 3828 3759 3888 dicitur,

2203 3934 2380 3989 tribus
2412 3929 2611 3988 Israel.
2645 3930 2760 3985 Nos
2791 3934 2985 3984 autem
3016 3946 3232 3985 sumus
3275 3927 3464 3996 Israel,
3505 3923 3589 3996 qui
3626 3918 3761 3975 mente

2204 4021 2500 4078 cernimus
2518 4017 2795 4084 Deum,ad
2816 4033 3065 4088 quorum
3087 4017 3517 4073 distinctionem
3528 4002 3760 4082 Apostolus

2201 4109 2463 4180 loquitur
2487 4124 2498 4163 :
2542 4106 2720 4162 Videte
2750 4106 2921 4161 Israel
2949 4107 3256 4162 secundum
3273 4120 3487 4162 carnem
3506 4100 3544 4173 (Ι
3568 4098 3664 4154 Cor.
3680 4105 3761 4185 II}!3

2205 4179 2311 4269 18l.
2344 4197 2680 4267 Numquam
2710 4194 2868 4249 enim
2898 4198 3129 4250 vocaret
3162 4211 3441 4252 carneum
3486 4185 3649 4252 Israel,
3684 4179 3760 4235 nisi

2200 4287 2376 4342 sciret
2403 4299 2533 4340 esse
2563 4282 2737 4337 etiam
2773 4281 3163 4356 spiritualem.

2273 4374 2458 4442 (Vers.
2482 4371 2562 4443 2.)
2593 4374 2668 4426 Et
2697 4375 2777 4437 tu,
2812 4371 3086 4426 Bethleem
3113 4372 3385 4444 Ephrata,
3412 4365 3644 4442 parvulus
3664 4373 3703 4413 es
3722 4356 3762 4409 in

2196 4464 2446 4519 millibus
2469 4460 2616 4517 Iuda
2636 4477 2656 4513 :
2680 4476 2752 4514 ex
2773 4462 2823 4515 te
2845 4459 2992 4514 mihi
3009 4456 3320 4529 egredietur
3339 4460 3431 4532 qui
3447 4458 3517 4514 sit
3534 4451 3765 4511 dominum

2195 4555 2256 4608 in
2272 4551 2460 4617 Israel,
2480 4553 2531 4605 et
2549 4565 2799 4618 egressus
2824 4550 2936 4620 ejus
2961 4550 3030 4603 ab
3052 4551 3216 4605 initio
3234 4566 3268 4604 a
3288 4549 3475 4604 diebus
3496 4534 3763 4600 eternium-

2194 4641 2337 4697 LXX
2362 4657 2375 4696 :
2403 4642 2471 4695 Et
2488 4642 2569 4710 lu,
2600 4638 2876 4694 Bethleem
2895 4638 3085 4693 domus
3114 4637 3385 4709 Ephrata,
3403 4636 3469 4709 (ε)
3497 4630 3691 4689 minima
3709 4635 3762 4688 ιδ,

2193 4873 2520 4930 datioribus
2542 4870 2709 4926 libris
2732 4870 2853 4925 haec
2873 4885 3001 4926 esse
3024 4871 3205 4926 tradit
3226 4873 3516 4934 S.Doctor,
3541 4851 3762 4933 ὀλιγοστὸς

2192 4945 2344 4998 alio?)
2359 4942 2492 4997 εἶναι
2507 4938 2788 5016 ἐνῗχιλιάςι
2802 4937 3377 5016 ἸφύδαεΟ-ιιᾶωᾳιιᾳιι)
3392 4955 3501 5016 non
3513 4935 3763 5016 difﬁtemqu

2192 4996 2335 5073 ista
2350 4996 2909 5088 negandi‘particula
2934 4996 3333 5088 μῆλ’ὀλιγρᾶτός
3355 5012 3553 5088 legisse
3569 4996 3763 5088 Theodf:

2192 5090 2394 5156 ritum,
2427 5080 2642 5158 sicque
2660 5080 3365 5158 praeferre'Barberinium
3399 5080 3679 5158 codiceni,
3699 5080 3759 5158 ειξι

2410 5139 2678 5237 ᾐόὶᾷφῖ
2690 5155 3002 5237 apponitur
3026 5152 3339 5237 blzyomqs,
3360 5139 3759 5237 abstinuit-Ii:

2191 5232 2368 5302 nique
2388 5234 2447 5284 et
2470 5246 2538 5284 ex
2561 5222 3243 5302 LatinislSsCyprian'u‘m
3274 5222 3373 5302 lib.
3399 5243 3436 5281 ιι
3449 5222 3759 5302 Τβειιαιεξιῃιξο

2191 5285 2483 5368 rum,non
2514 5302 2733 5369 exigua.
2770 5298 2877 5353 Sed
2910 5285 3016 5352 ιῖιέο
3048 5297 3191 5353 illud
3229 5299 3424 5362 refert,
3448 5299 3510 5369 ut
3534 5291 3605 5346 ait
3625 5285 3756 5369 Victa

2189 5362 2510 5443 rius,'quod
2534 5373 2590 5426 in
2607 5362 2886 5443 TMatthaao
2910 5369 3280 5440 Evangelista
3300 5362 3756 5443 inveniatur}.(illull

2188 5423 2589 5515 Ili—erobj‘m—u’s—
2605 5423 2708 5495 hic,
2725 5423 2880 5495 iclare
2911 5423 3151 5515 asserat,
3188 5423 3757 5515 testimoniumil‘lud}

2184 5503 2450 5571 Matthae'o
2473 5514 2735 5579 citatum,
2765 5527 2869 5567 nec
2895 5503 3196 5578 Hebraico,
3221 5527 3328 5566 nec
3346 5503 3755 5581 Septuaginl‘alﬁ‘

2181 5566 2892 5667 terprbtibusconvénire.
2947 5566 3208 5645 Defuissé
3261 5566 3457 5643 autem
3503 5566 3757 5649 ἱιῖῗωαιη
