3988 6170
227 363 395 435 ωε)

943 358 1689 432 COMMENTARIORUM
1732 363 1812 431 ΙΝ
1856 357 2243 429 MICILEAM
2284 362 2436 428 LIB.
2482 362 2562 428 Il.
2607 362 2780 428 CAP.
2826 360 2929 428 Vl.

3483 360 3642 427 1210

224 500 581 560 vaticinium
610 501 1047 577 prophetarum,
1080 506 1138 559 et
1192 519 1306 558 non
1358 502 1552 559 solum
1604 502 1662 557 id
1711 499 1882 557 nobis
1909 499 1968 568 Α
1996 501 2087 554 sta
2115 497 2458 566 medullata,
2492 503 2549 556 et
2602 515 2870 556 cruorem
2926 497 3197 565 arietum,
3245 500 3303 555 et
3339 495 3639 557 hircorum

228 593 547 666 praestitit;
580 593 681 648 sed
713 593 784 649 de
811 592 1185 648 inimicorum
1218 608 1451 663 quoque
1474 608 1580 647 nos
1612 590 1884 646 manibus

226 681 920 738 liberavit.Recordemur
948 682 1105 738 enim
1140 681 1281 754 quid
1316 680 1651 753 cogitaverit
1683 681 1883 735 adver-

226 788 368 827 sum
401 772 689 839 nos,504
712 772 811 843 qui
846 772 1121 826 devorare
1150 770 1350 835 voluit,
1384 778 1440 825 et
1470 775 1731 825 nostram
1755 785 1886 823 con-

174 902 181 910 .
226 861 631 932 gregationem
663 859 937 931 elingere,
972 860 1132 914 velus
1194 858 1361 914 Balac
1393 859 1684 913 diabalus.
1718 860 1889 913 Balac

232 949 399 1006 enim
432 949 852 1020 interpretatur
882 945 1173 1022 ἐκλείχων,
1221 948 1279 1002 id
1331 954 1438 1015 est,
1497 949 1760 1019 eli-agens,
1792 964 1890 1003 rex

228 1055 401 1110 aquis
432 1044 685 1111 paternae
706 1057 725 1093 :
756 1037 1048 1109 siquidem
1080 1038 1230 1093 Moab
1260 1039 1427 1108 juxta
1458 1036 1631 1092 aliam
1664 1042 1887 1108 etymo-

228 1127 474 1200 logiam,
507 1144 652 1197 aqua
674 1136 910 1198 paterna
938 1126 1170 1182 dicitur.
1197 1126 1342 1181 Cum
1366 1126 1545 1197 igitur
1573 1126 1886 1180 insidiare-

226 1218 335 1271 tur
358 1216 527 1271 nobis
550 1215 732 1283 Balac,
763 1220 821 1270 et
848 1214 1230 1270 insidiaretur
1256 1232 1359 1286 per
1388 1232 1593 1269 vanum
1622 1215 1889 1285 pupulum

226 1322 418 1375 suum,
452 1305 607 1377 quod
639 1304 1055 1375 interpretatur
1082 1305 1457 1367 Balaam,non
1493 1304 1761 1374 permisit
1784 1320 1886 1358 nos

228 1400 391 1451 Deus
423 1392 748 1449 maledictis
769 1392 928 1449 illius
948 1394 1252 1463 subjacere
1277 1418 1291 1460 ;
1320 1393 1421 1448 sed
1445 1392 1766 1448 econtrario
1797 1393 1890 1448 be-

230 1482 461 1540 nedixit
487 1482 679 1550 nobis,
711 1482 793 1538 rei
825 1482 1010 1553 ipsius
1041 1481 1283 1537 veritate
1313 1481 1656 1553 compulsus
1702 1498 1890 1538 vanus

230 1572 493 1645 populus
521 1570 809 1644 gentium,
842 1576 1016 1626 natus
1046 1570 1118 1626 de
1148 1587 1214 1626 eo
1237 1570 1334 1641 qui
1362 1570 1422 1624 in
1445 1570 1592 1642 pelle
1617 1574 1732 1625 est:
1752 1587 1888 1625 nam

232 1665 380 1719 Beor
407 1661 825 1732 interpretatur
854 1663 915 1716 in
934 1661 1097 1732 pelle,
1131 1675 1363 1731 semper
1391 1660 1551 1715 carni
1581 1664 1638 1714 et
1685 1659 1891 1715 mortis

232 1750 515 1824 operibus
534 1750 768 1805 deditus
792 1768 805 1806 :
824 1748 1243 1821 responditque
1261 1765 1365 1820 pro
1384 1748 1553 1804 nobis
1573 1765 1760 1804 vanus
1784 1764 1891 1819 po-

233 1840 438 1914 pulus,
468 1844 632 1895 ortus
654 1856 724 1894 ex
751 1855 818 1894 eo
849 1839 950 1910 qui
980 1841 1138 1893 totus
1188 1837 1247 1891 in
1310 1836 1460 1909 pelle
1507 1841 1616 1905 est,
1660 1852 1893 1909 semper

234 1932 616 1986 commutaus
644 1928 790 1998 loca,
812 1928 903 1982 vel
934 1931 1099 1983 stans
1131 1942 1309 1998 super
1336 1925 1683 1997 spinas,sive
1719 1942 1896 1995 super

231 2017 556 2082 funiculos,
590 2022 654 2073 ut
680 2016 941 2089 Vulgatas
970 2032 1203 2087 quoque
1253 2014 1530 2071 editionis
1571 2030 1895 2085 sequamur

233 2123 521 2164 errorem.
554 2106 745 2178 Spinaa
777 2111 975 2161 autem
999 2105 1170 2175 juxta
1199 2103 1501 2174 eloquium
1555 2102 1892 2172 Salvatoris,

236 2213 398 2253 curia
428 2195 607 2267 hujus
638 2194 857 2259 saeculi,
890 2199 947 2251 et
975 2194 1214 2260 divitias,
1248 2197 1305 2247 et
1323 2191 1651 2263 voluptates
1675 2196 1813 2246 sunt
1834 2190 1895 2246 in

235 2284 460 2357 quibus
489 2300 675 2340 vanus
704 2287 795 2339 est
842 2282 1095 2354 populus
1154 2280 1366 2353 (Matth.
1423 2298 1545 2348 xm,
1607 2285 1782 2337 Marc.
1814 2280 1893 2351 v).

236 2374 408 2441 Quod
441 2377 637 2429 autem
669 2376 784 2429 stet
814 2371 875 2427 in
908 2371 1171 2439 funibus,
1221 2369 1281 2424 in
1339 2368 1590 2425 vinculis
1634 2368 1899 2425 videlicet

238 2460 1068 2537 peccatorum(funibus,enim
1084 2463 1453 2531 peccatorum
1466 2474 1706 2513 suorum
1722 2474 1900 2514 unus-

236 2551 498 2625 quisque
517 2549 1141 2621 constringitur[Prov.
1175 2546 1254 2620 v],
1286 2551 1345 2603 et
1376 2547 1557 2603 Isaias
1586 2547 1754 2601 testis
1787 2550 1894 2616 est,

241 2642 489 2697 dicens:
520 2645 618 2697 Ve
645 2641 742 2709 qui
778 2637 1110 2710 protrahunt
1139 2644 1365 2708 peccata
1392 2652 1493 2690 sua
1522 2637 1683 2706 quasi
1709 2638 1900 2706 funem

240 2729 548 2799 longum,et
574 2727 733 2799 quasi
763 2726 941 2781 lorum
965 2727 1091 2795 iugi
1118 2725 1315 2781 uitulae
1340 2724 1664 2793 iniquitates
1686 2725 1897 2795 (Isai.v,

240 2817 358 2888 18).
390 2816 451 2872 Si
480 2815 664 2888 igitur
693 2818 827 2881 stat,
862 2831 975 2869 non
1007 2818 1124 2869 stat
1154 2812 1267 2867 nisi
1301 2813 1363 2867 in
1396 2812 1582 2883 spinis
1612 2817 1668 2867 et
1720 2812 1777 2866 in
1811 2813 1900 2866 fu-

240 2906 466 2962 nibus:
498 2906 549 2961 si
578 2908 775 2960 autem
805 2902 1056 2958 voluerit
1087 2901 1350 2966 circuire,
1376 2918 1490 2957 non
1522 2901 1701 2957 habet
1727 2900 1902 2956 stabi-

240 2995 366 3052 lem
396 2995 666 3067 gradum,
707 2993 808 3049 sed
857 3008 1088 3063 semper
1135 2992 1431 3046 fluctuans
1490 2996 1547 3046 et
1592 2989 1899 3061 vacillans,

248 3083 513 3157 pervenit
532 3099 720 3154 usque
740 3082 811 3136 ad
846 3080 1095 3151 Galgala,
1130 3080 1286 3151 quod
1320 3080 1733 3151 interpretetur
1751 3076 1902 3131 κυλι-

1990 587 2537 660 pinguium,animae
2562 590 2760 645 sordes
2782 588 2971 644 lavare
2990 588 3181 661 (Hebr.
3206 587 3283 660 Χ).
3312 587 3638 659 Numquid,

1991 676 2249 745 ait,dabo
2272 678 2728 750 primogenitum
2757 695 2952 733 meum
2976 695 3081 750 pro
3105 676 3319 733 scelere
3343 693 3491 741 meo,
3525 675 3638 732 sic-

1996 764 2078 820 uti
2112 782 2210 820 rex
2242 767 2407 821 Moab
2443 768 2647 822 fecisse
2692 767 3041 822 describitur
3070 766 3165 836 (IV
3194 769 3320 837 R-ag.
3374 766 3461 838 III)
3482 765 3509 820 ?
3541 768 3643 821 aut

1995 854 2248 909 fructum
2276 856 2492 911 ventris
2518 856 2629 911 mei
2658 874 2757 927 pro
2780 862 3014 928 peccato
3048 857 3255 911 animai
3289 873 3450 924 meae,
3487 856 3642 927 quod

1997 944 2130 998 fecit
2158 945 2387 1016 Jephte,
2440 963 2543 1015 pro
2600 947 2927 1001 temeritate
2982 946 3098 1000 voti
3159 946 3403 1001 offerens
3460 944 3644 1000 ﬁliam

1997 1033 2222 1103 (Iudith.
2256 1036 2334 1105 x1)
2365 1034 2392 1088 ?
2421 1035 2537 1089 Nos
2567 1051 2703 1106 ergo
2757 1035 2857 1106 qui
2909 1050 3116 1090 sumus
3173 1034 3244 1089 de
3300 1034 3514 1106 populo
3548 1034 3643 1089 Dei

1996 1121 2246 1199 scientes
2280 1124 2419 1194 quia
2450 1141 2564 1178 non
2590 1123 3018 1195 justiﬁrabitur
3046 1124 3103 1178 in
3163 1128 3479 1195 conspectu
3519 1125 3647 1195 ejus

1995 1211 2188 1266 omnis
2219 1213 2415 1267 vivens
2448 1212 2560 1283 (Ps.
2622 1215 2820 1283 CXLII),
2882 1218 2940 1268 et
2994 1214 3286 1268 dicentes:
3333 1214 3651 1268 Jumentum

1993 1301 2174 1371 factus
2203 1317 2321 1355 sum
2348 1302 2495 1372 apud
2525 1308 2575 1356 te
2609 1303 2723 1373 (Ps.
2763 1320 2933 1367 Lxxn,
2968 1304 3336 1373 23),agentes
3367 1300 3651 1373 paeniten-

1994 1389 2137 1444 tiam
2170 1406 2274 1461 pro
2308 1390 2582 1461 peccatis,
2617 1392 2962 1446 dubitamus
3020 1395 3076 1445 ot
3131 1391 3423 1445 dicimus:
3455 1393 3518 1447 In
3548 1407 3651 1463 quo

1997 1479 2407 1550 apprehendam
2441 1481 2731 1535 Dominum
2787 1482 3086 1551 suscipiam
3144 1481 3433 1535 Dominum
3473 1496 3653 1535 meum

1996 1569 2275 1623 excelsum
2301 1569 2327 1623 ?
2357 1569 2658 1632 Quomodo
2689 1585 2824 1625 eum
2855 1574 3054 1641 potero
3073 1574 3271 1625 tenere
3295 1568 3654 1641 fugientem?

1999 1660 2221 1729 quanta
2253 1658 2545 1712 munditia
2577 1657 2779 1712 valebo
2813 1674 3141 1730 praeparare
3174 1657 3497 1730 hospitium
3527 1657 3655 1713 Tri-

1999 1745 2167 1801 nitati
2187 1746 2214 1799 ?
2244 1748 2330 1800 An
2354 1746 2856 1818 comprehendam
2888 1764 3021 1802 eum
3054 1747 3114 1801 in
3139 1745 3656 1803 holocaustomati-

1999 1834 2130 1899 bus,
2165 1838 2231 1889 ut
2258 1838 2447 1889 totum
2482 1852 2574 1890 me
2617 1835 2669 1890 ei
2699 1835 3110 1891 holocaustum
3172 1840 3430 1903 oﬂeram,
3461 1835 3551 1892 vel
3594 1835 3655 1891 in

2002 1922 2201 1977 vitulis
2224 1923 2537 1989 anniculis,
2562 1928 2625 1978 ut
2655 1924 2743 1978 lac
2774 1926 3070 1991 deserens,
3104 1928 3161 1979 et
3188 1926 3260 1979 ad
3287 1923 3541 1981 solidum
3565 1941 3656 1980 ve-

2004 2011 2174 2066 niens
2206 2012 2425 2077 cibum,
2461 2030 2613 2067 anno
2644 2012 2875 2068 Domini
2907 2011 3246 2085 acceptabili
3279 2012 3493 2084 dignus
3532 2013 3655 2069 efﬁ-

2006 2100 2127 2155 ciar
2155 2100 2182 2155 ‘2
2209 2100 2267 2155 Si
2292 2099 2452 2155 mille
2472 2101 2737 2156 obtulero
2761 2102 2991 2168 arietes,
3026 2099 3079 2156 si
3111 2102 3308 2157 decem
3337 2100 3526 2156 millia
3545 2100 3662 2156 hir-

2005 2205 2232 2253 corum,
2264 2193 2321 2244 et
2351 2194 2503 2244 totas
2536 2190 2771 2245 Levitici
2792 2189 3062 2245 victimas
3085 2188 3471 2262 spiritualiter
3490 2189 3659 2246 intel-

2006 2277 2195 2351 ligens
2224 2278 2282 2332 in
2318 2295 2409 2333 me
2442 2279 2777 2348 exhibuero,
2812 2284 2869 2333 et
2925 2280 3139 2335 cadant
3193 2297 3262 2335 ex
3316 2279 3496 2336 latere
3527 2296 3657 2335 meo

2008 2366 2188 2433 mille,
2223 2372 2278 2422 et
2309 2368 2510 2423 decem
2543 2367 2729 2423 millia
2751 2384 2784 2423 a
2814 2370 2881 2438 (c)
2914 2368 3172 2424 sinistris
3205 2367 3351 2425 meis
3399 2370 3509 2440 (Ps.
3542 2372 3660 2439 xc),

2010 2459 2204 2511 tamen
2238 2455 2382 2510 nihil
2407 2456 2653 2528 dignum
2685 2457 2823 2512 dare
2854 2460 3077 2528 potero,
3110 2457 3169 2511 in
3202 2474 3317 2529 quo
3342 2457 3663 2529 apprehen-

2010 2545 2167 2613 dam,
2200 2543 2287 2598 vel
2320 2544 2641 2616 suscipiam
2672 2545 2877 2601 Deum.
2911 2544 2972 2599 Si
3010 2546 3223 2601 dedero
3270 2545 3661 2618 primogenita

2011 2649 2143 2688 mea
2173 2649 2276 2704 pro
2308 2633 2628 2705 impietate,
2660 2637 2716 2688 et
2742 2634 2999 2689 fructum
3030 2635 3248 2689 ventris
3267 2634 3380 2690 mei
3408 2651 3513 2706 pro
3534 2651 3663 2706 pec-

2010 2725 2138 2781 eato
2156 2722 2369 2777 animae
2391 2738 2532 2777 meae
2560 2739 2571 2776 :
2599 2723 2750 2777 dabo
2772 2722 3009 2795 quidem
3033 2723 3320 2795 quidquid
3340 2724 3401 2780 in
3425 2739 3517 2779 me
3543 2721 3659 2795 pri-

2011 2825 2174 2863 mum
2208 2813 2317 2880 est,
2348 2810 2448 2864 sed
2474 2826 2576 2880 pro
2608 2826 2737 2865 meo
2772 2818 3007 2882 peccato
3065 2817 3122 2867 et
3179 2811 3472 2884 impietate
3514 2810 3658 2867 nihil

2012 2897 2257 2970 dignum
2285 2899 2521 2953 olferam
2546 2899 2682 2970 Deo,
2711 2899 2873 2955 Unde
2895 2905 2950 2955 et
2973 2901 3142 2955 David
3171 2906 3460 2973 precatur,
3493 2905 3550 2956 et
3573 2899 3661 2956 di-

2011 2986 2124 3041 cit:
2159 2985 2327 3058 lllagis
2356 2989 2635 3059 magisque
2663 2990 2797 3044 lava
2825 3006 2912 3044 me
2943 2990 3013 3044 ab
3042 2991 3338 3061 iniquitate
3365 3006 3511 3059 mea,
3543 2994 3597 3045 et
3624 3006 3662 3045 a

2005 3078 2219 3146 peccato
2254 3091 2365 3130 meo
2394 3077 2601 3131 munda
2632 3093 2737 3132 me.
2766 3078 3037 3146 Quoniam
3068 3079 3384 3149 iniquitates
3398 3094 3549 3134 meas
3571 3093 3664 3149 ego

249 3170 418 3243 σμὸς,
452 3171 632 3238 idest,
657 3171 975 3227 volubilitas
991 3169 1077 3225 vel
1101 3170 1176 3240 (a)
1192 3170 1559 3224 volutabrum.
1583 3168 1642 3224 Si
1667 3169 1901 3240 quando
2010 3179 2292 3232 cognosco,
2323 3171 2375 3220 et
2426 3164 2699 3220 delectum
2755 3182 2936 3221 meum
2963 3175 3152 3222 contra
3208 3183 3295 3221 me
3321 3170 3403 3222 est
3456 3183 3667 3240 semper

243 3242 571 3317 viderimus
592 3274 945 3330 consurgere
963 3257 1193 3328 aliquos
1211 3258 1524 3312 adversum
1551 3273 1678 3320 nos,
1703 3261 1759 3311 et
1779 3256 1896 3311 avi-
1928 3242 1971 3310 C
2009 3252 2123 3324 (Ps.
2155 3270 2204 3320 L,
2239 3254 2312 3324 3).
2350 3254 2457 3308 Pro
2489 3260 2725 3325 peccato
2757 3256 2967 3310 animas
2998 3255 3162 3312 solus
3193 3255 3367 3329 digne
3419 3256 3666 3328 sanguis

243 3350 341 3407 dis
367 3348 639 3405 faucibus
659 3352 927 3403 nostrum
943 3346 1105 3402 sitire
1122 3346 1491 3419 sanguinem,
1515 3349 1571 3400 et
1592 3362 1659 3401 ex
1676 3346 1899 3417 impro-

240 3437 372 3495 visa
401 3435 839 3509 dispensatione
870 3434 990 3501 Dei,
1025 3451 1129 3507 pro
1159 3434 1330 3490 nobis
1360 3434 1485 3489 ﬁeri
1515 3434 1741 3505 eos,qui
1764 3450 1900 3489 con-

240 3530 339 3583 tra
356 3542 466 3582 nos
485 3528 784 3591 venerant,
810 3522 1341 3592 dicamus,Balaam
1360 3522 1431 3576 de
1451 3521 1729 3586 funiculis
1749 3522 1906 3578 venit

243 3632 441 3687 usque
467 3615 540 3670 ad
573 3612 799 3685 Galgal,
830 3616 897 3668 ut
925 3616 1311 3683 cognoscatur
1330 3610 1567 3681 justitia
1598 3610 1720 3666 Dei.

314 3704 509 3777 (Vers.
535 3704 595 3774 6,
625 3705 708 3770 6.)
726 3702 875 3771 Quid
893 3702 1128 3772 dignum
1147 3701 1374 3772 offeram
1396 3704 1627 3756 Domino
1646 3700 1673 3754 ‘I
1703 3716 1901 3755 curva-

246 3794 312 3851 bo
331 3810 479 3862 genu
496 3793 599 3848 Deo
618 3792 833 3848 excelso
852 3791 880 3847 ‘I
908 3790 1193 3861 Numquid
1251 3791 1479 3861 o/feram
1536 3790 1590 3843 ei
1620 3789 1900 3845 holocaus-

243 3887 477 3948 tomata,
508 3889 563 3939 et
592 3882 786 3938 vitulos
804 3880 1141 3935 anniculos?
1172 3878 1449 3949 Numquid
1482 3878 1697 3949 placari
1734 3881 1907 3948 potest

244 3974 520 4030 Dominus
548 3972 612 4026 in
641 3968 897 4025 millibus
925 3971 1183 4038 arietum,
1216 3976 1312 4023 aut
1344 3968 1402 4022 in
1432 3968 1622 4022 multis
1654 3967 1903 4022 millibus

246 4062 534 4118 hircomm
577 4060 921 4131 pinguium?
972 4058 1257 4128 Numquid
1283 4056 1419 4111 dabo
1467 4058 1906 4126 primogenitum

247 4166 437 4206 meum
460 4164 562 4221 pro
590 4149 793 4205 scelere
822 4163 940 4203 meo
958 4165 977 4202 :
1001 4149 1248 4216 fructum
1276 4147 1480 4201 ventris
1513 4147 1622 4201 mei
1646 4162 1751 4218 pro
1775 4161 1906 4217 pec-

245 4247 369 4297 cato
424 4240 630 4295 animae
688 4241 863 4294 mea?
952 4235 1127 4292 LXX:
1201 4237 1263 4290 In
1337 4251 1439 4306 quo
1504 4235 1908 4307 appreliendam

244 4329 549 4387 Dominum
572 4330 597 4382 .9
624 4327 700 4398 (b)
729 4327 1035 4394 suscipiam
1067 4329 1244 4380 Deum
1271 4340 1454 4380 meum
1482 4325 1801 4380 excelsum?
1846 4324 1908 4380 Si

247 4416 662 4491 apprehendam
720 4432 848 4471 eum
896 4417 956 4469 in
1013 4414 1360 4484 holocaustis,
1430 4416 1489 4467 in
1550 4415 1741 4469 vitulis
1805 4431 1905 4469 an-

246 4507 504 4564 niculis?
573 4506 839 4575 suscipiat
909 4504 1181 4560 Dominus
1244 4505 1304 4558 in
1333 4503 1586 4557 millibus
1644 4505 1904 4569 arietum,

2011 3342 2288 3397 offertur:
2322 3347 2378 3396 et
2407 3343 2672 3413 sanguis,
2708 3360 2821 3397 non
2854 3342 3192 3411 vitulorum,
3227 3361 3342 3399 non
3392 3344 3663 3412 arietum,

2012 3446 2126 3485 non
2152 3430 2469 3497 hircorum,
2505 3431 2607 3486 sed
2642 3431 2915 3502 proprius
2946 3431 3121 3503 digne
3152 3433 3414 3498 offertur,
3440 3432 3668 3488 dicente

2012 3523 2186 3589 atque
2207 3523 2500 3589 quaerente
2520 3518 2806 3589 prOpheta
2829 3520 3019 3592 :506
3044 3519 3185 3587 Quid
3216 3520 3531 3575 retribuam
3559 3521 3667 3575 Do-

2008 3608 2160 3661 mino
2185 3623 2290 3677 pro
2317 3607 2569 3662 omnibus
2599 3622 2725 3677 qua:
2754 3608 3016 3662 retribuit
3046 3608 3185 3661 mihi
3203 3607 3231 3661 ‘l
3259 3608 3329 3662 Et
3348 3612 3547 3678 postea
3573 3623 3667 3662 re-

2010 3695 2302 3767 pondente
2325 3713 2338 3750 :
2376 3695 2611 3750 Calicem
2642 3696 2907 3750 salutaris
2934 3696 3227 3766 accipiam,
3253 3704 3305 3750 et
3331 3711 3527 3751 nomen
3559 3697 3667 3751 Do-

2010 3783 2444 3839 miniinvocabo.
2500 3785 2742 3839 Pretiosa
2801 3785 2859 3838 in
2915 3786 3208 3854 conspectu
3254 3784 3481 3839 Domini
3522 3772 3669 3840 mors

2008 3882 2321 3929 sanctorum
2354 3875 2473 3946 ejus
2505 3874 2617 3943 (Ps.
2650 3872 2797 3944 cxv).
2833 3872 3050 3927 Verum
3084 3877 3141 3927 et
3170 3871 3368 3944 ipsum
3427 3873 3667 3946 sangui-

2013 3979 2148 4018 nem
2172 3979 2287 4017 non
2311 3963 2651 4027 damus,sed
2679 3962 3083 4017 reddimus.Et
3105 3961 3244 4033 quid
3271 3961 3466 4017 simile
3487 3961 3514 4017 ‘l
3535 3978 3668 4019 cum

2005 4053 2211 4124 justus
2240 4069 2342 4124 pro
2376 4052 2804 4124 peccatoribus,
2842 4051 2937 4106 Dei
2974 4050 3155 4107 Filius
3187 4068 3289 4123 pro
3324 4051 3668 4108 hominibus

2014 4146 2286 4196 mortuus
2305 4140 2401 4211 sit,
2436 4158 2543 4195 nos
2565 4145 2897 4212 peccatores
2921 4144 2978 4196 et
2997 4140 3268 4197 homines
3289 4157 3391 4213 pro
3414 4140 3669 4198 numinis

2014 4231 2143 4301 ejus
2173 4230 2543 4286 confessione
2574 4229 2900 4284 moriamur
2915 4230 2942 4285 εἰ

2087 4320 2274 4391 (Vers.
2306 4319 2384 4390 8.)
2407 4320 2673 4376 Indicabo
2692 4321 2814 4389 tibi,
2847 4336 2881 4375 ο
2902 4320 3079 4387 homo,
3104 4318 3237 4391 quid
3261 4320 3336 4374 sit
3367 4321 3588 4390 bonum,
3619 4323 3673 4375 et

2016 4409 2148 4481 quid
2179 4411 2446 4464 Dominus
2477 4413 2689 4479 quaerat
2719 4426 2753 4463 a
2777 4415 2851 4479 te,
2884 4410 3077 4478 utique
3099 4411 3282 4479 facere
3300 4408 3598 4479 judicium,
3621 4417 3673 4464 et

2016 4498 2242 4570 diligere
2271 4498 2733 4566 misericordiam,
2785 4501 2838 4552 et
2865 4497 3165 4551 sollicitum
3211 4496 3510 4552 ambulare
3546 4512 3671 4551 cum

249 4597 410 4656 505
442 4597 525 4651 vel
557 4596 617 4650 in
644 4595 833 4651 decem
862 4593 1109 4648 millibus
1156 4594 1436 4647 hircorum
1492 4592 1786 4662 pinguium
1809 4595 1834 4644 ἲ
1860 4594 1910 4647 si
1940 4611 1984 4675 ι)
2018 4588 2121 4643 Deo
2149 4591 2258 4642 tuo.
2292 4586 2473 4641 LXX:
2509 4587 2915 4641 Annuntiatum
2939 4588 3018 4639 est
3048 4585 3167 4654 tibi,
3202 4584 3379 4675 liomo,
3415 4584 3547 4656 quid
3578 4585 3667 4640 bo-

246 4687 391 4745 dabo
417 4684 783 4757 primogenita
809 4698 934 4738 mea
959 4697 1063 4753 pro
1091 4682 1375 4753 impietate
1400 4697 1413 4735 :
1444 4683 1659 4751 fructus
1697 4682 1905 4736 ventris

246 4777 366 4833 mei
390 4790 489 4847 pro
514 4781 732 4845 peccato
761 4774 973 4829 anim
993 4787 1146 4827 mese.
1172 4775 1325 4826 Deus
1351 4768 1634 4851 populum
1663 4770 1734 4825 ad
1749 4771 1908 4841 judi-

248 4865 414 4925 cium
446 4865 822 4935 provocarat:
856 4859 954 4916 ille
984 4860 1179 4915 sciens
1217 4863 1522 4930 peccatum
1579 4875 1756 4915 suum
1790 4876 1905 4915 non

247 4953 382 5011 vult
407 4950 889 5018 contendere,sed
923 4964 1146 5021 rogare,
1178 4964 1283 5003 nec
1304 4952 1500 5004 tamen
1523 4948 1581 5002 in
1606 4947 1752 5020 ipsis
1777 4965 1904 5019 pre-

250 5044 425 5099 cibus
452 5042 627 5097 habet
650 5038 948 5094 ﬁduciam.
984 5036 1140 5092 Nihil
1171 5037 1328 5092 enim
1361 5036 1604 5108 dignum
1631 5037 1905 5108 est,quod

251 5148 364 5206 pro
393 5134 627 5211 peccato
661 5127 844 5200 possit
870 5127 986 5182 Deo
1017 5125 1230 5195 offerri,
1264 5129 1320 5180 et
1374 5124 1540 5180 nulla
1600 5125 1909 5181 humilitas

249 5226 449 5295 potest
478 5218 739 5275 maculas
770 5216 964 5272 eluere
993 5214 1521 5285 delictorum,quia
1544 5213 1908 5285 impossibile

249 5315 349 5369 est
378 5309 726 5397 sangpinem
746 5310 1074 5370 taurorum,
1107 5308 1164 5360 et
1192 5302 1531 5370 vitulorum,
1555 5310 1612 5358 et
1634 5302 1908 5359 holocau-

352 5562 409 5625 α)
442 5563 562 5615 Duo
582 5556 830 5615 Palatini
854 5572 998 5612 mss.
1022 5555 1364 5625 voluchrum,
1394 5556 1495 5609 aut
1523 5554 1805 5611 volucrum

352 5579 387 5616 a
442 5563 562 5615 Duo
582 5562 830 5615 Palatini
854 5572 998 5612 mss.
1022 5562 1364 5625 votuchrum,
1394 5562 1495 5609 aut
1523 5562 1805 5611 volucrum

324 5562 409 5706 (bl
432 5630 776 5706 Amavimus
803 5629 941 5706 hinc
970 5630 1021 5706 s_i
1052 5626 1426 5706 particulam,
1454 5643 1583 5699 quis
1630 5643 1821 5699 neque
1850 5626 1910 5683 in

250 5700 449 5763 nostri
478 5719 623 5760 mss.
659 5717 849 5774 neque
878 5700 939 5757 in
971 5700 1169 5761 Greco
1199 5702 1456 5761 resonat.

2014 4693 2169 4743 num,
2200 4680 2297 4731 aut
2325 4676 2456 4747 quid
2481 4676 2747 4730 Dominus
2777 4676 2989 4745 (μειερ-αι
3017 4691 3052 4728 a
3073 4677 3143 4742 te,
3170 4674 3285 4728 nisi
3304 4675 3363 4727 ut
3381 4675 3559 4745 facias
3569 4674 3667 4746 ju-

2013 4766 2239 4832 ilicium,
2274 4768 2323 4820 et
2352 4763 2557 4833 diligas
2574 4762 3033 4829 misericordiam,
3068 4769 3119 4817 et
3131 4766 3361 4831 paratus
3379 4764 3456 4817 sis
3476 4762 3667 4818 ambu-

2017 4856 2134 4911 lare
2164 4870 2289 4909 cum
2321 4858 2431 4909 Deo
2460 4855 2573 4908 tuo.
2617 4851 2766 4917 Quia
2799 4850 3058 4918 dubitas,
3118 4867 3151 4906 o
3209 4852 3423 4923 popule
3471 4851 3667 4920 Israel,

2015 4943 2196 4998 immo
2217 4942 2557 4998 universum
2574 4940 2881 4995 hominum
2895 4956 3081 5011 genus
3099 4940 3496 5011 (nequaquam
3511 4940 3667 4995 enim

2015 5031 2224 5104 loquor
2254 5031 2323 5087 ad
2360 5028 2644 5103 populum
2675 5029 3039 5094 Judzeorum,
3073 5028 3173 5082 sed
3216 5026 3564 5100 generaliter
3593 5028 3667 5083 ad

2016 5138 2251 5178 omnem
2285 5120 2585 5175 hominem
2609 5135 2774 5173 meus
2793 5134 2985 5173 sermo
3008 5133 3179 5190 percu
3191 5117 3347 5188 rret),
3369 5117 3663 5189 quomodo

2016 5228 2121 5283 pro
2146 5209 2398 5283 peccatis
2423 5208 2541 5264 tuis
2563 5209 2746 5264 Deum
2770 5210 2962 5279 possis
2983 5206 3232 5279 placare,
3260 5206 3310 5262 si
3342 5223 3447 5263 nec
3487 5206 3669 5262 habes

2014 5300 2283 5356 victimas
2313 5298 2529 5370 quibus
2557 5303 2660 5353 tua
2679 5301 3093 5368 compensatur
3110 5294 3384 5367 impietas
3408 5311 3422 5351 :
3448 5311 3553 5369 ego
3577 5311 3666 5352 re-

2089 5552 2163 5623 (c)
2193 5548 2442 5623 Palatini
2474 5566 2618 5623 mss,
2650 5551 2706 5603 et
2734 5545 2975 5615 Victor.,
3010 5564 3043 5602 a
3070 5546 3281 5623 dextris
3308 5547 3483 5623 meis:
3517 5546 3672 5604 infra

2018 5621 2274 5696 quoque,
2308 5622 2538 5696 Multum
2567 5621 2825 5696 lavame,
2850 5635 2952 5690 pro
2985 5622 3172 5691 Magis
3199 5621 3503 5692 magisque,
3533 5623 3667 5691 etc.,

2012 5689 2187 5770 juxta
2215 5693 2533 5768 Vulgatam
2567 5689 2907 5749 editionem-
