4008 6184
420 360 451 421 1
461 361 579 422 229

1115 362 1863 429 COMMENTARIORUM
1908 364 1985 427 IN
2033 363 2061 425 ll

2170 363 2421 428 ιΗιΕΑΜ
2465 364 2612 429 LIB.
2661 370 2740 431 II.
2785 368 2956 430 CAP.
3002 366 3134 429 VII.

3669 349 3826 426 1230

417 491 850 562 obstupescent,
883 497 939 549 et
960 495 1433 564 admirabuntur,
1459 515 1571 552 non
1589 498 1649 552 in
1673 497 1921 552 Domino
1945 495 2062 551 Deo
2096 497 2149 560 Α
2179 500 2236 552 et
2265 498 2472 569 reliqui
2496 501 2567 554 de
2585 501 2800 573 populo
2822 503 2962 556 sunt
2981 497 3190 565 relicti,
3215 495 3555 567 iniquitates
3577 511 3717 552 suas
3739 494 3824 550 eis

418 596 524 635 suo
555 581 828 650 (necdum
847 582 1003 638 enim
1026 586 1429 652 merebuntur,
1455 586 1758 641 utdicatur
1779 585 2065 640 Dominus

417 669 572 724 Deus
604 673 850 740 eorum),
883 673 982 727 sed
1017 673 1077 727 in
1109 673 1355 729 Domino
1377 674 1492 729 Deo
1525 679 1742 730 nostro.
1777 675 1846 729 Et
1869 673 2064 728 subito

419 758 484 813 fit
505 756 819 833 ἀποστροφή
845 760 916 815 ad
944 760 1240 816 Christum
1263 762 1594 834 diciturque
1615 764 1686 818 ad
1704 779 1838 818 eum
1865 779 1877 818 :
1915 764 2061 818 Etti-

414 847 642 902 mebunt
668 865 704 903 a
733 857 800 904 te.
834 849 1196 921 Principium
1229 851 1383 905 enim
1409 851 1728 922 sapientiae,
1755 852 1931 906 timor
1951 851 2062 906 Do-

416 937 561 990 mini
593 937 774 1008 (Prov.
807 939 929 1010 vn).
964 939 1031 993 Et
1059 939 1180 994 haec
1212 940 1374 1008 fient,
1409 945 1474 994 ut
1496 941 1730 994 videant
1759 945 1984 1012 gentes,
2009 943 2066 994 et

415 1026 849 1082 confundantur
876 1027 935 1081 in
968 1029 1128 1083 omni
1155 1027 1308 1082 mala
1339 1028 1675 1084 fortitudine
1696 1045 1804 1084 sua
1830 1046 1842 1095 ;
1875 1032 1932 1083 et
1960 1044 2062 1100 po-

415 1119 558 1170 nant
579 1132 792 1172 manus
812 1133 989 1188 super
1001 1134 1065 1172 os
1078 1135 1274 1186 suum,
1290 1125 1343 1172 el
1359 1119 1602 1173 auribus
1615 1119 2059 1187 obsurdescant,

414 1209 471 1259 et
499 1202 727 1276 lingant
754 1209 966 1260 terram
982 1205 1138 1262 velut
1169 1214 1485 1278 serpentes,
1511 1207 1664 1263 580
1694 1206 1794 1278 qui
1818 1206 2060 1261 trahunt

413 1291 682 1362 humum,
717 1298 780 1348 ut
797 1295 1052 1366 primum
1066 1294 1512 1362 concludantur,
1535 1295 1914 1367 conclusique
1935 1299 2057 1350 tur-

412 1381 643 1450 bentur,
669 1382 804 1437 inde
825 1383 1008 1438 territi
1023 1384 1438 1456 obstupescant
1455 1385 1525 1439 ad
1545 1385 1788 1439 Dominu
1800 1401 1854 1438 m
1870 1383 2056 1440 Deum

412 1474 770 1537 sanctorum,
820 1475 877 1526 et
909 1472 978 1526 ad
1030 1477 1353 1527 extremum
1387 1473 1498 1544 ipsi
1552 1489 1785 1544 quoque
1813 1473 2061 1528 timeant

410 1557 598 1612 illum.
632 1561 748 1614 Hoc
787 1560 958 1630 juxta
989 1560 1142 1615 LXX.
1183 1561 1357 1616 Porro
1384 1561 1522 1632 quia
1551 1578 1668 1616 non
1700 1563 1954 1616 multum
1983 1561 2055 1616 ab

409 1647 514 1714 eis,
547 1647 606 1702 in
621 1649 889 1719 praesenti
904 1650 1208 1705 dumtaxat
1238 1649 1384 1716 loco,
1407 1656 1607 1706 nostra
1627 1651 1922 1706 discordat
1944 1649 2062 1705 edi-

410 1736 508 1803 tio,
542 1737 694 1808 quod
740 1736 799 1792 in
829 1737 947 1793 illis
979 1739 1203 1794 dictum
1234 1744 1345 1807 est,
1378 1740 1553 1795 etiam
1604 1740 1660 1794 in
1693 1739 1803 1795 hac
1833 1738 2056 1794 dictum

407 1823 839 1880 existimemus.
2088 1862 2134 1925 Β

477 1912 663 1984 (Vers.
717 1915 930 1985 18-20.)
975 1917 1112 1984 Quis
1164 1916 1298 1970 Deus
1345 1917 1548 1970 similis
1575 1917 1700 1970 tui?
1735 1918 1832 1986 qui
1872 1918 2058 1987 aufers

405 2004 779 2074 iniquitatem,
801 2006 1068 2058 ettransis
1087 2007 1364 2076 peccatum
1379 2005 1744 2076 reliquiarum
1767 2004 2059 2062 haeredita-

405 2093 476 2146 tis
519 2099 646 2146 tuae.
679 2092 795 2148 Non
828 2094 1084 2147 immittet
1114 2093 1261 2148 ultra
1298 2095 1544 2164 furorem
1570 2110 1770 2148 suum:
1801 2097 2060 2164 quoniam

406 2181 1049 2251 volens,misericordiam
1095 2190 1191 2236 est.
1238 2183 1572 2252 Revertetur,
1604 2190 1656 2238 et
1704 2183 2060 2236 miserebitur

407 2271 582 2324 nostri
599 2287 618 2324 :
647 2269 872 2341 deponet
901 2272 1225 2341 iniquitates
1252 2274 1482 2340 nostras,
1516 2280 1567 2326 et
1586 2271 1839 2342 projiciet
1859 2273 1918 2325 in
1937 2286 2058 2341 pro-

403 2357 640 2428 fundum
667 2361 840 2414 maris
870 2362 1058 2415 omnia
1072 2364 1303 2430 peccata
1325 2368 1544 2415 nostra.
1577 2361 1739 2414 Dabis
1773 2362 2056 2415 veritatem

407 2449 466 2502 in
494 2449 675 2514 Iacob,
703 2450 1153 2504 misericordiam
1182 2449 1479 2512 Abraham,
1504 2449 1880 2520 quam[Vulg.
1909 2451 2058 2521 quae]

397 2539 607 2610 jurasti
633 2538 884 2608 patribus
913 2538 1112 2592 nostris
1131 2555 1165 2593 a
1189 2538 1383 2593 diebus
1409 2539 1671 2609 antiquis.
1703 2537 1844 2592 LXX
1861 2557 1878 2592 :
1905 2539 2056 2608 Quis,

404 2627 543 2682 Deus
593 2627 734 2682 sicut
771 2629 872 2681 tu?
923 2629 1184 2698 auferens
1230 2629 1566 2697 iniquitates,
1599 2627 2058 2683 cttransccndens

405 2717 708 2786 injustitias
738 2716 824 2770 his
849 2717 946 2786 qui
965 2717 1170 2787 reliqui
1191 2724 1320 2771 sunt
1349 2715 1415 2770 de
1435 2715 1752 2772 haereditate
1773 2723 1868 2771 tua
1887 2719 1911 2768 ?
1937 2716 2059 2771 Non

404 2806 581 2860 tenuit
611 2806 673 2858 in
706 2805 1083 2859 testimonium
1112 2806 1255 2859 iram
1283 2821 1458 2874 suam,
1485 2807 1616 2876 quia
1642 2805 1827 2860 volens
1848 2807 2060 2860 miseri-

401 2893 614 2948 cordias
651 2903 749 2949 est.
785 2894 1116 2960 Revertetur,
1143 2899 1199 2948 et
1238 2894 1585 2949 miserebitur
1611 2896 1809 2957 nostri,
1841 2894 2056 2949 demer-

401 2986 488 3051 get
515 2988 737 3053 peccata
763 2986 950 3038 nostra
970 3001 990 3037 :
1019 2989 1071 3036 et
1101 2983 1472 3053 projicientur
1494 2985 1553 3037 in
1577 2981 1919 3055 profundum
1938 3000 2057 3038 ma-

403 3074 484 3126 ris
503 3073 689 3127 omnia
718 3075 933 3144 peccata
977 3080 1182 3127 nostra.
1220 3073 1389 3127 Dabit
1417 3074 1700 3127 veritatem
1727 3071 1906 3136 Jacob,
1951 3072 2057 3126 mi-

402 3159 766 3216 sericordiam
803 3160 1100 3227 Abraham,
1147 3162 1289 3215 sicut
1330 3162 1539 3231 jurasti
1572 3162 1818 3232 patribus
1855 3163 2060 3215 nostris

2176 585 2364 640 noluit
2412 587 2724 659 imputare,
2753 604 2856 643 nec
2888 584 3522 655 intestimoniumjusti
3548 581 3822 656 supplicii

2173 690 2374 730 eorum
2400 675 2601 731 intulit
2632 676 2777 731 iram
2811 693 3005 742 suam,
3029 674 3170 746 quid
3207 674 3377 729 faciet
3399 673 3468 728 de
3498 688 3672 744 grege
3693 687 3821 742 suo,

2175 763 2272 835 qui
2306 765 2567 836 pascitur
2597 765 2655 820 in
2685 764 2876 820 medio
2909 762 3175 828 Carmeli,
3207 767 3264 817 et
3288 761 3345 816 in
3379 760 3734 829 Basanitide,
3771 763 3829 814 et

2173 852 2232 907 in
2264 852 2524 908 Galaad?
2572 853 2787 909 Volens
2818 853 2976 909 enim
3021 850 3483 907 misericordiam
3513 853 3620 916 est,
3653 852 3711 904 et
3741 863 3828 903 re-

2172 946 2401 997 vertens
2429 943 2802 998 miserebitur
2819 941 3025 1011 nostri,
3049 945 3105 996 et
3127 940 3324 1013 gravia
3344 943 3580 1011 peccata
3601 941 3821 1004 nostra,

2172 1035 2228 1086 et
2257 1030 2594 1102 iniquitates
2623 1047 2750 1102 quae
2782 1031 2989 1085 sedent
3036 1045 3212 1100 super
3239 1027 3523 1083 talentum
3568 1025 3822 1098 plumbi,

2171 1119 2295 1190 ipse
2327 1120 2604 1191 portabit,
2638 1124 2695 1175 et
2725 1121 3026 1190 demerget
3068 1117 3126 1171 in
3160 1133 3341 1184 mare,
3388 1121 3444 1171 et
3469 1131 3673 1186 parere
3703 1130 3821 1170 non

2170 1207 2340 1264 faciet
2369 1209 2552 1280 (Zach.
2584 1210 2660 1279 v).
2714 1207 2885 1264 Dabit
2911 1206 3217 1262 veritatem
3257 1205 3457 1271 Jacoh,
3491 1209 3548 1260 et
3593 1202 3821 1259 miseri-

2167 1298 2427 1352 cordiam
2457 1297 2787 1353 Abraham:
2823 1300 2889 1352 ut
2918 1293 3346 1367 supplantatori
3391 1291 3607 1365 populo
3638 1295 3695 1347 et
3716 1308 3820 1347 no-

2167 1384 2336 1453 vello,
2370 1390 2426 1440 et
2477 1401 2709 1458 semper
2755 1385 2815 1439 in
2848 1384 3002 1439 lucta
3049 1384 3198 1440 531
3235 1381 3445 1453 posito,
3504 1380 3709 1436 reddat
3756 1379 3818 1434 in

2165 1473 2391 1529 Christo
2422 1474 2529 1544 (At.
2564 1473 2855 1543 Christus]
2899 1472 3204 1527 veritatem
3235 1486 3429 1535 suam,
3462 1473 3520 1524 et
3550 1467 3817 1524 multitu-

2167 1563 2289 1618 dini
2321 1563 2582 1636 gentium
2614 1562 2911 1633 (Abraham
2941 1561 3159 1632 quippe
3178 1563 3424 1615 vocatur
3440 1566 3600 1630 pater
3617 1558 3820 1613 multa-

2167 1669 2294 1708 rum
2314 1652 2587 1721 gentium)
2619 1651 2840 1706 tribuat
2885 1649 3372 1718 misericordiam,
3424 1648 3578 1702 sicut
3601 1644 3822 1718 juravit

2167 1741 2272 1808 eis,
2306 1742 2406 1812 qui
2437 1745 2632 1812 patres
2679 1739 3028 1796 exstiterunt
3056 1737 3193 1794 ﬁdei
3235 1741 3451 1792 nostra:
3493 1736 3819 1791 secundum

2167 1830 2294 1886 dies
2323 1830 2597 1900 antiquos
2626 1846 2638 1884 :
2664 1829 2816 1899 quod
2849 1829 2918 1883 de
2949 1831 3071 1882 tota
3101 1826 3409 1881 hominum
3441 1824 3821 1880 multitudine

2167 1918 2314 1974 alios
2343 1919 2522 1974 salvet
2550 1918 2610 1972 in
2638 1918 2901 1984 veritate,
2935 1916 3080 1972 alios
3109 1915 3169 1970 in
3201 1913 3623 1970 misericordia.
3645 1913 3819 1968 Porro

2168 2008 2269 2064 ubi
2300 2025 2406 2064 nos
2438 2005 2796 2078 interpretati
2829 2005 3182 2075 sumus,Non
3201 2005 3464 2058 immittet
3492 2003 3644 2057 ultra
3673 2003 3822 2070 luro-

2169 2115 2282 2154 rem
2307 2114 2504 2158 suum;
2535 2113 2638 2168 pro
2667 2095 2838 2162 ultra,
2864 2092 3254 2166 Symmachus
3270 2090 3570 2148 transtulit
3599 2092 3656 2144 in
3679 2105 3820 2145 sem-

2164 2189 2442 2259 piternum
2461 2204 2480 2240 :
2499 2183 2838 2246 Theodotio,
2857 2184 2915 2238 in
2936 2184 3128 2252 ﬁnem:
3145 2179 3528 2253 Septuaginta
3546 2182 3602 2235 et
3618 2177 3824 2251 quinta

2168 2275 2365 2342 editio,
2399 2277 2460 2328 in
2489 2278 2898 2328 testimonium:
2930 2288 3032 2343 pro
3065 2287 3180 2342 quo
3219 2271 3478 2340 positum
3511 2271 3600 2324 est
3624 2268 3685 2322 in
3714 2270 3822 2322 He-

2170 2367 2320 2420 braeo
2352 2381 2492 2418 LAED
2518 2347 2671 2432 (Ἰώ)
2698 2387 2711 2428 ;
2743 2365 2800 2416 et
2829 2365 2947 2415 tam
2976 2361 3147 2425 ultra,
3191 2375 3367 2430 quam
3398 2359 3814 2428 sempiternum.

2169 2459 2224 2508 et
2255 2453 2630 2507 testimonium
2657 2447 2905 2520 intelligi
2935 2451 3144 2520 potest.
3178 2446 3380 2502 Dicam
3411 2450 3468 2500 et
3486 2460 3591 2517 ego
3613 2444 3671 2498 in
3700 2444 3816 2499 fine

2167 2539 2502 2610 voluminis,
2535 2539 2794 2593 laborem
2825 2536 3094 2608 opusculi
3127 2535 3261 2601 mei,
3313 2533 3546 2590 Domini
3585 2532 3818 2588 invoca-

2168 2631 2325 2685 tione
2354 2628 2707 2700 consignans
2733 2645 2745 2681 :
2772 2628 2929 2692 Deus,
2956 2627 3080 2697 quis
3108 2624 3316 2679 similis
3342 2623 3496 2679 tibi?
3529 2622 3694 2677 aufer
3713 2621 3822 2676 ini-

2169 2719 2452 2791 quitatem
2485 2715 2633 2772 servi
2681 2713 2805 2770 tui:
2855 2714 3037 2770 transi
3086 2717 3389 2785 peccatum
3435 2710 3819 2782 reliquiarum

2168 2808 2376 2864 animae
2410 2823 2571 2876 mete,
2602 2821 2674 2859 ne
2703 2802 2989 2858 immittas
3015 2802 3075 2856 in
3106 2819 3200 2856 me
3223 2802 3478 2856 furorem
3501 2803 3692 2865 tuum,
3721 2814 3820 2854 ne-

2168 2915 2282 2969 que
2307 2897 2366 2951 in
2399 2898 2486 2952 ira
2515 2900 2618 2950 tua
2647 2894 2798 2950 582
2831 2891 3111 2963 corripias
3142 2906 3271 2946 me:
3319 2888 3600 2962 quoniam
3641 2887 3818 2942 mise-

2169 2988 2351 3042 ricors
2400 3001 2484 3050 es,
2517 2988 2574 3038 et
2620 2982 2818 3037 multae
2865 2979 3271 3036 miserationes
3316 2983 3450 3033 tuae.
3497 2980 3818 3046 Revertere,

2167 3080 2224 3132 et
2253 3075 2464 3130 misere
2496 3072 2608 3127 mei
2634 3089 2646 3126 :
2681 3070 2981 3143 praecipita
3003 3067 3344 3140 iniquitates
3367 3083 3551 3132 meas,
3575 3069 3632 3120 et
3653 3064 3821 3120 mitte

2169 3181 2266 3220 eas
2299 3164 2357 3218 in
2391 3161 2746 3234 profundum
2783 3159 2997 3214 maris:
3034 3161 3097 3213 ut
3139 3156 3375 3228 salsugo
3407 3159 3464 3210 et
3489 3151 3818 3210 amaritudo

390 3253 568 3323 juxta
585 3250 698 3305 dies
710 3226 1739 3321 priores.[ALpristinos].lntelligens
1753 3250 2055 3320 propheta,
2089 3226 2131 3292 (ἶ
2170 3226 2444 3308 vitiorum
2475 3252 2533 3304 in
2568 3248 2716 3304 falsa
2764 3247 3000 3320 regione
3030 3226 3345 3318 dispereat.
3400 3244 3485 3298 Da
3513 3243 3817 3298 veritatem

405 3337 672 3410 gentium
695 3337 1134 3393 multitudinem
1157 3338 1536 3410 proptereain
1559 3338 1930 3394 conclusione
1951 3355 2059 3393 sua

404 3443 533 3484 esse
563 3427 884 3497 turbatam,
915 3433 979 3481 ut
1008 3428 1464 3499 obstupesceret,
1505 3431 1562 3482 et
1590 3428 1822 3482 timeret
1854 3432 2056 3493 Deum,

408 3521 468 3572 et
496 3516 710 3572 idcirco
765 3515 1078 3571 Dominum
1112 3517 1404 3582 desaavire,
1440 3520 1506 3570 ut
1548 3521 1782 3586 peccata
1813 3515 2058 3581 auferat,

410 3608 470 3659 et
498 3605 672 3659 donet
702 3603 973 3672 salutem,
1007 3603 1207 3658 laudat
1233 3604 1548 3659 Dominum
1582 3607 1756 3673 atque
1790 3603 2060 3670 miratur,

412 3696 472 3748 et
500 3691 674 3748 dicit:
710 3693 841 3760 Quis
870 3693 1009 3748 Deus
1037 3693 1175 3747 sicut
1205 3696 1308 3747 tu?
1355 3694 1611 3762 auferens
1640 3693 1981 3762 iniquitates,
2015 3698 2066 3745 et

413 3781 800 3837 transcenderis
816 3783 1122 3853 injustitias
1135 3781 1329 3849 (Exod.
1349 3782 1473 3851 x11):
1498 3785 1561 3836 ut
1583 3781 1875 3852 quomodo
1888 3784 2065 3836 exter-

412 3870 669 3925 minator
687 3870 928 3942 IEgypto
960 3869 1320 3925 transcendit
1345 3868 1625 3941 populum
1648 3868 1844 3938 Israel,
1873 3874 1929 3923 et
1949 3885 2064 3922 non

411 3958 660 4013 vastavit
693 3975 824 4014 eum
858 3959 1037 4031 (unde
1058 3975 1092 4013 a
1111 3958 1382 4025 transitu,
1399 3959 1594 4029 phasa,
1623 3957 1679 4012 id
1711 3961 1818 4028 est,
1842 3959 2066 4029 pascha,

417 4063 533 4102 non
557 4047 801 4119 accepit)
823 4048 904 4103 sic
919 4051 978 4102 tu
996 4064 1202 4119 parcas
1225 4047 1524 4119 gentibus,
1549 4063 1926 4118 nequaquam
1949 4045 2068 4101 illis

420 4137 724 4207 imputans
755 4136 1094 4208 iniquitates
1116 4153 1271 4192 suas.
1289 4136 1462 4192 Porro
1478 4136 1633 4208 quod
1657 4136 1954 4207 sequitur:
1978 4137 2072 4192 His

417 4227 516 4297 qui
545 4226 747 4299 reliqui
773 4228 900 4281 sunt
911 4225 977 4281 de
1005 4225 1331 4282 haereditate
1349 4227 1489 4297 ejus,
1519 4240 1627 4280 non
1651 4226 1823 4280 tenuit
1839 4226 1900 4278 in
1919 4226 2072 4280 testi-

418 4316 666 4370 monium
687 4317 834 4370 iram
850 4331 1026 4380 suam,
1042 4314 1137 4370 hic
1151 4320 1239 4370 est
1252 4331 1462 4370 sensus
1486 4331 1498 4368 :
1514 4315 1572 4370 Si
1586 4313 1862 4386 gentibus
1883 4330 2078 4386 peper-

418 4404 520 4472 cit,
545 4421 672 4476 quaa
695 4403 832 4477 Legi
850 4405 981 4475 ejus
1002 4404 1235 4460 credere
1255 4403 1653 4470 noluerunt,et
1673 4401 1774 4475 qui
1795 4419 1862 4458 su
1870 4403 2076 4474 perﬂui

2169 3358 2344 3414 quam
2361 3337 2654 3412 pollicitus
2669 3355 2730 3394 es
2749 3337 2936 3392 amico
2950 3341 3049 3391 tuo
3062 3336 3090 3391 J
3100 3335 3262 3403 acob,
3277 3337 3336 3389 et
3353 3329 3817 3388 misericordiam

2169 3446 2346 3502 quam
2366 3426 2661 3498 pollicitus
2678 3442 2739 3480 es
2764 3426 2950 3480 amico
2969 3429 3068 3479 tuo
3086 3422 3400 3487 Abraham,
3425 3424 3482 3475 et
3503 3419 3686 3474 libera
3698 3416 3820 3473 ani-

2170 3534 2327 3572 mam
2351 3531 2540 3570 meam
2564 3532 2598 3568 a
2622 3511 3094 3585 persecutoribus
3117 3509 3536 3581 prophetarum
3555 3511 3817 3574 tuorum,

2170 3605 2388 3672 Achab,
2421 3608 2478 3659 et
2519 3601 2768 3670 Jezabel,
2821 3601 2974 3655 sicut
3011 3600 3225 3670 jurasti
3277 3595 3544 3668 patribus
3576 3593 3723 3648 meis
3759 3592 3822 3647 in

2173 3694 2379 3749 diebus
2411 3692 2692 3762 antiquis,
2727 3690 2960 3744 dicens:
3009 3689 3138 3742 Vivo
3175 3701 3290 3756 ego,
3321 3684 3466 3738 dicit
3512 3683 3820 3737 Dominus:

2173 3784 2304 3838 Nolo
2333 3789 2562 3835 mortem
2587 3782 2902 3849 peccatoris,
2937 3781 3162 3832 tantum
3189 3782 3252 3828 ut
3292 3775 3621 3837 revertatur,
3649 3777 3700 3825 et
3734 3769 3827 3824 vi-

2173 3881 2266 3928 vat
2312 3870 2530 3942 (Ez-ech.
2566 3885 2768 3930 xxxm,
2802 3867 2910 3936 11).
2970 3867 3039 3920 Et
3067 3862 3239 3918 alibi:
3274 3861 3477 3916 Statim
3507 3868 3563 3914 ut
3601 3873 3830 3914 conver-

2175 3977 2266 4017 sus
2286 3959 2652 4028 ingemueris,
2666 3957 2848 4012 salvus
2871 3956 3002 4010 eris.
3019 3954 3184 4008 Tunc
3196 3947 3667 4006 videbitinimica
3679 3961 3828 4011 mea,

2180 4055 2238 4106 et
2262 4048 2556 4120 operietur
2585 4045 2948 4108 confusione,
2978 4059 3105 4113 quae
3137 4056 3292 4094 nunc
3314 4038 3456 4093 dicit
3485 4037 3555 4092 ad
3572 4051 3662 4090 me
3687 4051 3700 4089 :
3729 4033 3828 4090 Ubi

2179 4142 2259 4194 est
2283 4138 2550 4192 Domi-nus
2580 4136 2720 4190 Deus
2741 4138 2869 4188 tuus
2907 4134 3023 4203 (Ps.
3058 4129 3233 4196 xL1,1i,
3258 4127 3387 4198 ll)?
3417 4125 3641 4180 Videbo
3673 4123 3731 4178 in
3762 4137 3832 4176 ea

2185 4226 2468 4281 ultionem
2488 4230 2670 4293 tuam,
2685 4222 2861 4277 eterit
2878 4220 3047 4292 quasi
3070 4218 3261 4274 lutum
3284 4216 3634 4288 platearum,
3657 4215 3831 4283 atque

2190 4315 2534 4382 calcabitur,
2567 4330 2638 4368 ne
2669 4311 2924 4384 amplius
2954 4311 3025 4366 de
3067 4309 3192 4364 luto
3223 4310 3280 4363 et
3317 4304 3502 4378 paleis
3529 4299 3828 4374 ﬁgyptias

2192 4409 2455 4462 exstruat
2485 4403 2768 4460 civitates.
