  <div class='ocr_page' id='page_1' title='image "/cluster/home/n/w/nwhite01/storage/ocr_20150623/25/hvd.32044096580493/621.png"; bbox 0 0 4008 6184; ppageno 0'>
   <div class='ocr_carea' id='block_1_1' title="bbox 297 334 448 410">
    <p class='ocr_par' dir='ltr' id='par_1_1' title="bbox 297 334 448 410">
     <span class='ocr_line' id='line_1_1' title="bbox 297 334 448 410; baseline -0.026 -9"><span class='ocrx_word' id='word_1_1' title='bbox 297 334 448 410; x_wconf 72' lang='grc'><strong>1231</strong></span> 
     </span>
    </p>
   </div>
   <div class='ocr_carea' id='block_1_2' title="bbox 1539 334 2452 401">
    <p class='ocr_par' dir='ltr' id='par_1_2' title="bbox 1539 334 2452 401">
     <span class='ocr_line' id='line_1_2' title="bbox 1539 334 2452 401; baseline -0.001 -4"><span class='ocrx_word' id='word_1_2' title='bbox 1539 337 1603 397; x_wconf 82' lang='grc'><strong>8.</strong></span> <span class='ocrx_word' id='word_1_3' title='bbox 1651 336 1963 400; x_wconf 88' lang='lat' dir='ltr'><strong>EUSEBII</strong></span> <span class='ocrx_word' id='word_1_4' title='bbox 2005 334 2452 401; x_wconf 85' lang='lat' dir='ltr'><strong>HIERONYMI</strong></span> 
     </span>
    </p>
   </div>
   <div class='ocr_carea' id='block_1_3' title="bbox 3495 329 3622 393">
    <p class='ocr_par' dir='ltr' id='par_1_3' title="bbox 3495 329 3622 393">
     <span class='ocr_line' id='line_1_3' title="bbox 3495 329 3622 393; baseline 0 -1"><span class='ocrx_word' id='word_1_5' title='bbox 3495 329 3622 393; x_wconf 68' lang='lat'><strong>1232</strong></span> 
     </span>
    </p>
   </div>
   <div class='ocr_carea' id='block_1_4' title="bbox 1007 611 3009 730">
    <p class='ocr_par' dir='ltr' id='par_1_4' title="bbox 1007 611 3009 730">
     <span class='ocr_line' id='line_1_4' title="bbox 1007 611 3009 730; baseline -0.003 0"><span class='ocrx_word' id='word_1_6' title='bbox 1007 627 1129 730; x_wconf 89' lang='lat' dir='ltr'><strong>S.</strong></span> <span class='ocrx_word' id='word_1_7' title='bbox 1223 626 1896 730; x_wconf 71' lang='lat' dir='ltr'><strong>EUSEBII</strong></span> <span class='ocrx_word' id='word_1_8' title='bbox 1991 611 3009 730; x_wconf 71' lang='lat' dir='ltr'><strong>HIBRONYMI</strong></span> 
     </span>
    </p>
   </div>
   <div class='ocr_carea' id='block_1_5' title="bbox 1456 818 2560 880">
    <p class='ocr_par' dir='ltr' id='par_1_5' title="bbox 1456 818 2560 880">
     <span class='ocr_line' id='line_1_5' title="bbox 1456 818 2560 880; baseline 0.001 -3"><span class='ocrx_word' id='word_1_9' title='bbox 1456 818 2021 880; x_wconf 78' lang='lat' dir='ltr'><strong>STRIDONENSIS</strong></span> <span class='ocrx_word' id='word_1_10' title='bbox 2069 819 2560 880; x_wconf 81' lang='lat' dir='ltr'><strong>PRESBYTERI</strong></span> 
     </span>
    </p>
   </div>
   <div class='ocr_carea' id='block_1_6' title="bbox 1200 984 2804 1111">
    <p class='ocr_par' dir='ltr' id='par_1_6' title="bbox 1200 984 2804 1111">
     <span class='ocr_line' id='line_1_6' title="bbox 1200 984 2804 1111; baseline 0 -4"><span class='ocrx_word' id='word_1_11' title='bbox 1200 984 2804 1111; x_wconf 60' lang='grc' dir='ltr'><strong>ΟΟΜΜἘΝΤΑΗΗΠΠΜᾹ</strong></span> 
     </span>
    </p>
   </div>
   <div class='ocr_carea' id='block_1_7' title="bbox 654 1231 3335 1363">
    <p class='ocr_par' dir='ltr' id='par_1_7' title="bbox 654 1231 3335 1363">
     <span class='ocr_line' id='line_1_7' title="bbox 654 1231 3335 1363; baseline 0 -10"><span class='ocrx_word' id='word_1_12' title='bbox 654 1231 883 1358; x_wconf 78' lang='grc' dir='ltr'>ΙΝ</span> <span class='ocrx_word' id='word_1_13' title='bbox 1063 1233 1706 1361; x_wconf 79' lang='lat' dir='ltr'><strong>NAUM</strong></span> <span class='ocrx_word' id='word_1_14' title='bbox 1879 1231 3335 1363; x_wconf 71' lang='lat' dir='ltr'><strong>PROPHETAM</strong></span> 
     </span>
    </p>
   </div>
   <div class='ocr_carea' id='block_1_8' title="bbox 1617 1435 2352 1498">
    <p class='ocr_par' dir='ltr' id='par_1_8' title="bbox 1617 1435 2352 1498">
     <span class='ocr_line' id='line_1_8' title="bbox 1617 1435 2352 1498; baseline 0.003 -4"><span class='ocrx_word' id='word_1_15' title='bbox 1617 1435 1969 1496; x_wconf 69' lang='lat' dir='ltr'><strong>“LIBER</strong></span> <span class='ocrx_word' id='word_1_16' title='bbox 2055 1437 2178 1497; x_wconf 90' lang='lat' dir='ltr'><strong>UN</strong></span> <span class='ocrx_word' id='word_1_17' title='bbox 2215 1435 2352 1498; x_wconf 92' lang='lat' dir='ltr'><strong>US.</strong></span> 
     </span>
    </p>
   </div>
   <div class='ocr_carea' id='block_1_9' title="bbox 1565 1671 2461 1767">
    <p class='ocr_par' dir='ltr' id='par_1_9' title="bbox 1565 1671 2461 1767">
     <span class='ocr_line' id='line_1_9' title="bbox 1565 1671 2461 1767; baseline 0.001 -2"><span class='ocrx_word' id='word_1_18' title='bbox 1565 1671 2461 1767; x_wconf 85' lang='lat' dir='ltr'><strong>PROLOGUS.</strong></span> 
     </span>
    </p>
   </div>
   <div class='ocr_carea' id='block_1_10' title="bbox 382 1931 3660 2012">
    <p class='ocr_par' dir='ltr' id='par_1_10' title="bbox 382 1931 3660 2012">
     <span class='ocr_line' id='line_1_10' title="bbox 382 1931 3660 2012; baseline -0.002 -22"><span class='ocrx_word' id='word_1_19' title='bbox 382 1933 726 1992; x_wconf 72' lang='lat'><strong>588-584</strong></span> <span class='ocrx_word' id='word_1_20' title='bbox 753 1935 932 1992; x_wconf 84' lang='lat' dir='ltr'><strong>Juxta</strong></span> <span class='ocrx_word' id='word_1_21' title='bbox 957 1936 1336 2011; x_wconf 81' lang='lat' dir='ltr'><strong>Septuaginta</strong></span> <span class='ocrx_word' id='word_1_22' title='bbox 1367 1939 1734 2012; x_wconf 84' lang='lat' dir='ltr'><strong>interpretes,</strong></span> <span class='ocrx_word' id='word_1_23' title='bbox 1767 1941 1824 1996; x_wconf 88' lang='lat' dir='ltr'><strong>in</strong></span> <span class='ocrx_word' id='word_1_24' title='bbox 1863 1959 1957 1998; x_wconf 86' lang='lat' dir='ltr'><strong>or-</strong></span> <span class='ocrx_word' id='word_1_25' title='bbox 1989 1947 2037 2011; x_wconf 82' lang='grc' dir='ltr'><strong>Α</strong></span> <span class='ocrx_word' id='word_1_26' title='bbox 2073 1942 2243 2010; x_wconf 90' lang='lat' dir='ltr'><strong>citur,</strong></span> <span class='ocrx_word' id='word_1_27' title='bbox 2297 1943 2365 1997; x_wconf 92' lang='lat' dir='ltr'><strong>de</strong></span> <span class='ocrx_word' id='word_1_28' title='bbox 2418 1941 2635 1996; x_wconf 90' lang='lat' dir='ltr'><strong>mundo</strong></span> <span class='ocrx_word' id='word_1_29' title='bbox 2688 1936 3010 2012; x_wconf 79' lang='lat' dir='ltr'><strong>ﬁguraliter</strong></span> <span class='ocrx_word' id='word_1_30' title='bbox 3058 1934 3376 2009; x_wconf 80' lang='lat' dir='ltr'><strong>praedicari.</strong></span> <span class='ocrx_word' id='word_1_31' title='bbox 3415 1933 3578 1998; x_wconf 88' lang='lat' dir='ltr'><strong>Quam</strong></span> <span class='ocrx_word' id='word_1_32' title='bbox 3605 1931 3660 1986; x_wconf 91' lang='lat' dir='ltr'><strong>ob</strong></span> 
     </span>
    </p>
   </div>
   <div class='ocr_carea' id='block_1_11' title="bbox 307 2023 1956 2103">
    <p class='ocr_par' dir='ltr' id='par_1_11' title="bbox 307 2023 1956 2103">
     <span class='ocr_line' id='line_1_11' title="bbox 307 2023 1956 2103; baseline 0.005 -25"><span class='ocrx_word' id='word_1_33' title='bbox 307 2023 442 2079; x_wconf 91' lang='lat' dir='ltr'><strong>dine</strong></span> <span class='ocrx_word' id='word_1_34' title='bbox 473 2024 890 2096; x_wconf 90' lang='lat' dir='ltr'><strong>prophetarum</strong></span> <span class='ocrx_word' id='word_1_35' title='bbox 917 2026 1245 2097; x_wconf 87' lang='lat' dir='ltr'><strong>duodecim,</strong></span> <span class='ocrx_word' id='word_1_36' title='bbox 1271 2032 1402 2100; x_wconf 90' lang='lat' dir='ltr'><strong>post</strong></span> <span class='ocrx_word' id='word_1_37' title='bbox 1422 2029 1632 2085; x_wconf 87' lang='lat' dir='ltr'><strong>Jonam</strong></span> <span class='ocrx_word' id='word_1_38' title='bbox 1652 2030 1840 2085; x_wconf 91' lang='lat' dir='ltr'><strong>Naum</strong></span> <span class='ocrx_word' id='word_1_39' title='bbox 1861 2048 1956 2103; x_wconf 92' lang='lat' dir='ltr'><strong>po-</strong></span> 
     </span>
    </p>
   </div>
   <div class='ocr_carea' id='block_1_12' title="bbox 308 2112 1950 2191">
    <p class='ocr_par' dir='ltr' id='par_1_12' title="bbox 308 2112 1950 2191">
     <span class='ocr_line' id='line_1_12' title="bbox 308 2112 1950 2191; baseline 0.005 -25"><span class='ocrx_word' id='word_1_40' title='bbox 308 2112 504 2168; x_wconf 85' lang='lat' dir='ltr'><strong>nitur:</strong></span> <span class='ocrx_word' id='word_1_41' title='bbox 559 2113 694 2182; x_wconf 84' lang='lat' dir='ltr'><strong>quia</strong></span> <span class='ocrx_word' id='word_1_42' title='bbox 722 2114 992 2169; x_wconf 90' lang='lat' dir='ltr'><strong>videntur</strong></span> <span class='ocrx_word' id='word_1_43' title='bbox 1040 2117 1111 2170; x_wconf 94' lang='lat' dir='ltr'><strong>de</strong></span> <span class='ocrx_word' id='word_1_44' title='bbox 1161 2118 1365 2172; x_wconf 91' lang='lat' dir='ltr'><strong>eadem</strong></span> <span class='ocrx_word' id='word_1_45' title='bbox 1415 2118 1557 2172; x_wconf 87' lang='lat' dir='ltr'><strong>urbe</strong></span> <span class='ocrx_word' id='word_1_46' title='bbox 1585 2118 1950 2191; x_wconf 81' lang='lat' dir='ltr'><strong>prophetare.</strong></span> 
     </span>
    </p>
   </div>
   <div class='ocr_carea' id='block_1_13' title="bbox 307 2200 1955 2274">
    <p class='ocr_par' dir='ltr' id='par_1_13' title="bbox 307 2200 1955 2274">
     <span class='ocr_line' id='line_1_13' title="bbox 307 2200 1955 2274; baseline 0.005 -18"><span class='ocrx_word' id='word_1_47' title='bbox 307 2201 603 2273; x_wconf 85' lang='lat' dir='ltr'><strong>Scriptum</strong></span> <span class='ocrx_word' id='word_1_48' title='bbox 627 2200 914 2274; x_wconf 87' lang='lat' dir='ltr'><strong>siquidem</strong></span> <span class='ocrx_word' id='word_1_49' title='bbox 932 2208 1021 2259; x_wconf 85' lang='lat' dir='ltr'><strong>est</strong></span> <span class='ocrx_word' id='word_1_50' title='bbox 1052 2205 1109 2259; x_wconf 91' lang='lat' dir='ltr'><strong>in</strong></span> <span class='ocrx_word' id='word_1_51' title='bbox 1132 2205 1281 2260; x_wconf 87' lang='lat' dir='ltr'><strong>Jona</strong></span> <span class='ocrx_word' id='word_1_52' title='bbox 1305 2223 1318 2261; x_wconf 88' lang='lat'><strong>:</strong></span> <span class='ocrx_word' id='word_1_53' title='bbox 1338 2211 1545 2262; x_wconf 84' lang='lat' dir='ltr'><strong>Factus</strong></span> <span class='ocrx_word' id='word_1_54' title='bbox 1565 2216 1642 2263; x_wconf 87' lang='lat' dir='ltr'><strong>est</strong></span> <span class='ocrx_word' id='word_1_55' title='bbox 1662 2224 1838 2264; x_wconf 84' lang='lat' dir='ltr'><strong>sermo</strong></span> <span class='ocrx_word' id='word_1_56' title='bbox 1852 2211 1955 2265; x_wconf 93' lang='lat' dir='ltr'><strong>Do-</strong></span> 
     </span>
    </p>
   </div>
   <div class='ocr_carea' id='block_1_14' title="bbox 305 2290 1960 2368">
    <p class='ocr_par' dir='ltr' id='par_1_14' title="bbox 305 2290 1960 2368">
     <span class='ocr_line' id='line_1_14' title="bbox 305 2290 1960 2368; baseline 0.005 -24"><span class='ocrx_word' id='word_1_57' title='bbox 305 2291 452 2345; x_wconf 76' lang='lat' dir='ltr'><strong>mini</strong></span> <span class='ocrx_word' id='word_1_58' title='bbox 475 2290 549 2346; x_wconf 88' lang='lat' dir='ltr'><strong>ad</strong></span> <span class='ocrx_word' id='word_1_59' title='bbox 573 2290 788 2361; x_wconf 74' lang='lat' dir='ltr'><strong>Ionam,</strong></span> <span class='ocrx_word' id='word_1_60' title='bbox 817 2292 997 2362; x_wconf 78' lang='lat' dir='ltr'><strong>filium</strong></span> <span class='ocrx_word' id='word_1_61' title='bbox 1019 2294 1264 2365; x_wconf 83' lang='lat' dir='ltr'><strong>Amathi,</strong></span> <span class='ocrx_word' id='word_1_62' title='bbox 1295 2295 1511 2351; x_wconf 82' lang='lat' dir='ltr'><strong>dicens:</strong></span> <span class='ocrx_word' id='word_1_63' title='bbox 1537 2298 1706 2368; x_wconf 83' lang='lat' dir='ltr'><strong>Surge</strong></span> <span class='ocrx_word' id='word_1_64' title='bbox 1735 2302 1788 2353; x_wconf 82' lang='lat' dir='ltr'><strong>et</strong></span> <span class='ocrx_word' id='word_1_65' title='bbox 1826 2297 1960 2354; x_wconf 82' lang='lat' dir='ltr'><strong>vade</strong></span> 
     </span>
    </p>
   </div>
   <div class='ocr_carea' id='block_1_15' title="bbox 306 2379 1958 2458">
    <p class='ocr_par' dir='ltr' id='par_1_15' title="bbox 306 2379 1958 2458">
     <span class='ocr_line' id='line_1_15' title="bbox 306 2379 1958 2458; baseline 0.005 -24"><span class='ocrx_word' id='word_1_66' title='bbox 306 2379 367 2434; x_wconf 71' lang='lat' dir='ltr'><strong>in</strong></span> <span class='ocrx_word' id='word_1_67' title='bbox 398 2379 652 2450; x_wconf 81' lang='lat' dir='ltr'><strong>Niniven,</strong></span> <span class='ocrx_word' id='word_1_68' title='bbox 683 2381 965 2436; x_wconf 85' lang='lat' dir='ltr'><strong>civitatem</strong></span> <span class='ocrx_word' id='word_1_69' title='bbox 985 2399 1264 2455; x_wconf 83' lang='lat' dir='ltr'><strong>magnam,</strong></span> <span class='ocrx_word' id='word_1_70' title='bbox 1289 2393 1341 2439; x_wconf 90' lang='lat' dir='ltr'><strong>et</strong></span> <span class='ocrx_word' id='word_1_71' title='bbox 1361 2386 1599 2454; x_wconf 60' lang='lat' dir='ltr'><strong>praedica</strong></span> <span class='ocrx_word' id='word_1_72' title='bbox 1622 2388 1680 2441; x_wconf 90' lang='lat' dir='ltr'><strong>in</strong></span> <span class='ocrx_word' id='word_1_73' title='bbox 1703 2404 1764 2442; x_wconf 86' lang='lat' dir='ltr'><strong>ca</strong></span> <span class='ocrx_word' id='word_1_74' title='bbox 1792 2388 1958 2458; x_wconf 62' lang='lat' dir='ltr'><strong>(Jonw</strong></span> 
     </span>
    </p>
   </div>
   <div class='ocr_carea' id='block_1_16' title="bbox 308 2468 1960 2547">
    <p class='ocr_par' dir='ltr' id='par_1_16' title="bbox 308 2468 1960 2547">
     <span class='ocr_line' id='line_1_16' title="bbox 308 2468 1960 2547; baseline 0.005 -24"><span class='ocrx_word' id='word_1_75' title='bbox 308 2485 349 2536; x_wconf 92' lang='lat'>1,</span> <span class='ocrx_word' id='word_1_76' title='bbox 385 2469 459 2539; x_wconf 82' lang='lat'><strong>1).</strong></span> <span class='ocrx_word' id='word_1_77' title='bbox 493 2468 557 2523; x_wconf 92' lang='lat' dir='ltr'><strong>In</strong></span> <span class='ocrx_word' id='word_1_78' title='bbox 587 2469 774 2524; x_wconf 89' lang='lat' dir='ltr'><strong>Naum</strong></span> <span class='ocrx_word' id='word_1_79' title='bbox 799 2485 933 2526; x_wconf 89' lang='lat' dir='ltr'><strong>vero</strong></span> <span class='ocrx_word' id='word_1_80' title='bbox 964 2470 1121 2526; x_wconf 90' lang='lat' dir='ltr'><strong>istud</strong></span> <span class='ocrx_word' id='word_1_81' title='bbox 1156 2472 1458 2528; x_wconf 86' lang='lat' dir='ltr'><strong>exordium</strong></span> <span class='ocrx_word' id='word_1_82' title='bbox 1490 2479 1616 2529; x_wconf 88' lang='lat' dir='ltr'><strong>est:</strong></span> <span class='ocrx_word' id='word_1_83' title='bbox 1649 2475 1960 2547; x_wconf 80' lang='lat' dir='ltr'><strong>Assumptio</strong></span> 
     </span>
    </p>
   </div>
   <div class='ocr_carea' id='block_1_17' title="bbox 309 2557 1961 2636">
    <p class='ocr_par' dir='ltr' id='par_1_17' title="bbox 309 2557 1961 2636">
     <span class='ocr_line' id='line_1_17' title="bbox 309 2557 1961 2636; baseline 0.005 -23"><span class='ocrx_word' id='word_1_84' title='bbox 309 2557 564 2615; x_wconf 67' lang='lat' dir='ltr'><strong>Ninivaez</strong></span> <span class='ocrx_word' id='word_1_85' title='bbox 598 2557 737 2614; x_wconf 85' lang='lat' dir='ltr'><strong>liber</strong></span> <span class='ocrx_word' id='word_1_86' title='bbox 772 2560 1004 2615; x_wconf 83' lang='lat' dir='ltr'><strong>Visionis</strong></span> <span class='ocrx_word' id='word_1_87' title='bbox 1033 2561 1209 2616; x_wconf 87' lang='lat' dir='ltr'><strong>Naum</strong></span> <span class='ocrx_word' id='word_1_88' title='bbox 1237 2562 1482 2619; x_wconf 79' lang='lat' dir='ltr'><strong>Elcesaei.</strong></span> <span class='ocrx_word' id='word_1_89' title='bbox 1507 2563 1687 2634; x_wconf 87' lang='lat' dir='ltr'><strong>Igitur</strong></span> <span class='ocrx_word' id='word_1_90' title='bbox 1717 2570 1961 2636; x_wconf 90' lang='lat' dir='ltr'><strong>uterque</strong></span> 
     </span>
    </p>
   </div>
   <div class='ocr_carea' id='block_1_18' title="bbox 312 2645 1962 2724">
    <p class='ocr_par' dir='ltr' id='par_1_18' title="bbox 312 2645 1962 2724">
     <span class='ocr_line' id='line_1_18' title="bbox 312 2645 1962 2724; baseline 0.005 -24"><span class='ocrx_word' id='word_1_91' title='bbox 312 2645 382 2702; x_wconf 89' lang='lat' dir='ltr'><strong>de</strong></span> <span class='ocrx_word' id='word_1_92' title='bbox 409 2645 614 2702; x_wconf 88' lang='lat' dir='ltr'><strong>Ninive</strong></span> <span class='ocrx_word' id='word_1_93' title='bbox 643 2647 1018 2720; x_wconf 83' lang='lat' dir='ltr'><strong>Assyriorum</strong></span> <span class='ocrx_word' id='word_1_94' title='bbox 1043 2650 1372 2723; x_wconf 85' lang='lat' dir='ltr'><strong>metropoli,</strong></span> <span class='ocrx_word' id='word_1_95' title='bbox 1397 2669 1523 2724; x_wconf 78' lang='lat' dir='ltr'><strong>quae</strong></span> <span class='ocrx_word' id='word_1_96' title='bbox 1541 2670 1694 2708; x_wconf 90' lang='lat' dir='ltr'><strong>nunc</strong></span> <span class='ocrx_word' id='word_1_97' title='bbox 1723 2661 1962 2710; x_wconf 84' lang='lat' dir='ltr'><strong>vocatur</strong></span> 
     </span>
    </p>
   </div>
   <div class='ocr_carea' id='block_1_19' title="bbox 309 2733 1963 2814">
    <p class='ocr_par' dir='ltr' id='par_1_19' title="bbox 309 2733 1963 2814">
     <span class='ocr_line' id='line_1_19' title="bbox 309 2733 1963 2814; baseline 0.005 -24"><span class='ocrx_word' id='word_1_98' title='bbox 309 2733 516 2804; x_wconf 85' lang='lat' dir='ltr'><strong>Ninus,</strong></span> <span class='ocrx_word' id='word_1_99' title='bbox 546 2738 752 2790; x_wconf 86' lang='lat' dir='ltr'><strong>texunt</strong></span> <span class='ocrx_word' id='word_1_100' title='bbox 778 2736 1141 2793; x_wconf 89' lang='lat' dir='ltr'><strong>vaticinium.</strong></span> <span class='ocrx_word' id='word_1_101' title='bbox 1183 2743 1358 2794; x_wconf 86' lang='lat' dir='ltr'><strong>Porro</strong></span> <span class='ocrx_word' id='word_1_102' title='bbox 1392 2740 1450 2794; x_wconf 87' lang='lat' dir='ltr'><strong>in</strong></span> <span class='ocrx_word' id='word_1_103' title='bbox 1498 2741 1796 2813; x_wconf 83' lang='lat' dir='ltr'><strong>Hebraico,</strong></span> <span class='ocrx_word' id='word_1_104' title='bbox 1830 2747 1963 2814; x_wconf 90' lang='lat' dir='ltr'><strong>post</strong></span> 
     </span>
    </p>
   </div>
   <div class='ocr_carea' id='block_1_20' title="bbox 309 2823 1960 2906">
    <p class='ocr_par' dir='ltr' id='par_1_20' title="bbox 309 2823 1960 2906">
     <span class='ocr_line' id='line_1_20' title="bbox 309 2823 1960 2906; baseline 0.004 -26"><span class='ocrx_word' id='word_1_105' title='bbox 309 2823 822 2891; x_wconf 72' lang='lat' dir='ltr'><strong>Jonam,Micbzeas</strong></span> <span class='ocrx_word' id='word_1_106' title='bbox 835 2827 1155 2906; x_wconf 77' lang='lat' dir='ltr'><strong>ponitur,et</strong></span> <span class='ocrx_word' id='word_1_107' title='bbox 1168 2827 1468 2883; x_wconf 68' lang='lat' dir='ltr'><strong>Michaaam</strong></span> <span class='ocrx_word' id='word_1_108' title='bbox 1484 2831 1960 2902; x_wconf 88' lang='lat' dir='ltr'><strong>sequiturNaum,</strong></span> 
     </span>
    </p>
   </div>
   <div class='ocr_carea' id='block_1_21' title="bbox 315 2911 1962 2984">
    <p class='ocr_par' dir='ltr' id='par_1_21' title="bbox 315 2911 1962 2984">
     <span class='ocr_line' id='line_1_21' title="bbox 315 2911 1962 2984; baseline 0.005 -18"><span class='ocrx_word' id='word_1_109' title='bbox 315 2912 415 2984; x_wconf 88' lang='lat' dir='ltr'><strong>qui</strong></span> <span class='ocrx_word' id='word_1_110' title='bbox 434 2911 852 2984; x_wconf 85' lang='lat' dir='ltr'><strong>interpretatur</strong></span> <span class='ocrx_word' id='word_1_111' title='bbox 871 2915 1195 2970; x_wconf 82' lang='lat' dir='ltr'><strong>consolator.</strong></span> <span class='ocrx_word' id='word_1_112' title='bbox 1217 2916 1248 2970; x_wconf 90' lang='lat' dir='ltr'><strong>J</strong></span> <span class='ocrx_word' id='word_1_113' title='bbox 1258 2933 1351 2970; x_wconf 87' lang='lat' dir='ltr'><strong>am</strong></span> <span class='ocrx_word' id='word_1_114' title='bbox 1373 2917 1529 2972; x_wconf 90' lang='lat' dir='ltr'><strong>enim</strong></span> <span class='ocrx_word' id='word_1_115' title='bbox 1554 2919 1753 2973; x_wconf 88' lang='lat' dir='ltr'><strong>decem</strong></span> <span class='ocrx_word' id='word_1_116' title='bbox 1772 2920 1962 2976; x_wconf 89' lang='lat' dir='ltr'><strong>tribus</strong></span> 
     </span>
    </p>
   </div>
   <div class='ocr_carea' id='block_1_22' title="bbox 315 3001 1963 3077">
    <p class='ocr_par' dir='ltr' id='par_1_22' title="bbox 315 3001 1963 3077">
     <span class='ocr_line' id='line_1_22' title="bbox 315 3001 1963 3077; baseline 0.005 -20"><span class='ocrx_word' id='word_1_117' title='bbox 315 3001 387 3057; x_wconf 88' lang='lat' dir='ltr'><strong>ab</strong></span> <span class='ocrx_word' id='word_1_118' title='bbox 441 3002 699 3074; x_wconf 85' lang='lat' dir='ltr'><strong>Assyriis</strong></span> <span class='ocrx_word' id='word_1_119' title='bbox 730 3003 990 3059; x_wconf 85' lang='lat' dir='ltr'><strong>deductae</strong></span> <span class='ocrx_word' id='word_1_120' title='bbox 1044 3004 1274 3059; x_wconf 81' lang='lat' dir='ltr'><strong>fuerant</strong></span> <span class='ocrx_word' id='word_1_121' title='bbox 1306 3005 1363 3059; x_wconf 91' lang='lat' dir='ltr'><strong>in</strong></span> <span class='ocrx_word' id='word_1_122' title='bbox 1405 3007 1801 3077; x_wconf 86' lang='lat' dir='ltr'><strong>captivitatem</strong></span> <span class='ocrx_word' id='word_1_123' title='bbox 1852 3010 1963 3064; x_wconf 92' lang='lat' dir='ltr'><strong>sub</strong></span> 
     </span>
    </p>
   </div>
   <div class='ocr_carea' id='block_1_23' title="bbox 315 3089 1962 3164">
    <p class='ocr_par' dir='ltr' id='par_1_23' title="bbox 315 3089 1962 3164">
     <span class='ocr_line' id='line_1_23' title="bbox 315 3089 1962 3164; baseline 0.005 -20"><span class='ocrx_word' id='word_1_124' title='bbox 315 3089 577 3161; x_wconf 88' lang='lat' dir='ltr'><strong>Ezechia,</strong></span> <span class='ocrx_word' id='word_1_125' title='bbox 611 3107 745 3162; x_wconf 88' lang='lat' dir='ltr'><strong>rege</strong></span> <span class='ocrx_word' id='word_1_126' title='bbox 775 3091 948 3159; x_wconf 84' lang='lat' dir='ltr'><strong>Juda,</strong></span> <span class='ocrx_word' id='word_1_127' title='bbox 982 3093 1093 3147; x_wconf 88' lang='lat' dir='ltr'><strong>sub</strong></span> <span class='ocrx_word' id='word_1_128' title='bbox 1124 3109 1238 3164; x_wconf 92' lang='lat' dir='ltr'><strong>quo</strong></span> <span class='ocrx_word' id='word_1_129' title='bbox 1272 3094 1447 3149; x_wconf 89' lang='lat' dir='ltr'><strong>etiam</strong></span> <span class='ocrx_word' id='word_1_130' title='bbox 1479 3112 1633 3150; x_wconf 91' lang='lat' dir='ltr'><strong>nunc</strong></span> <span class='ocrx_word' id='word_1_131' title='bbox 1668 3095 1725 3151; x_wconf 90' lang='lat' dir='ltr'><strong>in</strong></span> <span class='ocrx_word' id='word_1_132' title='bbox 1759 3114 1962 3154; x_wconf 89' lang='lat' dir='ltr'><strong>conso-</strong></span> 
     </span>
    </p>
   </div>
   <div class='ocr_carea' id='block_1_24' title="bbox 317 3175 1962 3252">
    <p class='ocr_par' dir='ltr' id='par_1_24' title="bbox 317 3175 1962 3252">
     <span class='ocr_line' id='line_1_24' title="bbox 317 3175 1962 3252; baseline 0.007 -21"><span class='ocrx_word' id='word_1_133' title='bbox 317 3175 595 3232; x_wconf 90' lang='lat' dir='ltr'><strong>lationem</strong></span> <span class='ocrx_word' id='word_1_134' title='bbox 647 3179 846 3249; x_wconf 90' lang='lat' dir='ltr'><strong>populi</strong></span> <span class='ocrx_word' id='word_1_135' title='bbox 898 3181 1323 3252; x_wconf 89' lang='lat' dir='ltr'><strong>transmigrati,</strong></span> <span class='ocrx_word' id='word_1_136' title='bbox 1357 3184 1667 3238; x_wconf 89' lang='lat' dir='ltr'><strong>adversum</strong></span> <span class='ocrx_word' id='word_1_137' title='bbox 1723 3185 1962 3242; x_wconf 91' lang='lat' dir='ltr'><strong>Niniven</strong></span> 
     </span>
    </p>
   </div>
   <div class='ocr_carea' id='block_1_25' title="bbox 317 3264 1964 3342">
    <p class='ocr_par' dir='ltr' id='par_1_25' title="bbox 317 3264 1964 3342">
     <span class='ocr_line' id='line_1_25' title="bbox 317 3264 1964 3342; baseline 0.007 -22"><span class='ocrx_word' id='word_1_138' title='bbox 317 3264 466 3320; x_wconf 86' lang='lat' dir='ltr'><strong>visio</strong></span> <span class='ocrx_word' id='word_1_139' title='bbox 497 3265 776 3322; x_wconf 90' lang='lat' dir='ltr'><strong>cernitur.</strong></span> <span class='ocrx_word' id='word_1_140' title='bbox 808 3266 923 3323; x_wconf 92' lang='lat' dir='ltr'><strong>Nec</strong></span> <span class='ocrx_word' id='word_1_141' title='bbox 975 3273 1098 3324; x_wconf 86' lang='lat' dir='ltr'><strong>erat</strong></span> <span class='ocrx_word' id='word_1_142' title='bbox 1129 3287 1303 3342; x_wconf 88' lang='lat' dir='ltr'><strong>parva</strong></span> <span class='ocrx_word' id='word_1_143' title='bbox 1333 3271 1670 3339; x_wconf 87' lang='lat' dir='ltr'><strong>consolatio,</strong></span> <span class='ocrx_word' id='word_1_144' title='bbox 1720 3277 1838 3329; x_wconf 89' lang='lat' dir='ltr'><strong>tam</strong></span> <span class='ocrx_word' id='word_1_145' title='bbox 1872 3275 1964 3332; x_wconf 92' lang='lat' dir='ltr'><strong>his</strong></span> 
     </span>
    </p>
   </div>
   <div class='ocr_carea' id='block_1_26' title="bbox 321 3353 1965 3434">
    <p class='ocr_par' dir='ltr' id='par_1_26' title="bbox 321 3353 1965 3434">
     <span class='ocr_line' id='line_1_26' title="bbox 321 3353 1965 3434; baseline 0.007 -26"><span class='ocrx_word' id='word_1_146' title='bbox 321 3353 423 3424; x_wconf 87' lang='lat' dir='ltr'><strong>qui</strong></span> <span class='ocrx_word' id='word_1_147' title='bbox 450 3353 576 3424; x_wconf 89' lang='lat' dir='ltr'><strong>jam</strong></span> <span class='ocrx_word' id='word_1_148' title='bbox 593 3355 847 3427; x_wconf 86' lang='lat' dir='ltr'><strong>Assyriis</strong></span> <span class='ocrx_word' id='word_1_149' title='bbox 879 3357 1227 3429; x_wconf 86' lang='lat' dir='ltr'><strong>serviebant,</strong></span> <span class='ocrx_word' id='word_1_150' title='bbox 1253 3376 1428 3432; x_wconf 89' lang='lat' dir='ltr'><strong>quam</strong></span> <span class='ocrx_word' id='word_1_151' title='bbox 1453 3360 1714 3433; x_wconf 89' lang='lat' dir='ltr'><strong>reliquis,</strong></span> <span class='ocrx_word' id='word_1_152' title='bbox 1737 3365 1835 3434; x_wconf 91' lang='lat' dir='ltr'><strong>qui</strong></span> <span class='ocrx_word' id='word_1_153' title='bbox 1859 3366 1965 3420; x_wconf 90' lang='lat' dir='ltr'><strong>sub</strong></span> 
     </span>
    </p>
   </div>
   <div class='ocr_carea' id='block_1_27' title="bbox 321 3440 1963 3519">
    <p class='ocr_par' dir='ltr' id='par_1_27' title="bbox 321 3440 1963 3519">
     <span class='ocr_line' id='line_1_27' title="bbox 321 3440 1963 3519; baseline 0.007 -23"><span class='ocrx_word' id='word_1_154' title='bbox 321 3440 565 3498; x_wconf 87' lang='lat' dir='ltr'><strong>Ezecbia</strong></span> <span class='ocrx_word' id='word_1_155' title='bbox 596 3443 665 3498; x_wconf 91' lang='lat' dir='ltr'><strong>de</strong></span> <span class='ocrx_word' id='word_1_156' title='bbox 694 3443 848 3499; x_wconf 83' lang='lat' dir='ltr'><strong>tribu</strong></span> <span class='ocrx_word' id='word_1_157' title='bbox 899 3445 1053 3501; x_wconf 89' lang='lat' dir='ltr'><strong>Juda</strong></span> <span class='ocrx_word' id='word_1_158' title='bbox 1085 3450 1141 3502; x_wconf 93' lang='lat' dir='ltr'><strong>et</strong></span> <span class='ocrx_word' id='word_1_159' title='bbox 1170 3446 1470 3519; x_wconf 85' lang='lat' dir='ltr'><strong>Benjamin</strong></span> <span class='ocrx_word' id='word_1_160' title='bbox 1517 3450 1588 3505; x_wconf 89' lang='lat' dir='ltr'><strong>ab</strong></span> <span class='ocrx_word' id='word_1_161' title='bbox 1621 3450 1827 3506; x_wconf 85' lang='lat' dir='ltr'><strong>iisdem</strong></span> <span class='ocrx_word' id='word_1_162' title='bbox 1861 3452 1963 3508; x_wconf 92' lang='lat' dir='ltr'><strong>ho-</strong></span> 
     </span>
    </p>
   </div>
   <div class='ocr_carea' id='block_1_28' title="bbox 316 3529 1964 3613">
    <p class='ocr_par' dir='ltr' id='par_1_28' title="bbox 316 3529 1964 3613">
     <span class='ocr_line' id='line_1_28' title="bbox 316 3529 1964 3613; baseline 0.007 -27"><span class='ocrx_word' id='word_1_163' title='bbox 316 3529 506 3586; x_wconf 86' lang='lat' dir='ltr'><strong>stibus</strong></span> <span class='ocrx_word' id='word_1_164' title='bbox 527 3531 967 3600; x_wconf 88' lang='lat' dir='ltr'><strong>obsidebantur,</strong></span> <span class='ocrx_word' id='word_1_165' title='bbox 991 3539 1054 3589; x_wconf 91' lang='lat' dir='ltr'><strong>ut</strong></span> <span class='ocrx_word' id='word_1_166' title='bbox 1077 3537 1365 3600; x_wconf 88' lang='lat' dir='ltr'><strong>audirent,</strong></span> <span class='ocrx_word' id='word_1_167' title='bbox 1389 3539 1657 3610; x_wconf 88' lang='lat' dir='ltr'><strong>Assyrios</strong></span> <span class='ocrx_word' id='word_1_168' title='bbox 1676 3557 1906 3613; x_wconf 91' lang='lat' dir='ltr'><strong>quoque</strong></span> <span class='ocrx_word' id='word_1_169' title='bbox 1931 3560 1964 3597; x_wconf 87' lang='lat' dir='ltr'><strong>a</strong></span> 
     </span>
    </p>
   </div>
   <div class='ocr_carea' id='block_1_29' title="bbox 313 3618 1961 3700">
    <p class='ocr_par' dir='ltr' id='par_1_29' title="bbox 313 3618 1961 3700">
     <span class='ocr_line' id='line_1_29' title="bbox 313 3618 1961 3700; baseline 0.007 -25"><span class='ocrx_word' id='word_1_170' title='bbox 313 3618 597 3675; x_wconf 71' lang='lat' dir='ltr'><strong>Chaldaeis</strong></span> <span class='ocrx_word' id='word_1_171' title='bbox 626 3637 755 3676; x_wconf 89' lang='lat' dir='ltr'><strong>esse</strong></span> <span class='ocrx_word' id='word_1_172' title='bbox 785 3622 1121 3694; x_wconf 90' lang='lat' dir='ltr'><strong>capiendos,</strong></span> <span class='ocrx_word' id='word_1_173' title='bbox 1172 3626 1324 3680; x_wconf 88' lang='lat' dir='ltr'><strong>sicut</strong></span> <span class='ocrx_word' id='word_1_174' title='bbox 1354 3625 1412 3680; x_wconf 92' lang='lat' dir='ltr'><strong>in</strong></span> <span class='ocrx_word' id='word_1_175' title='bbox 1467 3631 1961 3700; x_wconf 89' lang='lat' dir='ltr'><strong>consequentibus</strong></span> 
     </span>
    </p>
   </div>
   <div class='ocr_carea' id='block_1_30' title="bbox 311 3706 1959 3779">
    <p class='ocr_par' dir='ltr' id='par_1_30' title="bbox 311 3706 1959 3779">
     <span class='ocr_line' id='line_1_30' title="bbox 311 3706 1959 3779; baseline 0.007 -17"><span class='ocrx_word' id='word_1_176' title='bbox 311 3706 490 3779; x_wconf 90' lang='lat' dir='ltr'><strong>hujus</strong></span> <span class='ocrx_word' id='word_1_177' title='bbox 521 3707 655 3764; x_wconf 89' lang='lat' dir='ltr'><strong>libri</strong></span> <span class='ocrx_word' id='word_1_178' title='bbox 703 3710 1045 3768; x_wconf 71' lang='lat'><strong>535-536</strong></span> <span class='ocrx_word' id='word_1_179' title='bbox 1078 3713 1595 3771; x_wconf 90' lang='lat' dir='ltr'><strong>demonstrabitur.</strong></span> <span class='ocrx_word' id='word_1_180' title='bbox 1647 3717 1959 3774; x_wconf 87' lang='lat' dir='ltr'><strong>Sciendum</strong></span> 
     </span>
    </p>
   </div>
   <div class='ocr_carea' id='block_1_31' title="bbox 309 3799 1958 3878">
    <p class='ocr_par' dir='ltr' id='par_1_31' title="bbox 309 3799 1958 3878">
     <span class='ocr_line' id='line_1_31' title="bbox 309 3799 1958 3878; baseline 0.007 -27"><span class='ocrx_word' id='word_1_181' title='bbox 309 3800 504 3853; x_wconf 87' lang='lat' dir='ltr'><strong>autem</strong></span> <span class='ocrx_word' id='word_1_182' title='bbox 533 3801 622 3853; x_wconf 86' lang='lat' dir='ltr'><strong>est</strong></span> <span class='ocrx_word' id='word_1_183' title='bbox 651 3799 953 3871; x_wconf 88' lang='lat' dir='ltr'><strong>(quoniam</strong></span> <span class='ocrx_word' id='word_1_184' title='bbox 984 3803 1186 3858; x_wconf 84' lang='lat' dir='ltr'><strong>Ninive</strong></span> <span class='ocrx_word' id='word_1_185' title='bbox 1213 3802 1273 3856; x_wconf 90' lang='lat' dir='ltr'><strong>in</strong></span> <span class='ocrx_word' id='word_1_186' title='bbox 1306 3809 1503 3859; x_wconf 88' lang='lat' dir='ltr'><strong>nostra</strong></span> <span class='ocrx_word' id='word_1_187' title='bbox 1523 3805 1725 3878; x_wconf 88' lang='lat' dir='ltr'><strong>lingua</strong></span> <span class='ocrx_word' id='word_1_188' title='bbox 1751 3808 1821 3862; x_wconf 91' lang='lat' dir='ltr'><strong>de</strong></span> <span class='ocrx_word' id='word_1_189' title='bbox 1853 3807 1958 3863; x_wconf 92' lang='lat' dir='ltr'><strong>He-</strong></span> 
     </span>
    </p>
   </div>
   <div class='ocr_carea' id='block_1_32' title="bbox 307 3883 1960 3963">
    <p class='ocr_par' dir='ltr' id='par_1_32' title="bbox 307 3883 1960 3963">
     <span class='ocr_line' id='line_1_32' title="bbox 307 3883 1960 3963; baseline 0.008 -24"><span class='ocrx_word' id='word_1_190' title='bbox 307 3883 462 3942; x_wconf 70' lang='lat' dir='ltr'><strong>braeo</strong></span> <span class='ocrx_word' id='word_1_191' title='bbox 492 3888 788 3958; x_wconf 81' lang='lat' dir='ltr'><strong>speciosam</strong></span> <span class='ocrx_word' id='word_1_192' title='bbox 813 3893 1016 3945; x_wconf 88' lang='lat' dir='ltr'><strong>sonat:</strong></span> <span class='ocrx_word' id='word_1_193' title='bbox 1049 3892 1350 3963; x_wconf 89' lang='lat' dir='ltr'><strong>speciosus</strong></span> <span class='ocrx_word' id='word_1_194' title='bbox 1373 3897 1565 3948; x_wconf 89' lang='lat' dir='ltr'><strong>autem</strong></span> <span class='ocrx_word' id='word_1_195' title='bbox 1589 3896 1845 3952; x_wconf 90' lang='lat' dir='ltr'><strong>mundus</strong></span> <span class='ocrx_word' id='word_1_196' title='bbox 1865 3896 1960 3952; x_wconf 91' lang='lat' dir='ltr'><strong>hic</strong></span> 
     </span>
    </p>
   </div>
   <div class='ocr_carea' id='block_1_33' title="bbox 307 3973 1957 4053">
    <p class='ocr_par' dir='ltr' id='par_1_33' title="bbox 307 3973 1957 4053">
     <span class='ocr_line' id='line_1_33' title="bbox 307 3973 1957 4053; baseline 0.008 -25"><span class='ocrx_word' id='word_1_197' title='bbox 307 3973 526 4030; x_wconf 89' lang='lat' dir='ltr'><strong>dicitur</strong></span> <span class='ocrx_word' id='word_1_198' title='bbox 550 3992 564 4032; x_wconf 88' lang='lat'><strong>:</strong></span> <span class='ocrx_word' id='word_1_199' title='bbox 597 3977 753 4032; x_wconf 90' lang='lat' dir='ltr'><strong>unde</strong></span> <span class='ocrx_word' id='word_1_200' title='bbox 783 3982 839 4032; x_wconf 90' lang='lat' dir='ltr'><strong>et</strong></span> <span class='ocrx_word' id='word_1_201' title='bbox 869 3979 1024 4050; x_wconf 89' lang='lat' dir='ltr'><strong>apud</strong></span> <span class='ocrx_word' id='word_1_202' title='bbox 1055 3983 1281 4036; x_wconf 67' lang='lat' dir='ltr'><strong>Graacos</strong></span> <span class='ocrx_word' id='word_1_203' title='bbox 1301 3979 1504 4053; x_wconf 77' lang='grc' dir='ltr'><strong>κόσμος</strong></span> <span class='ocrx_word' id='word_1_204' title='bbox 1529 3984 1600 4038; x_wconf 89' lang='lat' dir='ltr'><strong>ab</strong></span> <span class='ocrx_word' id='word_1_205' title='bbox 1623 3989 1830 4040; x_wconf 88' lang='lat' dir='ltr'><strong>ornatu</strong></span> <span class='ocrx_word' id='word_1_206' title='bbox 1854 4003 1957 4041; x_wconf 90' lang='lat' dir='ltr'><strong>no-</strong></span> 
     </span>
    </p>
   </div>
   <div class='ocr_carea' id='block_1_34' title="bbox 306 4064 1958 4138">
    <p class='ocr_par' dir='ltr' id='par_1_34' title="bbox 306 4064 1958 4138">
     <span class='ocr_line' id='line_1_34' title="bbox 306 4064 1958 4138; baseline 0.007 -20"><span class='ocrx_word' id='word_1_207' title='bbox 306 4079 442 4120; x_wconf 81' lang='lat' dir='ltr'><strong>men</strong></span> <span class='ocrx_word' id='word_1_208' title='bbox 469 4064 710 4135; x_wconf 89' lang='lat' dir='ltr'><strong>accepit)</strong></span> <span class='ocrx_word' id='word_1_209' title='bbox 740 4065 1027 4138; x_wconf 88' lang='lat' dir='ltr'><strong>quidquid</strong></span> <span class='ocrx_word' id='word_1_210' title='bbox 1061 4085 1217 4123; x_wconf 89' lang='lat' dir='ltr'><strong>nunc</strong></span> <span class='ocrx_word' id='word_1_211' title='bbox 1250 4070 1558 4127; x_wconf 90' lang='lat' dir='ltr'><strong>adversum</strong></span> <span class='ocrx_word' id='word_1_212' title='bbox 1591 4073 1830 4130; x_wconf 90' lang='lat' dir='ltr'><strong>Niniven</strong></span> <span class='ocrx_word' id='word_1_213' title='bbox 1862 4075 1958 4130; x_wconf 91' lang='lat' dir='ltr'><strong>di-</strong></span> 
     </span>
    </p>
   </div>
   <div class='ocr_carea' id='block_1_35' title="bbox 307 4204 1956 4347">
    <p class='ocr_par' dir='ltr' id='par_1_35' title="bbox 307 4204 1956 4347">
     <span class='ocr_line' id='line_1_35' title="bbox 307 4204 1956 4347; baseline 0.01 -89"><span class='ocrx_word' id='word_1_214' title='bbox 307 4204 1083 4347; x_wconf 38' lang='lat' dir='ltr'><strong>plgﬂagfqnquﬁqfuﬁaule</strong></span> <span class='ocrx_word' id='word_1_215' title='bbox 1105 4211 1349 4283; x_wconf 89' lang='lat' dir='ltr'><strong>ejusque</strong></span> <span class='ocrx_word' id='word_1_216' title='bbox 1369 4213 1502 4269; x_wconf 84' lang='lat' dir='ltr'><strong>ﬁliae</strong></span> <span class='ocrx_word' id='word_1_217' title='bbox 1530 4215 1836 4275; x_wconf 88' lang='lat' dir='ltr'><strong>Eustochio</strong></span> <span class='ocrx_word' id='word_1_218' title='bbox 1855 4219 1956 4274; x_wconf 86' lang='lat' dir='ltr'><strong>Ex-</strong></span> 
     </span>
    </p>
   </div>
   <div class='ocr_carea' id='block_1_36' title="bbox 1997 3315 2044 3379">
    <p class='ocr_par' dir='ltr' id='par_1_36' title="bbox 1997 3315 2044 3379">
     <span class='ocr_line' id='line_1_36' title="bbox 1997 3315 2044 3379; baseline 0 0"><span class='ocrx_word' id='word_1_219' title='bbox 1997 3315 2044 3379; x_wconf 93' lang='lat' dir='ltr'><strong>B</strong></span> 
     </span>
    </p>
   </div>
   <div class='ocr_carea' id='block_1_37' title="bbox 2064 2024 3662 2101">
    <p class='ocr_par' dir='ltr' id='par_1_37' title="bbox 2064 2024 3662 2101">
     <span class='ocr_line' id='line_1_37' title="bbox 2064 2024 3662 2101; baseline -0.008 -15"><span class='ocrx_word' id='word_1_220' title='bbox 2064 2048 2302 2086; x_wconf 88' lang='lat' dir='ltr'><strong>causam</strong></span> <span class='ocrx_word' id='word_1_221' title='bbox 2333 2029 2656 2101; x_wconf 81' lang='lat' dir='ltr'><strong>assumptio,</strong></span> <span class='ocrx_word' id='word_1_222' title='bbox 2707 2044 2886 2100; x_wconf 90' lang='lat' dir='ltr'><strong>quam</strong></span> <span class='ocrx_word' id='word_1_223' title='bbox 2915 2025 3300 2098; x_wconf 87' lang='lat' dir='ltr'><strong>Septuaginta</strong></span> <span class='ocrx_word' id='word_1_224' title='bbox 3328 2024 3662 2094; x_wconf 84' lang='lat' dir='ltr'><strong>interpretan-</strong></span> 
     </span>
    </p>
   </div>
   <div class='ocr_carea' id='block_1_38' title="bbox 2065 2107 3661 2190">
    <p class='ocr_par' dir='ltr' id='par_1_38' title="bbox 2065 2107 3661 2190">
     <span class='ocr_line' id='line_1_38' title="bbox 2065 2107 3661 2190; baseline -0.008 -16"><span class='ocrx_word' id='word_1_225' title='bbox 2065 2127 2159 2174; x_wconf 90' lang='lat' dir='ltr'><strong>tur</strong></span> <span class='ocrx_word' id='word_1_226' title='bbox 2189 2115 2409 2190; x_wconf 77' lang='grc' dir='ltr'>λῆμμα,</span> <span class='ocrx_word' id='word_1_227' title='bbox 2443 2121 2500 2174; x_wconf 90' lang='lat' dir='ltr'><strong>et</strong></span> <span class='ocrx_word' id='word_1_228' title='bbox 2527 2116 2738 2188; x_wconf 86' lang='lat' dir='ltr'><strong>Aquila</strong></span> <span class='ocrx_word' id='word_1_229' title='bbox 2769 2113 2915 2190; x_wconf 75' lang='grc' dir='ltr'>ἅρμα</span> <span class='ocrx_word' id='word_1_230' title='bbox 2943 2115 3361 2186; x_wconf 89' lang='lat' dir='ltr'><strong>interpretatus</strong></span> <span class='ocrx_word' id='word_1_231' title='bbox 3389 2116 3492 2178; x_wconf 89' lang='lat' dir='ltr'><strong>est,</strong></span> <span class='ocrx_word' id='word_1_232' title='bbox 3538 2107 3661 2180; x_wconf 86' lang='lat' dir='ltr'><strong>apud</strong></span> 
     </span>
    </p>
   </div>
   <div class='ocr_carea' id='block_1_39' title="bbox 2066 2195 3664 2276">
    <p class='ocr_par' dir='ltr' id='par_1_39' title="bbox 2066 2195 3664 2276">
     <span class='ocr_line' id='line_1_39' title="bbox 2066 2195 3664 2276; baseline -0.008 -14"><span class='ocrx_word' id='word_1_233' title='bbox 2066 2207 2332 2263; x_wconf 80' lang='lat' dir='ltr'><strong>Hebraeos</strong></span> <span class='ocrx_word' id='word_1_234' title='bbox 2364 2223 2548 2262; x_wconf 58' lang='lat' dir='ltr'><strong>massa</strong></span> <span class='ocrx_word' id='word_1_235' title='bbox 2581 2205 2835 2276; x_wconf 90' lang='lat' dir='ltr'><strong>ponitur,</strong></span> <span class='ocrx_word' id='word_1_236' title='bbox 2870 2204 2926 2258; x_wconf 89' lang='lat' dir='ltr'><strong>id</strong></span> <span class='ocrx_word' id='word_1_237' title='bbox 2950 2208 3056 2270; x_wconf 87' lang='lat' dir='ltr'><strong>est,</strong></span> <span class='ocrx_word' id='word_1_238' title='bbox 3089 2219 3254 2273; x_wconf 88' lang='lat' dir='ltr'><strong>grave</strong></span> <span class='ocrx_word' id='word_1_239' title='bbox 3273 2216 3438 2257; x_wconf 82' lang='lat' dir='ltr'><strong>onus:</strong></span> <span class='ocrx_word' id='word_1_240' title='bbox 3465 2214 3522 2253; x_wconf 91' lang='lat' dir='ltr'><strong>eo</strong></span> <span class='ocrx_word' id='word_1_241' title='bbox 3538 2195 3664 2268; x_wconf 83' lang='lat' dir='ltr'><strong>quod</strong></span> 
     </span>
    </p>
   </div>
   <div class='ocr_carea' id='block_1_40' title="bbox 2067 2286 3666 2366">
    <p class='ocr_par' dir='ltr' id='par_1_40' title="bbox 2067 2286 3666 2366">
     <span class='ocr_line' id='line_1_40' title="bbox 2067 2286 3666 2366; baseline -0.008 -14"><span class='ocrx_word' id='word_1_242' title='bbox 2067 2313 2195 2352; x_wconf 89' lang='lat' dir='ltr'><strong>eam</strong></span> <span class='ocrx_word' id='word_1_243' title='bbox 2227 2297 2506 2351; x_wconf 90' lang='lat' dir='ltr'><strong>adversus</strong></span> <span class='ocrx_word' id='word_1_244' title='bbox 2538 2311 2715 2366; x_wconf 90' lang='lat' dir='ltr'><strong>quam</strong></span> <span class='ocrx_word' id='word_1_245' title='bbox 2735 2293 2984 2363; x_wconf 87' lang='lat' dir='ltr'><strong>videtur,</strong></span> <span class='ocrx_word' id='word_1_246' title='bbox 3022 2296 3270 2363; x_wconf 90' lang='lat' dir='ltr'><strong>premat,</strong></span> <span class='ocrx_word' id='word_1_247' title='bbox 3295 2306 3394 2346; x_wconf 90' lang='lat' dir='ltr'><strong>nec</strong></span> <span class='ocrx_word' id='word_1_248' title='bbox 3417 2289 3560 2344; x_wconf 88' lang='lat' dir='ltr'><strong>sinat</strong></span> <span class='ocrx_word' id='word_1_249' title='bbox 3582 2286 3666 2341; x_wconf 89' lang='lat' dir='ltr'><strong>ele-</strong></span> 
     </span>
    </p>
   </div>
   <div class='ocr_carea' id='block_1_41' title="bbox 2068 2375 3669 2453">
    <p class='ocr_par' dir='ltr' id='par_1_41' title="bbox 2068 2375 3669 2453">
     <span class='ocr_line' id='line_1_41' title="bbox 2068 2375 3669 2453; baseline -0.007 -13"><span class='ocrx_word' id='word_1_250' title='bbox 2068 2404 2201 2442; x_wconf 90' lang='lat' dir='ltr'><strong>vare</strong></span> <span class='ocrx_word' id='word_1_251' title='bbox 2231 2386 2532 2441; x_wconf 89' lang='lat' dir='ltr'><strong>cervicem.</strong></span> <span class='ocrx_word' id='word_1_252' title='bbox 2569 2387 2743 2441; x_wconf 73' lang='lat' dir='ltr'><strong>Porro</strong></span> <span class='ocrx_word' id='word_1_253' title='bbox 2775 2384 2925 2453; x_wconf 87' lang='lat' dir='ltr'><strong>quod</strong></span> <span class='ocrx_word' id='word_1_254' title='bbox 2966 2382 3227 2449; x_wconf 88' lang='lat' dir='ltr'><strong>additur,</strong></span> <span class='ocrx_word' id='word_1_255' title='bbox 3259 2381 3428 2436; x_wconf 83' lang='lat' dir='ltr'><strong>Naum</strong></span> <span class='ocrx_word' id='word_1_256' title='bbox 3452 2375 3669 2442; x_wconf 69' lang='lat' dir='ltr'><strong>Elcesa’i,</strong></span> 
     </span>
    </p>
   </div>
   <div class='ocr_carea' id='block_1_42' title="bbox 2070 2469 3672 2547">
    <p class='ocr_par' dir='ltr' id='par_1_42' title="bbox 2070 2469 3672 2547">
     <span class='ocr_line' id='line_1_42' title="bbox 2070 2469 3672 2547; baseline -0.009 -15"><span class='ocrx_word' id='word_1_257' title='bbox 2070 2476 2306 2547; x_wconf 87' lang='lat' dir='ltr'><strong>quidam</strong></span> <span class='ocrx_word' id='word_1_258' title='bbox 2331 2479 2541 2547; x_wconf 87' lang='lat' dir='ltr'><strong>putant</strong></span> <span class='ocrx_word' id='word_1_259' title='bbox 2579 2475 2896 2530; x_wconf 72' lang='lat' dir='ltr'><strong>Elceszeum</strong></span> <span class='ocrx_word' id='word_1_260' title='bbox 2919 2489 2952 2544; x_wconf 88' lang='lat' dir='ltr'><strong>p</strong></span> <span class='ocrx_word' id='word_1_261' title='bbox 2968 2476 3157 2527; x_wconf 88' lang='lat' dir='ltr'><strong>atrem</strong></span> <span class='ocrx_word' id='word_1_262' title='bbox 3183 2486 3309 2526; x_wconf 90' lang='lat' dir='ltr'><strong>esse</strong></span> <span class='ocrx_word' id='word_1_263' title='bbox 3325 2469 3520 2535; x_wconf 87' lang='lat' dir='ltr'><strong>Naum,</strong></span> <span class='ocrx_word' id='word_1_264' title='bbox 3541 2469 3590 2520; x_wconf 87' lang='lat' dir='ltr'><strong>et</strong></span> <span class='ocrx_word' id='word_1_265' title='bbox 3607 2479 3672 2517; x_wconf 85' lang='lat' dir='ltr'><strong>se-</strong></span> 
     </span>
    </p>
   </div>
   <div class='ocr_carea' id='block_1_43' title="bbox 2071 2552 3674 2631">
    <p class='ocr_par' dir='ltr' id='par_1_43' title="bbox 2071 2552 3674 2631">
     <span class='ocr_line' id='line_1_43' title="bbox 2071 2552 3674 2631; baseline -0.007 -13"><span class='ocrx_word' id='word_1_266' title='bbox 2071 2565 2330 2619; x_wconf 87' lang='lat' dir='ltr'><strong>cundum</strong></span> <span class='ocrx_word' id='word_1_267' title='bbox 2349 2565 2646 2619; x_wconf 83' lang='lat' dir='ltr'><strong>Hebraeam</strong></span> <span class='ocrx_word' id='word_1_268' title='bbox 2668 2563 3038 2620; x_wconf 89' lang='lat' dir='ltr'><strong>traditionem</strong></span> <span class='ocrx_word' id='word_1_269' title='bbox 3061 2561 3242 2616; x_wconf 87' lang='lat' dir='ltr'><strong>etiam</strong></span> <span class='ocrx_word' id='word_1_270' title='bbox 3267 2559 3449 2631; x_wconf 89' lang='lat' dir='ltr'><strong>ipsum</strong></span> <span class='ocrx_word' id='word_1_271' title='bbox 3463 2552 3674 2628; x_wconf 86' lang='lat' dir='ltr'><strong>prophe-</strong></span> 
     </span>
    </p>
   </div>
   <div class='ocr_carea' id='block_1_44' title="bbox 2071 2641 3673 2740">
    <p class='ocr_par' dir='ltr' id='par_1_44' title="bbox 2071 2641 3673 2740">
     <span class='ocr_line' id='line_1_44' title="bbox 2071 2641 3673 2740; baseline -0.007 -32"><span class='ocrx_word' id='word_1_272' title='bbox 2071 2658 2190 2708; x_wconf 89' lang='lat' dir='ltr'><strong>tam</strong></span> <span class='ocrx_word' id='word_1_273' title='bbox 2243 2653 2462 2709; x_wconf 82' lang='lat' dir='ltr'><strong>fuisse:</strong></span> <span class='ocrx_word' id='word_1_274' title='bbox 2525 2671 2659 2709; x_wconf 91' lang='lat' dir='ltr'><strong>cum</strong></span> <span class='ocrx_word' id='word_1_275' title='bbox 2717 2651 2905 2707; x_wconf 87' lang='lat' dir='ltr'><strong>Elcesi</strong></span> <span class='ocrx_word' id='word_1_276' title='bbox 2956 2649 3041 2721; x_wconf 85' lang='lat' dir='ltr'><strong>[Al</strong></span> <span class='ocrx_word' id='word_1_277' title='bbox 3071 2649 3353 2740; x_wconf 65' lang='lat' dir='ltr'><strong>Elcesazi],</strong></span> <span class='ocrx_word' id='word_1_278' title='bbox 3397 2660 3562 2740; x_wconf 79' lang='lat' dir='ltr'><strong>usque</strong></span> <span class='ocrx_word' id='word_1_279' title='bbox 3586 2641 3673 2740; x_wconf 72' lang='lat' dir='ltr'><strong>bc-</strong></span> 
     </span>
    </p>
   </div>
   <div class='ocr_carea' id='block_1_45' title="bbox 2071 2733 3673 2812">
    <p class='ocr_par' dir='ltr' id='par_1_45' title="bbox 2071 2733 3673 2812">
     <span class='ocr_line' id='line_1_45' title="bbox 2071 2733 3673 2812; baseline -0.009 -15"><span class='ocrx_word' id='word_1_280' title='bbox 2071 2741 2163 2797; x_wconf 93' lang='lat' dir='ltr'><strong>die</strong></span> <span class='ocrx_word' id='word_1_281' title='bbox 2186 2741 2246 2796; x_wconf 91' lang='lat' dir='ltr'><strong>in</strong></span> <span class='ocrx_word' id='word_1_282' title='bbox 2280 2741 2516 2798; x_wconf 82' lang='lat' dir='ltr'><strong>Galilaea</strong></span> <span class='ocrx_word' id='word_1_283' title='bbox 2534 2742 2763 2798; x_wconf 92' lang='lat' dir='ltr'><strong>viculus</strong></span> <span class='ocrx_word' id='word_1_284' title='bbox 2794 2741 2892 2807; x_wconf 87' lang='lat' dir='ltr'><strong>sit,</strong></span> <span class='ocrx_word' id='word_1_285' title='bbox 2919 2757 3132 2812; x_wconf 90' lang='lat' dir='ltr'><strong>parvus</strong></span> <span class='ocrx_word' id='word_1_286' title='bbox 3165 2738 3396 2811; x_wconf 88' lang='lat' dir='ltr'><strong>quidem</strong></span> <span class='ocrx_word' id='word_1_287' title='bbox 3417 2733 3562 2790; x_wconf 86' lang='lat' dir='ltr'><strong>etvix</strong></span> <span class='ocrx_word' id='word_1_288' title='bbox 3579 2733 3673 2784; x_wconf 89' lang='lat' dir='ltr'><strong>rui-</strong></span> 
     </span>
    </p>
   </div>
   <div class='ocr_carea' id='block_1_46' title="bbox 2073 2820 3668 2898">
    <p class='ocr_par' dir='ltr' id='par_1_46' title="bbox 2073 2820 3668 2898">
     <span class='ocr_line' id='line_1_46' title="bbox 2073 2820 3668 2898; baseline -0.008 -12"><span class='ocrx_word' id='word_1_289' title='bbox 2073 2831 2165 2886; x_wconf 89' lang='lat' dir='ltr'><strong>nis</strong></span> <span class='ocrx_word' id='word_1_290' title='bbox 2195 2835 2458 2886; x_wconf 87' lang='lat' dir='ltr'><strong>veterum</strong></span> <span class='ocrx_word' id='word_1_291' title='bbox 2492 2831 2870 2887; x_wconf 75' lang='lat' dir='ltr'><strong>azditiciorum</strong></span> <span class='ocrx_word' id='word_1_292' title='bbox 2899 2829 3170 2885; x_wconf 88' lang='lat' dir='ltr'><strong>indicans</strong></span> <span class='ocrx_word' id='word_1_293' title='bbox 3195 2825 3466 2898; x_wconf 88' lang='lat' dir='ltr'><strong>vestigia;</strong></span> <span class='ocrx_word' id='word_1_294' title='bbox 3496 2820 3584 2877; x_wconf 89' lang='lat' dir='ltr'><strong>sed</strong></span> <span class='ocrx_word' id='word_1_295' title='bbox 3604 2823 3668 2873; x_wconf 85' lang='lat' dir='ltr'><strong>ta-</strong></span> 
     </span>
    </p>
   </div>
   <div class='ocr_carea' id='block_1_47' title="bbox 2074 2912 3672 2990">
    <p class='ocr_par' dir='ltr' id='par_1_47' title="bbox 2074 2912 3672 2990">
     <span class='ocr_line' id='line_1_47' title="bbox 2074 2912 3672 2990; baseline -0.008 -16"><span class='ocrx_word' id='word_1_296' title='bbox 2074 2937 2206 2974; x_wconf 87' lang='lat' dir='ltr'><strong>men</strong></span> <span class='ocrx_word' id='word_1_297' title='bbox 2229 2924 2404 2975; x_wconf 90' lang='lat' dir='ltr'><strong>notus</strong></span> <span class='ocrx_word' id='word_1_298' title='bbox 2423 2921 2666 2987; x_wconf 82' lang='lat' dir='ltr'><strong>Judaeis,</strong></span> <span class='ocrx_word' id='word_1_299' title='bbox 2700 2924 2756 2976; x_wconf 91' lang='lat' dir='ltr'><strong>et</strong></span> <span class='ocrx_word' id='word_1_300' title='bbox 2778 2918 2922 2974; x_wconf 87' lang='lat' dir='ltr'><strong>mihi</strong></span> <span class='ocrx_word' id='word_1_301' title='bbox 2939 2933 3177 2990; x_wconf 91' lang='lat' dir='ltr'><strong>quoque</strong></span> <span class='ocrx_word' id='word_1_302' title='bbox 3195 2934 3229 2971; x_wconf 89' lang='lat' dir='ltr'><strong>a</strong></span> <span class='ocrx_word' id='word_1_303' title='bbox 3249 2912 3672 2970; x_wconf 89' lang='lat' dir='ltr'><strong>circumducente</strong></span> 
     </span>
    </p>
   </div>
   <div class='ocr_carea' id='block_1_48' title="bbox 2075 2997 3674 3074">
    <p class='ocr_par' dir='ltr' id='par_1_48' title="bbox 2075 2997 3674 3074">
     <span class='ocr_line' id='line_1_48' title="bbox 2075 2997 3674 3074; baseline -0.008 -10"><span class='ocrx_word' id='word_1_304' title='bbox 2075 3014 2457 3070; x_wconf 85' lang='lat' dir='ltr'><strong>monstratus.</strong></span> <span class='ocrx_word' id='word_1_305' title='bbox 2492 3008 2679 3065; x_wconf 89' lang='lat' dir='ltr'><strong>Simul</strong></span> <span class='ocrx_word' id='word_1_306' title='bbox 2712 3013 2769 3064; x_wconf 92' lang='lat' dir='ltr'><strong>et</strong></span> <span class='ocrx_word' id='word_1_307' title='bbox 2809 3008 2914 3065; x_wconf 86' lang='lat' dir='ltr'><strong>hoc</strong></span> <span class='ocrx_word' id='word_1_308' title='bbox 2947 3007 3371 3062; x_wconf 84' lang='lat' dir='ltr'><strong>attendendum</strong></span> <span class='ocrx_word' id='word_1_309' title='bbox 3412 2999 3552 3074; x_wconf 90' lang='lat' dir='ltr'><strong>quod</strong></span> <span class='ocrx_word' id='word_1_310' title='bbox 3579 2997 3674 3052; x_wconf 70' lang='lat' dir='ltr'><strong>haec</strong></span> 
     </span>
    </p>
   </div>
   <div class='ocr_carea' id='block_1_49' title="bbox 2073 3086 3674 3170">
    <p class='ocr_par' dir='ltr' id='par_1_49' title="bbox 2073 3086 3674 3170">
     <span class='ocr_line' id='line_1_49' title="bbox 2073 3086 3674 3170; baseline -0.008 -18"><span class='ocrx_word' id='word_1_311' title='bbox 2073 3098 2201 3170; x_wconf 89' lang='lat' dir='ltr'><strong>ipsa</strong></span> <span class='ocrx_word' id='word_1_312' title='bbox 2230 3097 2317 3153; x_wconf 89' lang='lat' dir='ltr'><strong>vel</strong></span> <span class='ocrx_word' id='word_1_313' title='bbox 2357 3101 2674 3170; x_wconf 81' lang='lat' dir='ltr'><strong>assumptio,</strong></span> <span class='ocrx_word' id='word_1_314' title='bbox 2711 3097 2799 3152; x_wconf 85' lang='lat' dir='ltr'><strong>vel</strong></span> <span class='ocrx_word' id='word_1_315' title='bbox 2830 3112 2986 3166; x_wconf 78' lang='lat' dir='ltr'><strong>onus,</strong></span> <span class='ocrx_word' id='word_1_316' title='bbox 3033 3093 3120 3150; x_wconf 64' lang='lat' dir='ltr'><strong>Vel</strong></span> <span class='ocrx_word' id='word_1_317' title='bbox 3168 3093 3397 3167; x_wconf 82' lang='lat' dir='ltr'><strong>pondus,</strong></span> <span class='ocrx_word' id='word_1_318' title='bbox 3429 3086 3674 3162; x_wconf 70' lang='lat' dir='ltr'><strong>propheta</strong></span> 
     </span>
    </p>
   </div>
   <div class='ocr_carea' id='block_1_50' title="bbox 2072 3180 3674 3257">
    <p class='ocr_par' dir='ltr' id='par_1_50' title="bbox 2072 3180 3674 3257">
     <span class='ocr_line' id='line_1_50' title="bbox 2072 3180 3674 3257; baseline -0.009 -16"><span class='ocrx_word' id='word_1_319' title='bbox 2072 3187 2217 3242; x_wconf 92' lang='lat' dir='ltr'><strong>visio</strong></span> <span class='ocrx_word' id='word_1_320' title='bbox 2247 3188 2342 3241; x_wconf 86' lang='lat' dir='ltr'><strong>sit.</strong></span> <span class='ocrx_word' id='word_1_321' title='bbox 2359 3187 2483 3241; x_wconf 92' lang='lat' dir='ltr'><strong>Non</strong></span> <span class='ocrx_word' id='word_1_322' title='bbox 2507 3187 2661 3242; x_wconf 89' lang='lat' dir='ltr'><strong>enim</strong></span> <span class='ocrx_word' id='word_1_323' title='bbox 2686 3185 3011 3257; x_wconf 88' lang='lat' dir='ltr'><strong>loquiturin</strong></span> <span class='ocrx_word' id='word_1_324' title='bbox 3038 3180 3304 3254; x_wconf 75' lang='grc' dir='ltr'><strong>ἐκστάσει,</strong></span> <span class='ocrx_word' id='word_1_325' title='bbox 3329 3187 3392 3237; x_wconf 89' lang='lat' dir='ltr'><strong>ut</strong></span> <span class='ocrx_word' id='word_1_326' title='bbox 3409 3181 3674 3235; x_wconf 82' lang='lat' dir='ltr'><strong>Montanus</strong></span> 
     </span>
    </p>
   </div>
   <div class='ocr_carea' id='block_1_51' title="bbox 2075 3265 3675 3360">
    <p class='ocr_par' dir='ltr' id='par_1_51' title="bbox 2075 3265 3675 3360">
     <span class='ocr_line' id='line_1_51' title="bbox 2075 3265 3675 3360; baseline -0.003 -30"><span class='ocrx_word' id='word_1_327' title='bbox 2075 3280 2131 3330; x_wconf 90' lang='lat' dir='ltr'><strong>et</strong></span> <span class='ocrx_word' id='word_1_328' title='bbox 2147 3275 2344 3329; x_wconf 88' lang='lat' dir='ltr'><strong>Prisca</strong></span> <span class='ocrx_word' id='word_1_329' title='bbox 2358 3274 2792 3345; x_wconf 82' lang='lat' dir='ltr'><strong>Maximillaque</strong></span> <span class='ocrx_word' id='word_1_330' title='bbox 2814 3273 3084 3338; x_wconf 83' lang='lat' dir='ltr'><strong>delirant;</strong></span> <span class='ocrx_word' id='word_1_331' title='bbox 3101 3273 3206 3328; x_wconf 90' lang='lat' dir='ltr'><strong>sed</strong></span> <span class='ocrx_word' id='word_1_332' title='bbox 3229 3270 3378 3344; x_wconf 91' lang='lat' dir='ltr'><strong>quod</strong></span> <span class='ocrx_word' id='word_1_333' title='bbox 3397 3265 3675 3360; x_wconf 44' lang='lat' dir='ltr'><strong>propheta}.</strong></span> 
     </span>
    </p>
   </div>
   <div class='ocr_carea' id='block_1_52' title="bbox 2076 3354 3675 3434">
    <p class='ocr_par' dir='ltr' id='par_1_52' title="bbox 2076 3354 3675 3434">
     <span class='ocr_line' id='line_1_52' title="bbox 2076 3354 3675 3434; baseline -0.006 -18"><span class='ocrx_word' id='word_1_334' title='bbox 2076 3362 2223 3418; x_wconf 90' lang='lat' dir='ltr'><strong>liber</strong></span> <span class='ocrx_word' id='word_1_335' title='bbox 2251 3367 2338 3418; x_wconf 89' lang='lat' dir='ltr'><strong>est</strong></span> <span class='ocrx_word' id='word_1_336' title='bbox 2369 3363 2611 3418; x_wconf 86' lang='lat' dir='ltr'><strong>visionis</strong></span> <span class='ocrx_word' id='word_1_337' title='bbox 2642 3362 3020 3434; x_wconf 88' lang='lat' dir='ltr'><strong>intelligentis</strong></span> <span class='ocrx_word' id='word_1_338' title='bbox 3052 3361 3332 3416; x_wconf 84' lang='lat' dir='ltr'><strong>universa</strong></span> <span class='ocrx_word' id='word_1_339' title='bbox 3377 3373 3496 3430; x_wconf 69' lang='lat' dir='ltr'><strong>quae</strong></span> <span class='ocrx_word' id='word_1_340' title='bbox 3517 3354 3675 3424; x_wconf 88' lang='lat' dir='ltr'><strong>loqui-</strong></span> 
     </span>
    </p>
   </div>
   <div class='ocr_carea' id='block_1_53' title="bbox 2075 3440 3676 3523">
    <p class='ocr_par' dir='ltr' id='par_1_53' title="bbox 2075 3440 3676 3523">
     <span class='ocr_line' id='line_1_53' title="bbox 2075 3440 3676 3523; baseline -0.007 -18"><span class='ocrx_word' id='word_1_341' title='bbox 2075 3456 2191 3519; x_wconf 88' lang='lat' dir='ltr'><strong>tur,</strong></span> <span class='ocrx_word' id='word_1_342' title='bbox 2210 3456 2264 3506; x_wconf 91' lang='lat' dir='ltr'><strong>et</strong></span> <span class='ocrx_word' id='word_1_343' title='bbox 2286 3453 2515 3523; x_wconf 91' lang='lat' dir='ltr'><strong>pondus</strong></span> <span class='ocrx_word' id='word_1_344' title='bbox 2535 3451 2789 3506; x_wconf 88' lang='lat' dir='ltr'><strong>hostium</strong></span> <span class='ocrx_word' id='word_1_345' title='bbox 2809 3449 3072 3506; x_wconf 84' lang='lat' dir='ltr'><strong>facientis</strong></span> <span class='ocrx_word' id='word_1_346' title='bbox 3095 3450 3159 3504; x_wconf 91' lang='lat' dir='ltr'><strong>in</strong></span> <span class='ocrx_word' id='word_1_347' title='bbox 3185 3466 3294 3506; x_wconf 91' lang='lat' dir='ltr'><strong>suo</strong></span> <span class='ocrx_word' id='word_1_348' title='bbox 3320 3445 3519 3521; x_wconf 89' lang='lat' dir='ltr'><strong>populo</strong></span> <span class='ocrx_word' id='word_1_349' title='bbox 3537 3440 3676 3496; x_wconf 82' lang='lat' dir='ltr'><strong>visio-</strong></span> 
     </span>
    </p>
   </div>
   <div class='ocr_carea' id='block_1_54' title="bbox 2074 3530 3670 3626">
    <p class='ocr_par' dir='ltr' id='par_1_54' title="bbox 2074 3530 3670 3626">
     <span class='ocr_line' id='line_1_54' title="bbox 2074 3530 3670 3626; baseline -0.005 -30"><span class='ocrx_word' id='word_1_350' title='bbox 2074 3557 2228 3596; x_wconf 88' lang='lat' dir='ltr'><strong>nem.</strong></span> <span class='ocrx_word' id='word_1_351' title='bbox 2257 3541 2337 3596; x_wconf 93' lang='lat' dir='ltr'><strong>De</strong></span> <span class='ocrx_word' id='word_1_352' title='bbox 2368 3541 2873 3597; x_wconf 88' lang='lat' dir='ltr'><strong>consummatione</strong></span> <span class='ocrx_word' id='word_1_353' title='bbox 2904 3541 3105 3611; x_wconf 88' lang='lat' dir='ltr'><strong>itaque</strong></span> <span class='ocrx_word' id='word_1_354' title='bbox 3159 3538 3369 3600; x_wconf 88' lang='lat' dir='ltr'><strong>mundi</strong></span> <span class='ocrx_word' id='word_1_355' title='bbox 3397 3530 3670 3626; x_wconf 70' lang='lat' dir='ltr'><strong>secundum</strong></span> 
     </span>
    </p>
   </div>
   <div class='ocr_carea' id='block_1_55' title="bbox 2074 3620 3668 3714">
    <p class='ocr_par' dir='ltr' id='par_1_55' title="bbox 2074 3620 3668 3714">
     <span class='ocr_line' id='line_1_55' title="bbox 2074 3620 3668 3714; baseline -0.008 -32"><span class='ocrx_word' id='word_1_356' title='bbox 2074 3630 2386 3703; x_wconf 63' lang='grc' dir='ltr'><strong>ἀναγωγὴν,</strong></span> <span class='ocrx_word' id='word_1_357' title='bbox 2437 3648 2468 3686; x_wconf 95' lang='lat' dir='ltr'><strong>o</strong></span> <span class='ocrx_word' id='word_1_358' title='bbox 2518 3629 2699 3685; x_wconf 90' lang='lat' dir='ltr'><strong>Paula</strong></span> <span class='ocrx_word' id='word_1_359' title='bbox 2753 3635 2810 3685; x_wconf 88' lang='lat' dir='ltr'><strong>et</strong></span> <span class='ocrx_word' id='word_1_360' title='bbox 2842 3628 3247 3696; x_wconf 86' lang='lat' dir='ltr'><strong>Eustochium,</strong></span> <span class='ocrx_word' id='word_1_361' title='bbox 3282 3629 3340 3682; x_wconf 91' lang='lat' dir='ltr'><strong>in</strong></span> <span class='ocrx_word' id='word_1_362' title='bbox 3381 3620 3668 3714; x_wconf 74' lang='lat' dir='ltr'><strong>consolatio-</strong></span> 
     </span>
    </p>
   </div>
   <div class='ocr_carea' id='block_1_56' title="bbox 2074 3718 3661 3791">
    <p class='ocr_par' dir='ltr' id='par_1_56' title="bbox 2074 3718 3661 3791">
     <span class='ocr_line' id='line_1_56' title="bbox 2074 3718 3661 3791; baseline -0.004 -17"><span class='ocrx_word' id='word_1_363' title='bbox 2074 3736 2207 3774; x_wconf 90' lang='lat' dir='ltr'><strong>nem</strong></span> <span class='ocrx_word' id='word_1_364' title='bbox 2224 3724 2562 3774; x_wconf 88' lang='lat' dir='ltr'><strong>sanctorum</strong></span> <span class='ocrx_word' id='word_1_365' title='bbox 2584 3718 2888 3791; x_wconf 87' lang='lat' dir='ltr'><strong>prophetia</strong></span> <span class='ocrx_word' id='word_1_366' title='bbox 2910 3718 3143 3773; x_wconf 85' lang='lat' dir='ltr'><strong>texitur:</strong></span> <span class='ocrx_word' id='word_1_367' title='bbox 3166 3722 3231 3772; x_wconf 93' lang='lat' dir='ltr'><strong>ut</strong></span> <span class='ocrx_word' id='word_1_368' title='bbox 3255 3722 3598 3788; x_wconf 56' lang='lat' dir='ltr'><strong>quaecumque</strong></span> <span class='ocrx_word' id='word_1_369' title='bbox 3613 3719 3661 3758; x_wconf 78' lang='grc' dir='ltr'><strong>ιῐι</strong></span> 
     </span>
    </p>
   </div>
   <div class='ocr_carea' id='block_1_57' title="bbox 2072 3805 3666 3891">
    <p class='ocr_par' dir='ltr' id='par_1_57' title="bbox 2072 3805 3666 3891">
     <span class='ocr_line' id='line_1_57' title="bbox 2072 3805 3666 3891; baseline -0.008 -29"><span class='ocrx_word' id='word_1_370' title='bbox 2072 3809 2290 3863; x_wconf 91' lang='lat' dir='ltr'><strong>mundo</strong></span> <span class='ocrx_word' id='word_1_371' title='bbox 2322 3807 2539 3879; x_wconf 89' lang='lat' dir='ltr'><strong>vident,</strong></span> <span class='ocrx_word' id='word_1_372' title='bbox 2575 3807 2744 3879; x_wconf 90' lang='lat' dir='ltr'><strong>quasi</strong></span> <span class='ocrx_word' id='word_1_373' title='bbox 2802 3807 3218 3879; x_wconf 70' lang='lat' dir='ltr'><strong>praetereuntia</strong></span> <span class='ocrx_word' id='word_1_374' title='bbox 3250 3811 3306 3861; x_wconf 86' lang='lat' dir='ltr'><strong>et</strong></span> <span class='ocrx_word' id='word_1_375' title='bbox 3336 3805 3535 3861; x_wconf 88' lang='lat' dir='ltr'><strong>caduca</strong></span> <span class='ocrx_word' id='word_1_376' title='bbox 3559 3811 3666 3891; x_wconf 55' lang='lat' dir='ltr'><strong>con:</strong></span> 
     </span>
    </p>
   </div>
   <div class='ocr_carea' id='block_1_58' title="bbox 2069 3883 3666 3969">
    <p class='ocr_par' dir='ltr' id='par_1_58' title="bbox 2069 3883 3666 3969">
     <span class='ocr_line' id='line_1_58' title="bbox 2069 3883 3666 3969; baseline -0.008 -18"><span class='ocrx_word' id='word_1_377' title='bbox 2069 3901 2356 3965; x_wconf 80' lang='lat' dir='ltr'><strong>temnant,</strong></span> <span class='ocrx_word' id='word_1_378' title='bbox 2399 3901 2456 3952; x_wconf 91' lang='lat' dir='ltr'><strong>et</strong></span> <span class='ocrx_word' id='word_1_379' title='bbox 2513 3900 2838 3969; x_wconf 81' lang='lat' dir='ltr'><strong>praeparent</strong></span> <span class='ocrx_word' id='word_1_380' title='bbox 2889 3913 2950 3950; x_wconf 90' lang='lat' dir='ltr'><strong>se</strong></span> <span class='ocrx_word' id='word_1_381' title='bbox 3007 3896 3078 3950; x_wconf 90' lang='lat' dir='ltr'><strong>ad</strong></span> <span class='ocrx_word' id='word_1_382' title='bbox 3130 3894 3350 3966; x_wconf 88' lang='lat' dir='ltr'><strong>judicii</strong></span> <span class='ocrx_word' id='word_1_383' title='bbox 3383 3892 3544 3956; x_wconf 87' lang='lat' dir='ltr'><strong>diem,</strong></span> <span class='ocrx_word' id='word_1_384' title='bbox 3585 3883 3666 3939; x_wconf 87' lang='lat' dir='ltr'><strong>ubi</strong></span> 
     </span>
    </p>
   </div>
   <div class='ocr_carea' id='block_1_59' title="bbox 2070 3975 3675 4058">
    <p class='ocr_par' dir='ltr' id='par_1_59' title="bbox 2070 3975 3675 4058">
     <span class='ocr_line' id='line_1_59' title="bbox 2070 3975 3675 4058; baseline -0.011 -17"><span class='ocrx_word' id='word_1_385' title='bbox 2070 3987 2224 4043; x_wconf 87' lang='lat' dir='ltr'><strong>ultor</strong></span> <span class='ocrx_word' id='word_1_386' title='bbox 2253 3988 2533 4044; x_wconf 84' lang='lat' dir='ltr'><strong>adversus</strong></span> <span class='ocrx_word' id='word_1_387' title='bbox 2566 4003 2731 4042; x_wconf 82' lang='lat' dir='ltr'><strong>veros</strong></span> <span class='ocrx_word' id='word_1_388' title='bbox 2763 3985 2836 4056; x_wconf 70' lang='grc' dir='ltr'><strong>(ὑ)</strong></span> <span class='ocrx_word' id='word_1_389' title='bbox 2869 3984 3139 4058; x_wconf 85' lang='lat' dir='ltr'><strong>Assyrios</strong></span> <span class='ocrx_word' id='word_1_390' title='bbox 3176 3985 3409 4040; x_wconf 80' lang='lat' dir='ltr'><strong>futurus</strong></span> <span class='ocrx_word' id='word_1_391' title='bbox 3435 3975 3675 4037; x_wconf 87' lang='lat' dir='ltr'><strong>Dominus</strong></span> 
     </span>
    </p>
   </div>
   <div class='ocr_carea' id='block_1_60' title="bbox 2067 4079 2174 4131">
    <p class='ocr_par' dir='ltr' id='par_1_60' title="bbox 2067 4079 2174 4131">
     <span class='ocr_line' id='line_1_60' title="bbox 2067 4079 2174 4131; baseline 0.009 -1"><span class='ocrx_word' id='word_1_392' title='bbox 2067 4079 2174 4131; x_wconf 90' lang='lat' dir='ltr'><strong>est.</strong></span> 
     </span>
    </p>
   </div>
   <div class='ocr_carea' id='block_1_61' title="bbox 2137 4208 3675 4346">
    <p class='ocr_par' dir='ltr' id='par_1_61' title="bbox 2137 4208 3675 4346">
     <span class='ocr_line' id='line_1_61' title="bbox 2137 4208 3675 4346; baseline -0.003 -72"><span class='ocrx_word' id='word_1_393' title='bbox 2137 4221 2211 4291; x_wconf 75' lang='grc' dir='ltr'><strong>(ὁ)</strong></span> <span class='ocrx_word' id='word_1_394' title='bbox 2242 4219 2366 4346; x_wconf 70' lang='grc' dir='ltr'><strong>Βιῗο</strong></span> <span class='ocrx_word' id='word_1_395' title='bbox 2398 4218 2580 4287; x_wconf 87' lang='lat' dir='ltr'><strong>Palat,</strong></span> <span class='ocrx_word' id='word_1_396' title='bbox 2608 4235 2777 4285; x_wconf 92' lang='lat' dir='ltr'><strong>mss.,</strong></span> <span class='ocrx_word' id='word_1_397' title='bbox 2807 4219 3065 4274; x_wconf 85' lang='lat' dir='ltr'><strong>adversus</strong></span> <span class='ocrx_word' id='word_1_398' title='bbox 3087 4220 3237 4275; x_wconf 84' lang='lat' dir='ltr'><strong>viros</strong></span> <span class='ocrx_word' id='word_1_399' title='bbox 3257 4217 3590 4288; x_wconf 76' lang='lat' dir='ltr'><strong>Assyriorum</strong></span> <span class='ocrx_word' id='word_1_400' title='bbox 3604 4208 3675 4270; x_wconf 70' lang='grc' dir='ltr'><strong>[τι-</strong></span> 
     </span>
     <span class='ocr_line' id='line_1_62' title="bbox 2137 4307 2376 4346; baseline 0 0"><span class='ocrx_word' id='word_1_401' title='bbox 2137 4308 2237 4346; x_wconf 63' lang='grc' dir='ltr'><strong>ηαδ.</strong></span> <span class='ocrx_word' id='word_1_402' title='bbox 2268 4307 2299 4346; x_wconf 91' lang='lat' dir='ltr'><strong>e</strong></span> <span class='ocrx_word' id='word_1_403' title='bbox 2328 4308 2376 4346; x_wconf 92' lang='lat' dir='ltr'><strong>c.</strong></span> 
     </span>
    </p>
   </div>
   <div class='ocr_carea' id='block_1_62' title="bbox 2063 4299 2376 4358">
    <p class='ocr_par' dir='ltr' id='par_1_62' title="bbox 2063 4299 2376 4358">
     <span class='ocr_line' id='line_1_63' title="bbox 2063 4299 2376 4358; baseline -0.003 -11"><span class='ocrx_word' id='word_1_404' title='bbox 2063 4299 2237 4358; x_wconf 81' lang='lat' dir='ltr'><strong>turus,</strong></span> <span class='ocrx_word' id='word_1_405' title='bbox 2268 4299 2376 4347; x_wconf 85' lang='lat' dir='ltr'><strong>etc.</strong></span> 
     </span>
    </p>
   </div>
   <div class='ocr_carea' id='block_1_63' title="bbox 306 4436 3676 4464">
    <p class='ocr_par' dir='ltr' id='par_1_63' title="bbox 306 4436 3676 4464">
     <span class='ocr_line' id='line_1_64' title="bbox 306 4436 3676 4464; baseline 0.002 -22"><span class='ocrx_word' id='word_1_406' title='bbox 306 4436 3676 4464; x_wconf 81' lang='lat'><strong>___________._________________________________________________</strong></span> 
     </span>
    </p>
   </div>
   <div class='ocr_carea' id='block_1_64' title="bbox 1469 4550 2543 4648">
    <p class='ocr_par' dir='ltr' id='par_1_64' title="bbox 1469 4550 2543 4648">
     <span class='ocr_line' id='line_1_65' title="bbox 1469 4550 2543 4648; baseline 0.004 -7"><span class='ocrx_word' id='word_1_407' title='bbox 1469 4550 1913 4646; x_wconf 85' lang='lat' dir='ltr'><em>INCIPI</em></span> <span class='ocrx_word' id='word_1_408' title='bbox 1934 4553 2014 4646; x_wconf 87' lang='lat' dir='ltr'><strong><em>T</em></strong></span> <span class='ocrx_word' id='word_1_409' title='bbox 2102 4554 2543 4648; x_wconf 83' lang='lat' dir='ltr'><strong>LIBER.</strong></span> 
     </span>
    </p>
   </div>
   <div class='ocr_carea' id='block_1_65' title="bbox 371 4863 3679 4947">
    <p class='ocr_par' dir='ltr' id='par_1_65' title="bbox 371 4863 3679 4947">
     <span class='ocr_line' id='line_1_66' title="bbox 371 4863 3679 4947; baseline 0.001 -27"><span class='ocrx_word' id='word_1_410' title='bbox 371 4863 530 4939; x_wconf 86' lang='lat' dir='ltr'><strong>(Cap.</strong></span> <span class='ocrx_word' id='word_1_411' title='bbox 561 4867 606 4922; x_wconf 93' lang='grc' dir='ltr'><strong>Ι.</strong></span> <span class='ocrx_word' id='word_1_412' title='bbox 627 4896 696 4908; x_wconf 88' lang='lat'><strong>—-</strong></span> <span class='ocrx_word' id='word_1_413' title='bbox 717 4868 882 4923; x_wconf 89' lang='lat' dir='ltr'><strong>Vers.</strong></span> <span class='ocrx_word' id='word_1_414' title='bbox 907 4870 978 4936; x_wconf 92' lang='grc'><strong>1.)</strong></span> <span class='ocrx_word' id='word_1_415' title='bbox 1005 4875 1145 4924; x_wconf 86' lang='lat' dir='ltr'><strong>Deus</strong></span> <span class='ocrx_word' id='word_1_416' title='bbox 1164 4870 1812 4941; x_wconf 71' lang='lat' dir='ltr'><strong>aemulator,etulciscens</strong></span> <span class='ocrx_word' id='word_1_417' title='bbox 1838 4874 1944 4932; x_wconf 92' lang='lat' dir='ltr'><strong>Do-</strong></span> <span class='ocrx_word' id='word_1_418' title='bbox 1980 4878 2021 4944; x_wconf 83' lang='lat' dir='ltr'>C</span> <span class='ocrx_word' id='word_1_419' title='bbox 2063 4876 2120 4932; x_wconf 91' lang='lat' dir='ltr'><strong>in</strong></span> <span class='ocrx_word' id='word_1_420' title='bbox 2153 4875 2264 4934; x_wconf 88' lang='lat' dir='ltr'><strong>alio</strong></span> <span class='ocrx_word' id='word_1_421' title='bbox 2295 4878 2418 4934; x_wconf 89' lang='lat' dir='ltr'><strong>loco</strong></span> <span class='ocrx_word' id='word_1_422' title='bbox 2444 4896 2456 4933; x_wconf 91' lang='lat'><strong>:</strong></span> <span class='ocrx_word' id='word_1_423' title='bbox 2490 4880 2645 4936; x_wconf 83' lang='lat' dir='ltr'><strong>Zelor</strong></span> <span class='ocrx_word' id='word_1_424' title='bbox 2672 4879 2818 4934; x_wconf 85' lang='lat' dir='ltr'><strong>cnim</strong></span> <span class='ocrx_word' id='word_1_425' title='bbox 2850 4894 2941 4934; x_wconf 82' lang='lat' dir='ltr'><strong>vos</strong></span> <span class='ocrx_word' id='word_1_426' title='bbox 2961 4878 3058 4934; x_wconf 80' lang='lat' dir='ltr'><strong>Dei</strong></span> <span class='ocrx_word' id='word_1_427' title='bbox 3088 4876 3213 4933; x_wconf 72' lang='lat' dir='ltr'><strong>zelo</strong></span> <span class='ocrx_word' id='word_1_428' title='bbox 3247 4875 3319 4947; x_wconf 93' lang='lat' dir='ltr'><strong>(II</strong></span> <span class='ocrx_word' id='word_1_429' title='bbox 3354 4874 3469 4929; x_wconf 86' lang='lat' dir='ltr'><strong>Cor.</strong></span> <span class='ocrx_word' id='word_1_430' title='bbox 3501 4869 3590 4939; x_wconf 81' lang='lat' dir='ltr'><strong>x1).</strong></span> <span class='ocrx_word' id='word_1_431' title='bbox 3626 4866 3679 4918; x_wconf 72' lang='lat' dir='ltr'><strong>Et</strong></span> 
     </span>
    </p>
   </div>
   <div class='ocr_carea' id='block_1_66' title="bbox 301 4954 1950 5035">
    <p class='ocr_par' dir='ltr' id='par_1_66' title="bbox 301 4954 1950 5035">
     <span class='ocr_line' id='line_1_67' title="bbox 301 4954 1950 5035; baseline 0.008 -26"><span class='ocrx_word' id='word_1_432' title='bbox 301 4954 513 5012; x_wconf 82' lang='lat' dir='ltr'><strong>minus.</strong></span> <span class='ocrx_word' id='word_1_433' title='bbox 543 4954 665 5010; x_wconf 85' lang='lat' dir='ltr'><strong>Vox</strong></span> <span class='ocrx_word' id='word_1_434' title='bbox 697 4957 988 5028; x_wconf 76' lang='lat' dir='ltr'><strong>prophetae</strong></span> <span class='ocrx_word' id='word_1_435' title='bbox 1020 4957 1318 5015; x_wconf 91' lang='lat' dir='ltr'><strong>laudantis</strong></span> <span class='ocrx_word' id='word_1_436' title='bbox 1344 4961 1549 5034; x_wconf 85' lang='lat' dir='ltr'><strong>Deum,</strong></span> <span class='ocrx_word' id='word_1_437' title='bbox 1576 4966 1728 5035; x_wconf 91' lang='lat' dir='ltr'><strong>quod</strong></span> <span class='ocrx_word' id='word_1_438' title='bbox 1753 4966 1823 5020; x_wconf 91' lang='lat' dir='ltr'><strong>de</strong></span> <span class='ocrx_word' id='word_1_439' title='bbox 1850 4967 1950 5022; x_wconf 88' lang='lat' dir='ltr'><strong>As—</strong></span> 
     </span>
    </p>
   </div>
   <div class='ocr_carea' id='block_1_67' title="bbox 304 5043 2004 5124">
    <p class='ocr_par' dir='ltr' id='par_1_67' title="bbox 304 5043 2004 5124">
     <span class='ocr_line' id='line_1_68' title="bbox 304 5043 2004 5124; baseline 0.006 -25"><span class='ocrx_word' id='word_1_440' title='bbox 304 5043 478 5116; x_wconf 89' lang='lat' dir='ltr'><strong>syriis</strong></span> <span class='ocrx_word' id='word_1_441' title='bbox 497 5043 696 5116; x_wconf 89' lang='lat' dir='ltr'><strong>populi</strong></span> <span class='ocrx_word' id='word_1_442' title='bbox 719 5046 809 5099; x_wconf 90' lang='lat' dir='ltr'><strong>sui</strong></span> <span class='ocrx_word' id='word_1_443' title='bbox 839 5045 914 5101; x_wconf 89' lang='lat' dir='ltr'><strong>sit</strong></span> <span class='ocrx_word' id='word_1_444' title='bbox 945 5046 1106 5103; x_wconf 91' lang='lat' dir='ltr'><strong>ultus</strong></span> <span class='ocrx_word' id='word_1_445' title='bbox 1127 5048 1425 5120; x_wconf 86' lang='lat' dir='ltr'><strong>injuriam.</strong></span> <span class='ocrx_word' id='word_1_446' title='bbox 1451 5051 1767 5124; x_wconf 84' lang='lat' dir='ltr'><strong>Sivejuxta</strong></span> <span class='ocrx_word' id='word_1_447' title='bbox 1787 5054 1954 5110; x_wconf 89' lang='lat' dir='ltr'><strong>altio-</strong></span> <span class='ocrx_word' id='word_1_448' title='bbox 2000 5062 2004 5066; x_wconf 85' lang='lat'><strong><em>&#39;</em></strong></span> 
     </span>
    </p>
   </div>
   <div class='ocr_carea' id='block_1_68' title="bbox 304 5131 1950 5212">
    <p class='ocr_par' dir='ltr' id='par_1_68' title="bbox 304 5131 1950 5212">
     <span class='ocr_line' id='line_1_69' title="bbox 304 5131 1950 5212; baseline 0.007 -25"><span class='ocrx_word' id='word_1_449' title='bbox 304 5148 429 5188; x_wconf 90' lang='lat' dir='ltr'><strong>rem</strong></span> <span class='ocrx_word' id='word_1_450' title='bbox 450 5131 1082 5208; x_wconf 87' lang='lat' dir='ltr'><strong>intelligentiam,quod</strong></span> <span class='ocrx_word' id='word_1_451' title='bbox 1104 5138 1304 5194; x_wconf 88' lang='lat' dir='ltr'><strong>audiat</strong></span> <span class='ocrx_word' id='word_1_452' title='bbox 1315 5142 1599 5212; x_wconf 90' lang='lat' dir='ltr'><strong>gemitum</strong></span> <span class='ocrx_word' id='word_1_453' title='bbox 1616 5147 1950 5198; x_wconf 89' lang='lat' dir='ltr'><strong>sanctorum</strong></span> 
     </span>
    </p>
   </div>
   <div class='ocr_carea' id='block_1_69' title="bbox 301 5221 1951 5289">
    <p class='ocr_par' dir='ltr' id='par_1_69' title="bbox 301 5221 1951 5289">
     <span class='ocr_line' id='line_1_70' title="bbox 301 5221 1951 5289; baseline 0.006 -13"><span class='ocrx_word' id='word_1_454' title='bbox 301 5237 570 5289; x_wconf 87' lang='lat' dir='ltr'><strong>suorum,</strong></span> <span class='ocrx_word' id='word_1_455' title='bbox 604 5226 662 5276; x_wconf 93' lang='lat' dir='ltr'><strong>et</strong></span> <span class='ocrx_word' id='word_1_456' title='bbox 692 5221 752 5277; x_wconf 92' lang='lat' dir='ltr'><strong>in</strong></span> <span class='ocrx_word' id='word_1_457' title='bbox 785 5227 1291 5284; x_wconf 88' lang='lat' dir='ltr'><strong>consummatione</strong></span> <span class='ocrx_word' id='word_1_458' title='bbox 1315 5230 1519 5284; x_wconf 90' lang='lat' dir='ltr'><strong>mundi</strong></span> <span class='ocrx_word' id='word_1_459' title='bbox 1544 5232 1715 5287; x_wconf 81' lang='lat' dir='ltr'><strong>faciat</strong></span> <span class='ocrx_word' id='word_1_460' title='bbox 1745 5233 1951 5288; x_wconf 86' lang='lat' dir='ltr'><strong>adver-</strong></span> 
     </span>
    </p>
   </div>
   <div class='ocr_carea' id='block_1_70' title="bbox 305 5309 1950 5385">
    <p class='ocr_par' dir='ltr' id='par_1_70' title="bbox 305 5309 1950 5385">
     <span class='ocr_line' id='line_1_71' title="bbox 305 5309 1950 5385; baseline 0.007 -21"><span class='ocrx_word' id='word_1_461' title='bbox 305 5309 496 5366; x_wconf 89' lang='lat' dir='ltr'><strong>sarios</strong></span> <span class='ocrx_word' id='word_1_462' title='bbox 521 5310 736 5367; x_wconf 89' lang='lat' dir='ltr'><strong>sentire</strong></span> <span class='ocrx_word' id='word_1_463' title='bbox 757 5313 1236 5385; x_wconf 88' lang='lat' dir='ltr'><strong>supplicia.Quod</strong></span> <span class='ocrx_word' id='word_1_464' title='bbox 1261 5322 1456 5374; x_wconf 90' lang='lat' dir='ltr'><strong>autem</strong></span> <span class='ocrx_word' id='word_1_465' title='bbox 1474 5319 1633 5376; x_wconf 92' lang='lat' dir='ltr'><strong>zelus</strong></span> <span class='ocrx_word' id='word_1_466' title='bbox 1657 5321 1712 5375; x_wconf 93' lang='lat' dir='ltr'><strong>in</strong></span> <span class='ocrx_word' id='word_1_467' title='bbox 1739 5322 1950 5376; x_wconf 88' lang='lat' dir='ltr'><strong>bonam</strong></span> 
     </span>
    </p>
   </div>
   <div class='ocr_carea' id='block_1_71' title="bbox 305 5400 1949 5479">
    <p class='ocr_par' dir='ltr' id='par_1_71' title="bbox 305 5400 1949 5479">
     <span class='ocr_line' id='line_1_72' title="bbox 305 5400 1949 5479; baseline 0.005 -23"><span class='ocrx_word' id='word_1_468' title='bbox 305 5403 530 5468; x_wconf 80' lang='lat' dir='ltr'><strong>partem</strong></span> <span class='ocrx_word' id='word_1_469' title='bbox 559 5400 903 5472; x_wconf 89' lang='lat' dir='ltr'><strong>accipiatur,</strong></span> <span class='ocrx_word' id='word_1_470' title='bbox 927 5407 983 5458; x_wconf 92' lang='lat' dir='ltr'><strong>et</strong></span> <span class='ocrx_word' id='word_1_471' title='bbox 1010 5403 1227 5460; x_wconf 88' lang='lat' dir='ltr'><strong>Paulus</strong></span> <span class='ocrx_word' id='word_1_472' title='bbox 1250 5407 1551 5479; x_wconf 90' lang='lat' dir='ltr'><strong>apostolus</strong></span> <span class='ocrx_word' id='word_1_473' title='bbox 1569 5410 1840 5474; x_wconf 90' lang='lat' dir='ltr'><strong>ostendit,</strong></span> <span class='ocrx_word' id='word_1_474' title='bbox 1863 5410 1949 5464; x_wconf 89' lang='lat' dir='ltr'><strong>di-</strong></span> 
     </span>
    </p>
   </div>
   <div class='ocr_carea' id='block_1_72' title="bbox 312 5488 1950 5569">
    <p class='ocr_par' dir='ltr' id='par_1_72' title="bbox 312 5488 1950 5569">
     <span class='ocr_line' id='line_1_73' title="bbox 312 5488 1950 5569; baseline 0.009 -29"><span class='ocrx_word' id='word_1_475' title='bbox 312 5500 451 5542; x_wconf 90' lang='lat' dir='ltr'><strong>cens</strong></span> <span class='ocrx_word' id='word_1_476' title='bbox 477 5504 488 5542; x_wconf 89' lang='lat'><strong>:</strong></span> <span class='ocrx_word' id='word_1_477' title='bbox 520 5488 803 5546; x_wconf 82' lang='lat' dir='ltr'><strong>Zelamim’</strong></span> <span class='ocrx_word' id='word_1_478' title='bbox 829 5490 1163 5550; x_wconf 82' lang='lat' dir='ltr'><strong>charismata</strong></span> <span class='ocrx_word' id='word_1_479' title='bbox 1192 5497 1267 5568; x_wconf 92' lang='lat' dir='ltr'><strong>(a)</strong></span> <span class='ocrx_word' id='word_1_480' title='bbox 1287 5497 1498 5568; x_wconf 87' lang='lat' dir='ltr'><strong>majora</strong></span> <span class='ocrx_word' id='word_1_481' title='bbox 1527 5498 1712 5569; x_wconf 81' lang='lat' dir='ltr'><strong>(tCor.</strong></span> <span class='ocrx_word' id='word_1_482' title='bbox 1737 5503 1857 5569; x_wconf 86' lang='lat' dir='ltr'><strong>xu).</strong></span> <span class='ocrx_word' id='word_1_483' title='bbox 1882 5500 1950 5555; x_wconf 88' lang='lat' dir='ltr'><strong>Et</strong></span> 
     </span>
    </p>
   </div>
   <div class='ocr_carea' id='block_1_73' title="bbox 2060 4951 3678 5040">
    <p class='ocr_par' dir='ltr' id='par_1_73' title="bbox 2060 4951 3678 5040">
     <span class='ocr_line' id='line_1_74' title="bbox 2060 4951 3678 5040; baseline -0.012 -15"><span class='ocrx_word' id='word_1_484' title='bbox 2060 4967 2184 5038; x_wconf 87' lang='lat' dir='ltr'><strong>ipse</strong></span> <span class='ocrx_word' id='word_1_485' title='bbox 2214 4968 2494 5023; x_wconf 90' lang='lat' dir='ltr'><strong>Dominus</strong></span> <span class='ocrx_word' id='word_1_486' title='bbox 2527 4969 2584 5023; x_wconf 90' lang='lat' dir='ltr'><strong>in</strong></span> <span class='ocrx_word' id='word_1_487' title='bbox 2618 4967 2878 5040; x_wconf 87' lang='lat' dir='ltr'><strong>psalmo:</strong></span> <span class='ocrx_word' id='word_1_488' title='bbox 2913 4968 3070 5023; x_wconf 83' lang='lat' dir='ltr'><strong>Zelus</strong></span> <span class='ocrx_word' id='word_1_489' title='bbox 3099 4969 3295 5022; x_wconf 84' lang='lat' dir='ltr'><strong>domus</strong></span> <span class='ocrx_word' id='word_1_490' title='bbox 3334 4969 3446 5020; x_wconf 75' lang='lat' dir='ltr'><strong>tuae</strong></span> <span class='ocrx_word' id='word_1_491' title='bbox 3483 4951 3678 5014; x_wconf 79' lang='lat' dir='ltr'><strong>comedit</strong></span> 
     </span>
    </p>
   </div>
   <div class='ocr_carea' id='block_1_74' title="bbox 2061 5051 3678 5140">
    <p class='ocr_par' dir='ltr' id='par_1_74' title="bbox 2061 5051 3678 5140">
     <span class='ocr_line' id='line_1_75' title="bbox 2061 5051 3678 5140; baseline -0.006 -28"><span class='ocrx_word' id='word_1_492' title='bbox 2061 5075 2147 5112; x_wconf 87' lang='lat' dir='ltr'><strong>me</strong></span> <span class='ocrx_word' id='word_1_493' title='bbox 2175 5059 2286 5128; x_wconf 83' lang='lat' dir='ltr'><strong>(Ps.</strong></span> <span class='ocrx_word' id='word_1_494' title='bbox 2316 5059 2532 5128; x_wconf 81' lang='lat' dir='ltr'><strong>vam).</strong></span> <span class='ocrx_word' id='word_1_495' title='bbox 2570 5058 2635 5112; x_wconf 87' lang='lat' dir='ltr'><strong>Et</strong></span> <span class='ocrx_word' id='word_1_496' title='bbox 2664 5057 2848 5112; x_wconf 89' lang='lat' dir='ltr'><strong>Elias:</strong></span> <span class='ocrx_word' id='word_1_497' title='bbox 2882 5058 3093 5122; x_wconf 84' lang='lat' dir='ltr'><strong>Zelans,</strong></span> <span class='ocrx_word' id='word_1_498' title='bbox 3116 5055 3333 5126; x_wconf 86' lang='lat' dir='ltr'><strong>inquit,</strong></span> <span class='ocrx_word' id='word_1_499' title='bbox 3366 5051 3678 5140; x_wconf 57' lang='lat' dir='ltr'><strong>ulalqutttn</strong></span> 
     </span>
    </p>
   </div>
   <div class='ocr_carea' id='block_1_75' title="bbox 2061 5131 3676 5218">
    <p class='ocr_par' dir='ltr' id='par_1_75' title="bbox 2061 5131 3676 5218">
     <span class='ocr_line' id='line_1_76' title="bbox 2061 5131 3676 5218; baseline -0.009 -17"><span class='ocrx_word' id='word_1_500' title='bbox 2061 5148 2292 5201; x_wconf 84' lang='lat' dir='ltr'><strong>Domino</strong></span> <span class='ocrx_word' id='word_1_501' title='bbox 2329 5147 2692 5218; x_wconf 79' lang='lat' dir='ltr'><strong>omnipotenti</strong></span> <span class='ocrx_word' id='word_1_502' title='bbox 2738 5147 2841 5200; x_wconf 89' lang='lat' dir='ltr'><strong>Deo</strong></span> <span class='ocrx_word' id='word_1_503' title='bbox 2885 5145 3052 5201; x_wconf 87' lang='lat' dir='ltr'><strong>Israel</strong></span> <span class='ocrx_word' id='word_1_504' title='bbox 3103 5144 3201 5214; x_wconf 91' lang='grc' dir='ltr'>(ΙΙΙ</span> <span class='ocrx_word' id='word_1_505' title='bbox 3235 5150 3368 5211; x_wconf 82' lang='lat' dir='ltr'><strong>Reg.</strong></span> <span class='ocrx_word' id='word_1_506' title='bbox 3403 5139 3534 5207; x_wconf 74' lang='lat' dir='ltr'><strong>xxx).</strong></span> <span class='ocrx_word' id='word_1_507' title='bbox 3565 5131 3676 5188; x_wconf 87' lang='lat' dir='ltr'><strong>Phi-</strong></span> 
     </span>
    </p>
   </div>
   <div class='ocr_carea' id='block_1_76' title="bbox 2061 5225 3675 5307">
    <p class='ocr_par' dir='ltr' id='par_1_76' title="bbox 2061 5225 3675 5307">
     <span class='ocr_line' id='line_1_77' title="bbox 2061 5225 3675 5307; baseline -0.01 -17"><span class='ocrx_word' id='word_1_508' title='bbox 2061 5253 2196 5291; x_wconf 91' lang='lat' dir='ltr'><strong>nees</strong></span> <span class='ocrx_word' id='word_1_509' title='bbox 2239 5252 2471 5307; x_wconf 91' lang='lat' dir='ltr'><strong>quoque</strong></span> <span class='ocrx_word' id='word_1_510' title='bbox 2519 5234 2729 5302; x_wconf 90' lang='lat' dir='ltr'><strong>zelum,</strong></span> <span class='ocrx_word' id='word_1_511' title='bbox 2782 5240 2837 5290; x_wconf 93' lang='lat' dir='ltr'><strong>et</strong></span> <span class='ocrx_word' id='word_1_512' title='bbox 2870 5233 3159 5289; x_wconf 66' lang='lat' dir='ltr'><strong>Matatbize</strong></span> <span class='ocrx_word' id='word_1_513' title='bbox 3212 5231 3469 5304; x_wconf 74' lang='lat' dir='ltr'><strong>legimus</strong></span> <span class='ocrx_word' id='word_1_514' title='bbox 3516 5225 3675 5296; x_wconf 85' lang='lat' dir='ltr'><strong>(Num.</strong></span> 
     </span>
    </p>
   </div>
   <div class='ocr_carea' id='block_1_77' title="bbox 2059 5311 3676 5394">
    <p class='ocr_par' dir='ltr' id='par_1_77' title="bbox 2059 5311 3676 5394">
     <span class='ocr_line' id='line_1_78' title="bbox 2059 5311 3676 5394; baseline -0.011 -16"><span class='ocrx_word' id='word_1_515' title='bbox 2059 5341 2205 5392; x_wconf 85' lang='lat' dir='ltr'><strong>xxv;</strong></span> <span class='ocrx_word' id='word_1_516' title='bbox 2243 5325 2259 5378; x_wconf 95' lang='grc' dir='ltr'><strong>Ι</strong></span> <span class='ocrx_word' id='word_1_517' title='bbox 2294 5325 2461 5379; x_wconf 78' lang='lat' dir='ltr'><strong>Much.</strong></span> <span class='ocrx_word' id='word_1_518' title='bbox 2498 5327 2581 5394; x_wconf 87' lang='lat'>11).</span> <span class='ocrx_word' id='word_1_519' title='bbox 2633 5324 2698 5378; x_wconf 87' lang='lat' dir='ltr'><strong>Et</strong></span> <span class='ocrx_word' id='word_1_520' title='bbox 2728 5323 3023 5379; x_wconf 90' lang='lat' dir='ltr'><strong>Simonem</strong></span> <span class='ocrx_word' id='word_1_521' title='bbox 3076 5321 3321 5377; x_wconf 85' lang='lat' dir='ltr'><strong>zelotem</strong></span> <span class='ocrx_word' id='word_1_522' title='bbox 3375 5311 3676 5389; x_wconf 86' lang='lat' dir='ltr'><strong>apostolum</strong></span> 
     </span>
    </p>
   </div>
   <div class='ocr_carea' id='block_1_78' title="bbox 2058 5405 3674 5484">
    <p class='ocr_par' dir='ltr' id='par_1_78' title="bbox 2058 5405 3674 5484">
     <span class='ocr_line' id='line_1_79' title="bbox 2058 5405 3674 5484; baseline -0.009 -17"><span class='ocrx_word' id='word_1_523' title='bbox 2058 5416 2193 5469; x_wconf 90' lang='lat' dir='ltr'><strong>Jesu</strong></span> <span class='ocrx_word' id='word_1_524' title='bbox 2231 5413 2467 5482; x_wconf 85' lang='lat' dir='ltr'><strong>Christi,</strong></span> <span class='ocrx_word' id='word_1_525' title='bbox 2502 5429 2674 5484; x_wconf 87' lang='lat' dir='ltr'><strong>quem</strong></span> <span class='ocrx_word' id='word_1_526' title='bbox 2709 5413 2938 5467; x_wconf 88' lang='lat' dir='ltr'><strong>Marcus</strong></span> <span class='ocrx_word' id='word_1_527' title='bbox 2987 5409 3372 5482; x_wconf 87' lang='lat' dir='ltr'><strong>evangelista,</strong></span> <span class='ocrx_word' id='word_1_528' title='bbox 3412 5405 3674 5460; x_wconf 88' lang='lat' dir='ltr'><strong>Simonem</strong></span> 
     </span>
    </p>
   </div>
   <div class='ocr_carea' id='block_1_79' title="bbox 2059 5493 3672 5575">
    <p class='ocr_par' dir='ltr' id='par_1_79' title="bbox 2059 5493 3672 5575">
     <span class='ocr_line' id='line_1_80' title="bbox 2059 5493 3672 5575; baseline -0.01 -18"><span class='ocrx_word' id='word_1_529' title='bbox 2059 5502 2449 5558; x_wconf 70' lang='lat' dir='ltr'><strong>Chananaeum</strong></span> <span class='ocrx_word' id='word_1_530' title='bbox 2480 5503 2791 5575; x_wconf 85' lang='lat' dir='ltr'><strong>vocat(Act.</strong></span> <span class='ocrx_word' id='word_1_531' title='bbox 2827 5518 2882 5572; x_wconf 87' lang='lat' dir='ltr'><strong>r;</strong></span> <span class='ocrx_word' id='word_1_532' title='bbox 2918 5507 3090 5559; x_wconf 82' lang='lat' dir='ltr'><strong>Marc.</strong></span> <span class='ocrx_word' id='word_1_533' title='bbox 3121 5500 3228 5571; x_wconf 83' lang='lat' dir='ltr'><strong>III).</strong></span> <span class='ocrx_word' id='word_1_534' title='bbox 3253 5496 3480 5554; x_wconf 87' lang='lat' dir='ltr'><strong>Zelatur</strong></span> <span class='ocrx_word' id='word_1_535' title='bbox 3500 5493 3672 5548; x_wconf 88' lang='lat' dir='ltr'><strong>autem</strong></span> 
     </span>
    </p>
   </div>
   <div class='ocr_carea' id='block_1_80' title="bbox 376 5635 2161 5732">
    <p class='ocr_par' dir='ltr' id='par_1_80' title="bbox 376 5635 2161 5732">
     <span class='ocr_line' id='line_1_81' title="bbox 376 5635 2161 5732; baseline 0.012 -40"><span class='ocrx_word' id='word_1_536' title='bbox 376 5635 456 5713; x_wconf 86' lang='lat' dir='ltr'><strong>(a)</strong></span> <span class='ocrx_word' id='word_1_537' title='bbox 489 5637 670 5699; x_wconf 84' lang='lat' dir='ltr'><strong>[idem</strong></span> <span class='ocrx_word' id='word_1_538' title='bbox 702 5657 871 5714; x_wconf 83' lang='lat' dir='ltr'><strong>mss.,</strong></span> <span class='ocrx_word' id='word_1_539' title='bbox 903 5646 1163 5720; x_wconf 86' lang='lat' dir='ltr'><strong>meliora;</strong></span> <span class='ocrx_word' id='word_1_540' title='bbox 1197 5651 1255 5706; x_wconf 88' lang='lat' dir='ltr'><strong>et</strong></span> <span class='ocrx_word' id='word_1_541' title='bbox 1281 5651 1474 5708; x_wconf 70' lang='lat' dir='ltr'><strong>Graace</strong></span> <span class='ocrx_word' id='word_1_542' title='bbox 1505 5666 1739 5728; x_wconf 89' lang='lat' dir='ltr'><strong>quoque</strong></span> <span class='ocrx_word' id='word_1_543' title='bbox 1765 5650 1834 5708; x_wconf 75' lang='grc' dir='ltr'><strong>τὰ</strong></span> <span class='ocrx_word' id='word_1_544' title='bbox 1861 5637 2161 5732; x_wconf 59' lang='lat' dir='ltr'><strong>apati-tow.</strong></span> 
     </span>
    </p>
   </div>
  </div>
