3940 6166
319 324 486 397 H33

1151 331 1900 402 COMMENTARIORUM
1947 328 2025 396 IN
2071 332 2300 401 NAUM
2341 333 2598 401 LIBER.
2645 336 2814 401 CAP.
2856 327 2911 402 L‘

3576 330 3738 400 ΒΜ

317 468 674 526 Dominuein
687 467 938 527 salutem
952 485 1154 528 eorum
1169 487 1320 543 quos
1337 470 1586 527 zelatur:
1610 474 1830 541 utquos
1848 484 1964 524 non
1993 469 2050 536 Α
2081 475 2306 528 centem
2331 488 2342 527 :
2380 489 2511 528 cum
2544 471 2719 528 etiam
2752 471 2854 545 qui
2878 469 3130 529 nimium
3160 468 3274 529 sibi
3294 469 3614 544 applaudet
3634 486 3730 529 eo-

317 559 509 631 potuit
548 560 674 629 ejus
723 576 953 616 servare
1011 559 1340 627 clementia,
1400 564 1585 615 servet
1653 557 1970 614 aemulatio.

316 647 483 705 Unde
515 653 573 703 et
601 649 673 704 ad
703 649 1052 717 Jerusalem,
1099 667 1226 721 quae
1257 653 1493 721 propter
1525 653 1762 720 peccata
1791 647 1970 704 nimia

313 736 712 792 visitationem
738 737 845 793 zeli
878 742 937 793 et
967 738 1180 793 furoris
1213 738 1341 808 ejus
1375 754 1489 793 non
1521 737 1874 804 merebatur,
1910 737 1969 791 in

314 825 611 881 Ezechiele
631 825 894 898 loquitur
913 827 1070 882 Deus
1095 844 1107 882 :
1140 828 1298 882 Zelus
1327 843 1478 882 meus
1500 827 1576 898 (a)
1599 828 1820 882 recessit
1842 842 1876 880 a
1897 833 1965 893 te,

310 919 368 970 et
395 930 506 970 non
537 916 750 970 irascar
778 916 930 971 ultra
959 917 1064 971 tibi
1094 915 1306 986 (Ezech.
1339 933 1456 982 xvr,
1512 916 1622 987 42).
1677 914 1966 978 Quamdiu

313 1002 517 1075 itaque
546 1004 754 1076 agebat
786 1004 1186 1076 paenitentiam
1219 1004 1499 1075 mundus,
1535 1003 1966 1060 consummatio

314 1091 480 1149 illius
540 1109 654 1148 non
716 1093 942 1148 fiebat:
997 1098 1307 1165 postquam
1364 1110 1518 1158 vero,
1581 1091 1968 1164 multiplicata

307 1181 639 1254 iniquitate,
718 1181 941 1237 refrixit
1016 1182 1272 1238 eharitas
1341 1182 1684 1249 multorum,
1755 1182 1836 1235 ita
1901 1185 1968 1236 ut

308 1273 608 1327 tententur
635 1269 811 1326 etiam
844 1270 1009 1325 electi
1041 1270 1140 1325 Dei
1171 1289 1182 1325 :
1227 1274 1367 1326 tunc
1420 1269 1634 1326 zelator
1679 1269 1964 1326 Dominus

305 1359 463 1416 venit
510 1359 568 1413 in
615 1358 899 1415 ultionem
935 1376 946 1414 :
1001 1375 1116 1415 non
1149 1360 1305 1430 quod
1338 1359 1463 1430 ipse
1495 1359 1572 1415 sit
1603 1359 1881 1414 inimicus
1911 1363 1969 1412 et

311 1447 488 1517 ultor,
505 1448 660 1520 quod
685 1448 756 1503 de
773 1445 1004 1503 diabolo
1028 1448 1275 1515 dicitur;
1301 1450 1401 1504 sed
1421 1449 1574 1519 quod
1600 1447 1838 1502 inimica
1855 1447 1960 1518 (Al.

307 1537 518 1608 amica]
549 1538 628 1592 sit
657 1539 785 1608 ejus
816 1535 985 1603 ultio,
1018 1542 1074 1592 et
1102 1536 1270 1608 quasi
1314 1537 1489 1609 ignis,
1523 1536 1704 1609 ligna,
1738 1537 1960 1601 fenum,

307 1626 710 1698 stipulamque
735 1629 1066 1691 consumat,
1090 1630 1155 1680 ut
1184 1642 1397 1698 purum
1422 1642 1632 1681 aurum
1664 1628 1964 1682 remaneat

307 1722 364 1772 et
393 1719 703 1788 argentum
737 1715 951 1786 (Matth.
982 1715 1159 1785 xx1v).

2081 564 2326 631 argutus
2359 561 2552 627 fuerit,
2589 562 2742 632 quod
2773 579 2886 616 non
2914 563 3120 617 merito
3142 560 3396 634 proprio,
3428 561 3530 617 sed
3554 560 3734 618 mise-

2081 648 2330 704 ricordia
2380 649 2477 704 Dei
2535 649 2611 705 sit
2659 650 2940 706 salvatus.
3001 651 3160 706 Licet
3189 651 3344 706 enim
3377 650 3568 705 dicat:
3601 652 3734 707 Ecce

2079 754 2171 808 ego
2199 747 2271 794 tot
2293 755 2463 794 annos
2482 740 2654 794 servio
2677 739 2801 804 tibi,
2825 743 2880 794 et
2901 755 3208 811 numquam
3226 743 3554 812 praeceptum
3573 742 3733 795 tuum

2079 830 2361 898 praeterivi
2390 831 2543 898 (Luc.
2576 846 2668 893 xv,
2701 828 2792 899 29)
2837 845 2849 883 :
2884 832 3079 884 tamen
3113 828 3390 900 quoniam
3422 828 3612 884 bonus
3641 832 3734 885 est

2079 917 2362 973 Dominus
2384 918 2679 985 omnibus,
2709 921 2765 971 et
2788 917 3200 973 misericordiae
3225 917 3384 974 illius
3410 935 3587 989 super
3607 935 3731 974 om-

2079 1005 2176 1060 nia
2209 1023 2383 1078 opera
2411 1009 2538 1079 ejus
2569 1008 2680 1077 (Ps.
2717 1023 2842 1072 exn,
2875 1006 2951 1077 6),
3003 1017 3061 1062 et
3091 1022 3294 1062 omnes
3326 1012 3728 1078 peccaverunt,

2076 1098 2132 1150 et
2161 1095 2426 1167 indigent
2455 1095 2638 1167 gloria
2671 1095 2768 1151 Dei
2803 1095 2976 1167 (Rom.
3013 1113 3095 1164 111,
3123 1097 3236 1167 23),
3262 1094 3626 1167 justiﬁeatus
3657 1097 3728 1153 ab

2076 1200 2142 1240 eo
2175 1185 2356 1256 gratis
2426 1185 2662 1239 audiet:
2705 1186 2788 1240 An
2817 1186 3005 1240 oculus
3051 1189 3178 1240 tuns
3206 1200 3440 1256 nequam
3467 1191 3566 1254 est,
3598 1187 3730 1257 quia

2076 1289 2173 1343 ego
2205 1274 2374 1328 bonus
2404 1290 2527 1328 sum
2557 1274 2760 1344 (Matth.
2795 1291 2890 1340 xx,
2927 1274 3013 1344 15)
3044 1278 3066 1329 P
3094 1276 3281 1346 Atque
3312 1273 3394 1328 ita
3421 1273 3541 1339 fiet,
3572 1277 3639 1329 ut
3666 1273 3726 1330 in

2075 1378 2142 1417 eo
2172 1362 2298 1434 ipso
2333 1363 2487 1434 quod
2521 1363 2714 1434 arguit
2742 1365 2799 1417 et
2830 1362 3100 1435 ignoscit,
3155 1362 3385 1418 nullum
3416 1362 3724 1419 innoxium

2076 1451 2235 1506 abire
2275 1451 2551 1522 patiatur.

2147 1542 2333 1611 (Vers.
2366 1541 2448 1610 3.)
2480 1542 2748 1596 Dominus
2777 1541 2835 1594 in
2866 1544 3183 1612 tempestate
3201 1545 3252 1595 et
3273 1541 3334 1595 in
3352 1540 3574 1596 turbine
3593 1540 3727 1599 vita

2071 1630 2209 1700 ejus,
2244 1633 2292 1684 et
2321 1629 2539 1686 nebula?
2571 1631 2766 1700 pulvis
2798 1629 2994 1700 pedum
3040 1631 3175 1700 eius.
3223 1629 3332 1685 Pro
3381 1632 3726 1701 tempestate

2071 1722 2128 1772 et
2157 1718 2407 1782 turbine,
2439 1719 2965 1774 consummationem
2992 1718 3071 1787 (ά)
3101 1722 3153 1773 et
3180 1721 3595 1774 commotionem
3623 1721 3721 1774 Se-

381 1805 619 1861 Ulsicens
665 1803 953 1870 Dominus,
985 1811 1038 1858 et
1085 1804 1287 1858 habens
1333 1806 1578 1874 furorem
1614 1820 1626 1858 :
1689 1806 1961 1862 Ulciscens
1993 1837 2041 1902 B
2071 1805 2378 1878 ptuaginta
2408 1805 2871 1861 transtulerunt:
2905 1805 3041 1862 licet
3067 1805 3129 1860 in
3161 1822 3227 1862 eo
3259 1806 3360 1861 ubi
3387 1823 3493 1862 nos
3518 1807 3721 1878 posui-

302 1894 570 1949 Dominus
597 1894 658 1946 in
687 1894 862 1947 hostes
890 1908 1036 1958 suos,
1069 1896 1122 1947 et
1151 1895 1394 1947 irascens
1425 1895 1540 1964 ipse
1559 1894 1804 1949 inimicis
1825 1897 1958 1951 suis.

303 1981 444 2038 LXX
471 2000 483 2037 :
519 1982 791 2038 Ulciscens
822 1983 1083 2036 Dominus
1114 1997 1238 2036 cum
1262 1981 1462 2054 furore
1497 2000 1508 2037 :
1562 1983 1830 2039 ulciscens
1859 1987 1962 2040 Do-

302 2073 489 2126 minus
516 2073 574 2126 in
597 2070 938 2125 adversarios
959 2074 1168 2137 suos,et
1191 2071 1385 2126 tollens
1406 2072 1522 2141 ipse
1543 2072 1792 2127 inimicos
1815 2089 1957 2129 suos.

301 2160 636 2216 Secundum
665 2164 970 2229 utramque
994 2158 1464 2231 intelligentiam,
1491 2155 1840 2233 quia‘diligit
1856 2163 1962 2218 Do-

302 2248 508 2303 minus
539 2263 712 2320 quem
745 2247 986 2318 corripit
1015 2252 1202 2316 (Prov.
1238 2248 1341 2318 111),
1370 2252 1427 2302 et
1453 2249 1700 2320 castigat
1725 2267 1958 2305 omnem

302 2336 494 2392 ﬁlium
528 2353 701 2408 quem
737 2337 961 2408 recipit,
995 2336 1124 2391 ideo
1156 2336 1455 2402 irascitur,
1489 2341 1550 2391 ut
1579 2338 1734 2408 quod
1759 2339 1957 2394 adver-

298 2425 527 2482 sarium
550 2430 604 2480 et
626 2424 931 2479 inimicum
952 2425 1065 2480 sibi
1084 2427 1173 2480 est
1191 2424 1374 2491 tollat,
1393 2425 1961 2498 ethostibus[Al.tol-

297 2515 386 2571 lat
413 2531 484 2570 ex
512 2514 826 2584 hostibus],
878 2519 935 2568 et
984 2513 1298 2569 contrariis
1348 2513 1805 2585 cogitationibus
1837 2516 1957 2571 fra-

296 2604 433 2676 ctis,
468 2603 960 2675 sermonibusque
992 2603 1263 2668 sublatis,
1289 2602 1349 2657 in
1383 2603 1690 2672 antiquum
1715 2605 1958 2659 redeant

296 2696 546 2750 statum.
565 2691 823 2762 Denique
847 2692 907 2746 in
931 2691 1428 2763 consequentibus
1449 2691 1557 2746 ait:
1583 2693 1844 2747 Dominus
1863 2710 1958 2755 ra-

290 2785 464 2851 tiens,
511 2785 561 2836 et
605 2781 766 2852 longa
790 2781 1058 2851 fortitudo
1087 2784 1224 2852 ejus.
1260 2780 1371 2836 Sed
1403 2779 1542 2850 quia
1571 2781 1749 2836 semel
1781 2786 1838 2837 et
1867 2781 1954 2836 hi-

295 2871 545 2927 storiam
577 2885 862 2942 exponere
893 2869 1330 2942 proposuimus,
1370 2867 1639 2925 inimicos
1672 2875 1728 2925 et
1756 2871 1955 2927 hostes

296 2960 405 3016 Dei
437 2958 839 3031 intelligamus
867 2959 1156 3031 Assyrios,
1183 2959 1240 3013 in
1271 2975 1419 3030 quos
1442 2975 1577 3013 eum
1599 2959 1698 3013 diu
1724 2960 1953 3031 patiens

301 3048 497 3117 fuerit,
548 3053 750 3122 postea
793 3064 928 3102 eum
977 3047 1170 3102 furore
1205 3051 1259 3102 et
1291 3046 1598 3102 iracundia
1651 3048 1807 3103 ultor
1834 3049 1949 3104 exi-

302 3141 437 3194 stet.

369 3225 557 3297 (Vers.
601 3227 680 3296 2.)
726 3226 988 3280 Dominus
1018 3225 1230 3295 patiens
1260 3231 1311 3279 el
1337 3241 1570 3294 magnus
1603 3225 1949 3294 fortitudine,
1981 3205 2023 3272 C

289 3324 344 3371 et
377 3313 676 3379 mandans,
705 3329 818 3368 non
847 3315 1014 3384 faciet
1041 3314 1402 3368 innocentem.
1429 3313 1591 3376 Quod
1615 3313 1951 3385 significan-

286 3403 413 3461 tius
434 3403 496 3460 in
527 3403 722 3458 Graeco
748 3402 964 3457 dicitur
987 3419 999 3456 ε
1033 3400 1121 3453 καὶ
1149 3402 1224 3472 (b)
1249 3400 1422 3452 ἀθοῶν
1452 3399 1548 3453 οὐκ
1571 3400 1810 3454 ἀΟωώσει
1836 3402 1947 3472 [ΑΙ.

285 3491 381 3546 καὶ
407 3491 596 3545 ἀθωῶν
621 3489 721 3543 οὐκ
742 3489 1027 3562 ἀθωώσει].
1045 3492 1113 3545 Et
1136 3494 1224 3545 est
1246 3506 1457 3544 sensus
1479 3507 1490 3544 :
1516 3491 1663 3545 537
1697 3491 1797 3544 Diu
1818 3491 1948 3561 qui-

290 3583 441 3638 dem
477 3579 711 3637 sceleris
739 3579 1106 3652 Assyriorum
1141 3577 1370 3649 patiens
1402 3578 1530 3644 fuit,
1565 3583 1621 3632 et
1653 3579 1952 3650 magnani-

297 3670 528 3726 mitatis
555 3686 672 3724 suae
697 3667 1037 3724 fortitudine
1058 3665 1395 3738 iniquitates
1419 3681 1618 3720 eorum
1644 3667 1946 3737 sustinuit,

296 3774 627 3832 provocans
648 3774 747 3813 eos
770 3758 842 3813 ad
867 3755 1298 3828 paenitentiam;
1323 3754 1422 3809 sed
1447 3755 1603 3824 quia,
1619 3759 1951 3826 contempta

291 3848 554 3905 bonitate
578 3847 698 3914 Dei,
723 3847 1048 3901 secundum
1072 3861 1171 3900 cor
1192 3843 1566 3916 impmnitens
1589 3843 1947 3899 thesauriza-

294 3941 510 3994 verunt
538 3935 649 3991 sibi
683 3936 829 3990 iram
863 3935 920 3989 in
956 3933 1048 3988 die
1079 3935 1174 3988 ira:
1207 3933 1379 4004 (Rom.
1414 3932 1498 4002 ιι),
1550 3932 1650 4003 qui
1682 3936 1816 3987 ante
1848 3950 1948 4005 pa-

287 4027 450 4083 tiens
497 4025 626 4090 fuit,
682 4039 1058 4096 nequaquam
1111 4039 1210 4078 eos
1258 4025 1561 4092 tamquam
1608 4022 1862 4077 mundos
1894 4027 1950 4077 et

282 4117 635 4172 innocentes
665 4113 887 4169 inultos
908 4112 1068 4168 abire
1091 4112 1363 4183 patietur.
1391 4109 1492 4165 Vel
1517 4115 1668 4165 certe
1688 4109 1769 4165 ita
1791 4112 1950 4182 (quo-

287 4204 460 4261 niam
481 4203 541 4258 in
564 4204 780 4258 bonam
803 4207 1029 4274 partem
1053 4198 1227 4257 simul
1249 4198 1522 4254 volumus
1541 4199 1800 4270 accipere
1820 4217 1947 4270 quae

287 4294 597 4359 dicuntur)
630 4293 856 4364 patiens
889 4297 978 4347 est
1006 4289 1106 4360 qui
1140 4291 1433 4343 sustentat
1462 4304 1666 4342 omnes
1690 4293 1947 4358 ruentes,

282 4389 348 4440 et
394 4381 564 4454 erigit
609 4381 786 4436 elisos
835 4380 941 4452 [AL
977 4378 1194 4445 allisos]
1243 4377 1356 4448 (Ps.
1390 4377 1613 4447 CXLIV):
1650 4376 1748 4448 qui
1781 4381 1951 4432 sanat

285 4469 608 4527 tribulatos
663 4469 856 4536 corde,
911 4471 966 4522 et
1015 4465 1217 4539 alligat
1269 4463 1642 4520 contritiones
1697 4481 1945 4534 eorum;

2073 1912 2228 1959 mus,
2261 1897 2321 1950 in
2353 1901 2677 1965 tempestate,
2711 1899 2769 1950 et
2797 1895 2857 1949 in
2889 1895 3126 1949 Hebraeo
3158 1894 3437 1950 scribitur
3466 1911 3728 1952 sasurna

2073 1985 2283 2055 (510:1),
2317 1986 2378 2038 in
2407 1984 2766 2038 commotione
2798 2000 3032 2054 quoque
3061 1984 3251 2054 possit
3287 1982 3555 2055 intelligi.
3607 1984 3726 2040 Hoc

2071 2077 2265 2127 autem
2298 2072 2608 2144 signiﬁcat,
2644 2072 2798 2143 quod
2834 2072 2891 2125 in
2924 2073 3038 2126 {ine
3069 2071 3274 2126 mundi
3301 2071 3574 2128 universa
3598 2088 3723 2128 mo-

2069 2166 2334 2227 veantur,
2375 2161 2544 2231 juxta
2574 2159 2719 2215 illud
2755 2161 2908 2231 quod
2944 2159 3230 2232 scriptum
3262 2164 3356 2216 est
3383 2161 3441 2216 in
3471 2163 3719 2233 Aggaao:

2068 2250 2255 2305 Adhuc
2281 2250 2444 2305 semel
2475 2259 2527 2305 et
2559 2265 2652 2320 ego
2681 2249 2897 2305 movebo
2926 2251 3121 2304 caelum
3149 2257 3199 2305 et
3227 2258 3458 2316 terram,
3485 2266 3641 2306 mare
3669 2253 3722 2305 et

2067 2339 2283 2394 aridam
2315 2339 2549 2409 (Aggeei,
2583 2356 2644 2409 ιι,
2676 2339 2732 2409 7)
2770 2355 2781 2392 :
2814 2342 2872 2392 et
2903 2355 3036 2393 cum
3071 2338 3288 2392 iuerint
3317 2342 3530 2394 cuncta
3559 2355 3718 2394 com-

2068 2431 2228 2482 mota
2248 2428 2336 2499 (ut
2357 2427 2596 2482 credant
2622 2427 2724 2480 vis:
2747 2425 2999 2496 Domini,
3016 2427 3116 2498 qui
3140 2426 3196 2480 in
3222 2425 3527 2498 Evangelia
3546 2425 3714 2482 dicit:

2069 2518 2174 2585 Ego
2221 2532 2339 2569 sum
2386 2517 2497 2581 via,
2548 2524 2602 2570 et
2650 2517 2781 2581 vita,
2831 2519 2882 2570 et
2930 2517 3131 2570 veritas
3163 2517 3341 2586 (Joan.
3373 2532 3486 2585 xw,
3519 2515 3611 2585 6);
3661 2519 3720 2572 et

2066 2605 2249 2675 (Marc.
2283 2609 2384 2672 vn)
2409 2621 2421 2658 :
2447 2605 2593 2659 Cum
2615 2604 2838 2659 venerit
2860 2603 3039 2659 Filius
3059 2603 3317 2659 hominis
3341 2603 3401 2658 in
3427 2603 3713 2673 nubibus,

2030 2695 2034 2700 ’
2067 2693 2283 2764 quibus
2315 2693 2630 2748 mandatur
2659 2693 2718 2747 in
2752 2692 2903 2748 Isaia
2932 2693 3084 2763 (Cap.
3119 2692 3199 2762 v),
3221 2709 3292 2747 ne
3314 2691 3521 2764 pluant
3542 2708 3721 2764 super

2063 2783 2292 2837 vineam
2349 2782 2618 2847 imbrem,
2670 2785 2727 2836 et
2762 2781 2833 2835 ad
2866 2797 3012 2852 quas
3045 2780 3307 2852 pervenit
3351 2780 3562 2837 veritas
3593 2780 3718 2848 Dei,

2065 2871 2291 2926 dicente
2340 2868 2796 2941 Psalmographo
2844 2871 2958 2939 (Ps.
2998 2886 3166 2937 xxxv,
3207 2870 3262 2942 6)
3296 2887 3309 2925 :
3363 2871 3578 2926 Veritas
3620 2875 3720 2926 tua

2064 2977 2231 3030 usque
2259 2959 2328 3013 ad
2358 2959 2571 3028 nubes),
2603 2962 2743 3012 tunc
2774 2957 2948 3013 etiam
2980 2958 3119 3029 ipsae
3151 2959 3356 3026 nubes,
3391 2958 3547 3016 588
3581 2963 3714 3015 Pro-

2063 3049 2248 3120 pheta;
2280 3046 2567 3116 videlicet,
2601 3046 2941 3118 animaeque;
2972 3051 3334 3116 sanctorum,
3389 3064 3518 3119 quae
3550 3048 3717 3119 prius

2061 3136 2474 3209 conjunctione
2496 3135 2690 3191 carnis
2714 3136 2944 3190 fuerant
2973 3140 3366 3208 praegravata,
3397 3134 3629 3191 elevate:
3656 3135 3716 3192 in

2063 3226 2335 3290 sublime,
2359 3225 2643 3281 tenuioris
2665 3224 3006 3280 substantiae
3033 3225 3193 3293 ﬁent,
3219 3229 3274 3280 et
3299 3225 3357 3280 in
3381 3223 3714 3282 seabellum

2061 3316 2274 3386 pedum
2309 3315 2408 3369 Dei
2443 3314 2708 3376 redactae,
2762 3313 2821 3367 in
2870 3313 3148 3368 extremis
3196 3313 3532 3385 quibusque
3561 3313 3716 3370 inter

2062 3403 2302 3474 angelos
2323 3403 2531 3456 officiis
2556 3401 2995 3456 ministrabunt.
3023 3400 3222 3454 Priora
3243 3403 3458 3472 quippe
3480 3405 3536 3456 et
3558 3401 3711 3456 anti-

2061 3508 2178 3562 qua
2210 3507 2336 3562 quae
2368 3491 2439 3543 ad
2490 3493 2666 3558 caput
2696 3491 3007 3559 pertinent,
3061 3504 3234 3542 nosse
3262 3503 3378 3543 non
3411 3491 3704 3559 poterunt.

2061 3578 2223 3633 Alius
2252 3595 2384 3632 vero
2435 3577 2620 3631 nubes
2668 3577 2727 3631 in
2776 3576 3126 3631 contrariam
3175 3579 3400 3648 partem
3440 3575 3713 3648 accipiet,

2059 3667 2213 3738 quod
2247 3682 2477 3738 semper
2507 3681 2712 3719 serena
2760 3664 3132 3731 conturbent,
3182 3667 3238 3718 et
3289 3663 3512 3718 clarum
3562 3663 3706 3720 solis

2058 3754 2475 3824 stellarumque
2495 3753 2690 3807 lumen
2708 3769 2812 3806 sua
2827 3750 3073 3822 caligine
3093 3750 3357 3823 nitantur
3371 3754 3706 3825 praetexere,

2058 3850 2116 3899 et
2145 3843 2299 3915 quod
2333 3843 2605 3912 subjectae
2639 3846 2840 3911 postea
2862 3839 3167 3895 dominicae
3190 3839 3464 3912 potestati
3487 3841 3544 3896 in
3568 3840 3704 3913 pul—

2056 3931 2624 4002 verem_redigantur
2649 3934 2705 3985 et
2738 3930 2794 3984 in
2825 3928 3099 3995 nihilum,
3133 3933 3190 3984 et
3217 3932 3371 3985 terra
3392 3929 3451 3984 in
3473 3929 3556 3986 eis
3578 3946 3707 4002 quae

2058 4021 2294 4095 pinguis
2325 4024 2433 4085 est,
2469 4019 2842 4074 dissolvatur.

2130 4111 2315 4182 (Vers.
2360 4109 2436 4179 4.)
2487 4109 2778 4179 Increpans
2825 4123 3000 4174 mare,
3051 4114 3101 4163 et
3148 4107 3429 4162 exsiccans
3476 4105 3615 4162 illud
3659 4110 3712 4162 et

2059 4202 2247 4255 omnia
2267 4200 2504 4269 ﬂumina
2524 4197 2592 4252 ad
2616 4198 2886 4252 desertum
2907 4196 3224 4268 perducens.
3251 4195 3428 4252 Juxta
3452 4194 3714 4252 litteram

2062 4289 2158 4344 Dei
2193 4287 2449 4361 potentia
2480 4287 2854 4356 describitur,
2903 4286 3004 4358 qui
3057 4285 3460 4340 vindicaturus
3507 4288 3596 4341 est
3642 4285 3714 4341 de

2059 4376 2408 4434 adversariis
2442 4374 2739 4442 Israelem,
2774 4375 2925 4446 quod
2963 4391 3077 4429 non
3109 4373 3329 4446 grande
3360 4371 3438 4427 sit
3465 4373 3518 4427 ei
3540 4375 3710 4446 Assy-

2060 4468 2178 4522 rios
2209 4467 2527 4532 destruere,
2562 4465 2732 4535 cujus
2767 4463 3093 4534 maiestatis
3125 4462 3201 4516 sit
3223 4461 3396 4516 etiam
3425 4459 3712 4518 elementa

282 4564 349 4617 et
381 4575 599 4631 magna
629 4557 817 4613 virtus
850 4558 999 4628 ejus,
1049 4554 1283 4611 solvens
1317 4551 1680 4607 inimicitiam
1719 4552 1810 4624 [Αἰ
1841 4554 1948 4608 ini-
1984 4572 2030 4636 D
2065 4559 2311 4611 mutare.
2359 4552 2459 4607 Vel
2509 4557 2659 4607 certe
2706 4551 2845 4624 quia
2892 4550 3074 4606 semel
3105 4549 3175 4605 de
3205 4548 3712 4605 consummatione

282 4648 579 4718 micitias]
603 4646 664 4701 in
693 4663 885 4717 carne,
915 4650 972 4700 et
991 4647 1065 4714 (c)
1088 4647 1394 4699 nocentem
1417 4658 1533 4696 non
1557 4641 1773 4697 faciens
1797 4642 1960 4698 inno-

371 4807 450 4879 (a)
481 4807 574 4862 Al.
601 4806 834 4868 recedat,
863 4804 1173 4879 et_rec_edet,
1193 4805 1364 4879 juxta
1383 4803 1561 4879 Graec.
1587 4800 1775 4876 ἐξαρθή
1787 4822 1952 4879 σῖτα-ι.

373 4873 452 4951 (ὁ)
484 4879 859 4951 Contendant
889 4876 987 4951 alii
1030 4875 1341 4951 legendum
1393 4873 1590 4951 ἀθῶρ-ς,
1639 4873 1764 4946 quis
1811 4875 1954 4951 scri-

293 4945 486 5026 ptura
528 4966 662 5026 cum
710 4945 1272 5026 θόῇἱοιιιὶξιιξςίωυξ2
1323 4951 1446 5000 tum
1501 4945 1956 5026 iliero’nymianap

294 5015 489 5080 insuti
523 5021 876 5077 conformior
903 5020 1190 5087 videatur,
1224 5017 1439 5071 Verum
1490 5015 1675 5068 ἀθωῶν
1715 5015 1958 5072 servant

297 5111 419 5151 ms.
453 5092 902 5149 Alexandrinus.
957 5089 1395 5160 Theodoritus,_
1422 5092 1482 5160 et
1508 5088 1687 5142 codex
1717 5089 1956 5160 quidam

298 5164 531 5238 Regius
589 5163 696 5218 229
753 5179 928 5235 quem
991 5158 1583 5238 laudat__Cotelerius.
1652 5158 1957 5238 Theophy-

297 5231 499 5294 laetus
539 5240 735 5292 autem
767 5231 1079 5303 utramque
1110 5231 1416 5287 lectionem
1466 5232 1738 5301 proponit
1785 5237 1959 5303 atque

302 5308 724 5462 ex()cl)u'=lf1atntum
748 5393 889 5431 mss.
917 5374 1180 5462 animum
1205 5371 1591 5462 addidissent,
1609 5371 1775 5462 facile
1797 5389 1957 5455 repo-

302 5444 587 5524 suissem,
619 5452 672 5524 et
703 5449 1063 5524 innocentem,
1115 5461 1218 5524 pro
1267 5451 1564 5524 nocentem.
1592 5444 1696 5524 .Ea
1745 5446 1958 5524 quippe

304 5519 644 5592 Hieronymi
668 5534 835 5574 mens
853 5522 960 5585 est,
987 5515 1280 5592 neminem
1301 5515 1568 5585 quamvis
1589 5515 1959 5592 innocentem

304 5587 582 5649 futurum
613 5595 747 5646 ante
775 5594 981 5655 Deum,
1014 5587 1408 5658 innocentem,
1457 5601 1591 5658 eum
1647 5588 1803 5658 quod
1844 5604 1958 5643 non

301 5663 520 5724 merito
542 5661 776 5736 proprio
798 5660 876 5719 sit
893 5659 1209 5732 innocens;
1234 5657 1337 5716 sed
1362 5657 1433 5714 ab
1459 5656 1557 5714 illo
1570 5656 1952 5730 jus'tiﬁcetur:

2068 4643 2273 4699 mundi
2305 4658 2431 4697 esse
2463 4639 2718 4694 diximus
2746 4638 3135 4711 prophetiam,
3156 4635 3341 4693 ethoc
3366 4634 3712 4708 simpliciter

2065 4808 2190 4858 tum
2227 4801 2401 4855 etiam
2436 4800 2590 4870 quod
2633 4802 3003 4870 coarguatur,
3054 4802 3114 4853 et
3145 4798 3388 4870 veniam
3441 4794 3706 4870 accipiat.

2067 4873 2360 4928 Consonat
2393 4867 2528 4924 huic
2559 4867 2954 4935 sensuiillud,
3007 4869 3159 4940 quod
3202 4868 3480 4924 scribitur
3527 4867 3706 4940 EXod.

2067 4961 2255 5013 xxx1v,
2309 4943 2616 5013 Nullusque
2644 4941 2789 5011 apud
2817 4945 2868 4996 te
2893 4957 2993 5011 per
3020 4938 3076 4995 se
3104 4942 3362 5013 innocens
3403 4943 3503 4996 est.
3557 4938 3709 5013 Quin

2067 5009 2251 5070 etiam
2276 5014 2385 5070 hoc
2417 5009 2650 5084 quoque
2680 5009 2844 5084 quod
2893 5009 3298 5084 exponendum
3347 5009 3708 5084 proponitur,

2066 5092 2116 5143 et
2147 5085 2417 5141 inundans
2439 5081 2569 5139 non
2587 5081 2758 5155 faciet
2778 5081 3146 5150 innocentem,
3173 5081 3414 5155 scilicet,
3437 5081 3708 5155 innocen:

2067 5165 2158 5214 tes
2182 5157 2341 5228 ipsos
2373 5150 2670 5228 coargu'et,
2709 5155 2873 5228 quod,
2895 5170 3007 5209 non
3043 5155 3167 5209 suis
3197 5150 3443 5220 viribus,
3477 5153 3576 5208 sed
3609 5150 3713 5208 Dei

2067 5225 2463 5285 misericordia
2498 5225 2814 5281 salventur.
2844 5227 3126 5281 Caeterum
3159 5241 3293 5280 mox
3321 5232 3608 5295 coargutus
3638 5240 3711 5279 ex

2069 5318 2210 5357 mss.
2237 5299 2678 5362 substituimus,
2707 5314 2806 5368 pro
2838 5314 2953 5368 quo
2975 5297 3176 5352 vitiose
3198 5295 3714 5368 Martian.retinuit

2069 5373 2294 5427 duobus
2325 5370 2536 5439 verbis,
2558 5439 2565 5440 ί
2587 5367 2727 5440 quod
2758 5367 3004 5436 argutus.
3058 5367 3371 5437 Victorius,
3401 5367 3566 5440 quod,
3610 5384 3711 5423 vo-

2069 5444 2259 5500 eulam
2293 5447 2521 5496 tantum
2553 5439 2872 5495 induxerat.

2140 5515 2217 5582 (ά)
2243 5513 2444 5579 Voces,
2469 5520 2519 5567 et
2543 5513 2979 5579 commotionem,
3002 5528 3128 5583 qua;
3150 5512 3412 5578 deerant,
3437 5507 3714 5583 supplent

2071 5603 2213 5642 mss.
2251 5584 2456 5641 nostri.
