4008 6184
279 366 440 434 1238

1532 369 1598 440 S.
1642 374 1950 443 EUSEBII
1993 373 2437 443 HIERONYMI

3482 362 3617 446 ius

281 506 561 579 accipite:
593 506 740 565 Cum
760 506 981 565 venerit
1006 506 1212 566 mundi
1233 511 1683 584 consummatio,
1715 514 1772 567 et
1796 528 1923 584 per-
1952 510 2008 581 Α
2034 526 2117 566 ea.
2152 511 2345 567 Potest
2373 515 2430 568 et
2459 507 2808 586 simpliciter
2835 507 3020 587 accipi
3040 509 3192 585 quod
3214 509 3270 569 in
3290 526 3608 573 consumma-

280 596 576 653 transierit
606 597 817 654 caelum
848 602 906 655 et
932 602 1075 667 tera,
1132 618 1291 657 mare
1339 618 1571 674 quoque
1617 605 1674 658 et
1719 601 1925 657 ﬂuvios

277 685 504 741 siccari.
530 687 640 742 Sed
666 687 810 743 mihi
834 688 1047 761 legenti
1072 689 1215 745 illud
1241 691 1300 746 in
1327 691 1578 747 Psalmis
1606 708 1619 745 :
1654 693 1759 747 Hoc
1776 708 1927 747 mare

274 789 539 845 magnum
585 781 639 832 et
675 780 973 849 spatiosum
1006 797 1024 833 :
1069 779 1150 834 ibi
1177 781 1401 851 reptitia
1429 797 1662 853 quorum
1692 798 1800 836 non
1848 788 1927 836 est

272 866 539 920 numerus
563 883 576 921 :
609 867 888 922 animalia
906 884 1087 939 parva
1106 885 1232 925 cum
1254 871 1503 940 magnis;
1530 870 1609 925 ibi
1628 886 1791 925 naves
1809 886 1927 940 per-

277 953 774 1011 ambulant.Draco
806 958 909 1011 iste
937 973 1097 1029 quem
1125 960 1376 1029 formasti
1405 959 1474 1013 ad
1504 958 1842 1013 illudendum
1874 961 1928 1014 ei

272 1044 389 1112 (Ps.
422 1060 541 1111 cm,
571 1046 662 1111 25,
695 1045 806 1117 26),
840 1045 1085 1118 dignum
1116 1046 1347 1102 videtur
1388 1047 1667 1118 bonitate,
1722 1052 1781 1103 et
1809 1046 1922 1103 cle-

274 1132 498 1188 mentia
544 1132 668 1199 Dei,
717 1151 950 1189 omnem
990 1135 1443 1192 amaritudinem
1476 1141 1534 1192 et
1562 1135 1921 1208 salsuginem

270 1220 473 1288 maris,
503 1237 611 1277 sua
642 1224 1093 1279 comminatione
1123 1225 1425 1281 destruere
1451 1242 1464 1279 :
1497 1230 1553 1281 et
1582 1230 1924 1297 regnantem

271 1308 333 1364 in
365 1310 534 1382 aquis
562 1310 876 1367 humiliare
905 1312 1241 1381 draconem,
1281 1320 1338 1370 et
1368 1313 1601 1369 malitiae
1632 1314 1921 1370 exsiccare

272 1398 534 1470 gurgites
564 1399 624 1454 in
655 1400 871 1472 quibus
899 1419 1075 1474 parva
1105 1407 1309 1459 natant
1362 1403 1619 1476 reptilia,
1669 1420 1921 1475 quorum

274 1503 391 1543 non
421 1491 511 1543 est
538 1504 857 1545 numerus:
893 1507 1081 1563 neque
1113 1492 1269 1548 enim
1301 1492 1481 1565 digna
1512 1496 1651 1548 sunt
1676 1509 1920 1549 numero

272 1591 402 1646 quas
433 1593 566 1631 cum
598 1578 850 1633 dracone
882 1584 1209 1636 versantur.
1267 1581 1540 1637 Flumina
1584 1598 1816 1653 quoque
1848 1582 1919 1637 ad

271 1664 570 1721 desertum
602 1668 950 1739 perducens,
1003 1687 1233 1726 omnem
1284 1669 1413 1726 falsi
1447 1671 1703 1727 nominis
1733 1671 1918 1727 scien-

268 1753 434 1819 tiam,
483 1771 612 1827 quaa
644 1773 706 1813 se
736 1762 941 1813 contra
983 1760 1162 1815 Deum
1212 1759 1462 1833 erigens,
1514 1759 1757 1816 ﬂumine
1802 1759 1918 1816 elo-

270 1842 522 1913 quentiae
552 1844 759 1910 utitur,
787 1850 844 1900 et
873 1845 1239 1944 volubilitate
1258 1848 1589 1944 verborum,
1611 1853 1668 1903 et
1685 1854 1917 1903 tumen-
1948 1880 1997 1944 Β

265 1934 353 1986 tes
368 1935 758 2005 contorquens
777 1935 1061 2007 gurgites,
1077 1953 1210 1991 cum
1229 1936 1512 1992 miraculo
1530 1937 1919 2009 spectantium

268 2018 454 2075 fertur
482 2021 542 2076 in
584 2038 855 2093 pronum.
909 2022 1045 2080 Vide
1089 2023 1413 2095 Platonem,
1465 2030 1665 2097 specta
1711 2030 1918 2081 Demo-

267 2108 557 2180 sthenem,
606 2109 867 2167 Tullium
900 2128 1134 2184 quoque
1164 2112 1582 2186 philosophum
1616 2114 1834 2186 pariter
1864 2120 1922 2171 et

269 2200 580 2267 oratorem,
629 2204 687 2255 et
713 2199 1119 2257 haereticorum
1150 2203 1450 2275 principes
1481 2204 1636 2261 589
1670 2204 1918 2271 intuere,

270 2287 343 2343 de
375 2287 591 2359 quibus
634 2288 744 2343 fuit
788 2288 1159 2357 Valentinus,
1209 2292 1484 2360 Marcion,
1536 2293 1916 2360 Bardesanes,

271 2376 577 2444 Tatianus,
610 2382 667 2433 et
695 2378 766 2434 de
796 2379 1141 2436 ﬂuminibus
1172 2398 1289 2437 non
1322 2382 1606 2455 ambigas.
1655 2383 1765 2438 Sed
1797 2381 1919 2437 haec

271 2466 472 2522 omnia
501 2472 808 2523 consumet
841 2469 1121 2526 Dominus
1150 2469 1321 2525 Jesus
1348 2471 1560 2543 spiritu
1589 2470 1706 2526 oris
1728 2470 1840 2537 sui,
1865 2474 1922 2526 et

271 2554 532 2611 destruet
560 2555 991 2615 illuminatione
1020 2560 1307 2614 adventus
1337 2559 1451 2625 sui,
1500 2564 1557 2615 et
1585 2560 1657 2615 ad
1690 2560 1922 2616 deserta

269 2643 549 2716 perducet
578 2645 649 2717 (ΙΙ
682 2647 830 2702 Thes.
866 2648 948 2718 ιι).
1001 2647 1309 2721 Simulque
1357 2664 1526 2704 cerne
1572 2649 1725 2721 quod
1749 2649 1922 2721 juxta

265 2732 527 2802 titulum,
554 2735 654 2806 qui
679 2735 1021 2791 inscribitur
1044 2754 1056 2791 :
1087 2738 1393 2809 Assumptio
1414 2738 1609 2793 Ninive
1627 2754 1646 2791 :
1674 2738 1813 2793 liber
1833 2740 1917 2793 vi-

265 2822 437 2879 sionis
468 2825 652 2878 Naum
689 2826 943 2890 Elceseei,
996 2826 1150 2881 recté
1201 2829 1258 2880 et
1307 2826 1365 2879 in
1412 2825 1615 2880 Ninive
1662 2826 1920 2881 mundus

267 2910 592 2984 figuraliter
619 2912 987 2986 intelligitur,
1020 2918 1077 2969 et
1106 2930 1265 2969 mare
1287 2914 1415 2984 ejus
1445 2913 1787 2985 eloquentiae
1811 2914 1920 2969 ﬂu-

270 2999 434 3055 mina
464 3000 522 3054 in
555 3003 1064 3057 consummatione
1093 3002 1405 3058 siccantur.

341 3106 658 3177 Inﬁrmatus
703 3116 782 3163 est
827 3109 1012 3163 Basan
1056 3114 1109 3164 et
1155 3108 1454 3177 Carmelus,
1504 3113 1556 3163 et
1594 3110 1694 3180 ﬂos
1725 3110 1924 3165 Libani

271 3195 536 3266 elanguit.
588 3194 770 3250 LXX:
820 3196 1118 3252 Imminuta
1164 3204 1241 3253 est
1289 3200 1563 3253 Basanitis
1594 3196 1682 3271 [Al
1713 3199 1919 3253 Immu-

273 3287 390 3312 ιι-δη
424 3284 774 3312 υκαι-...ἿέΑὴ-’ἱ
805 3292 851 3312 ιιι
869 3286 1153 3312 Πηψηι..-
1202 3290 1245 3312 ,ι
1272 3301 1392 3312 -..Μ
1420 3288 1684 3312 η---ι.....
1710 3286 1902 3312 ι.·ι.,...έ
1951 3246 1995 3312 C

273 3287 392 3340 tata
417 3286 595 3339 Basan
605 3284 774 3355 itidis]
799 3292 851 3340 et
868 3286 1171 3357 Carmelus,
1194 3290 1245 3341 et
1266 3301 1392 3358 qua
1412 3288 1684 3356 ﬂorebant
1702 3286 1921 3353 Libani,

284 3373 622 3445 defecerunt.
654 3377 1045 3451 Μεταφορικῶς
1076 3392 1180 3447 per
1210 3376 1398 3432 Basan
1430 3380 1487 3431 et
1514 3375 1845 3432 Carmelum
1871 3379 1927 3431 et

280 3461 595 3529 Libanum,
626 3463 921 3535 regionem
956 3465 1215 3531 uberem,
1264 3470 1323 3520 et
1369 3469 1597 3521 montes
1647 3464 1925 3536 consitos,

277 3551 499 3624 Assyrii
555 3551 799 3608 vastitas
853 3553 1308 3625 demonstratur,
1369 3555 1525 3626 quod
1574 3553 1673 3610 ille
1720 3559 1927 3627 potens

282 3641 579 3713 quondam
610 3645 667 3697 et
699 3641 912 3698 ﬂorens
942 3646 998 3697 et
1022 3642 1291 3714 plurimis
1312 3643 1586 3717 gentibus
1607 3644 1923 3716 imperans,

280 3730 529 3786 Domino
559 3729 867 3800 irascente,
917 3732 1290 3805 populandus
1323 3732 1417 3789 sit.
1452 3734 1564 3789 Sed
1595 3738 1652 3789 et
1682 3734 1753 3790 de
1783 3750 1925 3789 oon-

280 3819 673 3876 summatione
705 3819 909 3876 mundi
944 3837 1261 3893 possumus
1285 3820 1628 3893 intelligere,
1653 3823 1807 3894 quod
1831 3839 1927 3895 po-

278 3911 468 3965 tentes
497 3909 715 3981 quippe
740 3913 798 3965 et
818 3909 1065 3973 nobiles,
1088 3914 1144 3964 et
1163 3908 1366 3965 nimiis
1390 3910 1599 3981 opibus
1618 3910 1925 3966 abundan-

279 4001 391 4066 tes,
404 4003 643 4069 repente
660 4001 919 4068 pereant,
933 4001 990 4053 et
1005 3997 1276 4052 dicantur
1296 3997 1409 4053 eis:
1434 3999 1632 4065 Stulte,
1653 4000 1754 4053 hac
1772 4004 1927 4055 nocte

276 4088 563 4157 auferetur
582 4088 774 4140 anima
793 4093 885 4140 tua
906 4102 941 4140 a
962 4088 1037 4140 te:
1062 4100 1186 4156 quae
1204 4094 1385 4141 autem
1400 4089 1746 4158 praeparasti,
1767 4090 1925 4160 cujus

277 4178 441 4231 erunt
488 4175 641 4245 (Luc.
674 4190 768 4241 xx,
804 4174 891 4245 12)
917 4173 944 4228 ?
992 4178 1170 4230 Porro
1217 4175 1543 4231 secundum
1576 4176 1923 4249 interpreta-

276 4263 499 4319 tionem
530 4260 859 4330 nominum,
892 4263 1030 4334 quia
1057 4264 1260 4330 Basan,
1291 4266 1669 4335 confusionem
1696 4268 1747 4321 et
1767 4269 1923 4336 igno-

277 4352 517 4407 miniam
536 4355 725 4422 sonat,
741 4351 799 4406 in
817 4353 1323 4408 consummatione
1341 4353 1544 4408 mundi
1563 4355 1778 4424 omnia,
1796 4373 1923 4429 quas

279 4440 606 4515 ignominia
623 4445 680 4496 et
703 4441 913 4497 rubore
934 4441 1112 4515 digna
1131 4445 1288 4511 sunt,
1313 4443 1634 4500 asserimus
1655 4460 1788 4499 cum
1812 4444 1923 4500 Do-

280 4531 481 4588 minus
509 4530 752 4599 venerit,
784 4530 1092 4600 inﬂrmari,
1120 4534 1175 4587 et
1205 4548 1320 4587 non
1344 4530 1536 4588 solum
1566 4536 1801 4605 peccata
1829 4548 1922 4588 re-

2035 600 2191 656 tione
2215 600 2441 667 mundi,
2460 618 2594 658 cum
2616 602 2676 658 in
2700 602 3008 673 majestate
3029 617 3136 658 sua
3156 601 3398 659 Salvator
3411 606 3612 672 venerit,

2034 693 2091 744 et
2147 694 2374 744 montes
2423 694 2479 745 et
2527 689 2724 762 colles,
2773 695 2831 747 et
2878 691 3037 747 orbis
3082 694 3138 746 et
3172 694 3336 757 terra,
3366 696 3417 747 et
3440 699 3614 749 cuncta

2035 782 2396 834 moveantur.
2427 780 2486 835 Si
2519 780 2675 835 enim
2698 780 2757 834 in
2781 780 3054 852 passione
3083 780 3208 851 ejus
3227 778 3308 835 sol
3331 780 3483 852 fugit,
3502 799 3618 839 saxa

2034 867 2219 923 scissa
2244 872 2402 935 sunt,
2436 873 2591 923 terra
2620 868 2974 924 contremuit
3016 869 3224 940 (Matth.
3254 885 3416 934 xxvu,
3442 873 3487 925 et
3512 872 3617 926 Luc.

2030 958 2194 1024 χχιιι)
2219 972 2232 1009 :
2269 956 2454 1012 multo
2489 957 2680 1029 magis
2710 958 2768 1011 in
2799 956 3060 1012 claritate
3091 957 3217 1028 eius
3240 957 3424 1012 omnia
3448 959 3621 1014 turba-

2032 1044 2273 1099 buntur.
2291 1045 2403 1100 Sed
2432 1049 2489 1100 et
2509 1045 2832 1117 ﬁguraliter
2851 1050 3080 1100 montes
3101 1049 3158 1101 et
3175 1044 3360 1113 colles,
3379 1046 3621 1103 sublimes

2033 1134 2250 1205 quippe
2279 1139 2335 1189 et
2367 1138 2628 1206 potentes
2660 1134 3025 1207 intelligendi
3057 1138 3213 1201 sunt,
3258 1134 3352 1207 qui
3402 1136 3538 1192 540
3573 1137 3622 1191 in

2032 1222 2282 1277 adventu
2300 1223 2533 1277 Domini
2558 1227 3002 1294 prosternentur
3020 1223 3207 1291 humi,
3222 1240 3285 1278 ac
3304 1224 3370 1279 de
3389 1224 3518 1280 solio
3536 1241 3623 1281 suo

2032 1310 2280 1381 depositi
2310 1312 2644 1383 pavimento
2676 1311 3067 1368 cohaerebunt.
3122 1312 3311 1369 Facies
3357 1313 3498 1368 enim
3531 1317 3625 1369 Do-

2032 1399 2174 1454 mini
2209 1417 2384 1472 super
2413 1400 2689 1456 facientes
2720 1400 2893 1468 mala,
2927 1405 2995 1456 ut
3025 1401 3229 1473 perdat
3255 1401 3323 1457 de
3348 1404 3489 1457 terra
3526 1418 3623 1458 me-

2031 1488 2279 1545 moriam
2335 1505 2536 1545 eorum
2568 1490 2742 1561 (Psat.
2776 1507 2975 1554 xxxm,
3023 1490 3134 1561 17).
3191 1491 3345 1545 Tunc
3396 1494 3449 1559 et
3497 1498 3627 1546 terra

2030 1578 2462 1647 contremiscet,
2485 1583 2541 1633 et
2569 1579 2729 1633 orbis
2758 1582 2932 1649 atque
2960 1578 3304 1634 universitas
3323 1578 3511 1634 faciem
3534 1582 3626 1633 Do-

2028 1664 2174 1721 mini
2202 1667 2604 1723 tormidabunt
2628 1684 2640 1721 :
2674 1667 2782 1722 hoc
2804 1684 2909 1739 pro
2939 1682 3174 1722 summo
3194 1666 3439 1722 cruciatu
3462 1683 3626 1738 pinna-

2029 1770 2143 1826 que
2172 1755 2463 1824 ducentia,
2508 1755 2663 1828 quod
2693 1755 2917 1811 vultum
2948 1756 3078 1828 ejus
3109 1755 3387 1829 respicere
3415 1772 3518 1812 non
3544 1772 3629 1811 au-

2029 1842 2272 1899 debunL

2098 1954 2286 2019 (Vera.
2326 1952 2407 2019 6.)
2435 1951 2573 2007 Ante
2601 1953 2803 2022 [aciem
2832 1950 3233 2023 indignationis
3260 1953 3374 2024 ejus
3402 1953 3512 2025 quis
3534 1955 3631 2007 sta-

2031 2039 2131 2111 bit,
2163 2044 2212 2095 et
2245 2041 2367 2111 quis
2397 2042 2606 2096 resistet
2636 2041 2697 2095 in
2726 2043 2814 2096 ira
2839 2043 3049 2112 furoris
3074 2042 3193 2114 ejus
3213 2045 3238 2096 ?
3264 2040 3429 2098 LXX:
3459 2042 3495 2097 A
3516 2042 3633 2113 facie

2028 2129 2129 2183 ira
2159 2130 2279 2199 ejus
2308 2131 2429 2200 quis
2457 2130 2767 2201 sustinebit,
2799 2132 2848 2185 et
2876 2131 3000 2202 quis
3029 2132 3244 2187 resistet
3272 2133 3329 2186 in
3357 2132 3441 2186 ira
3457 2131 3634 2202 furoris

2026 2218 2186 2286 eius?
2204 2217 2311 2273 Pro
2340 2234 2406 2273 eo
2438 2219 2593 2290 quod
2628 2235 2733 2274 nos
2756 2218 3064 2291 posuimus
3088 2235 3101 2274 :
3137 2221 3203 2276 Et
3230 2222 3347 2292 quis
3374 2222 3563 2277 resistet
3585 2219 3635 2273 in

2031 2306 2118 2361 ira
2146 2307 2355 2377 luroris
2384 2307 2502 2377 ejus
2520 2310 2545 2360 .9
2573 2307 2833 2379 apertius
2862 2307 3279 2381 interpretatus
3306 2314 3393 2366 est
3416 2314 3637 2382 Symma-

2028 2394 2175 2451 chus
2200 2411 2213 2449 :
2249 2396 2311 2451 Et
2340 2398 2464 2467 quis
2490 2398 2782 2452 sustinebit
2801 2398 2947 2452 iram
2966 2398 3177 2469 furoris
3196 2398 3309 2471 ejus
3325 2398 3353 2453 ?
3379 2400 3482 2453 Aut
3499 2411 3636 2453 rarus

2028 2482 2228 2555 igitur,
2243 2491 2346 2539 aut
2367 2483 2565 2540 nullus
2589 2484 2801 2557 poterit
2823 2486 3092 2555 inveniri,
3106 2487 3210 2559 qui
3232 2488 3317 2542 ira
3336 2485 3637 2558 corripiente

2029 2589 2144 2628 non
2176 2573 2390 2646 dignus
2421 2574 2517 2630 sit.
2551 2574 2663 2630 Nec
2693 2574 2803 2630 erit
2825 2573 2941 2631 ulla
2962 2575 3164 2632 anima
3190 2593 3314 2649 quas
3336 2593 3445 2631 non
3465 2576 3637 2647 paveat

2029 2662 2099 2717 ad
2126 2661 2416 2733 judicium
2438 2663 2699 2732 Dei,cum
2732 2667 2891 2719 astra
2918 2680 3157 2737 quoque
3186 2680 3302 2721 non
3323 2664 3435 2720 sint
3453 2660 3638 2718 munda

2028 2749 2088 2805 in
2121 2755 2435 2822 conspectu
2466 2753 2595 2822 ejus
2625 2752 2761 2820 (Job.
2794 2768 2924 2818 xxv,
2955 2754 3031 2824 5).
3088 2754 3267 2810 Porro
3298 2753 3521 2809 verbum
3547 2754 3636 2805 He-

2030 2837 2293 2928 braicum
2322 2857 2543 2897 saccum
2576 2842 2778 2928 (Dipt),
2830 2842 2983 2915 quod
3027 2846 3086 2898 et
3116 2841 3324 2914 Aquila
3350 2846 3404 2898 et
3428 2841 3637 2913 Septua-

2029 2927 2195 2999 ginta
2216 2927 2927 3001 transtulerunt,resistet,
2951 2931 3025 2986 ad
3050 2929 3216 2987 illam
3236 2928 3635 3002 intelligentiam

2029 3018 2479 3085 transferamus,
2510 3019 2580 3074 de
2611 3035 2727 3091 qua
2754 3019 2813 3073 in
2845 3019 3104 3076 secundo
3134 3020 3463 3094 Regnorum
3491 3016 3637 3084 libro,

2028 3109 2087 3161 et
2117 3106 2175 3161 in
2207 3105 2396 3178 primo
2430 3106 2911 3181 Paralipomenon
2942 3109 3183 3178 dicitur,
3236 3125 3393 3181 super
3431 3110 3507 3163 ira
3532 3106 3636 3173 Dei,

2032 3210 2243 3267 genere
2269 3196 2615 3253 masculino.
2641 3196 2914 3270 Nullique
2936 3197 3190 3253 dubium
3215 3197 3353 3271 quin
3371 3196 3447 3254 ibi
3467 3196 3542 3251 ira
3556 3191 3639 3250 Dei

2035 3282 2305 3340 diabolus
2323 3284 2703 3357 intelligatur,
2726 3291 2783 3342 et
2801 3285 3005 3360 Angeli
3030 3286 3297 3359 pessimi,
3324 3286 3419 3358 qui
3440 3284 3639 3340 mittun-

2035 3375 2134 3428 tur
2161 3373 2234 3428 ad
2265 3371 2599 3447 plectendos
2631 3390 2732 3430 eos
2763 3375 2865 3447 qui
2892 3375 2980 3431 ira
3010 3375 3178 3448 digni
3228 3380 3384 3432 sunt.
3431 3368 3638 3447 Difﬁcile

2034 3459 2234 3533 itaque
2286 3463 2606 3534 reperietur
2653 3463 2712 3518 in
2762 3464 3275 3521 consummatione
3306 3462 3511 3532 mundi,
3556 3457 3636 3531 qui

2037 3549 2453 3608 immaculatus
2470 3554 2527 3608 et
2542 3568 2726 3624 purus
2748 3554 2958 3609 audeat
2978 3554 3204 3611 dicere:
3228 3555 3351 3634 Ecce
3368 3553 3503 3611 venit
3514 3549 3638 3624 prin-

2036 3657 2159 3712 ceps
2186 3640 2385 3695 mundi
2413 3643 2593 3711 istius,
2626 3646 2676 3697 et
2708 3644 2918 3699 invenit
2946 3646 3009 3699 in
3036 3660 3126 3699 me
3162 3643 3310 3700 nihil
3346 3644 3505 3710 (Joan.
3539 3652 3627 3702 XIV:

2035 3728 2148 3796 30),
2179 3733 2235 3785 et
2263 3728 2446 3785 libera
2476 3731 2756 3786 adversus
2778 3748 2911 3787 eum
2934 3732 3126 3789 fronte
3145 3734 3444 3790 consistat.
3466 3728 3630 3785 Contra

2038 3817 2304 3890 Assyrios
2336 3822 2535 3875 autem
2566 3818 2649 3874 sic
2678 3820 3073 3893 sentiendum,
3128 3823 3229 3896 qui
3285 3837 3414 3877 cum
3457 3811 3637 3873 venerit

2037 3905 2320 3961 Dominus
2342 3906 2402 3962 in
2429 3910 2775 3980 tempestate
2795 3913 2853 3965 et
2871 3909 3365 3979 turbine,siccans
3377 3901 3640 3979 Babylonis

2033 3993 2370 4066 imperium,
2403 3997 2559 4068 quod
2592 3996 3009 4069 interpretatur
3038 4015 3221 4071 mare,
3251 4004 3310 4055 et
3336 3995 3517 4054 omnia
3532 3992 3639 4063 ejus

2038 4098 2219 4156 regna
2240 4086 2604 4151 subvertens,
2632 4103 2759 4157 quas
2784 4085 3199 4160 intelliguntur
3221 4086 3473 4153 ﬂumina,
3492 4086 3543 4139 et
3562 4094 3644 4153 p0-

2034 4173 2343 4240 tentiam,u
2353 4174 2635 4229 bertatem
2644 4191 2755 4247 que
2766 4175 2893 4246 ejus
2908 4175 2981 4231 ad
2996 4176 3185 4232 nihilu
3196 4194 3253 4231 m
3270 4175 3649 4248 redigens,qu8

2042 4264 2419 4338 μεταφορικῶς
2431 4262 2619 4319 Basan
2639 4268 2694 4320 et
2706 4263 3006 4320 Carmelus
3023 4269 3081 4320 et
3097 4265 3208 4321 ﬂos
3222 4264 3443 4331 Libani,
3456 4266 3508 4317 et
3522 4273 3655 4315 mon-

2036 4356 2125 4407 tes
2155 4349 2453 4424 collesque
2483 4351 2780 4421 dicuntur,
2810 4370 2876 4409 ac
2906 4353 3286 4411 latitudinem
3312 4350 3527 4426 imperii
3545 4364 3653 4403 con-

2035 4439 2287 4507 cutiens,
2310 4456 2437 4512 quae
2460 4440 2618 4498 orbis
2646 4445 2935 4498 terrarum
2969 4443 3343 4517 appellatur:
3377 4446 3507 4497 tunc
3525 4432 3657 4493 nulla

2034 4529 2296 4602 potentia
2322 4530 2593 4587 resistere
2627 4531 2841 4604 poterit
2869 4532 3155 4589 irascenti
3177 4533 3315 4600 Deo,
3340 4535 3396 4589 et
3414 4525 3657 4603 populum

281 4620 405 4693 digi
435 4620 496 4676 in
530 4618 809 4687 nihilum,
855 4620 955 4676 sed
989 4623 1045 4675 et
1076 4621 1404 4677 Carmelum
1433 4638 1686 4693 quoque,
1719 4620 1819 4693 qui
1848 4620 1937 4676 in-
1968 4616 2015 4682 D
2048 4634 2225 4674 suum
2259 4616 2591 4676 vindicanti.

277 4713 631 4782 terpretatur
658 4710 894 4765 scientia
921 4710 1375 4781 circumcisionis,
1426 4714 1483 4765 et
1531 4726 1632 4765 eos
1673 4710 1775 4781 qui
1821 4709 1935 4766 sibi

277 4798 551 4856 videntur
574 4799 635 4854 in
661 4798 830 4855 bonis
850 4798 1126 4870 operibus
1148 4800 1354 4854 uberes
1376 4803 1433 4854 et
1455 4799 1748 4865 ﬂorentes,
1768 4798 1935 4854 Chri-

280 4890 372 4946 sto
390 4887 681 4955 veniente,
707 4887 1019 4959 trepidare,
1043 4891 1100 4943 et
1119 4886 1352 4958 impleri
1373 4885 1521 4942 illud
1543 4888 1699 4958 quod
1723 4887 1937 4943 dicitur

278 4978 340 5035 in
370 4974 680 5049 Evangelio
704 4991 718 5032 :
753 4975 886 5031 Cum
911 4976 1129 5031 venerit
1156 4976 1331 5030 Filius
1347 4976 1612 5043 hominis,
1629 4979 1793 5048 putas
1815 4975 1931 5047 [ΑΙ.

273 5074 553 5142 putasne],
586 5065 825 5122 inveniet
853 5065 1015 5137 ﬁdem
1040 5080 1207 5135 super
1232 5073 1439 5119 terram
1468 5064 1619 5136 (Luc.
1643 5081 1804 5134 xvm,
1836 5065 1937 5133 8)?

278 5158 653 5214 Increscente
687 5154 904 5228 quippe
938 5152 1264 5226 iniquitate,
1316 5153 1653 5226 refrigescet
1680 5152 1937 5211 charitas

289 5245 705 5320 plurimorum,
740 5247 976 5317 propter
1006 5259 1135 5315 quas
1166 5242 1357 5299 veniet
1386 5242 1474 5299 ira
1503 5242 1625 5298 Dei.

351 5354 533 5425 (Vers.
593 5352 671 5424 5.)
726 5351 931 5407 Montes
977 5352 1231 5407 commoti
1269 5354 1400 5406 sunt
1429 5350 1497 5405 ab
1524 5366 1607 5414 eo,
1659 5354 1713 5406 et
1768 5349 1936 5406 colles

280 5442 514 5499 desolati
533 5450 680 5513 sunt,
705 5442 759 5498 ei
778 5441 1103 5497 contremuit
1137 5444 1288 5496 terra
1306 5458 1339 5495 a
1357 5441 1500 5511 facie
1523 5442 1666 5511 ejus,
1689 5447 1741 5494 et
1766 5440 1933 5508 orbis,

282 5534 334 5585 et
380 5547 569 5587 omnes
618 5530 935 5588 habitantes
986 5531 1043 5585 in
1094 5545 1174 5586 eo.
1211 5529 1388 5584 LXX:
1439 5528 1639 5585 Montes
1682 5530 1940 5584 commoti

281 5621 409 5674 sunt
441 5619 511 5673 ab
540 5635 623 5683 eo,
668 5627 719 5673 et
748 5619 914 5673 colles
943 5620 1189 5673 concussi
1236 5626 1385 5684 sunt,
1435 5625 1488 5673 et
1534 5621 1812 5672 contracta
1858 5622 1939 5673 est

285 5714 434 5764 terra
462 5721 497 5759 a
524 5694 669 5774 facie
695 5705 832 5773 ejus,
855 5706 1188 5761 universitas
1206 5711 1258 5762 et
1277 5720 1461 5761 omnes
1482 5706 1580 5776 qui
1602 5705 1859 5763 habitant
1878 5708 1941 5763 in

2116 4726 2445 4799 Indignatio
2474 4727 2593 4795 eius
2621 4727 2798 4799 eﬂ’usa
2822 4733 2904 4783 est
2936 4736 2996 4784 ut
3036 4730 3203 4800 ignis,
3251 4732 3303 4785 et
3325 4734 3493 4800 petra
3517 4721 3659 4777 disso-

2043 4815 2176 4872 lutae
2202 4825 2331 4870 sunt
2357 4815 2426 4870 ab
2457 4830 2538 4871 eo.
2591 4815 2731 4870 LXX
2765 4834 2778 4871 :
2830 4818 3005 4873 Furor
3041 4820 3162 4889 ejus
3187 4804 3654 4884 consumit

2042 4908 2228 4977 putus,
2258 4908 2313 4959 et
2336 4913 2512 4976 petra
2536 4906 2793 4962 contritae
2813 4909 2944 4960 sunt
2962 4906 3030 4962 ab
3055 4922 3135 4962 eo.
3171 4910 3285 4962 Pro
3315 4921 3383 4962 eo
3405 4899 3547 4975 quod
3572 4908 3656 4951 nos

2044 4993 2350 5065 posuimus
2374 4993 2548 5065 effusa
2584 4999 2685 5059 est,
2734 4994 2950 5062 Aquila
2977 4993 3397 5066 interpretatus
3423 4992 3506 5046 est
3530 4999 3655 5038 συνε-

2043 5082 2318 5157 χωνευθή,
2353 5082 2411 5138 id
2444 5086 2551 5153 est,
2584 5082 2820 5153 conﬂata
2850 5086 2968 5139 est:
2996 5081 3389 5157 Symmachus
3416 5082 3472 5135 et
3499 5073 3653 5131 Theo-

2044 5171 2202 5228 dotio
2235 5164 2467 5241 ἔσταξεν,
2499 5170 2607 5227 hoc
2634 5175 2743 5238 est,
2774 5173 3029 5228 stillavit.
3075 5170 3207 5228 Sive
3238 5171 3417 5245 igitur
3442 5161 3656 5223 conﬂata

2045 5264 2134 5316 est
2163 5260 2489 5333 indignatio
2522 5260 2615 5315 Dei
2648 5260 2817 5332 quasi
2862 5260 3039 5333 ignis,
3088 5260 3212 5316 sive
3259 5259 3419 5314 furor
3468 5254 3584 5325 ejus
3604 5247 3653 5302 in

2044 5350 2191 5408 54]
2229 5348 2678 5405 similitudinem
2700 5347 2943 5405 stillavit
2962 5347 3243 5414 incendii,
3265 5352 3331 5404 ut
3349 5347 3492 5401 dura
3513 5335 3655 5397 corda

2045 5439 2373 5507 hominum,
2410 5454 2536 5510 quae
2575 5442 2751 5510 petras
2788 5441 3088 5507 vocantur,
3131 5435 3577 5495 contererentur.
3611 5425 3656 5478 θί

2045 5526 2525 5592 dissolverentur,
2540 5524 2701 5582 utilis
2717 5530 2807 5581 est
2829 5526 3154 5600 indignatio
3181 5524 3300 5592 Dei,
3324 5538 3449 5594 qua:
3467 5518 3558 5575 diu
3575 5526 3655 5586 per

2044 5615 2388 5689 patientiam
2413 5620 2616 5671 nostra
2635 5620 2873 5686 peccata
2891 5619 3254 5679 sustentans,
3267 5613 3362 5668 vix
3378 5600 3653 5681 aliquando

2045 5704 2295 5763 conﬂata
2315 5708 2425 5773 est,
2438 5709 2497 5762 et
2514 5707 2713 5762 tamen
2735 5719 2850 5761 non
2872 5706 2993 5761 tota
3006 5698 3412 5777 prorumpith
3431 5702 3647 5771 panum:
