3940 6166
202 349 368 421 41³⁸1

1041 352 1792 428 COMMENTARIORUM
1836 354 1916 422 IN
1959 350 2184 424 NAUM
2229 350 2487 424 LIBER.
2533 357 2703 425 CAP.
2750 354 2798 427 l.

3463 346 3623 421 H38

213 492 317 549 sed
346 488 578 551 modico
608 491 680 551 ad
716 509 824 553 nos
852 494 1102 554 stillabit
1130 498 1355 554 ardore.
1373 496 1433 552 Si
1463 500 1657 551 autem
1705 493 1863 550 stilla
1889 497 1941 564 Α
1974 494 2445 567 praepositionem
2473 496 2541 552 de
2567 500 2874 566 verterent,
2906 494 2966 553 id
3014 498 3106 555 est
3136 490 3241 551 ἀπὸ
3265 519 3280 566 ;
3312 507 3468 554 com
3489 510 3620 552 sur-

212 580 636 654 indignationis
666 584 796 656 ejus
824 587 1117 642 consumit
1146 585 1532 659 principatus,
1584 584 1862 640 adversus

211 687 360 743 quos
389 671 560 727 nobis
590 677 680 729 est
710 690 921 747 pugnae
953 675 1057 747 [AL
1121 691 1318 747 pugna
1374 675 1451 745 et]
1506 672 1859 742 colluctatio,

211 759 353 833 quid
374 761 539 817 ﬁeret
561 761 611 816 si
628 766 748 818 tota
769 764 827 817 in
856 779 962 819 nos
984 766 1069 820 ira
1092 764 1193 819 Dei
1218 763 1560 819 funderetur
1579 762 1607 816 ?
1628 762 1865 817 Praestet

206 849 384 906 Jesus
409 853 474 905 ut
502 852 803 907 auferatur
831 869 931 907 cor
958 852 1342 925 lapideum,et
1372 857 1635 907 mutetur
1664 850 1723 905 in
1764 867 1861 905 no-

211 937 303 995 bis
332 954 432 994 cor
454 955 731 995 carneum
765 957 779 995 :
814 941 1147 1013 duritiaque
1180 939 1425 1009 mollita,
1480 939 1668 1012 possit
1710 939 1771 993 in
1802 955 1863 995 se

209 1031 501 1100 praecepta
520 1028 753 1085 Domini
780 1030 1079 1102 suscipere
1095 1047 1222 1102 quae
1255 1030 1597 1086 scribuntur
1623 1046 1636 1083 :
1670 1029 1862 1083 Sacri-

211 1117 400 1187 ficium
427 1120 577 1173 enim
604 1120 709 1174 Deo
740 1121 972 1191 spiritus
991 1120 1413 1186 contribulatus,
1447 1134 1542 1173 cor
1570 1117 1863 1173 contritum

209 1209 263 1261 et
288 1206 653 1263 humiliatum
680 1209 818 1264 Deus
844 1224 957 1263 non
980 1213 1203 1280 spernet
1225 1210 1340 1277 (Ps.
1374 1225 1425 1277 L,
1449 1206 1523 1279 9).
1540 1208 1609 1262 Et
1629 1211 1694 1261 ut
1720 1205 1865 1262 scia-

212 1294 292 1350 tis
321 1294 690 1352 clementiam
723 1297 825 1352 Dei
856 1313 1067 1353 sonare
1097 1314 1225 1369 qua
1256 1296 1410 1352 dicta
1438 1300 1599 1364 sunt,
1632 1311 1746 1351 non
1779 1310 1864 1351 se-

210 1383 539 1453 veritatem,
573 1386 633 1440 in
656 1386 1155 1459 consequentibus
1189 1386 1415 1442 discite.

281 1473 471 1545 (Vers.
499 1474 582 1546 7.)
611 1476 796 1530 Bonus
827 1477 1107 1543 Dominus,
1140 1484 1193 1531 et
1217 1478 1534 1547 confortans
1555 1476 1617 1529 in
1639 1474 1728 1529 die
1756 1473 1860 1528 tri-

211 1562 532 1631 bulationis,
564 1568 616 1621 et
643 1567 820 1621 sciens
848 1573 1126 1637 sperantes
1182 1567 1245 1620 in
1301 1580 1378 1620 se.
1440 1563 1617 1619 LXX:
1669 1563 1866 1619 Suavis

208 1651 475 1711 Dominus
503 1654 944 1724 exspectantibus
968 1670 1095 1709 eum
1125 1654 1186 1709 in
1215 1653 1303 1709 die
1360 1652 1759 1718 tribulationis,
1813 1653 1865 1715 et

208 1755 532 1811 cognoscens
562 1743 816 1798 timentes
841 1758 916 1797 se.
949 1742 1094 1798 Cum
1125 1741 1299 1798 irasci
1323 1742 1562 1813 cceperit
1589 1739 1863 1812 gentibus

211 1833 271 1885 et
289 1830 590 1901 quondam
612 1830 1027 1902 potentissima
1046 1846 1225 1903 regna
1270 1835 1519 1895 vastare,
1571 1828 1714 1884 sciet
1765 1843 1863 1883 eos

212 1918 315 1991 qui
338 1918 431 1975 sui
460 1922 686 1985 sunt,et
713 1935 830 1974 non
862 1936 981 1975 una
1008 1923 1357 1992 tempestate
1387 1917 1679 1991 opprimet
1708 1916 1865 1972 navi-

211 2007 612 2081 gantes.Diem
628 2012 821 2063 autem
837 2008 1229 2065 tribulationis
1243 2005 1862 2080 secunduma’waywﬁv

211 2097 375 2153 diem
404 2096 802 2169 intelligamus
822 2096 1055 2168 judicii,
1088 2098 1159 2153 de
1197 2114 1313 2169 quo
1370 2095 1606 2168 scripsit
1636 2096 1815 2151 Isaias
1848 2110 1862 2149 :

209 2187 358 2242 Ecce
385 2185 533 2241 diem
558 2186 779 2242 Domini
806 2187 1139 2241 insanabilis
1164 2187 1315 2242 venit
1332 2185 1542 2255 furoris
1569 2192 1623 2239 et
1648 2185 1868 2254 ἐγω,ρο-

211 2290 349 2331 nere
367 2275 547 2331 orbem
570 2284 737 2332 terrae
764 2275 1058 2343 desertum,
1091 2280 1145 2330 et
1184 2278 1490 2347 peccatores
1539 2272 1771 2344 perdere
1798 2288 1871 2327 ex

209 2379 276 2419 eo
303 2363 458 2435 (Isai.
491 2381 617 2435 χιιι,
647 2364 724 2436 9).
760 2352 1076 2436 Speremus
1106 2364 1166 2418 in
1200 2363 1469 2427 Domino,
1529 2365 1587 2416 et
1633 2376 1737 2433 per
1766 2377 1867 2432 pa-

206 2452 484 2509 tientiam
513 2454 642 2524 ejus
671 2456 1081 2525 exspectemus
1116 2453 1459 2519 adventum,
1514 2455 1578 2505 ut
1606 2465 1741 2505 cum
1772 2465 1865 2504 ve-

209 2541 386 2614 nerit,
418 2542 641 2598 bonum
673 2559 830 2604 eum,
865 2559 981 2597 non
1004 2541 1264 2613 judicem
1299 2540 1649 2603 sentiamus,
1681 2544 1740 2594 et
1768 2554 1868 2593 co-

209 2635 460 2705 gnoscat
485 2631 574 2687 vel
606 2635 908 2704 sperantes
936 2630 997 2685 in
1023 2648 1104 2699 se,
1135 2629 1223 2686 vel
1252 2628 1528 2685 timentes
1558 2628 1696 2699 se(II
1721 2629 1867 2694 Tim,

211 2723 299 2789 ιι).
333 2720 457 2776 Scit
484 2720 641 2776 enim
673 2719 960 2775 Dominus
990 2736 1090 2776 eos
1122 2718 1223 2791 qui
1254 2719 1383 2789 ejus
1425 2727 1582 2773 sunt.

287 2810 484 2881 (Vera.
511 2810 590 2879 8.)
619 2812 682 2865 Et
729 2811 790 2865 in
817 2809 1025 2865 diluvio
1051 2816 1418 2881 praetereunte
1448 2807 1867 2863 consummatio-

212 2915 345 2955 nem
364 2900 530 2970 faciet
561 2901 665 2956 loci
692 2901 829 2971 ejus,
861 2903 912 2954 et
942 2900 1195 2954 inimicos
1213 2899 1327 2970 ejus
1373 2900 1764 2968 persequentur
1790 2905 1867 2951 te-

214 2988 428 3044 nebris.
446 2987 583 3044 LXX
604 2988 678 3059 (a)
715 3005 727 3043 :
759 2990 824 3043 Et
853 2989 914 3042 in
942 2987 1150 3043 diluvio
1178 2990 1496 3042 transeunte
1522 3001 1867 3041 consumma-

214 3075 428 3130 tionem
452 3076 619 3145 faciet
645 3091 667 3136 ;
715 3078 1106 3143 consurgentes
1146 3082 1199 3129 et
1226 3074 1482 3129 inimicos
1535 3075 1658 3144 ejus
1683 3088 1867 3144 perse-

214 3166 460 3235 quentur
482 3164 739 3219 tenebrae.
765 3163 1045 3219 Dominus
1078 3162 1304 3235 patiens
1326 3166 1382 3217 et
1412 3161 1609 3217 multae
1633 3161 1869 3217 misera-

1966 593 2148 656 genles
2199 584 2737 657 interpretarentur.
2798 586 3059 660 Denique
3087 585 3318 660 Aquila,
3352 584 3458 639 ἀπὸ
3507 584 3619 639 ἀνι-

1972 671 2275 744 σταμὲνων,
2307 673 2520 745 inquit,
2552 674 2609 730 id
2643 681 2751 741 est,
2800 694 2832 731 a
2862 677 3351 749 consurgentibus;
3380 677 3623 748 Septua-

1971 761 2158 833 ginta,
2187 766 2615 834 consurgentes;
2660 763 2996 834 Tbeodotio,
3044 766 3493 837 consurgentibus
3526 766 3584 820 ei
3598 777 3622 826 ἶ

1972 851 2181 922 quinta
2210 851 2408 921 editio,
2440 869 2474 907 a
2503 853 2950 924 consurgentibus
2984 854 3093 909 illi.
3147 853 3317 909 Solus
3348 853 3622 926 Symma-

1973 939 2140 1009 chus,
2175 956 2308 995 cum
2343 945 2543 997 nostra
2572 942 3052 1014 interpretatione
3081 941 3474 1008 consentiens,
3505 940 3621 997 ait:

1972 1029 2038 1084 Et
2066 1030 2128 1083 in
2156 1029 2368 1085 diluvio
2401 1033 2737 1097 transeunte,
2770 1033 3296 1087 consummationem
3331 1031 3495 1102 faciet
3520 1030 3625 1086 loci

1971 1117 2114 1187 eius.
2148 1117 2396 1183 Quidam
2420 1120 2491 1174 de
2514 1119 2755 1188 nostris,
2789 1123 3209 1193 consurgentes
3246 1124 3305 1175 et
3332 1118 3623 1185 inimicos,

1972 1206 2323 1262 Marcionem
2373 1210 2429 1262 et
2477 1224 2682 1264 omnes
2731 1212 2953 1265 veteres
3008 1207 3310 1264 haereticos
3337 1207 3625 1280 interpre-

1972 1298 2194 1365 tantur,
2228 1296 2328 1367 qui
2361 1296 2671 1353 adversum
2703 1297 3035 1354 Creatorem
3082 1297 3410 1371 disputant.

2044 1384 2230 1454 (Vers.
2263 1384 2491 1456 9.)Quid
2520 1388 2768 1459 cogitatis
2797 1390 2990 1443 contra
3019 1386 3309 1444 Dominum
3328 1390 3354 1441 .9
3373 1401 3623 1443 consum-

1971 1475 2270 1528 mationem
2299 1472 2405 1545 (Al.
2441 1475 2579 1546 quod
2594 1476 3268 1548 consummationemlipse
3294 1476 3460 1547 faciet
3481 1489 3628 1531 :non

1970 1570 2260 1632 consurget
2280 1562 2485 1633 duplex
2503 1565 2963 1621 tribulatio.LXX
2987 1582 3006 1620 :
3031 1564 3175 1634 Quid
3202 1565 3450 1637 cogitatis
3491 1580 3624 1620 con-

1973 1653 2060 1705 tra
2071 1652 2739 1709 Dominum?consummat
2746 1655 2932 1709 ionem
2943 1657 3060 1726 ipse
3069 1653 3372 1727 faciet-non
3385 1652 3630 1710 vindica-

1969 1741 2048 1794 vit
2062 1740 2144 1795 bis
2157 1742 2214 1795 in
2228 1740 2469 1812 idipsum
2480 1744 2541 1796 in
2555 1743 3333 1817 tribulatione.Symmachus
3345 1742 3626 1816 apertius:

1971 1828 2088 1884 Non
2107 1830 2692 1903 sustinebalimpetum
2704 1831 2954 1888 secunda:
2984 1830 3414 1905 [ALsecundum]
3444 1847 3626 1902 angu-

1972 1918 2140 1974 stiae:
2163 1917 2499 1987 Theodotio,
2560 1921 2678 1976 Non
2707 1930 2998 1991 consurget
3034 1920 3272 1978 secunda
3319 1921 3621 1977 tribulatio.

1974 2006 2260 2079 Loquitur
2289 2011 2485 2064 autem
2509 2009 2682 2080 juxta
2708 2010 3092 2084 tropologiam
3137 2011 3446 2067 adversum
3477 2013 3626 2065 Mar-

1976 2094 2229 2163 cionem,
2259 2096 2331 2152 de
2362 2114 2477 2169 quo
2525 2114 2704 2170 supra
2745 2098 3024 2166 diximus,
3084 2103 3141 2156 et
3169 2114 3375 2155 omnes
3405 2102 3629 2155 veteres

1977 2183 2307 2251 haereticos,
2357 2185 2459 2257 qui
2505 2187 2727 2242 bonum
2777 2188 2974 2245 nescio
3022 2204 3197 2259 quem
3229 2187 3629 2259 contingentes

1978 2272 2185 2341 Deum,
2218 2273 2416 2345 ipsum
2438 2274 2642 2330 dicunt
2671 2276 3243 2333 consummationem
3264 2276 3466 2331 mundi
3500 2290 3630 2332 esse

1976 2362 2625 2436 facturum,etarguunt
2642 2365 2810 2437 Legis
2837 2365 3023 2422 Deum
3044 2365 3215 2437 quasi
3236 2363 3625 2432 crudelitatis,

1978 2455 2135 2522 quod
2166 2451 2383 2508 multos
2414 2453 2642 2524 puniat,
2672 2461 2727 2509 el
2775 2471 2878 2526 pro
2935 2454 3191 2527 peccatis
3246 2453 3466 2526 irroget
3493 2468 3628 2509 cru-

1978 2540 2188 2597 ciatus.
2224 2541 2366 2609 Quid
2395 2558 2538 2613 ergo,
2591 2542 2693 2613 ait,
2740 2548 2938 2600 contra
2987 2545 3280 2599 Dominum
3323 2541 3632 2614 cogitatis?

1978 2630 2108 2702 Ipse
2129 2630 2230 2702 qui
2254 2630 2468 2686 creavit
2488 2631 2873 2700 mundum,et
2903 2628 3471 2689 consummationem
3501 2631 3631 2704 ejus

1977 2717 2167 2774 faciet.
2202 2720 2365 2786 Quod
2416 2720 2462 2776 si
2523 2720 2687 2775 vobis
2720 2721 2950 2778 videtur
3008 2720 3284 2789 crudelis,
3318 2719 3544 2794 rigidus
3572 2723 3633 2777 et

1979 2809 2437 2880 cruentus,quod
2470 2808 2529 2863 in
2564 2809 2783 2865 diluvio
2813 2826 3000 2882 genus
3022 2809 3239 2866 delevit
3276 2809 3628 2881 humanum,

1979 2911 2157 2967 super
2176 2896 2491 2952 Sodomam
2515 2902 2573 2952 et
2586 2897 2970 2967 Gomorrham
2984 2898 3179 2972 ignem
3207 2902 3265 2955 et
3283 2896 3630 2970 sulphurem

1979 2984 2135 3040 548
2160 2984 2309 3055 pluit
2356 2984 2564 3057 (Cenes.
2613 2986 2737 3058 vn),
2785 2986 3082 3059 Egyptios
3135 2985 3457 3043 submersit
3486 2986 3629 3042 ﬂuc-

1977 3072 2138 3128 tibus
2169 3073 2359 3145 (Exrd.
2392 3074 2531 3145 xxv),
2565 3073 2965 3132 Israelitarum
3008 3076 3289 3132 cadavera
3317 3073 3634 3148 prostravit

1977 3161 2039 3217 in
2068 3178 2265 3218 eremo
2298 3164 2664 3236 (Numanum)
2699 3182 2712 3220 :
2745 3164 2953 3221 scitote
2985 3180 3121 3221 eum
3169 3164 3300 3221 ideo
3357 3164 3429 3220 ad
3480 3181 3631 3236 prae-

210 3250 422 3323 tionis,
449 3255 506 3307 et
532 3269 649 3309 non
681 3252 1041 3308 irasceturin
1075 3252 1471 3323 ﬁnem,neque
1494 3250 1553 3305 in
1585 3254 1866 3306 internum
1899 3237 1941 3303 C
1978 3268 2116 3307 sens
2148 3251 2476 3308 reddidisse
2506 3252 2816 3325 supplicia,
2851 3270 2925 3310 ne
2972 3253 3031 3309 in
3062 3258 3346 3311 aeternum
3378 3253 3629 3327 puniret.

206 3339 657 3413 indignabitur;
692 3342 792 3396 sed
824 3358 956 3396 cum
990 3341 1235 3396 creverit
1264 3339 1491 3395 malitia
1546 3356 1725 3412 super
1755 3344 1868 3395 ter-

206 3445 368 3495 ram,
400 3433 459 3484 et
487 3429 681 3485 omnis
711 3446 843 3485 caro
875 3430 1200 3501 corruperit
1226 3427 1379 3483 viam
1413 3444 1603 3497 suam,
1632 3428 1872 3483 inducet

208 3517 506 3575 diluvium
540 3519 696 3590 quod
720 3522 1225 3590 pertranseat,non
1257 3516 1410 3588 quod
1442 3515 1868 3587 permaneatrin

146 3626 153 3635 ’
207 3610 502 3663 ωίθωυῐῐι
553 3607 1132 3662 Consummationem
1157 3608 1377 3669 autem,
1404 3605 1523 3659 sive
1554 3604 1750 3668 tinem,
1786 3603 1868 3658 fa-

208 3696 333 3752 ciet
361 3694 476 3751 loci
506 3697 656 3766 ejus,
678 3695 738 3750 id
770 3701 880 3761 est,
913 3694 1139 3761 diluvii,
1174 3698 1240 3749 ut
1267 3691 1562 3765 quomodo
1590 3692 1661 3746 de
1691 3691 1872 3763 impio

209 3784 475 3842 dicitur:
515 3785 580 3839 Et
623 3785 981 3856 pertransivi,
1030 3787 1082 3839 et
1126 3798 1236 3838 non
1281 3786 1363 3837 est
1416 3783 1672 3836 inventus
1723 3779 1872 3837 locus

208 3876 340 3946 ejus
367 3873 479 3945 (Ps.
510 3890 702 3939 xxxvr,
734 3874 859 3945 36);
892 3876 950 3928 et
983 3889 996 3927 :
1030 3874 1141 3928 Iter
1169 3871 1465 3943 impiorum
1505 3870 1709 3941 peribit
1756 3869 1871 3941 (Ps.

210 3982 257 4031 ι,
292 3963 394 4035 6);
452 3962 538 4018 sic
594 3962 798 4018 diluvii
857 3961 967 4017 iter
1025 3964 1224 4033 pereat
1280 3963 1413 4032 post
1445 3958 1594 4014 iram
1618 3957 1872 4027 Domini,

211 4053 381 4112 542
424 4050 550 4108 sola
598 4055 915 4124 apparente
962 4049 1289 4105 clementia.
1340 4048 1502 4113 Quod
1554 4048 1792 4120 quidem
1819 4052 1877 4103 et

211 4141 551 4201 secundum
574 4140 883 4197 historiam
915 4138 1165 4211 intelligi
1196 4141 1407 4211 potest,
1440 4136 1581 4209 quia
1611 4153 1746 4193 cum
1774 4154 1873 4192 va-

210 4231 467 4289 staverit
494 4230 695 4298 Israel,
727 4234 784 4285 et
830 4228 1020 4301 quasi,
1064 4227 1284 4284 diluvio
1313 4232 1529 4282 terram
1561 4226 1875 4298 repromis-

210 4319 410 4378 sionis
431 4318 1008 4387 inundaveritﬁnem
1021 4317 1195 4373 faciet
1219 4315 1675 4388 captivitatis,ad
1708 4315 1877 4370 sedes

209 4425 358 4466 sum
391 4408 673 4481 pristinas
704 4408 1048 4463 revocando.
1099 4407 1172 4462 At
1201 4405 1549 4472 econtrario,
1604 4404 1877 4460 inimicos

207 4499 353 4571 ejus
372 4498 666 4570 Assyrios,
700 4497 802 4569 qui
833 4494 1120 4569 populum
1151 4496 1448 4550 duxerunt
1489 4493 1549 4549 in
1580 4493 1879 4565 captivita-

1977 3339 2144 3395 Certe
2177 3344 2278 3395 aut
2302 3357 2437 3396 vera
2467 3347 2609 3396 sunt
2639 3358 2766 3413 quae
2815 3342 3107 3414 prophetas
3155 3341 3499 3414 loquuntur,
3533 3344 3637 3398 aut

1978 3428 2209 3483 falsa.Si
2240 3444 2378 3483 vera
2406 3432 2545 3482 sunt
2574 3444 2701 3498 quae
2750 3429 2822 3483 de
2867 3429 3176 3485 severitate
3199 3430 3328 3500 ejus
3358 3429 3632 3485 videntur

1980 3516 2204 3572 dicere:
2242 3517 2352 3588 Ipsi
2389 3516 2661 3570 dixerunt
2694 3534 2706 3572 :
2738 3522 2861 3574 Non
2908 3517 2983 3588 (b)
3040 3517 3341 3573 vindicabit
3371 3518 3630 3572 Dominus

1982 3607 2063 3661 bis
2084 3607 2143 3660 in
2162 3605 2403 3673 idipsum
2435 3606 2992 3661 intribulatione.Sin
3016 3610 3211 3661 autem
3234 3605 3379 3661 falsa
3402 3609 3559 3674 sunt,
3575 3609 3636 3662 et

1981 3694 2196 3750 falsum
2230 3694 2338 3749 hoc
2367 3699 2456 3749 est
2484 3693 2642 3762 quod
2675 3693 2909 3748 dicitur.
2961 3692 3077 3749 Non
3107 3697 3393 3765 consurget
3429 3694 3635 3765 duplex

1981 3783 2271 3838 tribulatio
2290 3798 2309 3836 :
2341 3780 2488 3837 falsa
2516 3786 2605 3836 est
2633 3796 2770 3853 ergo
2800 3784 2858 3837 et
2883 3780 3200 3838 crudelitas
3254 3783 3384 3854 ejus
3412 3799 3539 3854 quis
3571 3782 3634 3840 in

1985 3872 2134 3943 Lege
2158 3869 2451 3941 descripta
2479 3873 2585 3924 est.
2620 3869 2783 3935 Quod
2837 3868 2885 3924 si
2926 3886 3128 3925 verum
3168 3873 3277 3938 est,
3308 3874 3375 3926 ut
3423 3885 3637 3943 negare

1985 3976 2098 4016 non
2132 3963 2426 4032 poterunt,
2484 3957 2713 4014 dicente
2771 3957 3100 4031 propheta:
3154 3959 3276 4016 Non
3330 3958 3635 4017 vindicabit

1984 4051 2255 4105 Dominus
2285 4049 2367 4104 bis
2397 4049 2456 4103 in
2515 4047 2760 4120 idipsum
2805 4049 2868 4103 in
2914 4048 3313 4105 tribulatione:
3358 4064 3496 4123 ergo
3535 4049 3637 4122 qui

1984 4137 2173 4210 puniti
2206 4141 2364 4203 sunt,
2410 4141 2612 4209 postea
2660 4153 2775 4191 non
2826 4136 3165 4209 punientur.
3215 4137 3276 4193 Si
3324 4141 3520 4195 autem
3550 4136 3638 4194 illi

1986 4232 2189 4299 postea
2221 4225 2562 4299 punientur,
2593 4225 2894 4298 Scriptura
2923 4226 3229 4294 mentitur,
3262 4226 3418 4300 quod
3449 4226 3643 4285 dicere

1986 4316 2151 4371 nefas
2182 4319 2291 4371 est.
2327 4315 2688 4386 Receperunt
2716 4331 2853 4386 ergo
2876 4318 2933 4369 et
2963 4314 3062 4385 qui
3090 4314 3151 4369 in
3201 4314 3421 4371 diluvio
3451 4315 3639 4388 perie-

1987 4409 2145 4471 runt,
2180 4409 2237 4459 et
2265 4402 2599 4469 Sodomitas,
2626 4406 2685 4458 et
2711 4402 2985 4475 Egyptii,
3018 4406 3076 4457 et
3108 4402 3381 4458 Israelitas
3409 4405 3470 4457 in
3500 4402 3641 4460 soli-

1986 4494 2214 4561 tudine,
2249 4492 2405 4548 mala
2425 4508 2535 4547 sua
2566 4491 2623 4547 in
2656 4490 2775 4546 vita
2802 4491 3167 4555 sua.Qua2rat
3198 4490 3294 4545 hic
3323 4489 3557 4563 aliquis,
3589 4491 3640 4548 si

208 4592 365 4655 tem,
395 4586 648 4643 tenebrae
680 4588 1124 4657 persequentur.
1162 4583 1325 4650 Quod
1370 4586 1570 4638 autem
1621 4582 1879 4637 diximus
1912 4604 1959 4668 Ι)
1989 4582 2179 4639 ﬁdelis
2212 4580 2615 4654 deprehensus
2642 4581 2702 4668 in
2734 4579 3021 4636 adulterio
3046 4577 3384 4668 decolletur,
3407 4578 3548 4668 quid
3569 4580 3643 4637 de

209 4677 292 4734 de
324 4674 504 4732 Israel
534 4680 593 4732 et
622 4674 905 4747 Assyriis,
956 4672 1204 4745 intelligi
1252 4673 1323 4728 de
1373 4671 1883 4727 consummatione
1912 4665 1946 4668 ’
1988 4687 2056 4726 eo
2089 4677 2290 4744 postea
2320 4670 2565 4725 {iatAut
2592 4667 2749 4724 enim
2782 4668 3141 4739 punietur,et
3171 4665 3385 4723 falsum
3415 4671 3507 4723 est
3531 4666 3642 4723 hoc

212 4764 458 4833 mundi,
489 4769 547 4821 et
574 4765 647 4820 de
677 4763 900 4819 sanctis
932 4779 999 4818 ac
1023 4763 1095 4818 de
1112 4759 1733 4835 persecutoribus,sive
1751 4776 1883 4815 con-
1992 4759 2148 4831 quod
2181 4758 2396 4812 dicitur
2418 4758 2556 4812 :Non
2586 4755 2887 4811 vindicabit
2913 4756 3178 4810 Dominus
3207 4755 3289 4810 bis
3310 4756 3369 4810 in
3398 4754 3645 4828 idipsum

217 4853 430 4913 trariis
458 4853 780 4909 virtutibus
802 4851 1183 4926 potest,quod
1215 4854 1551 4907 sanctorum
1575 4849 1731 4905 Deus
1751 4852 1885 4920 post
1991 4849 2053 4902 in
2086 4846 2460 4901 tribulatione.
2497 4848 2605 4899 Aut
2639 4860 2753 4899 non
2786 4842 3079 4915 punietur,
3111 4848 3171 4899 et
3199 4843 3523 4915 optandum
3554 4847 3646 4901 est

219 4945 383 5001 iram
417 4942 767 4999 misereatur
789 4945 1213 5012 ;persecutores
1242 4955 1377 4995 vero
1411 4943 1467 4994 et
1495 4937 1766 4993 inimicos
1796 4953 1887 4992 eo—
1994 4935 2297 5003 adulteris,
2331 4939 2393 4988 ut
2423 4933 2481 4988 in
2515 4931 2957 5005 praesentiarum
3010 4931 3168 4988 brevi
3222 4937 3281 4987 et
3329 4932 3444 4989 cita
3472 4946 3645 5005 poma

222 5048 391 5101 rum,
426 5031 525 5104 qui
556 5029 860 5103 elegerunt
888 5029 1179 5094 tenebras,
1213 5032 1271 5083 et
1299 5044 1414 5083 non
1460 5027 1671 5097 lucem,
1722 5024 1883 5096 ipsae,
1994 5023 2291 5080 cruciatus
2321 5023 2677 5077 frustrentur
2704 5020 3058 5076 aeternos.Arl
3080 5021 3239 5092 quod
3270 5020 3646 5094 respondebi-

223 5138 386 5196 quas
418 5120 741 5193 elegerunt,
770 5118 1023 5174 tenebrae
1053 5114 1889 5189 comprehendant:mittentur
1997 5129 2152 5178 mus,
2184 5111 2367 5167 Deum
2399 5115 2466 5166 ut
2494 5109 2756 5166 omnium
2790 5108 3109 5178 rerum,ita
3136 5114 3194 5165 et
3220 5108 3644 5183 suppliciorum

224 5211 397 5270 enim
419 5210 479 5266 in
510 5209 785 5266 tenebras
813 5207 1127 5263 exteriores
1152 5223 1165 5262 :
1192 5204 1274 5260 ibi
1304 5204 1415 5261 erit
1443 5205 1635 5272 ﬂetus,
1666 5207 1724 5259 et
1753 5203 1887 5259 stri-
1997 5217 2230 5275 quoque
2259 5200 2410 5257 scire
2441 5203 2836 5267 mensuras,et
2862 5213 2977 5253 non
3009 5198 3311 5270 praeveniri
3356 5198 3649 5255 sententia

223 5303 347 5359 dor
373 5298 640 5356 dentium
693 5297 902 5370 (Matth.
932 5313 1032 5351 vni
1061 5298 1112 5351 et
1140 5294 1306 5365 xxxi).
1366 5293 1620 5350 Verbum
1652 5309 1891 5348 MACOMA
1989 5291 2233 5363 judicis,
2266 5306 2371 5346 nec
2401 5288 2486 5345 illi
2532 5289 2591 5343 in
2644 5292 3011 5360 peccatorem
3059 5288 3388 5344 exercendae
3436 5287 3647 5345 dehinc

223 5388 686 5479 (nam),quod
718 5401 826 5441 nos
856 5383 1218 5456 interpretati
1248 5382 1591 5479 su-mus,loci
1620 5382 1890 5453 ejus,om-
2000 5396 2197 5479 prunas.
2215 5378 2431 5479 auferri
2480 5380 2852 5479 potestatem,
2898 5382 2982 5475 et.
3006 5391 3287 5479 magnuhm
3344 5378 3648 5477 peccatum

223 5495 344 5543 nes
374 5464 437 5534 in
468 5477 617 5533 duas
647 5472 929 5531 orationis
976 5475 1170 5545 partes
1217 5470 1565 5538 diviserunt,
1624 5474 1691 5525 ut
1720 5487 1803 5525 MA
1828 5470 1889 5525 in
2001 5468 2233 5542 magnis
2259 5467 2673 5538 diuturnisque
2689 5464 2804 5521 elui
2827 5464 3273 5521 cruciatibus.Si
3289 5466 3423 5538 quis
3452 5470 3649 5523 autem

311 5622 394 5751 ξι)
428 5617 673 5677 Palatini
704 5634 873 5699 mss.,
907 5616 1032 5672 LXX
1078 5615 1379 5698 similiter;
1428 5613 1718 5687 silentque
1748 5614 1892 5672 adeo
2074 5612 2151 5682 (b)
2186 5609 2450 5669 Martian.
2485 5607 2722 5667 retinuit
2752 5606 2848 5664 hic
2878 5607 3325 5667 dumtaxaLNon
3360 5608 3649 5680 iudicabit.

222 5712 307 5755 su
359 5707 514 5751 nexa
543 5706 747 5749 eorum
776 5689 1276 5755 interpretationis
1303 5686 1501 5745 verba.

359 5686 514 5751 nexa
543 5706 747 5749 eorum
776 5686 1276 5761 interpretationis
1303 5686 1501 5745 verba.
