3940 6166
374 325 534 401 1189

1628 333 1695 397 8.
1737 333 2049 399 EUSEBII
2091 332 2536 399 HIERONYMI

374 471 620 543 punitus
649 468 744 541 sit,
778 470 843 527 ut
869 468 1036 527 illein
1050 470 1201 544 Lege
1222 468 1324 545 qui
1345 468 1681 529 Israeliticis
1700 470 2009 528 maledixe-
2052 471 2104 539 Α
2134 487 2265 528 esse
2292 471 2573 528 adversus
2598 472 2777 528 Deum
2808 467 3029 528 malitia
3042 471 3101 528 et
3134 468 3522 544 pmvarioatio,
3545 473 3681 530 dicere

375 564 487 628 rat,
520 564 577 616 et
605 559 707 631 qui
738 560 798 615 in
828 560 1075 617 sabbato
1109 559 1269 634 ligna
1299 559 1611 633 collegerat
1639 560 2018 632 (Levit.xx1v):

373 648 521 706 tales
549 652 750 720 postea
781 666 897 704 non
933 649 1148 723 puniri,
1182 650 1321 721 quia
1349 648 1523 723 culpa
1580 650 1723 707 levis
1753 651 2023 722 praesenti

371 737 661 810 supplicio
684 743 1061 811 Compensata
1083 739 1178 796 sit.
1210 741 1488 796 Hebraeus
1507 740 1665 795 hunc
1693 740 1885 796 locum
1942 740 2026 796 ita

373 826 680 900 exposuit:
711 828 859 893 Quid
891 830 1133 902 putatis,
1166 846 1199 884 o
1226 829 1852 901 Assyrii,iniquitatem
1886 846 2021 885 con-

372 918 468 973 tra
498 916 812 975 Dominum
843 919 1187 987 cogitantes,
1215 919 1370 989 quod
1419 917 1701 990 populum
1734 918 1934 987 Israel,
1964 919 2021 974 id

375 1009 483 1075 est,
512 1005 825 1061 duodecim
846 1006 1036 1061 tribus
1060 1022 1247 1077 usque
1277 1007 1351 1061 ad
1409 1006 1866 1062 internecionem
1899 1007 2024 1079 ipse

376 1093 717 1150 consumat?
738 1094 863 1149 Non
894 1100 1207 1167 consurget
1227 1095 1443 1167 duplex
1469 1095 1791 1160 tribulatio,
1826 1096 1883 1151 id
1913 1100 2021 1165 est,

379 1198 497 1239 non
527 1182 693 1238 vobis
721 1183 912 1239 tradet
939 1183 1153 1239 Judam
1185 1189 1243 1240 et
1263 1185 1339 1256 (a)
1370 1184 1570 1255 Israel,
1602 1185 1754 1240 sicut
1784 1185 2025 1241 tradidit

382 1271 582 1326 decem
612 1270 801 1327 tribus
831 1275 890 1327 et
920 1272 1267 1328 Samariam.

454 1359 639 1433 (Vers.
674 1362 957 1434 10.)Quia
984 1364 1124 1418 sicut
1162 1363 1343 1435 spinae
1384 1380 1440 1419 se
1482 1365 1721 1419 invicem
1760 1365 2023 1435 complec-

378 1453 573 1506 tuntur
597 1451 678 1505 sic
706 1449 814 1521 [ΑΙ.
844 1453 924 1506 sic
952 1451 1191 1523 quidem]
1212 1469 1232 1505 :
1257 1453 1565 1508 convivium
1596 1468 1781 1508 eorum
1810 1456 2027 1525 pariter

370 1541 683 1611 palantium
710 1548 1057 1595 consumetur
1082 1543 1239 1612 quasi
1292 1542 1501 1610 stipula
1547 1542 1812 1597 ariditate
1837 1543 2022 1614 plena.

376 1627 552 1684 LXX:
589 1628 729 1697 Quia
757 1645 930 1701 usque
956 1630 1027 1685 ad
1053 1630 1413 1702 fundamenta
1461 1632 1615 1686 544
1643 1648 1745 1687 sua
1774 1631 2022 1703 redigen-

377 1724 468 1772 tur
498 1719 559 1772 in
600 1721 888 1789 .vepres,et
919 1719 1078 1790 quasi
1106 1720 1668 1775 volvolacircumdata
1692 1721 2021 1787 camedetur,

374 1813 426 1862 et
455 1808 619 1878 quasi
643 1807 861 1905 stipula
893 1805 1160 1863 ariditate
1215 1807 1398 1879 plena.
1461 1808 1604 1863 Tres
1663 1808 2024 1864 differentias
2054 1844 2102 1909 B

376 1911 529 1968 quas
547 1894 833 1952 Dominus
847 1894 906 1951 in
920 1895 1198 1968 parabole
1211 1896 1492 1952 sementis
1505 1896 1702 1969 posuit
1723 1897 2022 1968 (Mat.xn,),

374 1988 615 2055 excepta
640 1988 799 2039 terra
824 1984 999 2052 bona,
1024 2001 1149 2056 quae
1181 1985 1347 2040 affert
1375 1984 1741 2041 tricesimum
1772 1993 1828 2041 et
1855 2002 2023 2042 sexa-

375 2071 674 2147 gesimum
703 2076 761 2129 et
788 2072 1174 2129 centesimum
1202 2073 1714 2142 fructum,videtur
1731 2073 1877 2129 mihi
1898 2090 2026 2146 pro-

383 2160 566 2233 pheta
594 2160 894 2234 replicare,
927 2178 1107 2218 unam
1138 2179 1264 2234 quae
1278 2164 1450 2234 juxta
1470 2162 1625 2219 viam
1648 2163 1941 2231 ceciderit,
1970 2167 2027 2219 et

376 2247 555 2306 aliam
586 2267 712 2323 qua:
744 2251 895 2307 inter
918 2250 1164 2323 lapides,
1194 2255 1252 2306 et
1284 2251 1518 2307 tertiam
1569 2268 1696 2324 quae
1730 2252 1881 2307 inter
1911 2252 2027 2324 spi-

377 2354 520 2394 nas:
552 2340 706 2411 quod
740 2339 975 2413 quidem
1007 2344 1064 2397 et
1108 2340 1420 2413 Apostelus
1469 2341 1541 2397 de
1596 2341 1689 2397 his
1720 2342 1820 2413 qui
1850 2357 2029 2413 super

378 2426 828 2485 fundamentum
850 2428 1061 2485 Christi
1086 2446 1202 2485 non
1226 2430 1372 2485 bene
1393 2430 1684 2485 aediﬁcant
1712 2431 1759 2501 (Ι
1788 2430 2025 2501 Cornu),

377 2517 754 2575 subostendit
782 2518 1070 2591 quosdam
1102 2536 1233 2576 esse
1259 2519 1357 2591 qui
1390 2519 1683 2575 aediﬁcant
1732 2519 1913 2591 ligna,
1945 2521 2025 2575 fe-

378 2622 546 2676 num,
578 2606 882 2681 stipulam.
917 2608 1105 2681 Igitur
1132 2607 1292 2681 ligna
1322 2609 1645 2665 referamus
1676 2610 1748 2664 ad
1781 2608 2025 2680 id,quod

377 2712 535 2752 nunc
555 2696 801 2753 dicitur:
840 2698 981 2766 Quia
1009 2714 1180 2769 usque
1208 2697 1278 2752 ad
1304 2698 1667 2769 fundamenta
1724 2714 1825 2753 sua
1880 2699 2026 2755 redi-

375 2792 582 2858 gentur
609 2786 680 2842 ad
734 2786 1166 2858 vepres.Fenum
1198 2803 1329 2842 vero
1359 2787 1430 2841 ad
1462 2786 1521 2841 id
1555 2787 1707 2859 quod
1741 2787 2023 2859 sequitur:

374 2874 443 2930 Et
470 2876 615 2930 sicut
645 2876 855 2931 volvola
886 2890 1013 2947 qua?
1039 2875 1437 2945 circumdatur,
1469 2875 1799 2931 comedetur.
1849 2880 2026 2931 Porro

377 2961 595 3035 stipula
624 2964 932 3020 manifeste
961 2965 1211 3019 refertur
1240 2964 1311 3019 ad
1336 2963 1715 3036 stipulam,de
1734 2982 1852 3036 qua
1871 2981 2027 3020 nunc

379 3050 626 3108 dicitur:
658 3054 722 3108 Et
758 3055 900 3108 sicut
944 3053 1155 3124 stipula
1193 3054 1458 3109 ariditate
1498 3054 1684 3125 plena.
1720 3054 2028 3126 PrOpterea

380 3154 516 3212 ergo
548 3156 664 3196 non
694 3140 1017 3196 vindicabit
1051 3142 1329 3197 Dominus
1360 3142 1452 3197 bis
1482 3142 1541 3197 in
1576 3143 1853 3213 idipsum,
1888 3144 2027 3214 quia

383 3226 612 3283 malitia
649 3245 776 3300 quae
830 3228 907 3284 in!
951 3230 1292 3286 auctoribus
1344 3230 1630 3286 haereseos
1661 3234 1788 3286 orta
1818 3232 2026 3304 fuerat,

383 3332 573 3387 usque
601 3317 672 3373 ad
704 3317 1153 3374 fundamentum
1184 3323 1241 3373 et
1269 3320 1343 3375 ad
1374 3320 1600 3375 radices
1647 3336 1787 3375 suas
1817 3336 2025 3377 consu-

327 3399 343 3421 “
383 3406 718 3463 metur.Sed
748 3411 805 3463 et
832 3405 883 3463 si
914 3407 1047 3480 quis
1078 3407 1137 3464 in
1169 3407 1251 3463 eis
1281 3408 1586 3464 videbatur
1613 3425 1889 3481 pompam
1920 3410 2025 3467 ha-

383 3496 520 3552 bere
544 3496 942 3568 verborum,id
974 3501 1083 3569 est,
1117 3496 1492 3565 foliainania,
1523 3501 1753 3554 tantum
1786 3504 2025 3571 aspectu

375 3584 748 3655 delectantia,
780 3585 1318 3659 sicutvolvola,quae
1338 3586 1530 3643 Graece
1555 3586 1768 3643 dicitur
1797 3584 2023 3659 σμίλαξ,

375 3675 833 3741 devorabitur,et
861 3680 1240 3732 consumetur
1264 3676 1321 3730 in
1355 3675 1885 3732 nihilum.Volvola
1914 3678 2022 3749 [A1,

371 3762 642 3835 Vulvula]
674 3769 872 3821 autem
902 3764 1085 3821 herba
1117 3769 1207 3821 est
1227 3764 1440 3821 similis
1463 3765 1709 3836 hederae,
1728 3782 1854 3837 quae
1886 3766 2021 3822 viti-

372 3851 485 3909 bus
502 3859 560 3911 et
586 3853 853 3926 virgultis
875 3854 1227 3911 circumdari
1250 3854 1416 3921 solet,
1449 3860 1508 3910 et
1535 3854 1593 3910 in
1629 3854 1872 3928 longum
1899 3871 2022 3911 ser-

371 3957 526 4015 pere.
549 3942 845 4014 Quidquid
867 3943 1043 3998 etiam
1068 3943 1127 3998 in
1155 3943 1240 3998 eis
1264 3943 1494 3998 videtur
1509 3943 1724 3999 habere
1744 3960 2021 4016 pompam

370 4031 714 4102 segetis,sed
736 4045 851 4085 non
873 4029 1050 4086 habet
1069 4031 1262 4102 spicas
1273 4036 1523 4103 etgrana
1541 4032 2018 4106 frumenti,quasi

370 4118 588 4190 stipula
614 4118 884 4174 ariditate
919 4118 1108 4190 plena,
1170 4120 1434 4176 tradetur
1461 4121 1750 4178 incendio.
1782 4123 1898 4178 Hoc
1927 4140 2017 4179 se-

368 4205 628 4261 cundum
659 4205 1059 4278 Septuaginta.
1110 4207 1391 4263 Caeterum
1434 4210 1603 4280 juxta
1641 4210 2015 4283 Hebraicum,

366 4309 499 4350 vere
527 4293 929 4350 haereticorum
989 4295 1206 4352 foedera
1241 4302 1299 4352 et
1348 4299 1813 4355 necessitudines
1843 4301 2013 4371 quasi

365 4381 547 4454 spinae
564 4386 705 4439 sunt
723 4399 786 4439 se
803 4382 1049 4440 invicem
1072 4384 1544 4457 complectentes,
1595 4390 1651 4441 et
1681 4388 2011 4443 convivium

364 4486 567 4528 eorum
598 4476 771 4545 atque
802 4473 1099 4547 mysteria,
1131 4473 1271 4545 quia
1298 4477 1355 4529 et
1382 4473 1495 4546 ipsi
1526 4490 1795 4530 mensam
1826 4476 2013 4532 domi-

2131 562 2284 631 quod
2307 560 2840 633 Valentinus,quasi
2856 561 3185 617 abortivum
3208 561 3444 616 errantis
3462 561 3683 634 sapientia

2132 656 2457 706 extremum
2489 650 2714 706 editum
2739 650 3069 707 Creatorem
3084 651 3113 705 ‘I
3131 650 3332 705 Nonne
3359 654 3540 706 contra
3562 651 3687 708 Deum

2132 738 2404 811 cogitatio
2437 744 2525 796 est
2556 740 2830 797 Basilidis
2850 739 3219 812 impudicitia
3248 739 3692 812 [Al.impudica],et

2131 832 2536 901 portentosum
2574 823 2806 903 ἅϐραξας
2865 845 3099 891 nomen.
3132 829 3286 900 quod
3332 829 3690 900 praeferturllo-

2134 916 2293 972 mino
2324 917 2821 973 conditori?Porro
2851 917 2991 990 quia
3020 917 3174 973 docti
3215 917 3286 972 ab
3330 918 3560 975 Hebraeis
3581 919 3692 975 volu-

2134 1022 2268 1062 mus
2290 1023 2491 1062 eorum
2524 1023 2757 1078 quoque
2800 1007 3179 1062 traditionem
3210 1008 3394 1079 sequi,
3423 1012 3478 1063 et
3520 1008 3694 1078 nostris,

2134 1093 2191 1149 id
2224 1095 2690 1161 est,Christianis
2722 1095 3191 1167 explanationem
3217 1096 3461 1152 historia
3489 1097 3697 1153 demons-

2132 1185 2629 1255 trare,dicendum
2648 1185 2887 1241 estzNon
2905 1188 3221 1257 consurget
3242 1184 3698 1256 duplextribulatio,

2132 1272 2191 1328 id
2224 1278 2333 1344 est,
2362 1290 2476 1330 non
2507 1274 2812 1346 capientur
2841 1274 2913 1328 ab
2942 1274 3198 1346 Assyriis
3220 1274 3346 1329 duae
3374 1273 3565 1341 tribus,
3590 1274 3697 1330 sicut

2132 1366 2313 1435 captae
2346 1367 2485 1418 sunt
2513 1364 2738 1419 decem.
2771 1363 3073 1434 Siquidem
3132 1363 3279 1418 dum
3318 1361 3497 1418 adhuc
3521 1362 3573 1417 in
3595 1367 3703 1418 tem

2131 1452 2164 1508 J
2172 1451 2287 1506 uda
2316 1456 2457 1507 sunt
2484 1452 2725 1525 Assyrii.
2749 1456 2804 1519 et
2835 1452 3002 1524 quasi
3034 1452 3220 1524 spinae
3250 1467 3313 1507 se
3340 1451 3563 1506 invicem
3586 1467 3704 1507 com-

2133 1539 2485 1623 plectuntur,
2515 1539 2777 1596 laetantes
2813 1545 2987 1612 atque
3041 1540 3384 1612 gaudentes,
3438 1540 3504 1596 ab
3552 1540 3706 1613 angelo

2136 1629 2833 1700 consumentur,quando
2865 1646 2984 1684 una
3028 1633 3201 1685 nocte
3230 1634 3460 1684 centum
3486 1630 3708 1700 octoginta

2134 1717 2396 1790 quinque
2427 1717 2614 1773 millia
2633 1733 2782 1773 caesa
2808 1722 2949 1772 sunt
2964 1716 3229 1773 hostium
3259 1716 3355 1787 (ιν
3388 1717 3502 1787 Reg.
3529 1715 3708 1788 ix).Pul-

2134 1806 2271 1863 chre
2301 1822 2535 1878 quoque
2556 1804 2844 1862 exercitus
2879 1822 3085 1862 eorum
3107 1804 3552 1870 multitudinem,
3574 1804 3707 1860 ebrio

2135 1912 2267 1951 rum
2299 1895 2561 1951 convivio
2590 1894 2974 1967 comparavit,
3004 1898 3062 1950 et
3087 1894 3288 1967 ipsum
3314 1893 3607 1950 convivium
3629 1910 3707 1948 non

2135 2000 2425 2055 rosarum,
2461 2000 2576 2040 non
2606 1982 2864 2039 liliorum
2890 1982 3035 2038 dixit
3066 1999 3219 2049 esse,
3253 1999 3369 2039 non
3398 1984 3582 2038 ﬂorum
3602 1998 3616 2049 ;
3638 1982 3707 2038 sed

2136 2073 2328 2129 simile
2354 2073 2659 2146 spinarum
2698 2088 2761 2127 se
2794 2070 3055 2141 ,invicem
3086 2070 3601 2144 complectentium,
3623 2086 3707 2142 qua

2134 2178 2367 2234 semper
2394 2162 2711 2217 traduntur
2738 2160 2884 2233 igni,
2935 2164 2990 2215 et
3036 2160 3209 2232 quasi
3267 2159 3480 2232 stipula
3505 2159 3707 2215 ariditate

2135 2250 2441 2323 plena,levi
2474 2250 2904 2306 comburuntur
2930 2249 3154 2306 ardore.
3166 2249 3328 2313 Quod
3363 2252 3545 2304 autem
3568 2246 3708 2320 sequi-

2134 2345 2266 2395 tur:
2305 2345 2389 2397 Ex
2418 2349 2469 2395 te
2498 2339 2675 2395 exibit
2686 2340 2932 2408 cogitans
2950 2341 3145 2394 contra
3166 2339 3455 2395 Dominum
3482 2338 3708 2403 tristitiam,

2134 2437 2315 2485 mente
2340 2432 2683 2500 pertractans
2706 2428 3225 2499 praevaricationem
3274 2428 3420 2499 (lsai.
3467 2429 3644 2497 XXXVI),
3666 2425 3712 2479 de

2137 2519 2396 2575 Rabsace
2422 2517 2666 2589 intelligi
2696 2515 3078 2588 volunt,quod
3102 2517 3175 2572 de
3198 2517 3452 2590 Assyriis
3478 2530 3711 2588 egressus,

2134 2607 2631 2681 blasphemaverit
2677 2606 3013 2673 Dominum,
3072 2610 3129 2662 et
3178 2605 3394 2679 populo
3436 2603 3715 2678 persuadere

2134 2697 2397 2765 voluerit,
2433 2700 2499 2752 ut
2528 2696 2843 2768 desperans
2892 2694 2962 2750 de
2991 2694 3213 2751 auxilio
3265 2694 3507 2762 Domini,
3550 2710 3601 2750 se
3639 2695 3710 2747 As-

2137 2786 2309 2859 syriis
2341 2786 2615 2852 traderet,
2640 2802 2754 2841 non
2799 2788 2934 2851 Deo,
2982 2785 3083 2841 sed
3122 2783 3300 2840 idolis
3331 2783 3620 2841 serviturus
3641 2779 3707 2852 (IV

2136 2876 2263 2945 Reg.
2298 2876 2483 2947 xvm).

2206 2964 2391 3033 (Vers.
2426 2965 2512 3032 11,
2543 2964 2654 3035 13.)
2687 2965 2807 3019 Hac
2833 2963 2968 3020 dicit
2995 2963 3281 3034 Dominus,
3312 2965 3363 3018 si
3397 2963 3596 3035 perfecti
3634 2960 3715 3029 fac

2134 3055 2270 3124 rint,
2303 3058 2355 3109 et
2376 3054 2455 3108 ita
2479 3054 2699 3125 plures:
2722 3055 2801 3108 sic
2829 3068 3040 3123 quoque
3059 3053 3417 3108 attondentur
3428 3055 3476 3108 et
3498 3052 3714 3123 pedm

2137 3144 2218 3200 ibi
2246 3144 2436 3214 afﬂixi
2462 3150 2534 3213 te,
2564 3145 2616 3198 ct
2643 3158 2754 3197 non
2781 3143 3036 3213 afﬂigam
3064 3149 3114 3196 te
3144 3143 3295 3197 ultra
3318 3149 3407 3197 :et
3430 3156 3560 3196 nunc
3580 3144 3713 3194 conte-

2060 3215 2103 3281 C
2138 3248 2261 3288 ram
2289 3235 2501 3302 virgam
2529 3232 2647 3301 ejus
2673 3231 2737 3287 de
2765 3231 2928 3286 dorso
2958 3239 3072 3300 tuo,
3093 3239 3153 3285 et
3183 3228 3411 3286 vincula
3436 3238 3526 3285 tua
3541 3227 3715 3282 dism-

2130 3338 2283 3393 pam.
2318 3320 2458 3376 LXX
2489 3338 2501 3377 :
2534 3322 2662 3377 ch
2689 3320 2825 3375 dicit
2836 3320 3099 3375 Dominus
3116 3336 3358 3391 regnans
3383 3320 3528 3391 aquis
3558 3315 3715 3375 mltis.

2134 3415 2186 3466 ct
2215 3412 2295 3466 sic
2319 3410 2713 3476 dividentur,et
2734 3409 2952 3465 auditus
2971 3412 3101 3465 tuus
3116 3425 3237 3465 non
3251 3409 3503 3465 audietur
3516 3404 3714 3477 ampli“.

2135 3508 2186 3556 et
2215 3517 2366 3556 nunc
2388 3503 2663 3556 conteram
2690 3500 2903 3570 virgam
2929 3499 3046 3570 ejus
3070 3515 3111 3553 α
3163 3500 3253 3553 te:
3306 3502 3357 3555 et
3402 3497 3591 3554 vincula
3624 3495 3715 3563 (iis

2133 3588 2494 3660 dis-rumpam.
2525 3588 2700 3643 Juxta
2731 3586 2984 3643 litteram
3033 3587 3392 3644 manifestus
3421 3591 3501 3642 est
3521 3590 3711 3639 sensus:

2131 3677 2309 3744 Licet,
2343 3675 2558 3749 inquit,
2590 3674 2815 3732 robusti
2847 3674 2967 3731 sint
2994 3675 3246 3748 Assyrii,
3306 3681 3364 3732 et
3391 3670 3612 3731 fortitudo
3633 3681 3705 3721 eo-

2131 3783 2263 3821 rum
2313 3781 2557 3821 numero
2614 3768 2898 3838 augeatur
2945 3768 3298 3821 cunctarum
3356 3753 3707 3838 gentium:sic

2130 3871 2363 3928 quoque
2391 3854 2599 3927 angelo
2628 3854 3209 3919 vastante,tondentu
3221 3872 3272 3911 r.
3305 3852 3574 3919 Quomodo
3597 3845 3711 3904 enim

2130 3960 2412 4001 numerus
2444 3943 2791 4016 capillorum
2819 3946 3000 3999 acuta:
3022 3943 3231 4017 forcipi
3253 3961 3370 4001 non
3394 3934 3713 4014 repugnetita

2128 4038 2186 4089 et
2206 4049 2487 4089 numerus
2510 4031 2977 4089 adversariorum
2998 4032 3121 4098 Dei,
3151 4032 3314 4088 facili
3332 4019 3711 4089 succisionetol-

2128 4122 2301 4189 letur,
2333 4127 2391 4178 et
2420 4121 2800 4194 pertransibit
2825 4124 3030 4187 Assur,
3057 4120 3146 4177 vel
3178 4137 3314 4179 esse
3343 4120 3581 4186 desistet,
3607 4113 3706 4177 sive,

2124 4215 2348 4268 vastato
2378 4211 2629 4266 exercitu
2661 4227 2789 4278 suo,
2826 4214 3145 4266 revertetur
3165 4212 3239 4267 ad
3270 4211 3596 4285 patriam,te
3618 4217 3708 4259 sos-

2126 4301 2304 4373 pitem
2336 4299 3155 4372 derelinquens.Rursumque
3183 4301 3259 4355 ad
3290 4300 3500 4356 Judam
3525 4292 3706 4351 etleru-

2123 4389 2303 4446 salcm
2338 4404 2531 4445 sermo
2563 4387 3071 4461 dirigiturzAfﬂixz
3091 4392 3162 4453 te,
3195 4392 3270 4455 et,
3304 4388 3456 4446 546
3482 4378 3707 4451 ηοηαίβὶ·

2123 4496 2249 4551 gam
2278 4487 2326 4535 te
2354 4479 2503 4534 ultra
2526 4496 2545 4533 :
2561 4495 2676 4534 non
2708 4478 2864 4547 quod
2886 4482 3226 4550 perpetuam
3251 4477 3606 4534 securitatem
3622 4465 3706 4541 pol-

364 4560 559 4619 nicam
590 4561 802 4619 habere
828 4579 891 4619 se
913 4562 1448 4635 dicunt,spinarum
1474 4563 1664 4619 fmdus
1692 4567 1801 4631 est,
1835 4563 2012 4621 simul
2041 4586 2088 4651 D
2121 4569 2387 4635 liceatur,
2420 4567 2519 4622 sed
2551 4565 2711 4621 illius
2743 4570 2973 4622 tantum
3004 4566 3309 4639 temporis,
3331 4570 3391 4621 et
3417 4564 3486 4620 ab
3511 4560 3610 4651 illis
3630 4556 3707 4651 ΙΨ·

360 4651 742 4722 vescentium,
775 4651 1106 4724 pariterque
1136 4652 1639 4724 potantium.Cum
1672 4653 1828 4709 enim
1858 4654 2005 4711 ebrii
2042 4647 2078 4651 —
2117 4657 2309 4714 stibus
2337 4674 2373 4712 a
2403 4655 2619 4727 quibus
2651 4659 2792 4710 tunc
2822 4655 3220 4711 obsidebatur.
3258 4654 3510 4726 Denique
3534 4647 3704 4705 infert:

362 4741 435 4797 de
461 4740 631 4799 vinea
661 4741 1049 4800 Sodomorum
1099 4743 1380 4799 adversus
1417 4742 1775 4799 conditorem
1802 4743 2005 4801 rabido

360 4845 460 4887 ore
489 4830 921 4903 blasphemant,
967 4847 1160 4887 nonne
1205 4830 1532 4887 convivium
1583 4832 1839 4888 sentiam
1870 4834 2008 4889 est?

360 4916 517 4989 quod
549 4921 743 4974 tamen
767 4933 901 4974 cum
925 4918 1049 4975 suis
1071 4922 1449 4976 consumetur
1470 4920 2004 4993 auctoribus,quasi

359 5005 575 5078 stipula
604 5007 873 5063 ariditate
902 5006 1095 5080 plena.

427 5095 615 5168 (Vers.
652 5096 850 5166 11.)E:c
869 5103 923 5151 te
951 5098 1104 5151 enim
1130 5097 1304 5152 exibit
1331 5099 1573 5165 cogitans
1600 5101 1791 5154 contra
1820 5100 2001 5155 Dami-

353 5202 491 5241 num
516 5185 817 5251 malitiam,
856 5190 1039 5241 mente
1086 5189 1423 5256 pertractans
1472 5188 2001 5257 prevaricationem.

357 5274 530 5330 LXX:
569 5279 651 5331 Ex
681 5278 732 5330 te
758 5274 928 5329 exibit
955 5275 1212 5345 cogitatio
1241 5283 1428 5330 contra
1445 5276 1741 5332 Dominum
1768 5278 2002 5346 pessima

353 5366 602 5434 cogitans
622 5362 1076 5420 cantraria.Vere
1099 5363 1171 5418 ab
1213 5363 1503 5421 haereticis
1522 5365 1704 5421 exibit
1723 5365 2003 5421 adversus

353 5451 667 5507 Dominum
702 5451 850 5510 545
915 5450 1155 5508 inimica
1185 5453 1478 5525 cogitatio.
1509 5456 1595 5509 An
1626 5470 1743 5510 non
1776 5454 2001 5510 videtur

2113 4748 2178 4803 Et
2197 4762 2345 4802 nunc
2368 4748 2645 4800 conteram
2672 4745 2889 4812 virgam
2942 4746 3082 4814 ejus,
3120 4743 3177 4798 id
3231 4750 3344 4813 est,
3402 4736 3619 4812 Assyrii,
3655 4732 3706 4787 de

2114 4836 2285 4891 dorso
2316 4840 2439 4903 tuo,
2469 4837 2528 4889 et
2554 4830 2789 4888 vincula
2818 4836 2922 4887 tua
2951 4831 3435 4906 disrumpamzvel
3457 4845 3551 4903 per
3574 4826 3708 4881 meta-

2113 4922 2382 4995 phoram,
2410 4924 2757 4995 potestatem
2785 4920 2914 4992 ejus
2933 4920 3308 4994 signiﬁcans:
3330 4920 3416 4978 vel
3445 4921 3600 4981 certe,
3620 4910 3702 4966 vi!“

2112 5027 2247 5084 gam
2278 5026 2454 5082 quam
2489 5014 2790 5082 percutere
2820 5008 3467 5078 conabatur,etvincula
3485 5013 3703 5079 quamp-

2111 5098 2247 5155 tivis
2279 5099 2556 5170 parabat:
2592 5114 2935 5170 quanquam
2970 5097 3157 5171 possit
3203 5103 3261 5155 et
3289 5096 3513 5155 obsidio
3539 5092 3700 5149 clausa

2111 5186 2510 5243 multitudinis
2541 5204 2645 5260 pro
2674 5186 2923 5243 vinculis
2955 5187 3162 5259 accipi.
3211 5188 3387 5244 Porro
3407 5188 3569 5259 juxta
3593 5172 3696 5235 LXX

2111 5276 2295 5332 multo
2331 5274 2500 5331 aliter
2526 5281 2616 5331 est
2633 5275 3090 5332 sensus.Adhuc
3133 5277 3291 5332 enim
3314 5269 3699 5331 videturadven-

2110 5384 2213 5422 sus
2243 5382 2342 5422 eos
2370 5364 2553 5437 loqui,
2576 5364 2794 5437 quibus
2824 5382 3004 5436 supra
3032 5365 3295 5421 dixerat:
3329 5364 3469 5433 Quid
3496 5354 3694 5430 coam

2107 5458 2297 5511 contra
2325 5455 2620 5510 Dominum
2640 5456 2665 5506 .9
2694 5453 2765 5509 Et
2797 5471 2810 5509 :
2842 5455 2926 5510 Ex
2954 5459 3007 5510 te
3034 5455 3211 5511 exibit
3256 5453 3506 5524 cogitatio
3554 5446 3695 5504 coam

424 5656 499 5729 (a)
526 5658 619 5716 Sic
638 5660 854 5719 rectius
878 5661 1097 5721 habent
1117 5666 1447 5723 mss.Antea
1460 5664 1768 5723 Jerusalem
1799 5666 2135 5741 legebatur:
2170 5648 2459 5740 ejusmodi
2490 5665 2642 5726 levia
2671 5666 2943 5739 quaedam
2965 5666 3120 5727 intra
3146 5665 3524 5728 mstituimns.
