4008 6184
481 304 638 372 1243

1728 308 1796 374 8.
1839 306 2154 376 EUSEBII
2197 306 2640 377 HIERONYMI

3645 318 3754 386 ιω

477 446 600 509 tua,
634 459 850 499 canens
878 460 1009 500 cum
1042 443 1268 518 angelis
1299 444 1542 519 jugiter,
1575 462 1946 518 nequaquam
1968 445 2123 502 enim
2154 459 2207 523 Α
2239 446 2504 509 currerit,
2529 446 2668 518 quid
2691 446 2880 518 magis
2901 444 3066 520 sequi
3103 446 3316 517 debeat,
3334 448 3647 521 judicare.Ad
3688 455 3754 511 Ni-

481 532 636 588 ultra
655 549 758 604 per
779 537 833 588 te
856 533 1128 589 transibit
1148 533 1346 598 Belial,
1369 536 1438 591 de
1453 551 1570 607 quo
1591 535 1734 592 dicit
1753 541 1809 590 et
1828 535 2128 607 Apostolo-

480 619 593 677 lus.
629 623 763 691 Quae
787 626 1212 680 communicatio
1243 625 1449 680 Christi
1467 633 1517 680 et
1542 625 1715 680 Belial
1765 625 1834 692 (ΙΙ
1878 624 1997 678 Cor.
2049 642 2125 689 v1,

481 709 614 782 15)?
645 711 801 782 quia,
864 713 1144 768 subversa
1199 714 1404 769 Ninive
1458 715 1611 771 549
1673 718 1830 768 totus
1885 713 2125 767 interiit.

477 800 538 856 Si
571 806 803 872 quando
834 803 1187 874 gravissima
1208 804 1540 876 persecutio
1575 804 1768 870 fuerit,
1803 803 1958 874 quali
2018 802 2128 856 sub

475 888 804 959 Valeriano,
837 896 892 946 et
925 893 1112 961 Decio,
1145 897 1202 948 et
1230 893 1576 948 Maximiano
1611 894 1714 963 [Αἰ.
1742 892 2038 961 Maximo],
2073 895 2130 946 et

485 978 716 1034 Domini
751 981 896 1036 ultio
929 982 1222 1052 apparerit
1251 983 1308 1036 in
1369 981 1713 1036 adversariis
1766 983 1915 1052 ejus,
1979 980 2130 1036 dica-

496 1083 630 1123 mus
660 1070 731 1124 ad
763 1070 1112 1126 Ecclesiam:
1145 1071 1404 1135 Celebre,
1434 1070 1955 1138 Juda,festivitates
1973 1074 2124 1140 tuas,

471 1160 529 1211 et
559 1158 735 1213 redde
765 1164 898 1214 vota
928 1163 1048 1225 tua,
1080 1167 1188 1215 etc.

539 1246 711 1302 LXX:
749 1249 994 1318 Celebra,
1024 1251 1164 1306 Iuda
1209 1251 1538 1320 festivitates
1593 1251 1735 1315 tuas,
1792 1247 1955 1302 redde
2008 1255 2126 1302 vota

465 1341 582 1401 tua,
613 1338 744 1406 quia
772 1354 1122 1409 nequaquam
1148 1343 1420 1411 opponent
1448 1340 1598 1394 ultra
1628 1347 1688 1393 ut
1740 1346 2132 1409 pertranseant

466 1424 527 1476 in
549 1428 874 1480 vetustatem
895 1446 914 1481 :
947 1429 1273 1499 completum
1304 1437 1399 1494 est,
1431 1436 1867 1484 consummatum
1898 1435 1974 1481 est
1993 1444 2012 1478 :
2034 1442 2122 1480 as-

461 1513 645 1568 cendit
672 1515 969 1586 insui/laus
991 1519 1050 1572 in
1070 1520 1271 1589 faciem
1317 1527 1692 1584 tuam,eruens
1721 1517 1786 1571 de
1815 1517 2126 1570 tribulatio-

463 1618 550 1656 ne.
583 1603 768 1658 Semel
800 1606 937 1676 dixi,
994 1607 1164 1675 juxta
1220 1607 1728 1678 interpretationis
1783 1605 2122 1660 varietatem

461 1691 718 1762 capitula
748 1711 982 1767 quoque
1013 1696 1140 1768 ipsa
1173 1696 1341 1751 aliter
1371 1695 1626 1766 definiri,
1672 1700 1728 1750 et
1789 1711 1904 1749 non
1957 1709 2127 1764 posse

460 1795 594 1836 cum
609 1782 882 1855 capitulis
898 1801 1138 1840 sensum
1163 1785 1447 1840 hebraicae
1470 1783 1915 1856 interpretation
1934 1783 1982 1837 is
1995 1798 2126 1836 con-

455 1869 674 1926 venire.
700 1872 900 1943 Itaque
923 1874 1076 1944 quod
1107 1890 1262 1929 nunc
1295 1873 1532 1940 dicitur,
1564 1870 1975 1942 hujuscemodi
2001 1873 2116 1936 est;

456 1957 501 2014 Ο
534 1958 950 2031 Ecclesiastice,
975 1961 1112 2032 quia
1143 1962 1214 2016 de
1243 1961 1714 2017 adversariorum
1741 1965 1975 2014 tuorum
2011 1976 2120 2013 no-

457 2047 616 2103 mine
639 2047 793 2104 ultra
818 2066 930 2104 non
951 2051 1425 2114 seminabitur,et
1443 2051 1613 2122 virga
1639 2065 1841 2104 eorum
1866 2046 2126 2101 contrita

455 2139 581 2201 est;
614 2140 670 2190 et
699 2135 932 2192 vincula
958 2137 1242 2209 dissipata
1269 2142 1432 2205 sunt,
1457 2142 1514 2191 et
1548 2136 1707 2191 venit
1727 2134 1826 2206 qui
1867 2134 1973 2188 tibi
2006 2150 2112 2187 an-

457 2224 756 2280 nuntiaret
787 2243 1011 2298 pacem,
1047 2227 1278 2282 celebra
1314 2226 1656 2282 festivitates
1687 2229 1838 2292 tuas,
1883 2240 1996 2278 non
2057 2222 2119 2276 in

453 2312 588 2369 vino
607 2318 663 2369 et
691 2315 976 2387 epulis,ut
1002 2315 1196 2372 carnei
1228 2316 1421 2372 Judaei
1450 2316 1765 2378 aestimant,
1799 2313 1899 2367 sed
1924 2312 1981 2366 in
2001 2311 2119 2383 spi-

453 2400 770 2458 ritualibus
801 2404 1027 2461 deliciis
1057 2411 1113 2460 et
1143 2405 1445 2477 voluptate
1493 2404 1785 2460 torrentis.
1836 2403 1878 2458 Ο
1934 2401 2114 2470 Juda,

454 2491 631 2592 redde
660 2497 792 2591 vota
813 2498 952 2550 tua:
983 2494 1123 2566 quia
1146 2511 1516 2567 nequaquam
1548 2493 1701 2550 ultra
1722 2490 2117 2593 pertransient

455 2578 676 2636 inimici
710 2582 901 2654 quite
933 2583 1228 2640 adducant
1285 2583 1344 2638 in
1403 2588 1776 2652 vetustatem,
1835 2583 1944 2638 hoc
2003 2586 2093 2636 est

455 2671 556 2742 qui
587 2675 643 2728 te
674 2672 877 2728 volunt
906 2673 1225 2745 imaginem
1276 2679 1505 2746 portare
1556 2674 1768 2730 veteris
1822 2655 2112 2738 hominis:

452 2761 741 2826 Quoniam
761 2763 915 2834 quod
946 2769 1111 2818 vetus
1135 2768 1246 2833 est,
1271 2763 1545 2829 senescit,
1565 2768 1621 2818 et
1650 2763 1804 2835 quod
1839 2762 2108 2828 senescit,

453 2850 768 2922 perditioni
801 2851 1130 2923 proximum
1167 2858 1294 2908 est:
1335 2852 1664 2923 completus
1711 2856 1798 2906 est
1829 2851 2110 2920 mundus,

457 2945 854 3012 consumptus
875 2941 1348 2997 estadversarius
1373 2959 1386 2996 :
1416 2939 1569 2995 venit
1588 2940 1691 2994 tibi
1717 2939 1984 2994 Christus
2009 2940 2108 3011 qui

457 3028 622 3101 prius
649 3028 1050 3085 insufﬂaverat
1079 3029 1137 3084 in
1170 3030 1378 3085 faciem
1410 3035 1571 3085 tuam
1605 3045 1740 3083 cum
1775 3033 1828 3083 te
1850 3029 1921 3084 de
1967 3028 2116 3086 limo.

459 3119 706 3190 fingeret
731 3134 744 3171 :
779 3122 837 3172 et
862 3123 995 3190 post
1026 3118 1507 3174 resurrectionem
1534 3134 1766 3188 quoque
1795 3117 2106 3174 insufﬂans

2239 536 2406 590 niven
2439 535 2620 607 igitur
2649 553 2804 591 nunc
2835 553 3028 592 sermo
3058 538 3392 594 convertitur
3442 540 3509 610 (et
3551 539 3659 597 hinc
3699 544 3754 601 vel

2238 624 2490 679 maxime
2521 625 2753 680 obscuri
2787 629 2924 680 sunt
2953 626 3261 697 prophetae,
3285 629 3425 698 quod
3454 636 3644 701 repente
3660 633 3754 689 dum

2237 712 2396 768 aliud
2419 714 2632 785 agitur,
2649 715 2723 769 ad
2748 713 2894 770 alios
2914 731 3162 786 persona
3181 720 3443 784 mutatur)
3459 723 3509 771 et
3525 718 3692 774 dicitur
3703 723 3755 776 ei:

2235 803 2512 858 Ascendit
2541 805 2612 858 ad
2645 809 2701 858 te
2721 805 3254 860 Nabuchodonosor
3276 807 3368 877 qui
3390 811 3438 860 te
3454 807 3754 879 obsideat,qui

2237 896 2368 946 ante
2401 909 2464 946 os
2495 898 2661 947 tuum
2693 898 2878 947 vastet
2907 910 3097 964 agros,
3139 897 3495 965 persequatur
3535 896 3756 966 agricolas,

2238 997 2374 1034 rura
2396 981 2725 1052 populetur,
2745 982 2843 1052 qui
2863 986 2916 1036 te
2942 999 3174 1053 quoque
3197 982 3373 1054 ipsam
3395 999 3599 1038 causam
3612 990 3757 1039 teneat.

2237 1068 2382 1134 Quia
2402 1069 2597 1141 itaque
2620 1069 2718 1124 tibi
2744 1070 3012 1126 imminet
3029 1071 3242 1127 bellum
3267 1089 3279 1126 :
3305 1088 3425 1126 ecce
3444 1073 3660 1144 gaudens
3673 1091 3759 1145 pro-

2236 1157 2413 1228 pheta
2435 1175 2589 1214 nunc
2612 1159 3279 1232 praecino,contemplare
3305 1159 3582 1232 diligenter
3599 1168 3644 1215 et
3671 1178 3761 1217 con-

2236 1247 2414 1318 spice,
2439 1253 2494 1302 et
2519 1248 2658 1319 quid
2683 1249 2787 1304 tibi
2806 1249 3297 1316 eveniat,intuere.
3321 1249 3764 1316 Confortalumbos,

2236 1337 2292 1390 id
2321 1342 2427 1404 est,
2461 1338 2792 1409 accingere:
2829 1337 3036 1393 robora
3065 1339 3330 1393 virtutem
3360 1338 3526 1405 valde,
3568 1338 3654 1393 hoc
3693 1344 3764 1404 est,

2237 1426 2524 1480 exercitus
2555 1443 2878 1499 congrega:
2915 1427 3053 1498 quia
3083 1427 3235 1482 sicut
3263 1425 3414 1481 ultus
3437 1430 3515 1482 est
3562 1427 3766 1480 Dominus

2235 1514 2266 1570 J
2275 1515 2448 1569 udam
2481 1516 2550 1570 de
2581 1516 2854 1586 superbia
2871 1515 3283 1585 Sennacherih,
3302 1516 3570 1571 interfecto
3587 1515 3767 1570 exercitu

2235 1603 2364 1673 ejus
2395 1604 2454 1658 in
2475 1604 2695 1673 Judaea,
2721 1611 2777 1658 et
2805 1604 2934 1677 ipso
2956 1621 3191 1676 quoque
3222 1621 3254 1658 a
3277 1603 3403 1658 filiis
3424 1603 3765 1676 suisjugulato:

2233 1692 2319 1747 sic
2350 1691 2661 1747 ulciscatur
2693 1692 2890 1761 Israel,
2916 1693 2971 1747 id
3003 1693 3324 1756 est,decem
3354 1692 3524 1747 tribus
3550 1709 3651 1764 qua
3670 1693 3768 1745 aNi-

2236 1780 2365 1835 nive
2396 1781 3127 1853 possidentur.Utrumque
3149 1781 3302 1836 enim
3322 1781 3573 1836 etJudam
3589 1785 3633 1834 et
3649 1779 3768 1834 Israel

2228 1874 2600 1925 vastaverunt
2629 1875 2685 1925 et
2715 1874 3043 1926 everterunt
3073 1870 3314 1942 Assyrii,
3344 1874 3399 1924 et
3423 1870 3521 1926 sub
3550 1869 3770 1940 metapho-

2230 1974 2295 2012 ra
2323 1958 2480 2023 vitis,
2514 1959 2821 2014 amborum
2857 1960 2962 2030 [AL
2999 1960 3297 2030 arborum]
3340 1958 3644 2030 prOpagines
3685 1973 3770 2010 cor-

2229 2053 2538 2117 ruperunt.

2301 2135 2475 2190 LXX:
2507 2138 2884 2208 Contemplare
2912 2138 3080 2202 viam,
3113 2145 3235 2192 tene
3268 2135 3518 2205 lumbum,
3545 2138 3770 2205 conformo

2227 2225 2417 2294 robore
2446 2225 2553 2296 [ΑΙ.
2586 2227 2860 2293 roborare]
2891 2228 3250 2293 vehementer,
3282 2227 3524 2297 quoniam
3540 2224 3770 2279 avertitDo

2226 2317 2413 2372 minus
2433 2316 2831 2370 contumeliam
2857 2317 3040 2386 Iacob,
3071 2317 3212 2371 sicut
3241 2315 3592 2371 contumeliam
3627 2312 3771 2369 Israel:

2227 2407 2360 2474 quia
2388 2409 2718 2460 excutzentes
2748 2413 3109 2461 excusserunt
3130 2422 3237 2472 eos,
3262 2414 3312 2460 ct
3335 2406 3624 2476 propagines
3641 2417 3770 2458 eorum

2224 2493 2472 2549 demoliti
2501 2502 2643 2549 sunt.
2673 2494 2807 2549 Tria
2836 2493 3258 2566 praecipiuntur
3285 2494 3459 2548 Judae.
3483 2492 3708 2556 Primum,
3730 2493 3771 2542 ut

2225 2583 2652 2655 coutempletur
2680 2582 2852 2653 viam,
2887 2588 2944 2638 et
2973 2583 3082 2638 iter
3113 2600 3218 2655 per
3248 2584 3399 2655 quod
3458 2579 3772 2637 ambulatum

2225 2678 2334 2739 est,
2369 2671 2678 2743 diligenter
2709 2672 2971 2744 aspiciat,
2989 2674 3163 2743 juxta
3192 2672 3339 2727 illud
3360 2672 3502 2744 quod
3523 2671 3570 2724 in
3590 2667 3771 2724 Jeremia

2223 2761 2442 2825 scriptu
2452 2779 2507 2816 m
2523 2767 2611 2816 est
2637 2780 2648 2817 :
2667 2766 2819 2817 State
2845 2764 2901 2816 in
2917 2764 3041 2831 viis,
3057 2767 3111 2817 et
3123 2764 3447 2833 interrogate
3468 2761 3650 2814 semitas
3663 2765 3772 2813 ater-

2219 2867 2338 2916 ηας,
2367 2855 2415 2905 et
2447 2851 2629 2906 videte
2653 2866 2786 2921 quae,
2806 2853 2877 2906 sit
2906 2853 2996 2906 via
3028 2853 3172 2906 bona
3191 2869 3212 2911 ;
3235 2856 3285 2906 et
3313 2850 3565 2905 ambulate
3582 2850 3628 2900 in
3643 2863 3690 2900 ea
3705 2845 3773 2913 (lc-

2218 2957 2355 2995 rem.
2387 2957 2461 3005 v1,
2499 2941 2586 3008 16)
2614 2956 2626 2994 :
2663 2944 2728 2994 ut
2757 2957 2890 2995 cum
2923 2941 3264 2995 steterimus
3293 2939 3350 2994 in
3379 2939 3481 2993 viis
3510 2935 3767 2998 multis,ve-

2219 3029 2452 3085 niamus
2475 3029 2546 3083 ad
2573 3045 2700 3084 eam
2727 3030 2878 3084 viam
2903 3046 3028 3100 quae
3051 3029 3197 3084 dicit
3223 3047 3235 3083 :
3267 3031 3370 3099 Ego
3397 3045 3506 3082 sum
3532 3029 3608 3081 via
3641 3024 3766 3088 (toan.

2215 3135 2326 3184 xxv,
2357 3121 2436 3188 6).
2474 3118 2692 3172 Deinde
2715 3118 2931 3173 dicitur
2957 3119 3029 3189 ei,
3050 3123 3116 3172 ut
3148 3123 3344 3174 teneat
3372 3117 3624 3179 lumbum,
3649 3111 3691 3165 id
3709 3111 3769 3164 est

455 3205 516 3262 in
548 3206 754 3261 faciem
789 3205 1210 3278 apostolorum,
1243 3207 1358 3262 ait:
1391 3207 1631 3277 Accipite
1660 3207 1932 3278 Spiritum
1974 3223 2101 3262 san-
2133 3197 2177 3262 C
2217 3212 2283 3262 ut
2312 3212 2442 3278 post
2465 3207 2802 3262 electionem
2833 3207 2936 3262 vite
2971 3207 3285 3263 mortificet
3315 3223 3511 3278 corpus
3553 3216 3707 3264 suum,
3730 3202 3768 3251 et

455 3299 606 3350 ctum
633 3295 812 3366 (Ioan.
843 3312 936 3362 xx,
968 3296 1080 3367 22),
1114 3295 1240 3368 ipse
1260 3299 1349 3351 est
1369 3296 1467 3366 qui
1490 3300 1544 3350 te
1570 3294 1777 3350 liberat
1797 3295 1866 3351 de
1914 3295 2101 3351 tribu-

454 3384 691 3442 latione.
723 3384 964 3441 Vastata
984 3385 1141 3441 enim
1173 3385 1394 3455 Ninive,
1418 3389 1475 3440 et
1495 3388 1834 3464 transeunte
1861 3385 2101 3451 mundo,

451 3474 751 3531 tribulatio
782 3491 1016 3547 quoque
1047 3475 1415 3547 pertransiet.

521 3565 662 3637 Cap.
693 3565 762 3621 II.
797 3596 862 3605 —
895 3565 1060 3620 Vers.
1098 3566 1149 3627 1,
1179 3564 1525 3630 2.)Ascendit
1540 3565 1924 3634 quidispergat
1940 3564 2014 3634 (ιι)
2045 3566 2101 3619 in

450 3657 600 3728 facie
621 3657 738 3724 tua,
769 3653 1078 3710 custodiens
1103 3652 1440 3708 obsidionem
1465 3672 1484 3707 :
1515 3654 1892 3724 contemplare
1929 3655 2100 3717 viam,

449 3747 695 3816 conforta
707 3743 1139 3809 lumbos,robora
1155 3744 1413 3798 virtutem
1425 3740 1609 3797 valde:
1623 3741 1696 3812 (ὁ)
1711 3757 1970 3813 quoniam
1997 3744 2102 3796 sic-

452 3839 514 3888 ut
544 3832 780 3888 reddidit
807 3833 1071 3888 Dominus
1100 3831 1374 3902 superbiae
1399 3830 1582 3895 Iacob,
1641 3846 1722 3885 sic
1770 3830 1952 3885 reddet
2005 3845 2102 3884 su-

445 3920 653 3992 perbiae
679 3919 884 3975 Israel:
919 3920 1050 3989 quia
1082 3922 1379 3974 vastatores
1424 3918 1826 3988 dissipaverunt
1880 3933 1988 3983 eos,
2051 3921 2102 3971 et

445 4010 776 4080 propagines
794 4022 984 4062 eorum
1003 4013 1385 4078 corruperunt.
1408 4005 1758 4062 Necessitate
1784 4005 2102 4078 compellor

452 4095 622 4167 quasi
653 4095 807 4150 inter
831 4111 971 4149 saxa
1000 4098 1056 4150 et
1078 4089 1371 4166 scopulbs,
1392 4093 1738 4150 imminente
1771 4094 2093 4167 naufragio,

451 4183 702 4240 sicinler
718 4182 1024 4239 historiam
1046 4187 1102 4239 et
1123 4182 1459 4256 allegoriam
1484 4184 1765 4240 orationis
1788 4201 1925 4240 mea:
1964 4201 2096 4240 cur-

451 4288 584 4328 sum
608 4273 858 4340 ﬂectere,
878 4269 934 4328 et
954 4290 1025 4330 ne
1045 4272 1238 4329 subito
1258 4272 1546 4346 impingat
1566 4274 1882 4331 attendere.
1909 4273 2098 4345 Siqui-

449 4361 584 4418 dem
607 4361 778 4434 juxta
803 4361 1030 4419 fabulas
1060 4365 1395 4434 poetarum:

575 4517 836 4629 ggxtsgtm
867 4515 1042 4580 Scylla
1065 4515 1223 4574 latus,
1251 4513 1446 4565 laevum
1477 4514 1760 4578 implacata
1779 4513 2094 4579 Charybdis,

666 4592 708 4628 si
833 4593 845 4625 :

666 4592 803 4628 διαθι
833 4593 845 4625 2

456 4721 506 4779 si
528 4739 669 4778 saxa
689 4719 970 4793 fugimus,
1003 4719 1357 4777 incurrimus
1389 4720 1448 4776 in
1486 4721 1642 4778 550
1700 4720 2095 4792 profundum:

454 4810 505 4868 si
534 4813 828 4866 contortos
857 4809 1098 4866 vertices
1128 4811 1436 4880 evitamus,
1470 4809 1527 4864 in
1565 4827 1704 4866 saxa
1758 4809 2095 4866 deferimur.

454 4899 646 4956 Testis
677 4904 768 4955 est
785 4899 928 4954 mihi
959 4900 1260 4970 Dominus,
1284 4915 1376 4954 me
1399 4899 1596 4955 omnia
1624 4917 1750 4971 quae
1773 4901 2096 4955 secundum

452 4985 803 5043 Hebraicum
832 4985 1078 5057 dissero,
1114 5003 1226 5042 non
1275 4986 1346 5042 de
1399 4987 1631 5058 proprio
1684 5003 1860 5043 sensu
1917 4986 2095 5058 loqui,

453 5076 608 5148 quod
644 5074 987 5148 arguiturin
1009 5075 1562 5147 pseudoprophetis;
1596 5077 1696 5131 sed
1731 5077 2096 5132 Hebraeorum

453 5164 620 5238 sequi
651 5164 1093 5237 expositionem,
1123 5182 1157 5220 a
1187 5165 1402 5236 quibus
1434 5181 1546 5220 non
1581 5165 1807 5221 modico
1838 5170 2098 5237 tempore

453 5251 742 5318 eruditus,
777 5253 955 5308 debeo
974 5251 1121 5308 meis
1151 5251 1770 5324 simpliciterindicare
1801 5269 1928 5326 quae
1952 5254 2096 5309 didi-

455 5343 525 5397 ci.
545 5343 710 5398 Certe
731 5342 789 5397 in
812 5340 1046 5396 lectoris
1066 5341 1177 5398 erit
1197 5341 1458 5409 arbitrio,
1475 5359 1607 5398 cum
1629 5349 1943 5414 utrumque
1966 5360 2092 5416 per-

523 5501 599 5573 (a)
626 5500 1096 5574 Palatini_codd.,
1123 5501 1383 5557 Ascendet
1402 5503 1500 5574 qui
1527 5501 1813 5574 dispergat
1842 5517 2029 5557 coram
2047 5506 2096 5558 te

453 5574 512 5626 in
544 5571 705 5644 facie,
735 5577 843 5626 etc.
876 5571 1048 5644 vulg.
1080 5588 1268 5629 coram
1301 5581 1350 5628 te
1379 5571 1475 5644 qui
1525 5571 1814 5640 custodiat,
1880 5590 1982 5644 pro
2036 5577 2098 5629 in

451 5643 598 5712 facie
626 5647 724 5697 tua
753 5643 1079 5699 custodiens.

2216 3295 2483 3352 servituti
2515 3295 2809 3366 subjiciat,
2845 3311 2914 3350 ne
2947 3295 3117 3368 quasi
3150 3313 3250 3351 rex
3281 3301 3338 3351 et
3392 3292 3635 3360 magister
3677 3285 3769 3342 aliis

2213 3384 2555 3457 praedicans,
2581 3385 2706 3456 ipse
2737 3384 3022 3456 reprobus
3041 3384 3374 3441 inveniatur
3394 3385 3435 3455 (Ι
3455 3383 3558 3438 Cor.
3587 3380 3770 3447 αμου-

2212 3490 2353 3545 gum
2387 3479 2478 3530 est
2504 3491 2662 3528 nunc
2692 3474 2903 3539 dicere,
2935 3475 3091 3545 quod
3115 3467 3608 3530 virtusdiabolivel
3637 3462 3769 3520 maxi-

2213 3578 2306 3618 me
2339 3563 2416 3618 sit
2447 3563 2505 3617 in
2537 3562 2778 3628 lumbis,
2812 3567 2869 3618 et
2889 3563 3044 3635 quod
3079 3564 3153 3617 ad
3191 3562 3361 3618 David
3381 3563 3514 3619 551
3539 3552 3774 3627 repromis-

2212 3651 2298 3708 sio
2330 3653 2470 3708 ﬁat:
2502 3653 2578 3707 De
2603 3655 2787 3722 fructu
2817 3653 2991 3708 lumbi
3011 3654 3097 3708 tui
3125 3669 3330 3723 ponam
3383 3665 3523 3721 super
3574 3645 3770 3698 thronum

2211 3749 2364 3797 tuum
2393 3746 2508 3808 (Ps.
2539 3758 2731 3808 cxxxr,
2773 3743 2879 3812 11).
2914 3742 2983 3796 Et
3013 3740 3156 3797 illuc
3185 3740 3441 3815 Apostoli
3461 3757 3478 3795 :
3495 3735 3640 3822 Adhuc
3662 3729 3776 3822 cuius

2210 3832 2267 3885 in
2300 3832 2483 3886 lumbo
2511 3832 2696 3901 patris
2725 3831 2815 3885 sui
2841 3835 2960 3885 erat
2989 3831 3262 3899 Abrahae,
3296 3829 3444 3895 Levi,
3470 3821 3660 3898 quando
3699 3816 3772 3870 ivit

2211 3919 2268 3975 in
2298 3936 2604 3975 occursum
2630 3919 2923 3975 Abraham
2941 3918 3368 3976 Melchisedech
3418 3917 3576 3989 (Hebr.
3590 3926 3673 3976 vn,
3697 3905 3770 3973 10}.

2207 4012 2276 4064 Et
2307 4010 2462 4081 quod
2493 4008 2747 4064 Joannez
2777 4025 2922 4064 zona
2944 4008 3188 4080 pellicea
3205 4008 3459 4080 cingitur
3483 3999 3664 4073 (Matth.
3691 3993 3771 4088 nil,

2207 4101 2264 4154 et
2289 4099 2444 4170 quod
2477 4097 2816 4153 aSalvatore
2842 4097 3152 4170 discipulis
3173 4099 3514 4171 imperatur:
3533 4092 3635 4147 Sint
3651 4081 3771 4140 lumbi

2203 4190 2370 4244 vestri
2396 4189 2687 4258 praecincti
2707 4189 2860 4258 (Luc.
2887 4205 2986 4256 xu,
3020 4189 3132 4260 35).
3151 4189 3224 4243 Et
3243 4183 3539 4259 Apostolus
3559 4179 3619 4236 ad
3637 4171 3764 4245 Ερδε·

2204 4276 2324 4331 sios
2373 4294 2386 4331 :
2422 4276 2567 4331 State
2595 4292 2719 4346 ergo
2751 4278 2988 4331 accincti
3010 4277 3225 4332 lumbos
3263 4283 3460 4331 vestros
3512 4273 3568 4326 in
3611 4263 3772 4321 verita“

2203 4366 2415 4438 (Ephes.
2446 4366 2649 4432 vui-’1):
2674 4365 2808 4420 licet
2835 4365 2991 4420 enim
3014 4362 3242 4434 ἃσκησις
3261 4363 3562 4437 plurimum
3589 4349 3771 4428 praestet,

2203 4459 2262 4510 et
2274 4455 2402 4510 vitae
2417 4453 2774 4510 continentia
2786 4454 2840 4507 in
2858 4471 2922 4508 su
2935 4471 3034 4524 per
3048 4451 3494 4509 mortiﬁcatione
3505 4444 3774 4504 lumborum

2136 4566 2180 4629 ι)
2212 4547 2410 4599 tamen
2440 4542 2587 4597 nihil
2617 4559 2716 4598 eos
2747 4542 2829 4597 ita
2860 4543 3173 4598 mortiticat
3203 4549 3270 4598 ut
3299 4539 3540 4613 cognitio
3567 4525 3774 4629 veritati:

2210 4632 2374 4689 Unde
2397 4632 2609 4687 dicitur
2634 4647 2647 4686 :
2671 4633 2959 4700 Accingite
2987 4631 3200 4687 lumbos
3221 4610 3418 4687 vestros
3447 4629 3502 4684 in
3536 4610 3776 4679 veritdaSi

2208 4721 2364 4778 enim
2395 4721 2610 4776 veritas
2639 4723 2726 4774 est
2747 4719 3036 4787 Christus,
3063 4719 3163 4791 qui
3189 4724 3315 4775 tota
3337 4718 3394 4773 in
3415 4714 3618 4771 Christo
3638 4703 3775 4794 melli?

2207 4809 2473 4878 credidit,
2498 4809 2730 4864 lumbos
2747 4826 2886 4864 suos
2919 4808 3292 4864 mortificavit
3325 4808 3383 4862 in
3412 4792 3773 4888 Chrisw.lerﬁ0

2205 4899 2559 4972 praecipitur,
2592 4898 2919 4954 confortare
2948 4897 3160 4953 virtute
3188 4897 3404 4952 nimis:
3454 4885 3666 4961 elegis“.
3709 4885 3767 4972 ίηξ

2206 4989 2354 5060 quit,
2386 4987 2562 5051 viam,
2594 4987 2834 5042 tenuisti
2866 4987 3403 5057 lumbum,assume
3439 4965 3768 5060 virtutem}ut

2207 5057 2398 5150 possis
2430 5093 2689 5149 pugnare
2710 5093 2845 5132 cum
2875 5077 3164 5132 hostibus.
3199 5076 3271 5130 Et
3304 5090 3374 5130 ne
3403 5075 3538 5128 forte
3578 5057 3766 5150 dillida-f»

2205 5149 2380 5222 datur
2405 5165 2512 5221 tibi
2542 5181 2720 5220 causa
2749 5181 2854 5220 cur
2883 5181 3080 5237 speres
3108 5181 3120 5220 :
3153 5164 3380 5231 Avertit,
3412 5156 3604 5230 inquit,
3639 5149 3765 5237 Dant:

2206 5272 2307 5312 nus
2335 5255 2729 5311 contumeliam
2775 5229 2954 5324 Iacob,
3017 5257 3157 5310 sicut
3217 5229 3589 5309 contumeliam
3634 5229 3760 5294 Ιππεί·

2205 5345 2360 5417 quod
2394 5342 2737 5415 ambiguum
2765 5347 2884 5398 est:
2921 5348 3022 5398 aut
3051 5343 3202 5399 enim
3233 5341 3422 5415 ipsius
3450 5332 3606 5394 Jacob
3624 5324 3761 5386 conﬂl'

2277 5504 2350 5575 (b)
2376 5502 2571 5576 Vulg”
2589 5503 2720 5573 quia
2755 5501 2991 5576 reddidit
3027 5504 3297 5576 Dominus
3330 5471 3760 5576 superbigm

2202 5557 2347 5632 sicut
2365 5557 2686 5657 superbiam
2706 5574 2901 5630 Israel.
2926 5557 3136 5632 Confer
3153 5557 3484 5630 subnexam
3513 5557 3763 5624 Hieroniun

2204 5652 2653 5720 expositionem.
