4008 6184
79 350 243 420 1948

895 343 1645 417 GOMMENTABIOBUM
1686 345 1768 411 IN
1811 343 2043 411 NAUM
2084 340 2339 410 LIBER.
2383 345 2559 411 CAP.
2605 342 2685 409 II.

3343 347 3504 412 1246

82 489 353 561 meliam,
376 503 495 562 qua
515 484 739 545 ceteris
763 485 1010 543 faciebat
1024 485 1329 569 injuriam,
1358 484 1599 541 avertit:
1633 486 1734 538 aut
1761 483 1817 550 Α
1842 484 2142 555 parabilur
2167 484 2575 541 umbraculum.
2604 485 2790 541 Porta
2807 483 3105 554 ﬂuviorum
3124 485 3331 557 apertae
3347 492 3503 557 sunt,

79 577 502 638 contumeliam
514 622 527 645 ,
551 592 729 649 quam
743 576 814 631 ab
830 575 959 632 aliis
971 574 1510 644 sustinebatJacob,
1529 573 1737 629 avertit

77 669 389 727 Dominus.
412 666 524 723 Sed
549 666 694 721 mihi
715 665 944 721 videtur
966 665 1177 721 melius
1197 682 1325 720 esse
1352 669 1417 720 ut
1442 668 1740 719 contume-

1849 579 1901 631 et
1931 578 2198 649 templum
2230 576 2299 633 ad
2327 576 2507 632 solum
2534 574 2783 629 dirutum
2820 577 2921 640 est,
2953 582 3005 630 et
3050 577 3211 633 miles
3258 579 3505 649 captivus

1845 664 2111 722 abductus
2141 671 2240 733 est,
2271 674 2323 721 et
2349 664 2574 721 ancillae
2600 663 2718 735 ejus
2747 664 3124 742 minabantur,
3147 674 3426 742 gemente:
3444 678 3507 732 ut

78 759 225 815 liam
250 773 425 831 quam
444 756 622 812 Jacob
639 754 863 811 solebat
879 755 1100 811 caeteris
1118 755 1324 821 facere,
1344 771 1377 809 a
1397 753 1643 810 Domino
1664 752 1740 807 sit
1848 754 2135 821 columba,
2166 762 2583 811 murmurantes
2611 755 2672 809 in
2698 738 2950 809 cordibus
2967 758 3105 811 suis.
3136 738 3278 814 LXX
3303 777 3316 816 :
3339 762 3509 820 Arma

78 864 306 904 aversa.
338 846 464 901 Non
495 844 652 901 enim
682 848 858 899 tantae
882 843 1116 899 virtutis
1140 848 1249 912 est,
1278 843 1351 898 ab
1374 843 1504 898 aliis
1528 843 1738 897 factam
1848 847 2103 915 potentia
2131 846 2248 917 ejus
2278 860 2347 899 eo:
2375 843 2712 908 hominibus,
2742 844 2890 899 viros
2932 847 3100 916 fortes
3128 848 3418 907 illudentes
3447 854 3504 907 in

81 936 365 1009 injuriam
396 934 711 1001 sustinere,
748 938 980 1006 quantae
1010 933 1210 1006 gratiis
1241 932 1468 988 Domini
1490 936 1601 997 est,
1626 930 1744 1003 pla-

80 1026 308 1096 cidum,
341 1023 566 1090 mitem,
598 1029 771 1095 atque
800 1022 1210 1095 tranquillum,
1245 1021 1523 1092 injuriam
1557 1019 1745 1076 facere

84 1132 204 1172 non
235 1130 429 1187 posse.
461 1111 769 1183 Quaeritur,
813 1111 1108 1184 quomodo
1158 1128 1362 1168 aversa
1409 1115 1499 1167 est
1528 1109 1747 1181 injuria

81 1206 287 1270 Jacob,
318 1202 471 1259 sicut
502 1216 704 1257 aversa
733 1201 923 1256 fuerat
964 1205 1022 1256 et
1068 1200 1269 1266 Israel,
1320 1205 1630 1273 postquam
1660 1198 1748 1255 lu-

86 1298 280 1351 ctatus
309 1296 398 1348 est
420 1290 601 1347 Jacob
624 1305 757 1345 cum
783 1289 1010 1363 angelo,
1039 1290 1271 1347 Israelis
1295 1307 1507 1347 nomen
1534 1289 1749 1346 meruit

87 1383 349 1455 accipere
374 1381 589 1453 (Genes.
613 1380 814 1448 xxxu),
837 1383 894 1435 et
914 1380 1053 1452 quia
1072 1379 1216 1435 vidit
1242 1384 1447 1445 Deum,
1469 1379 1747 1451 injuriam

88 1474 280 1529 facere
309 1468 575 1526 cessavit.
607 1468 768 1525 sicut
796 1485 932 1540 ergo
965 1469 1161 1535 Israel,
1195 1485 1407 1525 sensus
1429 1468 1518 1525 vel
1558 1469 1647 1524 vir
1665 1468 1747 1523 vi-

87 1562 234 1619 dens
272 1560 479 1624 Deum,
510 1562 568 1614 et
595 1574 827 1631 semper
859 1558 931 1613 de
965 1562 1076 1613 Deo
1116 1558 1403 1629 cogitans,
1436 1557 1623 1613 facere
1645 1574 1748 1613 ne-

91 1647 529 1720 scitinjuriam,
563 1645 647 1703 sic
677 1646 871 1703 omnis
920 1645 1239 1719 procacitas
1288 1651 1346 1702 et
1395 1645 1752 1702 contumelia

90 1755 293 1797 aversa
319 1741 411 1793 est
439 1753 474 1791 a
506 1736 708 1805 Jacob,
751 1734 861 1792 hoc
899 1740 1007 1803 est,
1032 1752 1066 1790 a
1096 1735 1558 1808 supplantatore,
1582 1735 1653 1790 ab
1684 1751 1750 1789 eo

93 1828 192 1902 qui
206 1826 397 1884 adhuc
416 1825 477 1880 in
498 1824 821 1881 certamine
845 1823 1074 1896 positus
1097 1822 1437 1897 supplantat
1457 1824 1748 1880 inimicos.
1782 1854 1831 1919 B

91 1917 167 1974 Ut
196 1919 393 1972 autem
425 1913 703 1983 sciamus,
737 1913 1029 1985 quomodo
1062 1912 1354 1983 injuriain
1385 1912 1600 1968 malam
1626 1928 1753 1984 par-

89 2010 211 2061 tem
241 2002 583 2076 accipiatur,
624 2000 902 2057 Salomon
940 2001 1109 2057 testis
1163 2006 1271 2068 est,
1322 2001 1560 2057 dicens:
1597 2001 1755 2057 Oculi

95 2092 204 2167 [ΑΙ.
238 2092 460 2161 Oculus]
500 2091 880 2147 contumeliosi
935 2090 1125 2160 lingua
1182 2090 1379 2161 iniqua
1434 2090 1613 2161 (Prov.
1645 2089 1748 2162 vr).

97 2182 398 2250 Quomodo
415 2186 609 2236 autem
633 2179 955 2235 secundum
981 2183 1289 2250 utramque
1305 2177 1752 2251 intelligentiam

95 2269 314 2344 injuria
340 2284 544 2325 aversa
574 2267 655 2323 sit
683 2285 715 2322 a
743 2267 945 2339 Jacob,
978 2283 1109 2339 quae
1138 2267 1304 2339 prius
1337 2283 1539 2323 aversa
1558 2266 1754 2341 fuerat

97 2361 169 2417 ab
193 2357 394 2430 Israel,
418 2373 673 2429 sequens
695 2372 888 2412 sermo
918 2356 1213 2412 declarat:
1250 2358 1395 2427 Quia
1421 2359 1754 2414 excutientes

95 2450 450 2507 excusserunt
481 2462 588 2514 eos,
619 2449 673 2501 et
700 2445 930 2518 ﬂagella
960 2460 1150 2501 eorum
1178 2445 1429 2501 demoliti
1452 2450 1602 2517 sunt,
1633 2446 1755 2502 sive

94 2544 483 2610 corruperunt.
511 2536 665 2593 552
712 2532 938 2607 Angeli,
972 2533 1188 2609 inquit,
1223 2533 1617 2607 singulorum,
1652 2536 1754 2607 qui

97 2626 361 2700 quotidie
376 2626 573 2681 vident
589 2622 796 2679 faciem
813 2622 1004 2678 Patris
1024 2623 1248 2695 (Matth.
1272 2640 1431 2695 xvm,
1459 2624 1567 2694 10),
1592 2623 1757 2696 quid-

99 2717 242 2790 quid
264 2715 326 2770 in
346 2713 526 2770 Jacob
550 2718 606 2769 et
628 2711 801 2769 Israel
825 2711 1153 2768 adhaeserat
1187 2712 1462 2785 pulveris,
1485 2730 1757 2770 excusse-

100 2810 260 2862 runt.
296 2804 461 2861 Unde
490 2807 547 2859 et
578 2802 745 2857 Petro
784 2800 1056 2856 lavantur
1078 2802 1252 2872 pedes
1294 2802 1470 2874 (Joon.
1511 2806 1657 2871 xm).
1693 2803 1757 2858 Et

98 2911 206 2967 per
232 2892 581 2966 prophetam
602 2890 819 2946 dicitur
842 2908 861 2945 :
884 2892 1090 2946 Excute
1104 2891 1408 2961 pulverem,
1438 2900 1489 2947 et
1502 2908 1757 2964 exsurge,

98 2983 401 3041 Jerusalem
422 2982 579 3053 (Isai.
601 2996 694 3035 LII.
716 2979 793 3051 2).
819 2978 1134 3051 Discipulis
1155 2995 1389 3052 quoque
1411 2997 1443 3036 a
1464 2981 1760 3038 Salvatore

100 3072 490 3146 praecipitur:
552 3070 799 3126 Exeulite
849 3070 1127 3140 pulverem
1195 3070 1400 3141 pedum
1464 3073 1762 3127 vestrorum

1851 933 1979 1003 igne
2001 933 2102 1004 (a),
2129 933 2353 990 habena
2372 950 2638 989 curruum
2658 950 2847 991 eorum
2871 935 2932 989 in
2956 934 3042 990 die
3076 941 3503 1008 praeparationis

1852 1022 1989 1093 ejus,
2021 1030 2072 1077 et
2099 1025 2304 1094 equites
2330 1023 2579 1079 tinebunt
2608 1025 2667 1077 in
2697 1024 2974 1079 exitibus:
3016 1033 3068 1080 et
3096 1026 3509 1100 confundentur

1853 1127 2068 1180 currus,
2100 1120 2151 1168 et
2176 1112 2508 1168 collidentur
2529 1114 2589 1167 in
2616 1114 2835 1184 plateis.
2867 1114 3120 1186 Aspectus
3139 1131 3335 1173 eorum
3354 1122 3514 1191 quasi

1857 1200 2132 1272 lampades
2169 1202 2335 1273 ignis,
2363 1206 2415 1257 et
2444 1204 2605 1273 quasi
2629 1202 2855 1274 fulgura
2883 1202 3269 1278 discurrentia,
3291 1211 3343 1263 et
3360 1224 3510 1265 com-

1854 1290 2311 1345 memorabuntur
2337 1293 2623 1363 Optimates
2651 1306 2861 1360 eorum,
2893 1301 2943 1348 et
2970 1295 3190 1365 fugient
3217 1296 3275 1351 in
3296 1296 3508 1370 diebus,

1857 1381 1908 1433 et
1940 1377 2375 1447 inﬁrmabuntur
2403 1381 2459 1434 in
2493 1380 2691 1435 itinere
2715 1396 2831 1445 suo,
2858 1389 2910 1437 et
2924 1382 3276 1456 festinabant
3296 1386 3377 1442 ad
3394 1403 3513 1443 mu-

1857 1482 1967 1535 ros,
1984 1470 2034 1521 et
2053 1467 2447 1539 praeparabant
2461 1471 2874 1541 propugnacula
2893 1486 2996 1526 sua
3012 1489 3025 1525 :
3034 1482 3207 1543 porta:
3230 1476 3514 1532 civitatum

1857 1563 2067 1626 aperta:
2083 1559 2230 1626 sunt,
2248 1564 2299 1612 et
2320 1558 2527 1629 regalia
2538 1558 2912 1627 conciderunt,
2925 1568 2976 1615 et
2989 1561 3299 1619 substantia
3314 1564 3515 1621 revela-

1859 1645 2005 1699 taest
2018 1662 2031 1711 ;
2046 1654 2097 1700 et
2108 1647 2229 1716 ipsa
2240 1646 2581 1715 ascendebat,
2600 1650 2650 1702 et
2662 1648 2887 1703 ancillz
2897 1650 3015 1720 ejus
3024 1649 3515 1709 ducebantursicut
3618 1718 3627 1727 _

1858 1733 2127 1791 columba
2153 1735 2307 1792 εδδ
2336 1735 2612 1805 loquentes
2640 1736 2701 1791 in
2726 1737 2983 1793 cordibus
3011 1742 3148 1795 suis.
3181 1742 3515 1802 Secundum

1859 1819 2065 1876 bistori
2074 1839 2167 1877 am
2192 1823 2502 1879 adversum
2515 1824 2757 1881 Niniven
2770 1827 2911 1883 ordo
2925 1829 3215 1901 sequitur,
3229 1835 3288 1887 et
3298 1832 3517 1890 descri-

1860 1909 2019 1964 bitur
2048 1910 2503 1984 Babyloniorum
2534 1913 2822 1970 exercitus
2852 1919 3056 1972 contra
3095 1934 3223 1975 eam
3257 1921 3516 1980 veniens.

1861 1999 2022 2064 Quod
2039 2003 2232 2055 autem
2246 2000 2537 2071 aitzlgneae
2550 2002 2784 2061 habenae
2794 2020 3084 2076 curruum,
3101 2007 3159 2063 in
3174 2010 3518 2070 ardentibus

1860 2085 2022 2177 loris,
2037 2087 2944 2165 velocitatem(b)praaparantium
2960 2094 3337 2168 significat,et
3348 2118 3524 2177 quasi

1862 2172 2152 2245 ἐπισκευῆς
2177 2180 2632 2251 praeparantium
2655 2199 2718 2238 se
2740 2183 2810 2237 ad
2846 2183 3112 2256 praelium
3148 2172 3520 2263 pompa‘nar:

1861 2274 2045 2320 ratur.
2064 2268 2555 2340 Commixtimque
2568 2287 2722 2325 nunc
2735 2270 2806 2327 de
2820 2272 2997 2328 Israel
3011 2290 3136 2346 quae
3151 2276 3292 2333 olim
3307 2295 3520 2350 passus

1862 2352 1960 2421 sit,
1985 2370 2142 2410 nunc
2162 2356 2233 2411 de
2252 2356 2492 2429 Assyrio
2514 2359 2667 2429 quod
2702 2359 2921 2428 fecerit,
2976 2379 3133 2419 nunc
3180 2366 3252 2420 de
3270 2366 3521 2441 Babylo-

1863 2443 1976 2499 niis
1999 2460 2126 2515 quaa
2146 2450 2449 2501 exerceant
2465 2445 2523 2501 in
2543 2448 2832 2521 Assyrios,
2852 2450 3150 2522 Scriptura
3168 2456 3513 2514 contexitur.

1862 2534 1988 2589 Non
2010 2537 2099 2589 est
2118 2551 2275 2608 ergo,
2299 2535 2400 2606 ait,
2425 2535 2638 2592 mirum
2658 2536 2707 2593 si
2727 2542 2848 2593 tam
2868 2538 3141 2597 velociter
3176 2543 3249 2598 ad
3279 2548 3511 2603 vastan-

1864 2622 2006 2677 dum
2036 2622 2291 2694 veniant,
2338 2641 2470 2681 cum
2528 2626 2843 2699 agitatores
2898 2633 2955 2685 et
3011 2630 3188 2687 fortes
3217 2632 3305 2689 vel
3335 2634 3515 2693 Israel

1864 2714 2019 2778 ante,
2043 2710 2129 2767 vel
2156 2715 2359 2783 postea
2377 2714 2747 2786 Assyriorum
2783 2715 3000 2772 fuerint
3036 2721 3343 2794 consopiti.
3367 2724 3515 2781 Rur-

1866 2816 2117 2871 sumque
2139 2801 2208 2855 ad
2233 2801 2644 2875 descriptionis
2664 2804 2927 2861 ordinem
2950 2808 3211 2866 rediens:
3234 2811 3521 2872 Tantaest

1866 2889 2059 2961 inquit
2082 2889 2399 2947 multitudo
2419 2891 2800 2961 venientium,
2819 2899 2885 2950 ut
2900 2898 3283 2956 commixtum
3304 2918 3517 2975 agmen

1867 2977 1944 3034 sit
1963 2979 2021 3034 in
2044 2979 2271 3047 itinere,
2298 2985 2355 3036 et
2375 2981 2626 3037 discerni
2650 2988 2915 3056 nequeat.
2948 2987 3095 3059 Ipsae
3116 3005 3341 3063 quoque
3372 3008 3516 3065 qua-

1869 3066 2045 3139 drigae
2075 3069 2216 3122 dum
2246 3068 2399 3123 viam
2432 3085 2545 3125 non
2604 3072 2921 3143 reperiunt,
2981 3090 3096 3145 praa
3145 3076 3520 3137 multitudine

101 3161 317 3233 (latth.
348 3178 407 3227 x,
439 3159 550 3230 14).
582 3159 654 3214 Et
698 3157 758 3213 in
807 3157 1060 3213 Psalmis
1111 3158 1398 3229 scriptum
1440 3164 1567 3215 est:
1613 3160 1762 3215 Sicut
1796 3224 1833 3240 Α
1869 3153 2023 3210 inter
2049 3173 2111 3212 se
2132 3156 2493 3213 colliduntur
2517 3158 2575 3213 in
2598 3158 2827 3232 plateis.
2866 3166 3156 3235 Aspectus
3175 3166 3522 3240 Babylonio-

97 3224 324 3320 sagittae
352 3224 413 3305 in
437 3224 609 3303 manu
632 3249 889 3320 potentis,
922 3248 1001 3301 ita
1043 3247 1156 3316 ﬁlii
1199 3224 1555 3303 eaxcussorum
1587 3250 1756 3321 (Ρδαι,
1792 3224 1835 3291 C
1874 3260 2005 3299 rum
2027 3245 2197 3317 quasi
2224 3245 2547 3318 lampades,
2572 3224 2739 3320 quasi
2763 3224 2996 3323 fulgura
3023 3224 3432 3326 discurrentia,
3464 3224 3531 3315 ut

94 3356 265 3395 cxxvx
296 3339 372 3409 4).
409 3343 627 3393 Aversa
656 3340 745 3391 est
773 3336 975 3408 itaque
1027 3352 1193 3392 mens
1245 3336 1317 3392 ad
1350 3338 1768 3394 contumeliam

93 3432 394 3502 prompta,
424 3442 458 3482 a
485 3442 620 3482 vero
650 3424 848 3493 Jacob,
887 3429 944 3479 et
964 3442 997 3480 a
1018 3442 1154 3481 vero
1186 3425 1403 3481 Israel:
1431 3427 1571 3498 quia
1593 3426 1769 3498 quid-

96 3517 240 3592 quid
265 3517 329 3571 in
350 3514 436 3571 eis
460 3518 758 3570 terrenum
784 3513 991 3579 fuerat,
1014 3518 1074 3568 et
1096 3514 1167 3568 de
1204 3513 1462 3569 inferiori
1487 3515 1605 3571 lece
1634 3532 1769 3571 con-

95 3612 351 3671 cretum,
384 3604 496 3659 hoc
526 3602 815 3658 ministris
847 3601 1098 3674 angelis,
1135 3602 1259 3659 sive
1288 3604 1681 3660 monitoribus
1704 3621 1770 3660 ac

95 3694 408 3769 magistris
432 3708 747 3749 excussum
778 3695 868 3748 est
898 3695 1074 3763 atque
1112 3692 1492 3757 mandatum,
1523 3694 1622 3764 qui
1655 3710 1770 3749 non

94 3785 299 3844 solum
334 3784 718 3839 excusserunt
760 3797 900 3838 eos:
935 3782 1036 3838 sed
1085 3780 1204 3836 vita
1245 3798 1500 3853 quoque,
1542 3799 1668 3854 quae
1699 3782 1770 3839 ad

95 3888 368 3950 praesens
396 3876 626 3927 tantum
656 3886 871 3927 sensus
898 3870 1197 3942 voluptate
1240 3869 1594 3939 demulcent,
1628 3876 1685 3927 et
1714 3871 1771 3926 in

98 3963 360 4021 modum
387 3958 774 4033 ﬂagellorum,
807 3975 873 4015 ac
920 3959 1335 4032 propaginum,
1391 3976 1519 4031 quae
1550 3962 1775 4033 absque

100 4055 308 4110 fructu
332 4048 486 4106 foliis
508 4047 679 4121 plena
700 4051 861 4115 sunt,
904 4047 1361 4121 dissipaverunt,
1408 4049 1636 4106 dicente
1661 4050 1772 4107 Do-

99 4142 273 4198 mino
299 4156 314 4194 :
350 4139 577 4196 Omnem
606 4138 986 4210 propaginem,
1018 4153 1144 4211 quae
1164 4140 1222 4193 in
1246 4153 1334 4193 me
1355 4145 1563 4206 manet,
1587 4147 1638 4195 et
1651 4142 1774 4212 fru-

93 4238 254 4287 ctum
277 4228 460 4301 aﬂ‘ert,
510 4228 674 4282 Pater
719 4242 873 4282 meus
918 4226 1154 4282 mundat
1197 4230 1257 4281 ut
1301 4229 1547 4298 fructum
1592 4230 1774 4301 magis

96 4320 348 4392 afferat:
408 4315 549 4389 quod
579 4324 764 4372 antem
802 4316 863 4371 in
905 4332 991 4373 me
1033 4331 1146 4371 non
1198 4324 1406 4385 manet,
1455 4324 1507 4373 et
1532 4316 1780 4389 fructum

96 4406 432 4479 nonaﬁert,
463 4407 634 4462 Pater
673 4420 828 4460 meus
868 4403 1151 4475 prmeidet,
1195 4407 1246 4460 et
1293 4406 1353 4460 in
1396 4407 1579 4476 ignem
1605 4409 1781 4463 mittit

96 4496 320 4569 (latth.
354 4496 469 4567 xv).

1879 3337 2011 3389 ante
2030 3334 2159 3390 visu
2183 3336 2546 3392 adversarios
2567 3342 2843 3405 terreant,
2865 3357 3045 3412 quam
3076 3352 3355 3402 mucrone
3392 3363 3530 3418 pro-
3618 3392 3628 3401 .

1877 3426 2162 3477 sternant.
2184 3423 2348 3479 Tunc
2374 3425 2777 3481 recordabitur
2796 3434 2985 3483 Assur
3004 3430 3241 3487 fortium
3264 3449 3529 3507 suorum,

1878 3514 1935 3565 et
1954 3514 2174 3582 quaeret
2195 3527 2317 3576 eos,
2342 3512 2441 3583 qui
2464 3512 2522 3567 in
2541 3511 2851 3570 itineribus
2872 3523 3239 3587 corruerunt,
3262 3524 3318 3576 et
3335 3538 3531 3579 ascen-

1880 3599 1979 3655 det
1996 3598 2274 3655 velociter
2293 3616 2494 3656 muros
2531 3601 2756 3670 Ninive,
2800 3620 2866 3659 ac
2902 3609 3139 3678 propter
3167 3608 3529 3667 obsidionem

1880 3687 2361 3760 (c)longissimam
2378 3690 2449 3745 ad
2468 3689 3029 3762 depellendoseastus
3041 3697 3391 3768 preparabit
3406 3715 3532 3755 um-

1880 3776 2120 3832 bracula
2140 3778 2251 3849 (Ps.
2276 3783 2486 3849 cxxvr).
2525 3779 2634 3835 Sed
2674 3779 2816 3851 quid
2850 3780 3091 3852 prodest
3112 3784 3399 3843 aediﬁcare
3428 3786 3531 3844 do-

1882 3882 2068 3931 mum,
2101 3866 2212 3921 nisi
2245 3867 2530 3923 Dominus
2560 3868 2974 3926 aadificaverit?
3002 3871 3149 3938 Quid
3180 3874 3341 3946 iuvat
3371 3874 3531 3933 clau-

1881 3954 2017 4011 dere
2056 3960 2274 4026 portas,
2308 3971 2455 4028 quas
2504 3955 2790 4013 Dominus
2833 3960 3101 4016 reserat?
3138 3962 3362 4034 Aperta:
3393 3970 3535 4024 sunt

1882 4048 2063 4115 porta:
2094 4043 2319 4115 Ninive,
2352 4062 2479 4118 quas
2509 4046 2581 4101 ad
2613 4045 2800 4102 instar
2846 4048 3158 4107 ﬂuminum
3206 4052 3421 4111 habeat
3451 4056 3533 4112 ci-

1883 4132 2042 4187 vium
2065 4133 2528 4206 multitudinem,
2548 4139 2606 4191 et
2618 4136 2926 4209 templum,
2945 4138 3002 4194 id
3019 4144 3129 4210 est,
3145 4158 3389 4213 regnum
3406 4145 3535 4217 ejus

1883 4221 2249 4278 destructum
2272 4227 2381 4290 est,
2404 4227 2462 4279 et
2482 4223 2651 4280 miles
2677 4226 2944 4299 captivus
2964 4229 3255 4287 abductus
3286 4238 3394 4301 est,
3425 4233 3537 4292 hoc

1884 4314 1996 4375 est,
2016 4327 2219 4367 omnes
2241 4313 2397 4368 ducti
2422 4317 2563 4369 sunt
2583 4312 2643 4368 in
2694 4314 3065 4390 Babylonem.
3115 4319 3374 4378 Ancillas
3402 4339 3537 4380 vero

1883 4399 2088 4456 Ninive
2107 4417 2210 4473 per
2230 4401 2633 4475 metaphoram
2657 4404 2915 4462 minores
2936 4405 3109 4463 urbes
3147 4412 3205 4463 et
3238 4408 3460 4467 viculos
3481 4417 3540 4468 et

1885 4488 2125 4545 castella
2144 4489 2425 4564 intellige.
2451 4491 2553 4548 Vel
2590 4480 2746 4549 certe
2768 4493 3006 4566 captivae
3042 4494 3318 4554 mulieres
3347 4499 3536 4556 mina-

173 4586 368 4657 (Vers.
400 4584 454 4639 3.
490 4586 684 4655 seqq.)
710 4582 946 4656 Clypeus
986 4583 1216 4653 fortium
1242 4583 1361 4653 ejus
1409 4584 1639 4652 ignitus,
1670 4584 1783 4639 viri
1808 4593 1858 4659 D
1885 4576 2109 4632 buntur
2129 4584 2262 4635 ante
2278 4596 2380 4635 ora
2398 4580 2684 4636 victorum
2715 4585 3069 4654 ;tantusque
3101 4584 3284 4641 terror
3302 4587 3431 4659 erit,
3473 4592 3540 4643 ut

91 4676 381 4734 exercitus
411 4674 473 4728 in
502 4672 768 4728 coccineis
795 4688 807 4726 :
859 4674 1039 4743 ignea
1085 4670 1319 4729 habenae
1365 4688 1558 4728 currus
1607 4675 1667 4728 in
1695 4672 1784 4729 die
1890 4664 2037 4720 nein
2063 4666 2358 4740 singultus
2379 4668 2616 4740 quidem
2646 4673 2705 4724 et
2732 4669 3025 4726 ululatum
3055 4678 3325 4747 erumpat
3352 4675 3537 4746 dolor,

88 4763 541 4838 praeparationis
571 4762 730 4835 ejus:
781 4763 833 4817 et
881 4763 1183 4830 agitatores
1227 4761 1494 4833 consopiti
1537 4765 1685 4829 sunt,
1720 4763 1779 4816 in

94 4852 411 4912 itincribus
439 4849 752 4909 conturbati
796 4854 947 4922 sunt,
997 4850 1277 4923 quadrigae
1307 4848 1521 4907 collisae
1564 4858 1694 4907 sunt
1721 4868 1782 4906 in

90 4940 609 5018 plateis.Aspeclus
630 4956 821 4997 eorum
842 4956 974 5013 qua:
1025 4938 1321 5011 lampades,
1359 4940 1517 5011 quasi
1553 4940 1781 5011 fulgura

95 5031 511 5089 discurrentis.
544 5028 936 5087 Recordabitur
983 5029 1213 5099 fortium
1253 5043 1498 5097 suorum,
1530 5032 1689 5083 ruent
1718 5029 1777 5082 in

96 5119 415 5178 itineribus
433 5120 569 5185 suis,
599 5118 860 5175 velociter
875 5116 1167 5173 ascendent
1194 5132 1380 5173 muros
1400 5117 1538 5188 ejus,
1558 5120 1609 5172 et
1627 5133 1698 5189 pr
1708 5132 1778 5173 ae-

205 5331 478 5412 a)I‘§ostri
492 5348 636 5412 mss.
653 5330 1099 5412 ignesgliabenae,
1116 5331 1293 5412 proin
1310 5329 1457 5412 ἱρῆς,
1472 5330 1775 5412 etc.,_q_uod

98 5400 272 5465 infra
304 5400 741 5477 ipsepraeferre
797 5402 1029 5477 Hieron.
1086 5400 1337 5477 videtur.
1398 5400 1549 5455 Tum
1597 5400 1775 5477 iidem

90 5471 350 5553 junctis
370 5471 657 5531 Brixianis
680 5472 1233 5553 penes_Yictorium.
1272 5471 1623 5544 Grecusque
1652 5471 1777 5544 ipse

96 5543 314 5609 textus
348 5563 549 5603 vocem
580 5543 767 5603 eorum
787 5544 1108 5601 sufficiunt.
1156 5543 1288 5599 Mox
1324 5543 1580 5616 quoque
1617 5543 1777 5599 eam-

97 5625 249 5681 dem
272 5634 495 5700 vocem
505 5635 612 5700 pro
628 5621 747 5700 ejus
766 5618 1133 5700 substituunt
1153 5613 1338 5700 nostri
1364 5613 1508 5700 mss}
1536 5632 1550 5683 ;
1572 5618 1778 5700 estque

97 5708 325 5753 revera
350 5689 414 5747 in
443 5685 670 5764 aliquot
698 5688 912 5750 Graecis
956 5685 1411 5761 exemplaribus,
1461 5685 1776 5760 ὲτοιμαᾱίας

1890 4754 1991 4809 sed
2016 4755 2170 4811 intra
2190 4773 2251 4812 se
2273 4756 2446 4812 tacite
2467 4761 2726 4829 gemant,
2750 4762 2807 4813 et
2828 4759 3077 4815 obscuro
3111 4778 3414 4820 murmure
3440 4765 3539 4821 de-

1886 4849 2089 4900 vorent
2110 4844 2398 4918 lacrymas
2426 4845 2485 4901 in
2515 4862 2733 4901 morem
2766 4849 3209 4906 mussitantium
3236 4851 3540 4910 columba-

1889 4949 2041 4989 rum.
2071 4937 2203 4989 Haao
2233 4934 2405 5005 juxta
2442 4933 2786 4991 Hebraicam
2825 4935 3218 4994 traditionem.
3248 4939 3415 4997 Nunc
3444 4959 3537 4999 ve-

1890 5023 2125 5079 niamus
2154 5023 2226 5078 ad
2246 5022 2629 5096 Septuaginta
2643 5023 3043 5082 translatores.
3070 5028 3413 5086 Excutientes
3430 5031 3538 5102 (εἰ),

1887 5111 1990 5185 qui
2020 5115 2401 5168 excusserunt
2427 5112 2607 5169 Jacob
2637 5117 2694 5168 et
2734 5114 2931 5185 Israel,
2982 5119 3040 5172 et
3079 5116 3309 5190 flagella
3335 5135 3537 5176 eorum

1887 5343 2430 5544 αυέὔνῐῶἓῖῃαῖιξὲἔί,
2451 5398 2790 5456 velocitatem
2805 5403 3227 5471 properantium
3239 5405 3536 5475 signiﬁcat.

1899 5543 1903 5544 ν
1978 5470 2029 5544 c)
2047 5471 2211 5527 Marti
2220 5486 2289 5525 an
2301 5510 2337 5535 .,
2362 5470 2683 5541 longissima
2702 5488 2715 5539 ;
2736 5487 2879 5526 mss.
2895 5488 3026 5529 vero
3038 5476 3389 5532 novissimam
3399 5493 3536 5544 prai-

1978 5470 2029 5544 c)
2047 5471 2211 5527 Marti
2220 5486 2289 5525 an
2301 5510 2337 5535 .,
2362 5470 2683 5541 longissima
2702 5488 2715 5539 ;
2736 5470 2879 5526 mss.
2895 5470 3026 5529 vero
3038 5470 3538 5549 novissimam'praa-

1885 5543 2249 5692 έέῖἓῗὲςηθξ
2276 5611 2622 5692 νίφῑονίυω›
2653 5606 3005 5672 ammte“
3041 5625 3397 5676 “mserum
3423 5634 3537 5692 eo"

1885 5687 1943 5745 id
1966 5684 2074 5755 est,
2103 5684 2283 5755 Jacob,
2323 5688 2432 5743 etc.
