4008 6184
637 135 675 162 l

498 335 658 395 1251

1777 336 1844 402 S.
1885 333 2199 397 EUSEBII
2245 331 2688 393 HIERONYMI

3768 336 3909 398 £252

488 482 579 521 vn
611 472 662 518 et
683 464 956 535 deinceps)
984 480 996 518 :
1033 463 1114 518 sic
1136 468 1193 519 et
1211 464 1415 521 Ninive
1437 467 1684 522 fractum
1706 485 1804 522 cor
1823 467 2156 525 emolliatur
2184 469 2239 534 Α
2268 464 2476 537 γωγήν,
2511 468 2566 518 et
2595 463 2653 518 in
2683 467 2915 533 Jona,et
2942 463 3000 517 in
3035 474 3142 518 noc
3161 462 3452 535 Propheta
3468 464 3724 520 Niniven
3748 483 3905 523 mun-

492 557 550 606 et
571 551 970 608 muteteturin
987 559 1348 622 carneum,et
1375 555 1573 626 [Al.ut]
1598 555 1785 628 rigida
1805 572 1997 628 genua
2019 571 2150 628 quae
2259 553 2401 608 dum
2429 553 2609 608 istum
2642 552 3003 624 interpretati
3028 569 3239 608 sumus
3262 569 3275 606 :
3303 554 3548 624 etjuxta
3582 555 3865 612 Joannem
3889 576 3902 612 :

493 640 658 712 prius
684 645 795 696 Deo
817 657 932 696 non
955 642 1366 711 curvabantur,
1399 644 1880 710 dissolvantur,et
1911 645 2146 700 ﬂectan-

482 733 580 784 tur
601 729 646 784 D
665 745 731 785 eo
759 746 772 784 :
799 746 867 786 ex
896 747 1010 802 quo
1033 730 1227 786 omnis
1247 733 1566 804 paternitas
1586 733 1644 788 in
1670 733 1810 790 coelo
1832 738 1891 788 et
1911 733 1969 787 in
1992 738 2148 788 terra

497 818 873 874 nominatur:
902 818 1041 874 etin
1065 819 1301 876 nomine
1325 821 1463 876 Jesu
1497 837 1671 876 omne
1702 838 1854 893 genu
1879 822 2146 876 ﬂectatur

495 906 842 973 ccelestium,
874 909 1236 964 terrestrium
1286 915 1342 964 et
1392 910 1753 966 infernarum
1811 911 2039 981 (Philip.
2079 927 2141 975 ιι,

489 995 605 1064 10).
639 995 713 1050 Ut
743 1001 1058 1068 postquam
1084 998 1460 1069 cognoverint
1479 1004 1800 1054 creatorem
1825 1015 2022 1064 suum,
2045 1015 2146 1053 au-

492 1085 694 1141 diant:
731 1085 1155 1158 Con/ortamini,
1189 1103 1386 1142 manus
1415 1087 1715 1154 dissolutae,
1747 1097 1798 1142 et
1837 1104 2018 1156 genua
2047 1087 2141 1141 de-

493 1173 649 1244 bilia,
683 1175 760 1246 (a)
791 1174 1046 1230 roborata
1069 1176 1218 1247 (Isai.
1251 1193 1418 1246 xxxv,
1451 1177 1526 1246 3).
1562 1177 1627 1230 Et
1657 1176 1908 1242 dolores,
1931 1176 2141 1248 inquit,

486 1279 663 1334 super
682 1280 916 1319 omnem
938 1263 1366 1320 lumbum.Jam
1387 1283 1566 1336 supra
1582 1265 1838 1320 diximus
1860 1266 1916 1320 in
1938 1264 2140 1320 lumbo

490 1352 706 1407 coitum
740 1353 1144 1424 significari,et
1161 1355 1315 1424 quod
1335 1355 1534 1410 omnia
1555 1371 1727 1425 opera
1744 1371 1872 1426 quae
1890 1356 1962 1410 ad
1986 1371 2141 1410 com-

483 1441 824 1496 mixtionem
843 1442 1404 1513 pertineant,renum
1419 1443 1806 1515 appellatione
1819 1448 2142 1499 monstren-

482 1535 598 1584 tur.
630 1530 892 1586 Grandes
915 1531 1095 1603 igitur
1116 1531 1174 1585 in
1197 1532 1701 1588 consummatione
1722 1533 1950 1588 dolores
1967 1536 2140 1588 erunt

484 1619 546 1673 in
579 1619 858 1675 renibus:
890 1620 1031 1692 quia
1060 1621 1333 1675 draconis
1365 1623 1557 1676 omnis
1587 1622 1776 1678 virtus
1806 1621 1866 1676 in
1919 1620 2138 1676 lumbis

480 1713 571 1763 est
597 1709 738 1776 (Job.
770 1725 860 1774 XL,
895 1710 1004 1780 ll),
1029 1715 1086 1764 et
1107 1727 1211 1780 pro
1233 1709 1326 1764 his
1349 1710 1623 1764 omnibus
1650 1710 1724 1780 (b)
1752 1715 1986 1782 propter
2009 1727 2134 1781 qua:

481 1797 783 1868 praecessit
808 1797 1095 1864 excussio,
1128 1798 1510 1861 rediscussio,
1543 1797 1833 1866 ebullitio,
1857 1803 1915 1853 et
1941 1797 2135 1853 cordis

482 1884 687 1940 tractio
718 1886 824 1957 [AL
858 1885 1219 1956 confractio],
1248 1885 1560 1941 dissolutio
1591 1903 1873 1958 genuum,
1903 1885 2133 1942 dolores

484 1989 714 2040 renum,
745 1973 858 2028 erit
888 1974 1064 2030 facies
1095 1973 1360 2029 omnium
1416 1975 1583 2046 quasi
1617 1975 1847 2030 adustio
1887 1974 2037 2042 ollae,
2069 1981 2134 2030 ut

481 2062 568 2117 vel
601 2063 721 2134 igni
745 2063 1058 2134 ardorique
1082 2062 1159 2118 sit
1184 2063 1559 2134 proxima,vei
1590 2064 1830 2119 nitorem
1854 2064 2130 2120 amittens

481 2149 614 2219 olei,
642 2151 934 2222 nigrescat
964 2151 1024 2205 in
1056 2151 1375 2206 carbonum
1403 2151 1872 2224 similitudinem,
1909 2157 1965 2208 et
1994 2169 2131 2208 con-

480 2239 712 2295 fusione
737 2239 1034 2310 operiatur
1061 2245 1297 2307 (eterna,
1332 2257 1366 2295 a
1394 2257 1509 2311 qua
1543 2245 1781 2296 sanctus
1811 2241 2011 2312 procul
2043 2247 2132 2297 est

478 2327 715 2383 dicens:
750 2328 1040 2396 Signatum
1069 2332 1150 2383 est
1177 2345 1341 2400 super
1393 2345 1492 2384 nos
1549 2331 1736 2384 lumen
1795 2329 1982 2384 vultus
2021 2332 2125 2399 tui,

476 2417 705 2472 Domine
733 2417 844 2487 (Ps.
879 2433 957 2482 IV,
987 2418 1064 2484 7).
1101 2417 1372 2473 Revelata
1400 2418 1558 2473 enim
1582 2419 1727 2474 facie
1757 2418 2000 2490 gloriam
2031 2420 2125 2474 Dei

477 2505 907 2577 contemplatur
933 2505 1004 2577 (ll
1037 2505 1157 2562 Cor.
1193 2511 1297 2573 ιιι).
1332 2506 1400 2560 Et
1457 2512 1618 2578 puto,
1677 2509 1970 2578 quomodo
2010 2507 2129 2562 alia

475 2598 566 2650 est
593 2593 781 2666 gloria
811 2593 976 2660 solis,
1009 2593 1124 2649 alia
1154 2594 1326 2664 lunae,
1360 2593 1476 2649 alia
1504 2593 1829 2663 stellarum,
1863 2599 1919 2651 et
1959 2594 2128 2650 stella

412 2715 418 2721 -
474 2701 508 2738 a
539 2682 709 2738 stella
738 2683 934 2738 differt
979 2683 1038 2738 in
1098 2683 1362 2739 claritate
1413 2686 1459 2754 (1
1488 2683 1609 2740 Cor.
1641 2701 1733 2749 xv,
1766 2685 1894 2754 l41):
1930 2683 2012 2739 sic
2064 2684 2124 2739 in

472 2773 897 2828 resurrectione
919 2777 1370 2836 mortuorum,et
1394 2772 1671 2828 claritatis
1693 2773 1844 2828 inter
1867 2778 2121 2841 sanctos,

471 2866 529 2917 et
550 2861 872 2932 nigredinis
889 2861 1042 2916 inter
1061 2867 1698 2933 peccatores,magnam
1722 2864 1982 2916 futuram
1995 2878 2122 2919 esse

478 2949 846 3004 distantiam.

547 3037 733 3109 (Vere.
765 3037 875 3104 ll.)
909 3038 1009 3093 Ubi
1031 3042 1112 3093 est
1141 3039 1516 3094 habitaculum
1547 3039 1783 3106 leonum,
1838 3041 1891 3093 et
1921 3055 2123 3108 pascua

2258 643 2409 696 Totus
2433 642 2670 696 mundus
2692 643 2748 696 in
2789 643 3033 710 maligno
3082 643 3290 712 positus
3337 650 3416 697 est
3457 642 3506 711 (I
3523 645 3753 713 Joan.v,
3786 645 3906 716 48);

2257 737 2570 802 postquam
2587 730 2842 785 mundus
2857 730 3263 801 pertransierit
3275 729 3694 788 habitaculum
3712 733 3903 790 bestia-

2255 824 2472 887 rum,et
2493 819 2552 873 in
2581 834 2694 889 quo
2719 818 3340 889 pascebanturleones,
3371 824 3514 875 tunc
3547 821 3900 879 admirantes

2251 908 2728 978 exsultantesque
2740 907 3131 962 dicemusmbi
3145 912 3235 964 est
3250 907 3664 965 habitaculum
3679 910 3903 968 leonum

2253 996 2328 1067 (d)
2351 998 2422 1051 ad
2457 997 2611 1068 quod
2643 995 2743 1050 ivit
2763 995 2851 1052 leo
2873 996 3163 1067 diabolus,
3189 997 3260 1051 de
3289 1013 3403 1068 quo
3428 998 3706 1068 loquitur
3736 1006 3792 1054 et
3819 1001 3903 1055 Pe-

2251 1089 2376 1140 trus
2402 1103 2414 1140 :
2448 1086 2810 1142 Adversarius
2837 1095 3014 1141 vester
3071 1085 3184 1157 [AL
3218 1088 3426 1158 noster]
3455 1088 3732 1143 diabolus
3762 1095 3904 1160 quasi

2257 1174 2338 1229 leo
2356 1177 2585 1247 rugiens
2596 1177 2813 1243 circuit,
2837 1190 3089 1247 quaerens
3105 1191 3266 1246 quem
3280 1176 3496 1232 devoret
3513 1179 3564 1248 (I
3593 1183 3726 1234 Pet.
3753 1196 3805 1249 v,
3837 1180 3904 1248 8).

2251 1263 2318 1317 Et
2349 1263 2581 1319 catulus
2613 1263 2819 1330 leonis,
2851 1264 3271 1334 Antichristus,
3303 1270 3360 1320 et
3387 1282 3601 1322 omnes
3638 1267 3906 1322 doctrina:

2249 1368 2555 1424 perversae,
2588 1370 2779 1408 sermo
2811 1353 3162 1409 contrarius.
3198 1354 3470 1421 Audistis,
3502 1353 3719 1427 inquit
3746 1358 3908 1412 Joan-

2255 1457 2377 1508 nes,
2412 1441 2776 1498 Antichristus
2798 1445 2972 1499 veniet
2993 1463 3013 1498 :
3028 1459 3176 1498 nunc
3196 1447 3378 1499 autem
3393 1446 3742 1500 Antichristi
3760 1447 3910 1500 multi

2249 1534 2375 1584 sunt
2407 1532 2454 1602 (1
2480 1532 2636 1586 Joan.
2671 1533 2733 1601 ιι)
2764 1549 2777 1586 :
2810 1536 2896 1587 tot
2917 1531 3075 1588 enim
3099 1532 3441 1587 Antichristi
3465 1538 3611 1588 sunt
3646 1539 3801 1606 quot
3821 1537 3910 1590 do-

2247 1622 2446 1690 gmata
2477 1619 2642 1674 falsa.
2677 1623 2744 1674 Et
2773 1624 2910 1675 ante
2939 1621 3254 1676 adventum
3277 1619 3494 1676 Christi
3529 1639 3657 1677 non
3685 1622 3803 1677 fuit
3821 1625 3912 1695 qui

2245 1712 2588 1775 exterreret;
2624 1710 2725 1764 sed
2758 1714 3073 1780 postquam
3104 1709 3384 1766 Dominus
3423 1714 3634 1766 noster
3668 1715 3831 1767 venit
3857 1712 3909 1768 in

2246 1796 2534 1850 mundum
2557 1802 2614 1852 et
2636 1797 2877 1852 Niniven
2910 1798 3212 1870 ingressus
3263 1803 3354 1856 est
3407 1798 3558 1854 vidit
3586 1801 3774 1871 quasi
3806 1800 3910 1855 ful-

2245 1900 2356 1955 gur
2373 1889 2649 1940 Satanam
2672 1887 2744 1940 de
2763 1885 2904 1941 cmlo
2953 1887 3256 1942 cadentem
3289 1889 3442 1958 (Luc.
3473 1889 3570 1958 x):
3607 1893 3674 1942 et
3705 1891 3911 1945 cecidit

2241 1972 2312 2026 de
2341 1972 2481 2027 coelo
2530 1973 2777 2040 Lucifer,
2821 1975 2921 2046 qui
2975 1991 3147 2030 mane
3205 1975 3510 2031 oriebatur
3562 1978 3734 2048 (Isai.
3778 1981 3909 2050 xu).

2239 2061 2411 2115 Venit
2431 2062 2588 2116 enim
2614 2079 2783 2119 verus
2806 2067 3056 2119 Samson
3087 2064 3159 2119 ad
3208 2063 3551 2137 Allophylos
3578 2082 3592 2120 :
3661 2073 3724 2123 et
3771 2069 3907 2123 dum

2242 2150 2427 2221 pergit
2454 2150 2514 2204 in
2542 2152 2802 2217 Thamna,
2837 2153 2992 2222 quod
3025 2152 3446 2224 interpretatur
3496 2160 3908 2212 consummatio

2237 2239 2372 2308 ejus,
2409 2244 2473 2294 ut
2502 2240 2918 2311 pauperculam
2949 2241 3021 2295 de
3054 2242 3329 2312 gentibus
3358 2242 3604 2298 duceret
3627 2243 3903 2312 Dalilam,

2237 2327 2527 2383 interfecit
2557 2329 2805 2396 leonem,
2839 2329 2933 2384 cui
2962 2335 3197 2386 venerat
3227 2331 3696 2400 consummatio,
3720 2341 3779 2389 et
3806 2334 3901 2390 illo

2237 2421 2487 2483 mortuo,
2520 2419 2772 2473 comedit
2800 2417 2974 2474 mella
3003 2418 3470 2474 dulcedinis.Sed
3507 2426 3567 2475 et
3594 2437 3778 2478 verus
3801 2429 3907 2479 οι.

2234 2505 2326 2559 vid
2349 2522 2586 2560 servans
2607 2523 2742 2562 oves
2774 2507 2956 2578 patris
2985 2507 3098 2573 sui,
3133 2507 3522 2580 apprehendit
3561 2509 3824 2576 leonem,
3846 2519 3900 2565 et

2234 2592 2523 2649 interfecit
2553 2611 2687 2650 eum
2721 2600 2767 2666 (Ι
2798 2597 2921 2666 Reg.
2948 2597 3108 2666 xvn),
3140 2600 3197 2652 et
3242 2597 3513 2668 Danajas,
3569 2599 3679 2670 qui
3717 2601 3888 2654 inter-

2233 2687 2496 2754 pretatur
2523 2684 2828 2755 aediﬁcator
2856 2686 3120 2740 Dominus
3149 2686 3194 2756 (Ι
3225 2687 3390 2740 Para.
3426 2688 3533 2757 x1,)
3585 2688 3901 2744 descendit

2232 2771 2288 2825 in
2313 2770 2504 2827 lacum
2524 2773 2718 2828 saeculi
2742 2773 3040 2844 istius,qui
3065 2774 3318 2831 calentes
3341 2791 3531 2848 aquas
3547 2777 3902 2849 refrigerare

2231 2859 2378 2914 961
2415 2860 2734 2926 consuevit,
2781 2867 2838 2916 et
2865 2861 3159 2917 interfecit
3188 2861 3433 2918 leonem.
3467 2863 3539 2917 Et
3570 2864 3633 2918 in
3667 2867 3898 2920 visione

2230 2947 2545 3019 Isaize,quae
2565 2950 2874 3004 adversum
2887 2951 3112 3021 quadru
3125 2952 3297 3022 pedes
3320 2951 3608 3018 cernitur,
3625 2955 3896 3024 primum

2228 3036 2300 3090 de
2322 3038 2596 3108 angustia
2608 3037 2819 3092 harum
2838 3038 3056 3094 dicitur
3071 3039 3393 3094 bestiarum
3413 3056 3426 3094 :
3442 3041 3504 3094 In
3521 3041 3898 3098 tribulatione

474 3127 784 3182 catulorum
813 3127 1050 3196 leonum,
1081 3128 1161 3182 ad
1188 3144 1356 3198 quam
1384 3129 1486 3182 ivit
1514 3128 1599 3182 leo
1629 3137 1689 3182 ut
1738 3128 2121 3196 ingrederetur
2227 3133 2279 3180 et
2303 3128 2562 3196 angustia
2581 3128 2664 3182 leo
2692 3135 2742 3182 et
2758 3127 2975 3182 catulus
3007 3128 3176 3183 leonis
3206 3128 3356 3198 (Isai.
3391 3135 3589 3196 xxxv).
3649 3131 3770 3187 Iste
3815 3133 3900 3187 leo

475 3215 610 3270 illuc
637 3215 861 3270 catulus
889 3216 1083 3286 leonis,
1113 3225 1164 3270 et
1193 3232 1302 3271 non
1322 3225 1400 3272 est
1427 3218 1524 3286 qui
1553 3217 1621 3287 (c)
1647 3217 1967 3272 exterreat?
2015 3219 2120 3273 Leo
2153 3203 2194 3268 C
2234 3219 2548 3285 antequam
2571 3215 2994 3272 interficeretur
3013 3233 3047 3271 a
3067 3216 3316 3286 Christo,
3341 3216 3640 3289 plurimos
3662 3221 3825 3292 cepit
3845 3221 3900 3275 in

470 3305 611 3375 cepit
629 3305 968 3375 sufﬁcienter
994 3306 1194 3359 catulis
1221 3305 1356 3371 suis,
1393 3313 1444 3360 et
1471 3306 1679 3358 necavit
1739 3305 1930 3361 leaenis
1958 3307 2075 3360 suis
2099 3322 2111 3360 :

457 3401 521 3448 et
544 3393 787 3465 implevit
811 3392 1004 3465 praeda
1032 3394 1316 3464 speluncas
1345 3409 1494 3463 suas,
1526 3402 1576 3448 et
1605 3393 1781 3449 cubile
1826 3411 1989 3448 suum
2019 3411 2117 3448 ra-

469 3484 623 3554 pina.
657 3482 764 3538 Pro
787 3481 1083 3554 speluncis
1114 3487 1172 3538 et
1200 3481 1420 3548 leaenis,
1451 3483 1610 3537 nidos
1636 3487 1687 3537 et
1711 3484 1920 3538 catulos
1975 3483 2116 3554 Sep-

468 3571 738 3644 tuaginta
760 3570 1207 3636 transtulerunt,
1243 3571 1298 3625 in
1333 3571 1557 3626 czeteris
1587 3570 1744 3626 idem
1775 3587 1984 3627 sensus
2007 3576 2115 3626 est.

467 3660 672 3717 Adhuc
704 3665 901 3716 autem
933 3660 1006 3715 de
1036 3660 1239 3715 Ninive
1267 3659 1482 3715 dicitur
1506 3661 1691 3732 :quod
1717 3659 2116 3716 habitaculum

471 3749 646 3804 fuerit
665 3753 997 3820 regnum,et
1018 3747 1152 3804 aula
1175 3747 1460 3803 nobilium
1487 3769 1500 3810 ;
1526 3749 1596 3803 ad
1618 3749 1773 3806 560
1796 3765 1973 3820 quam
1997 3765 2119 3820 per-

470 3838 547 3892 rit
575 3836 664 3892 leo
695 3854 793 3893 rex
823 3837 1197 3910 Babylonius,
1231 3837 1287 3892 id
1339 3842 1427 3892 est
1476 3837 2030 3906 Nabuchodonosor,
2064 3842 2120 3894 et

469 3924 1235 3998 oatulusleonis,suhreguli
1267 3942 1502 3998 quoque
1551 3927 1700 3996 ejus,
1761 3932 1962 3982 etnon
2008 3927 2120 3982 fuit

469 4015 573 4086 qui
592 4013 676 4068 eis
697 4014 1012 4069 resisteret.
1036 4015 1146 4068 Leo
1178 4013 1330 4085 cepit
1351 4014 1706 4071 sufficienter
1726 4015 1936 4070 catulis
1969 4017 2114 4086 suis,

469 4106 530 4156 et
557 4102 784 4157 necavit
812 4101 1012 4158 leaenis
1034 4101 1344 4157 suis.ldem
1369 4103 1635 4158 videlicet
1654 4104 2117 4159 Nabuchodono-

469 4206 568 4244 sor
591 4189 846 4245 victoriae
876 4196 1090 4246 cuncta
1107 4193 1242 4262 jure
1270 4193 1553 4263 possedit,
1600 4197 1658 4248 et
1713 4192 1914 4248 liberis
1960 4193 2117 4247 urbi-

467 4278 698 4349 busque
725 4279 1108 4350 [Al.urbibus]
1133 4279 1279 4346 suis,
1306 4278 1392 4336 vel
1419 4286 1571 4336 certe
1601 4282 1881 4336 uxoribus
1903 4281 1960 4336 in
1990 4298 2115 4336 ser-

466 4367 713 4422 vitutem
746 4367 1003 4440 captivos
1034 4368 1295 4439 tradidit,
1324 4373 1380 4424 et
1402 4367 1663 4440 implevit
1684 4370 1876 4441 praeda
1904 4371 2121 4440 spelun-

465 4473 557 4513 cas
576 4473 728 4524 suas,
755 4456 876 4512 sive
905 4461 970 4512 ut
998 4457 1059 4512 in
1090 4458 1329 4514 Hebraeo
1361 4457 1625 4528 habetur,
1656 4458 1846 4531 foveas
1874 4476 2028 4523 suas,
2059 4463 2120 4516 et

467 4545 658 4602 cubile
687 4562 863 4602 suum
893 4546 1244 4618 rapina,tam
1274 4546 1799 4618 thesauros,quam
1831 4548 2116 4620 civitates,
2147 4570 2196 4637 D

465 4651 627 4702 auro,
662 4638 923 4707 argento,
958 4634 1524 4718 vestibus,omnique
1553 4640 1761 4691 ornatu
1787 4636 2109 4708 complens,

465 4727 530 4778 ut
560 4724 717 4795 quod
747 4723 951 4779 Ninive
981 4723 1286 4795 habuerat,
1319 4722 1691 4796 Babylonque
1713 4726 1820 4796 [Αἰ.
1857 4724 2111 4798 Babylon

465 4815 614 4884 quae]
645 4811 882 4879 vicerat,
915 4811 1258 4884 possideret.
1291 4812 1438 4879 Quia
1466 4829 1600 4870 vero
1631 4813 1957 4870 secundum
1982 4813 2113 4868 ἀνα-

535 4937 612 5008 (a)
645 4937 710 4991 In
744 4936 1124 5009 Regingms.
1156 4937 1832 5009 roboramini,rectius,ut
1861 4938 2109 5006 videtur,

456 5007 629 5079 juxta
657 5007 895 5065 sensum
918 5007 1085 5082 LXX,
1104 5007 1204 5082 qui
1229 5009 1462 5082 passiva
1482 5009 2112 5082 signiiigcalionelocum

463 5085 780 5154 verterunt,
807 5079 1313 5154 quemadmodum
1345 5085 1401 5154 et
1429 5079 1736 5154 Sophoniaa
1755 5099 1795 5136 ιι
1817 5080 2111 5154 laudatur,

459 5156 516 5207 et
534 5169 716 5224 genua
732 5151 1542 5224 debilia,solidamini.Alioqui
1565 5168 2000 5224 supervacanea
2021 5151 2114 5207 Vi-

462 5222 643 5296 ctOrio
673 5240 782 5296 vox
810 5223 1060 5296 roborate
1080 5223 1213 5296 visa
1242 5222 1747 5296 est,carebantque
1779 5222 1880 5279 illa
1907 5240 2113 5280 omnes

461 5294 763 5366 Florentia:
794 5295 1044 5366 codices.
1077 5295 1261 5366 Locus
1293 5298 1400 5366 est,
1451 5294 1667 5366 inquit,
1714 5295 1876 5366 Isaias
1920 5313 2110 5354 xxxv:

461 5363 756 5452 ’lcxbca‘te',
772 5371 956 5452 χεῖρες
969 5365 1262 5452 stratastrata
1286 5364 1384 5449 καὶ
1398 5363 1598 5452 vivata
1617 5383 1723 5452 παρ
1737 5363 2106 5452 αλελυμμέενοξ·

459 5433 946 5519 nminat-triremi
969 5433 1301 5519 ὀλιγόψυχοι
1319 5439 1398 5519 γῇ.
1412 5433 1627 5519 Ἰδιαηςὶοίᾳ
1647 5454 1659 5492 :
1681 5433 2110 5519 ᾂοηίογξιὰθὴίῃξ,

457 5507 971 5582 manusdissolutae,
994 5512 1047 5582 et
1061 5507 1246 5576 genua
1253 5507 1480 5582 debilia.
1507 5507 1899 5582 Consolamini,
1927 5510 2110 5582 pusil-

459 5580 882 5650 lamines,gsive,
914 5579 1012 5650 qui
1037 5587 1219 5636 mente
1236 5580 1434 5650 pusilli
1477 5582 1643 5650 estis:
1671 5579 1834 5636 locus
1865 5579 1942 5636 ex
1963 5579 2112 5636 Vul-

460 5653 597 5731 gata
614 5649 818 5714 Latina
835 5649 1187 5710 immutatus
1208 5649 1338 5725 fuit,
1367 5649 1430 5712 in
1461 5666 1580 5730 qua
1596 5649 1810 5730 legitur
1833 5668 1848 5714 :
1873 5653 2110 5736 Confer-

2227 3303 2482 3374 praedam
2513 3303 2841 3360 catulorum
2873 3322 3117 3361 suorum
3145 3323 3157 3360 :
3194 3314 3247 3362 et
3306 3308 3537 3362 necavit
3591 3307 3898 3364 leunculis

2226 3392 2372 3457 suis,
2406 3392 2755 3448 satellitibus
2777 3394 2922 3463 suis,
2950 3395 3216 3450 videlicet
3235 3395 3569 3451 daemoniis.
3602 3396 3758 3454 Vide
3783 3398 3905 3452 he-

2227 3481 2541 3536 reticorum
2573 3482 2994 3553 conventicula,
3028 3488 3085 3539 et
3114 3488 3315 3555 captos
3373 3484 3597 3541 multos
3630 3503 3668 3540 a
3727 3486 3894 3542 leone

2228 3586 2342 3624 non
2361 3571 2926 3641 quaeres.Considera
2956 3577 3218 3628 mortuos
3239 3573 3340 3644 qui
3367 3574 3660 3644 reliquere
3687 3577 3898 3641 vitam,

2227 3663 2286 3713 et
2315 3657 2601 3714 Ecclesiae
2632 3675 2834 3715 eorum
2868 3677 2982 3716 non
3014 3660 3252 3717 vocabis
3284 3661 3426 3716 ovile
3457 3663 3744 3732 pastoris,
3785 3665 3907 3719 sed

2228 3745 2412 3802 leonis
2444 3747 2932 3820 speluncas,quas
2961 3749 3228 3821 implevit
3256 3749 3630 3806 cadaveribus
3653 3755 3722 3805 et
3755 3769 3910 3809 san-

2227 3835 2405 3907 guine
2427 3841 2811 3893 mortuorum.
2836 3839 3078 3894 Posuisti
3109 3839 3211 3910 (ait
3270 3837 3468 3908 David)
3499 3841 3816 3905 tenebras,
3842 3849 3908 3896 et

2225 3925 2394 3994 facta
2417 3934 2497 3980 est
2514 3927 2722 3980 noxzin
2744 3927 2870 3998 ipsa
2888 3929 3322 3997 pertransibunt
3336 3944 3533 3984 omnes
3551 3927 3903 3985 bestiwsal-

2227 4014 2541 4070 tus.Catuli
2553 4015 2858 4085 leonu-m(e)
2881 4032 3081 4084 rapere
3105 4026 3158 4072 et
3173 4033 3432 4090 quaerere
3453 4035 3494 4073 α
3527 4021 3652 4074 Deo
3701 4035 3902 4074 eseam

2225 4103 2332 4158 sibi
2353 4104 2466 4174 (Ps.
2487 4120 2606 4169 cm,
2637 4104 2750 4176 20).
2781 4104 3021 4159 Difﬁcile
3064 4103 3151 4161 leo
3201 4105 3497 4161 invenitur
3550 4107 3609 4162 in
3636 4108 3757 4174 die,
3785 4108 3898 4162 sed

2229 4208 2458 4263 semper
2487 4193 2546 4246 in
2569 4193 2841 4249 noctibus
2869 4194 3096 4262 circuit,
3131 4199 3196 4249 ut
3223 4195 3293 4250 de
3352 4194 3616 4252 Ecclesia
3679 4197 3909 4251 Christi

2229 4280 2436 4352 rapiat,
2496 4287 2564 4336 ut
2618 4282 2769 4338 escis
2819 4284 2988 4354 juxta
3043 4284 3277 4339 Abacuc
3336 4288 3645 4340 saturetur
3690 4286 3909 4341 electis

2228 4370 2410 4440 (Abm.
2444 4372 2505 4442 ι).
2540 4371 2799 4443 Denique
2827 4372 3008 4428 ludas
3065 4373 3138 4428 de
3192 4373 3327 4428 ovili
3385 4374 3606 4430 Christi
3665 4375 3792 4430 fuit.
3825 4381 3898 4430 et

2227 4463 2430 4530 raptus
2453 4476 2486 4514 a
2503 4458 2669 4516 leone
2690 4459 3007 4532 suspendio
3030 4461 3350 4517 suffocatus
3363 4466 3452 4518 est
3481 4462 3660 4533 (ιαμ.
3686 4464 3890 4532 nm}.

2229 4547 2339 4604 Sed
2361 4551 2420 4602 et
2439 4547 2536 4604 ille
2565 4549 2848 4621 propheta
2861 4550 2954 4605 cui
2976 4555 3330 4622 praeceperat
3358 4552 3674 4623 Dominus,
3697 4569 3770 4608 ne
3787 4568 3901 4607 co-

2227 4637 2486 4692 mederet
2501 4637 2757 4709 panesin
2807 4638 3042 4710 regione
3063 4654 3150 4706 ea,
3186 4639 3287 4695 ubi
3309 4638 3475 4695 vituli
3501 4641 3672 4696 aurei
3695 4646 3902 4706 erant,

2225 4730 2283 4781 et
2304 4726 2549 4782 mentita
2577 4725 2801 4798 religio,
2835 4726 2974 4798 quia
3002 4727 3276 4796 comedit,
3310 4726 3535 4786 aleone
3561 4745 3898 4801 percussus

2225 4819 2315 4871 est
2342 4815 2441 4885 (ΙΙΙ
2473 4815 2602 4884 Reg.
2625 4817 2776 4884 xm).
2805 4815 3094 4873 Jeremias
3123 4833 3359 4890 quoque
3374 4817 3449 4874 de
3479 4817 3904 4891 peccatoribus

2221 4944 2330 4994 tate
2357 4954 2553 4994 manus
2571 4937 2888 5005 dissolutas,
2920 4943 2974 4995 et
3003 4956 3186 5009 genua
3214 4940 3421 4997 debilia
3487 4943 3754 4999 roborata.
3789 4943 3896 4996 Di-

2220 5012 2326 5066 cite
2336 5011 2726 5086 pusillanimis:
2739 5011 3118 5086 Confertamin
3125 5013 3570 5080 i,nolitetimere.
3581 5019 3900 5086 Propterea

2221 5098 2332 5138 vox
2361 5082 2609 5137 roborato
2638 5082 2708 5136 ab
2743 5081 3096 5138 illo'delecta
3124 5089 3234 5139 est.

2293 5153 2368 5224 (ι)
2401 5154 2524 5230 D_uo
2558 5169 2701 5230 mss.
2728 5170 2828 5225 pro
2858 5155 2947 5208 his
2970 5157 3228 5210 omnibus
3255 5156 3888 5230 praphetizmrmt

2222 5227 2494 5291 excussio,
2528 5228 2637 5279 etc.

2292 5297 2364 5367 (c)
2397 5296 2476 5350 Ex
2497 5295 2723 5369 Reginae
2755 5312 2867 5369 ms.
2897 5297 3258 5369 correximus
3291 5303 3427 5369 post
3455 5298 3670 5355 Victor.
3695 5304 3906 5369 nter-

2220 5367 2772 5442 reat,consen_ti_ente
2800 5367 3070 5442 Yulgata,
3103 5367 3350 5442 ipsaque
3371 5368 3704 5442 Hieronymi
3730 5367 3908 5423 sub-

2223 5455 2369 5494 nexa
2397 5439 2775 5499 expositione.
2810 5439 3331 5496 Martianmétinuit
3358 5439 3717 5499 exterreatur.

2293 5509 2372 5581 (d‘,
2401 5509 2744 5636 ἃδε.
2782 5527 2918 5578 ms.,
2938 5514 3532 5583 etpascuacatulorum
3551 5516 3784 5581 leonum,
3817 5514 3915 5572 ad

2293 5599 2385 5636 am
2413 5599 2491 5636 ιυι
2518 5623 2534 5636 .
2665 5623 2678 5635 .

2255 5598 2385 5638 uam
2413 5583 2534 5638 ivit.
2567 5585 2678 5636 etc.

2219 5599 2750 5733 quiai'ici‘iiuigém
2765 5653 3064 5733 exemplar
3077 5655 3241 5717 addit
3255 5655 3556 5719 Victorius
3570 5657 3779 5738 πισταὶ
3792 5665 3900 5756 εστ.
