3940 6166
404 338 559 401 ηοξ

1650 337 1714 399 S.
1760 326 2069 401 EUSEBlI
2113 326 2555 403 ΗΪΕΗΟΝΥΜἸ

3563 328 3671 409 ιω

404 469 753 542 compedum
783 469 1039 542 pendere
1061 470 1429 543 prtepeditos.
1455 470 1693 527 trahent
1716 471 1775 526 in
1808 470 2043 543 captivi'
2069 471 2125 537 Α
2155 470 2516 529 clinaverunt
2538 490 2571 528 a
2591 476 2753 545 patre
2775 472 3055 544 suo(Loth
3074 471 3285 544 quippe
3299 470 3538 529 declinatio
3552 476 3671 533 inter-

408 563 606 615 tatem.
639 558 709 613 Et
730 561 796 613 tu
825 574 983 631 ergo,
1011 558 1234 626 Ninive,
1266 559 1535 615 homines
1552 558 1818 616 videlicet
1843 559 1900 614 in
1912 560 2049 614 fide-

402 645 510 712 les,
540 645 811 703 homines
841 648 1065 703 mundo
1120 648 1353 720 penitus
1402 649 1774 715 inhaerentes,
1833 650 2049 704 senties

413 733 719 808 supplicia,
751 738 809 792 et
828 736 1187 810 consopieris
1210 737 1388 794 calice
1419 754 1569 805 meo,
1602 754 1736 794 cum
1765 736 1852 793 illi
1904 754 2048 810 quo-

402 839 518 895 que
545 823 801 881 biberint
829 825 930 898 qui
962 826 1033 882 de
1056 842 1186 882 mea
1214 831 1377 899 parte
1400 828 1505 899 [Αἰ.
1537 829 1716 899 sorte]
1739 828 2050 895 fuerant,et

402 928 511 970 suo
538 912 679 969 vitio
704 919 1067 970 corruerunt.
1102 915 1171 969 Et
1201 915 1541 988 despicieris
1570 932 1603 971 a
1630 932 1723 971 me
1750 931 1762 971 :
1822 933 2048 987 quaeres

404 1000 581 1057 ﬁnem
613 1001 764 1057 inter
790 1001 931 1058 vitia
959 1007 1016 1058 et
1035 1003 1500 1075 perturbationes
1525 1021 1650 1076 quae
1668 1009 1724 1060 te
1758 1009 2044 1076 prement,

404 1093 461 1145 et
483 1089 870 1147 nihilominus
892 1090 1202 1147 stationem
1216 1097 1272 1147 et
1290 1092 1464 1148 ﬁnem
1491 1092 1777 1148 malorum
1798 1093 2049 1165 reperire

406 1194 521 1235 non
554 1179 771 1251 poteris
796 1197 809 1247 ;
843 1180 943 1235 sed
975 1185 1033 1236 et
1060 1197 1265 1237 omnes
1283 1181 1610 1238 voluntates
1631 1186 1744 1237 tute
1764 1187 1821 1238 et
1848 1182 2045 1237 dulce-

422 1266 611 1338 dines,
644 1270 702 1323 et
721 1269 993 1339 potentias
1033 1268 1361 1337 saeculares,
1392 1274 1448 1326 et
1476 1271 1747 1343 dogmata
1779 1288 1907 1343 qua:
1940 1271 2045 1326 tibi

404 1353 700 1411 videbaris
727 1354 942 1412 habere
967 1356 1329 1424 firmissima,
1353 1359 1835 1416 devorabuntura
1854 1376 2045 1416 come-

408 1442 600 1515 dente,
634 1443 787 1500 514
817 1445 889 1500 de
920 1460 1035 1517 quo
1064 1461 1168 1518 per
1196 1445 1534 1518 parabolam
1565 1447 1704 1503 dicit
1751 1449 1997 1505 Samson
2032 1467 2046 1504 :

402 1532 479 1589 De
507 1532 817 1589 comedente
835 1535 1013 1590 exivit
1038 1535 1209 1601 cibus,
1239 1538 1290 1590 et
1343 1536 1411 1591 de
1463 1538 1598 1607 forti
1650 1552 1921 1608 egressum
1970 1540 2048 1593 est

406 1621 566 1678 dulce
594 1621 789 1694 (Jadic.
820 1638 936 1690 xw,
960 1621 1046 1682 14)
1071 1642 1089 1677 :
1119 1628 1263 1679 tunc
1279 1624 1436 1679 enim
1464 1625 1635 1680 fortia
1656 1642 1899 1697 quisque
1926 1632 2044 1695 tua,

405 1716 465 1766 et
492 1726 622 1782 quis
650 1710 852 1767 dulces
878 1711 1105 1768 fructus
1126 1712 1515 1784 spectantium
1537 1712 1723 1769 oculis
1745 1714 2045 1786 promitte-

402 1799 567 1855 bant.
606 1800 678 1855 ad
710 1799 962 1870 primam
993 1799 1219 1855 arboris
1242 1801 1684 1857 concussionem
1709 1807 1878 1858 ruent
1898 1801 1956 1857 in
1978 1820 2047 1858 os

407 1886 625 1943 diaboli
655 1887 1007 1955 devorantis:
1032 1904 1065 1944 a
1081 1904 1198 1960 quo
1215 1904 1447 1961 semper
1464 1889 1666 1945 Ninive
1682 1894 1842 1945 tenta
1864 1892 2049 1947 fuerat

405 1978 464 2031 et
492 1992 780 2047 possessa.
794 1980 973 2031 Porro
1002 1977 1156 2048 quod
1186 1977 1671 2048 praetermisimus
1696 1994 1709 2034 :
1732 1983 1800 2034 Et
1826 1995 1938 2035 non
1972 1988 2051 2036 est

405 2064 537 2134 ﬁnis
562 2066 716 2137 fugae
746 2071 877 2131 tuae,
911 2064 1049 2136 quia
1072 2065 1143 2120 ad
1174 2064 1418 2120 Niniven
1456 2065 1749 2131 dicitur,et
1776 2067 1927 2123 inter
1982 2085 2050 2124 ea

405 2170 537 2225 qua
566 2154 637 2209 de
658 2158 911 2210 Ammon
934 2152 1152 2225 scripta
1179 2154 1603 2235 sunt,po'situm
1625 2160 1796 2224 est,et
1822 2158 2052 2213 videtur

403 2240 859 2298 extraordinario
887 2242 947 2297 in
982 2242 1169 2298 alieno
1199 2241 1323 2298 loco
1371 2242 1679 2311 insertum,
1739 2246 1907 2318 quasi
1946 2263 2050 2319 per

404 2324 709 2405 ύπὲρὸατον
742 2330 1067 2386 referamus
1097 2331 1167 2386 ad
1190 2331 1453 2399 Niniven,
1487 2337 1552 2387 ut
1605 2333 1682 2388 sit
1738 2335 1916 2391 ordo:
1980 2338 2049 2392 Et

402 2418 811 2486 inebriaberis,
844 2425 901 2474 et
929 2434 1043 2474 non
1075 2423 1164 2474 est
1192 2418 1327 2473 finis
1358 2419 1506 2491 fugin
1531 2428 1663 2489 tuas,
1696 2425 1754 2475 et
1790 2421 1906 2477 eris
1948 2422 2046 2477 de-

400 2512 623 2582 specta,
640 2512 699 2564 et
717 2511 924 2564 caetera
944 2522 1072 2579 que
1088 2506 1365 2563 dicuntur
1386 2509 1457 2563 ad
1478 2508 1744 2566 Niniven.
1768 2511 1837 2565 Et
1866 2510 2044 2567 inter-

403 2598 768 2670 pretabimur
792 2612 905 2653 non
931 2611 1061 2652 esse
1080 2596 1254 2653 finem
1286 2597 1435 2669 fugae
1457 2597 1660 2653 Ninive
1683 2616 1718 2653 a
1737 2598 1874 2667 Deo;
1908 2599 2047 2671 quia

409 2702 643 2759 semper
662 2686 984 2759 profectum
1013 2685 1226 2741 habeat
1253 2686 1313 2741 in
1341 2685 1637 2758 fugiendo,
1664 2692 1720 2742 et
1741 2704 2043 2759 nunquam

399 2775 537 2832 velit
565 2774 902 2842 consistere,
936 2774 1260 2830 secundum
1292 2772 1438 2829 illud
1461 2775 1615 2846 quod
1660 2791 1840 2847 supra
1895 2776 2040 2831 dixi-

399 2868 567 2921 mus:
603 2865 669 2921 Et
701 2865 812 2935 ipsi
836 2864 1111 2935 fugientes
1138 2878 1246 2918 non
1276 2866 1560 2931 steterunt,
1582 2871 1634 2919 et
1656 2880 1766 2920 non
1797 2867 1914 2921 erat
1949 2868 2046 2938 qui

398 2954 704 3026 respiceret.
735 2953 805 3008 Et
832 2951 1255 3020 dicemus,ideo
1275 2950 1636 3025 Scripturam
1660 2959 1923 3009 sanctam
1948 2955 2042 3010 his

401 3042 848 3100 difficultatibus
867 3057 998 3097 esse
1018 3043 1366 3108 contextam,
1386 3045 1445 3096 et
1466 3040 1715 3097 maxime
1730 3043 2041 3116 prophetas

402 3133 501 3207 qui
533 3130 945 3205 aenigmatibus
973 3129 1129 3202 pleni
1162 3133 1319 3197 sunt,
1355 3134 1419 3184 ut
1448 3130 1851 3187 difﬁcultatem
1905 3151 2038 3190 sen-

2160 564 2443 633 pretatur)
2475 563 2838 635 575,poenae
2870 560 3268 633 subjiciendos
3297 565 3348 616 et
3373 579 3676 634 passurosom-

2157 650 2254 705 nia
2277 667 2403 722 qua:
2422 667 2600 723 supra
2618 650 3089 723 exposuimus.Si
3111 653 3307 707 autem
3326 651 3388 705 ab
3408 650 3485 707 his
3502 653 3577 723 qui
3596 670 3678 709 san-

2154 736 2231 793 cti
2263 739 2559 809 quondam
2592 738 2841 807 fuerant,
2874 739 2973 795 Dei
3005 739 3280 795 severitas
3309 739 3498 811 incipit,
3544 744 3587 796 et
3621 741 3686 798 illa

2155 843 2283 898 quae
2314 827 2614 883 habitabat
2642 828 2794 884 inter
2831 828 3095 896 ﬂumina,
3133 828 3681 902 gehennaeignepurga-

2156 919 2256 969 tur
2276 934 2295 968 :
2327 920 2551 985 quanta
2580 917 2770 988 magis
2799 917 3005 973 Ninive
3025 933 3152 989 quae
3183 921 3317 972 ante
3344 933 3441 972 non
3464 916 3684 973 habuitle-

2154 1017 2308 1073 gem,
2342 1019 2449 1057 nec
2480 1005 2696 1075 recepit
2708 1006 2923 1075 jugum
2957 1009 3368 1078 praeceptorum
3393 1003 3497 1072 Dei,
3522 1007 3686 1076 propter

2154 1090 2489 1161 superbiam
2530 1109 2700 1149 suam
2730 1094 2801 1148 ad
2834 1094 3239 1148 extremumin
3272 1109 3334 1149 os
3360 1095 3550 1148 corruet
3570 1093 3691 1148 devo-

2155 1179 2341 1234 rantis
2364 1179 2377 1232 Ι

2226 1266 2409 1339 (Vere.
2439 1270 2504 1325 13
2524 1271 2712 1342 seqq.)
2734 1272 2863 1327 Ecce
2875 1272 3110 1342 populus
3137 1274 3284 1339 tuus,
3313 1270 3598 1326 mulieresin
3618 1284 3693 1323 me-

2153 1355 2240 1411 dio
2271 1358 2353 1410 tui
2384 1374 2402 1410 :
2431 1358 2676 1412 inimicis
2701 1359 2808 1413 tuis
2853 1357 3206 1429 adapertione
3260 1358 3541 1428 pandentur
3579 1357 3701 1427 pods

2151 1450 2314 1499 terra
2344 1449 2484 1501 tuae:
2516 1444 2797 1501 devorabit
2826 1448 2970 1517 ignis
2990 1450 3163 1502 vectes
3196 1454 3330 1501 tuos.
3350 1447 3529 1517 Aquam
3545 1446 3703 1516 propter

2156 1532 2489 1588 obsidionem
2522 1533 2693 1589 hauri
2718 1536 2857 1590 tibi:
2888 1538 3107 1590 exstrue
3121 1536 3442 1590 munitiones
3466 1539 3584 1599 tuas,
3604 1535 3706 1588 intra

2156 1624 2217 1676 in
2238 1622 2440 1689 lutum,
2475 1627 2527 1677 et
2549 1624 2700 1677 calca
2723 1642 2742 1677 :
2768 1624 3021 1695 subigens
3048 1624 3423 1679 tenelaterem.
3445 1622 3522 1678 lbi
3537 1620 3709 1677 coniciet

2153 1714 2204 1766 te
2234 1712 2378 1782 ignis
2389 1728 2408 1771 .·
2435 1712 2645 1782 peribis
2672 1711 2878 1782 gladio,
2903 1711 3185 1767 devcrabit
3215 1715 3266 1766 te
3294 1716 3353 1767 ut
3384 1709 3603 1766 bruchus:
3626 1725 3715 1765 con-

2155 1815 2388 1870 gregare
2411 1816 2535 1871 ergo
2567 1802 2622 1854 ut
2655 1800 2925 1856 bruchus:
2958 1801 3333 1873 multiplicare
3358 1807 3415 1855 ut
3431 1798 3714 1855 locustam-

2159 1905 2243 1943 res
2270 1891 2451 1960 fecisti
2469 1890 2869 1958 negotiationes
2897 1898 3039 1957 tuas,
3073 1906 3238 1961 quam
3265 1888 3444 1946 stele
3473 1890 3569 1944 sint
3604 1886 3719 1942 cali:

2157 1977 2405 2032 Bruchus
2431 1994 2706 2047 expansus
2736 1982 2834 2045 est,
2862 1986 2913 2034 et
2941 1980 3196 2034 avolavit.
3230 1977 3473 2033 Custodes
3505 1978 3575 2031 tui
3609 1975 3722 2046 quasi

2159 2068 2380 2135 locusta,
2413 2071 2466 2121 et
2491 2065 2725 2137 parvuli
2750 2069 2837 2122 tui
2864 2069 3024 2139 quasi
3049 2068 3275 2123 locusta
3293 2067 3611 2127 locustarum,
3636 2074 3721 2134 qua

2155 2155 2443 2212 considunt
2474 2158 2533 2210 in
2561 2157 2773 2227 sepibus
2803 2158 2862 2210 in
2893 2155 2983 2210 die
3008 2157 3271 2228 frigoris,
3308 2154 3402 2209 Sol
3429 2156 3563 2209 ortus
3594 2158 3667 2217 est,
3688 2158 3726 2204 et

2161 2246 2535 2311 avolaverunt,
2569 2249 2620 2299 et
2647 2261 2757 2300 non
2787 2253 2866 2299 est
2892 2247 3140 2315 cognitus
3166 2244 3319 2299 locus
3344 2258 3522 2299 earum
3539 2241 3620 2295 ubi
3640 2238 3722 2312 fue-

2156 2334 2288 2388 rint.
2324 2333 2504 2388 LXX:
2535 2334 2665 2388 Ecce
2697 2334 2935 2404 populus
2960 2337 3088 2388 tuus
3118 2334 3278 2403 quasi
3304 2333 3554 2388 mulieres
3590 2330 3641 2383 in
3681 2332 3728 2393 te,

2155 2423 2397 2477 inimicis
2426 2424 2539 2476 tuis
2567 2421 2857 2493 aperiendo
2884 2425 3206 2493 aperientur
3231 2430 3414 2492 portae
3445 2423 3591 2475 terra:
3623 2421 3726 2470 lue:

2153 2510 2390 2565 comedit
2417 2511 2563 2581 ignis
2591 2519 2760 2565 vectes
2789 2511 3140 2581 tuos.Aquam
3168 2508 3629 2566 obsidionishauri
3644 2504 3731 2571 tibi,

2155 2598 2229 2669 (b)
2260 2599 2440 2653 obtine
2467 2600 2801 2655 munitiones
2829 2602 2993 2665 tuas,-
3024 2598 3318 2667 ingredere
3332 2592 3731 2653 lutumetconcul-

2150 2703 2275 2742 care
2306 2687 2365 2742 in
2390 2687 2589 2758 paleis,
2624 2687 2807 2742 obtine
2836 2700 3005 2758 super
3035 2688 3281 2742 laterem.
3330 2687 3413 2742 Ibi
3462 2682 3667 2740 comedet
3703 2683 3736 2734 lt

2151 2778 2316 2847 ignis,
2341 2775 2608 2847 disperdet
2629 2784 2680 2831 te
2692 2776 2939 2847 gladius,
2963 2784 3014 2830 et
3043 2776 3285 2831 comedet
3312 2779 3367 2832 te
3384 2774 3536 2845 quasi
3555 2773 3736 2827 locusta:

2151 2865 2534 2936 aggravaberis
2557 2866 2715 2935 quasi
2733 2865 2967 2920 bruchus
2995 2865 3383 2936 multiplicare
3427 2867 3489 2918 ut
3526 2859 3738 2918 bruchus:

2150 2954 2531 3024 multiplicasti
2558 2954 2956 3022 negotiationes
2975 2956 3097 3007 tuas
3112 2955 3255 3008 sicut
3276 2953 3468 3008 stellas
3492 2952 3621 3006 cali.
3664 2944 3739 3000 Ad~

2150 3041 2265 3097 huc
2296 3042 2368 3097 ad
2401 3041 2644 3097 Niniven
2675 3041 2888 3097 texitur
2916 3041 3166 3097 dicentis
3187 3040 3498 3113 eloquium
3520 3039 3649 3095 :Non
3664 3032 3740 3089 mi-

2151 3147 2281 3186 rum
2306 3132 2354 3185 si
2378 3131 2552 3186 fortes
2565 3135 2618 3185 et
2635 3129 3151 3202 pugnatorestuiin
3175 3130 3747 3197 similitudinemgros-

400 3202 600 3288 suum,
625 3202 941 3277 difficultas
970 3218 1501 3291 quoquesermonis
1522 3217 1775 3275 involvat
1800 3227 1885 3277 :ut
1919 3239 2035 3279 non
2068 3202 2110 3269 C
2150 3236 2348 3291 eorum
2383 3220 2549 3288 ficus,
2583 3218 2783 3274 statim
2814 3218 2871 3273 in
2903 3236 2968 3274 os
2998 3219 3277 3275 decidant
3299 3215 3743 3282 devorantis,cnm

404 3312 573 3370 facile
603 3314 801 3384 pateat
830 3313 1099 3365 sanctum
1124 3306 1452 3378 canibus,et
1473 3308 1797 3381 margarita:
1829 3314 2040 3383 porcis,

407 3407 464 3460 et
492 3399 751 3475 profanis
782 3401 986 3455 sancta
1014 3400 1370 3453 sanctorum.
1396 3396 1559 3462 Quod
1591 3397 1641 3452 si
1686 3398 2042 3458 voluerimus

403 3494 653 3548 Ammon
676 3486 1047 3561 interpretari
1077 3501 1255 3559 super
1277 3484 1413 3540 {iliis
1449 3485 1880 3557 Loth,dicamus
1894 3490 2039 3547 Loth

404 3579 681 3637 habuisse
701 3595 770 3634 ex
794 3576 1022 3633 duabus
1042 3574 1277 3631 ﬁliabus
1296 3576 1442 3631 duos
1466 3574 1810 3645 filios,Moab
1831 3583 1886 3634 et
1910 3582 2041 3636 Am-

396 3682 815 3740 mon,quorum
836 3665 1034 3722 senior
1046 3665 1201 3720 Moab
1224 3664 1638 3736 interpretatur
1653 3683 1723 3721 ex
1739 3668 2039 3738 patresive

402 3774 543 3832 aqua
571 3761 842 3830 paterna:
869 3754 1073 3826 junior
1092 3769 1225 3809 vero
1255 3754 1503 3817 Ammon,
1518 3752 1605 3809 vel
1633 3755 1784 3825 ﬁlius
1811 3759 2038 3829 generis

399 3849 532 3918 mei,
563 3845 652 3903 vel
674 3844 912 3918 populus
930 3846 1117 3897 noster
1146 3841 1356 3912 (Cenes.
1383 3841 1601 3911 xxx).Et
1623 3843 1872 3900 arbitror
1892 3861 2038 3916 quo-

404 3936 578 3991 modo
607 3936 715 4007 [Αι.
740 3929 1366 4005 quemadmodum]qui
1387 3944 1456 3985 ex
1475 3930 1507 3985 J
1516 3931 1630 3986 uda
1653 3935 1824 3987 natus
1846 3933 2035 3989 fuerat

393 4027 631 4096 prapter
659 4024 961 4094 peccatum
991 4017 1207 4074 dicitur
1233 4018 1305 4073 ad
1337 4034 1469 4073 eum
1494 4020 1709 4076 :Semen
1733 4021 2032 4090 Chanaam,

393 4119 573 4166 etnon
600 4108 741 4166 Iuda
772 4108 933 4176 (Dan.
962 4124 1088 4178 xm,
1118 4107 1230 4179 56).
1263 4107 1331 4162 Et
1360 4108 1418 4162 in
1445 4108 1737 4165 Ezechiele
1759 4110 1830 4165 ad
1864 4111 2031 4167 Jeru-

391 4197 575 4255 salem
604 4196 983 4271 peccatricem
1006 4196 1112 4268 [Αι.
1146 4198 1533 4270 meretricem]
1568 4200 1788 4256 :Radix
1832 4204 1927 4257 tua
1982 4207 2034 4258 et

389 4288 664 4360 generatio
677 4285 846 4343 luade
857 4293 1005 4342 terra
1018 4285 1319 4354 Chanaam,
1320 4295 1479 4358 pater
1491 4298 1617 4343 tuus
1627 4293 1724 4344 Am
1733 4291 2034 4347 morrluzus

389 4375 499 4452 [ΑΙ.
524 4376 911 4444 Chananzns],
943 4382 995 4430 et
1021 4378 1197 4430 mater
1216 4382 1312 4430 tua
1334 4374 1547 4431 (lethaea
1571 4376 1785 4448 (Ezech.
1803 4395 1913 4444 XVI,
1936 4379 1990 4449 3)
2010 4396 2029 4432 :

393 4466 478 4522 sic
498 4481 596 4522 eos
617 4464 975 4537 quicumque
996 4463 1232 4519 fuerunt
1251 4463 1322 4519 de
1344 4463 1519 4535 priori
1545 4465 1895 4537 p0pulo,hoc
1917 4471 2027 4532 est,

2154 3308 2404 3381 populus
2434 3312 2572 3363 tuus
2601 3307 2970 3363 effeminatus
3002 3307 3097 3374 sit,
3129 3315 3185 3363 et
3219 3309 3506 3364 resistere
3532 3303 3745 3375 nequeat.

2155 3398 2490 3453 Pandentur
2513 3413 2648 3469 ergo
2681 3402 2859 3469 porta
2894 3400 3023 3466 tuae,
3056 3402 3111 3451 et
3140 3398 3376 3468 patebit
3405 3395 3556 3454 516
3594 3390 3744 3448 civitas

2150 3484 2892 3557 hostibus,robustissimos
2920 3490 3112 3541 vectes
3125 3486 3356 3558 quibus
3382 3484 3752 3542 claudebantur

2151 3580 2349 3647 portze,
2382 3581 2688 3630 consumet
2717 3574 2889 3647 ignis.
2924 3573 3099 3629 Hauri
3133 3574 3326 3645 igitur
3348 3573 3750 3646 aquam,etcura

2149 3680 2220 3719 ne
2251 3669 2422 3736 potus
2454 3663 2606 3719 desit
2635 3664 2885 3718 obsessae
2919 3663 3231 3718 munitioni
3264 3681 3278 3718 :
3308 3663 3529 3719 lateres
3560 3655 3749 3719 conﬁce,

2148 3758 2212 3808 ut
2241 3753 2566 3824 interrupta
2596 3768 2895 3807 murorum
2922 3756 3335 3824 struas,pr0pe
3360 3758 3455 3809 est
3479 3750 3618 3807 enim
3631 3740 3753 3799 obsi-

2146 3842 2261 3897 dio.
2296 3842 2363 3897 Et
2392 3857 2526 3896 cum
2557 3840 2678 3896 haec
2709 3840 2907 3896 omnia
2929 3840 3156 3908 feceris,
3180 3842 3368 3912 quasi
3395 3835 3656 3897 abrucho
3676 3831 3759 3887 hn-

2147 3948 2299 4001 mus,
2333 3930 2414 3986 ita
2443 3948 2475 3985 a
2505 3929 2698 4001 gladio
2730 3930 3235 3986 devoraberis.Sed
3268 3937 3335 3986 et
3368 3946 3507 3986 cum
3530 3919 3756 3994 multiplio

2144 4025 2271 4076 cata
2293 4020 2474 4075 fueris
2506 4023 2571 4074 ut
2599 4018 2941 4083 bruchus,et
2956 4023 3020 4074 ut
3041 4018 3272 4075 locusta
3295 4020 3366 4075 in
3387 4033 3577 4075 unum
3591 4012 3756 4088 pariter

2143 4111 2511 4181 congregata,
2542 4111 2602 4163 et
2631 4108 3076 4181 congregaveris
3105 4108 3262 4163 sicut
3302 4111 3480 4164 astra
3508 4104 3631 4161 coeli
3656 4099 3756 4155 divi-

2140 4197 2253 4253 tias
2282 4201 2435 4263 tuas,
2468 4197 2620 4252 sicut
2650 4195 2890 4251 locustae
2906 4200 2962 4252 et
2988 4196 3350 4262 bruchus,et
3362 4212 3555 4270 parva
3570 4184 3760 4267 geniali:

2142 4303 2218 4341 na
2245 4284 2763 4356 locustarum,qute
2792 4290 3077 4340 vocantur
3094 4284 3344 4340 attelabi
3372 4285 3499 4356 [Αι.
3516 4274 3758 4343 αάῑθιοὺὶξ.

2142 4373 2261 4429 sole
2293 4371 2697 4438 incalescente,
2730 4372 2980 4440 avolant,
3014 4389 3119 4429 uec
3150 4373 3581 4445 reperiuntur:
3611 4369 3681 4425 sic
3716 4368 3761 4417 ω

2140 4461 2493 4535 dispergeris
2524 4467 2580 4516 et
2607 4462 2812 4533 fugies.
2846 4462 3068 4517 Natura
3097 4462 3257 4517 enim
3282 4461 3428 4517 haec
3447 4462 3763 4517 locustarum

390 4557 462 4612 de
489 4553 749 4616 Judris;
775 4553 931 4609 et-de
952 4551 1196 4623 juniori,
1225 4552 1283 4607 id
1305 4556 1413 4620 est,
1446 4554 1518 4608 de
1539 4553 1775 4622 nostris,
1807 4554 2025 4611 Moabi-
2060 4570 2104 4634 υ
2137 4556 2249 4619 est,
2271 4556 2334 4606 ut
2365 4551 2421 4605 in
2456 4551 2665 4622 frigore
2695 4554 3012 4622 torpentes,
3064 4565 3166 4622 per
3211 4549 3495 4607 calorem
3555 4541 3762 4604 volitent-

389 4650 480 4702 tas
508 4648 566 4701 et
593 4641 959 4700 Ammanitae
986 4640 1309 4715 ﬁguraliter
1326 4641 1627 4713 appellari.
1659 4644 1727 4698 Et
1755 4643 1892 4715 quia
1928 4644 2026 4699 de-

457 4786 538 4857 (a)
569 4785 1035 4857 Subsequentem
1063 4782 1440 4857 versiculum,
1462 4783 1551 4839 Sol
1567 4789 1717 4840 ortus
1745 4789 1845 4853 est,
1892 4790 2026 4851 etc.,

388 4855 763 4939 me..'Regi11nzs
791 4859 960 4911 tacet.
971 4855 1180 4910 Confer
1204 4855 1618 4927 Hieronymum
1652 4857 1760 4912 sub
1784 4856 2028 4928 hujusce

385 4928 662 4987 sectionis
693 4928 889 4982 finem.

460 5007 537 5080 (b)
555 5006 813 5080 Rectius,
848 5012 911 5060 ut
938 5004 1193 5080 videtur,
1218 5005 1277 5059 in
1310 5004 1486 5080 Regio
1518 5020 1629 5061 ms.
1657 5008 2025 5080 oppila,qnod

389 5076 498 5150 est,
518 5076 902 5150 occludetpro
922 5077 1121 5132 obtine.
1146 5076 1290 5132 Nam
1323 5081 1382 5131 et
1410 5076 1641 5150 Hieron.
1676 5076 1739 5132 in
1767 5076 2027 5134 subnexa

388 5146 746 5224 expositione
767 5146 1207 5224 interpretatur,
1237 5151 1410 5203 vectes
1430 5148 2028 5224 robutéssimosguibus

386 5219 631 5351 agitent
655 5224 705 5275 et
724 5219 982 5275 claudant
1013 5228 1200 5292 portas
1252 5234 1526 5274 sensuum.
1588 5220 1780 5276 Graece
1829 5219 2025 5277 tamen

386 5309 415 5349 8
498 5289 926 5351 κπακρᾶτησον.

382 5308 474 5351 est
498 5308 803 5365 κατακρατη
812 5308 926 5346 σον.

455 5371 526 5443 (c)
550 5368 812 5442 Exponit:
845 5369 1041 5443 inquit
1069 5368 1383 5443 Victorius,
1404 5384 1473 5443 ea
1511 5369 1806 5443 prophetis
1827 5374 2022 5428 verba:

382 5440 596 5512 Aquam
622 5440 842 5512 propter
860 5440 1189 5497 obsidionem
1217 5440 1386 5497 hauri
1410 5440 1528 5497 tibi.
1561 5442 1795 5497 Exstrue
1848 5446 2026 5499 muni-

386 5513 557 5566 tiones
586 5520 742 5581 tuas;
762 5513 909 5568 intra
939 5514 1000 5567 in
1032 5513 1232 5579 lutum,
1264 5522 1314 5568 et
1335 5513 1766 5581 calea,subigens
1780 5518 1902 5570 tene
1940 5517 2023 5570 la-

385 5586 575 5636 terem.
594 5580 688 5650 Ex
707 5582 924 5650 quibus
952 5583 1175 5638 nemini
1196 5584 1376 5640 dubio
1396 5580 1670 5650 vertetur,
1721 5584 1872 5641 haue
1930 5602 2024 5642 ve-

382 5651 568 5711 terem
587 5649 896 5714 lectionem
928 5650 1136 5713 falsam
1157 5670 1305 5713 esse.
1331 5658 1641 5729 Propterea
1656 5649 1767 5715 nos
1790 5671 1859 5715 ex
1877 5672 2019 5717 cun-

2141 4640 2314 4696 Porro
2339 4639 2417 4712 (d)
2445 4638 2736 4694 attelabus
2758 4654 2931 4710 quem
2967 4637 3277 4710 signiﬁcan
3290 4640 3434 4695 tius
3462 4642 3768 4695 coniest

2138 4783 2249 4839 ctis
2283 4781 2607 4847 Florentiae,
2643 4779 2966 4852 Brixia'que
2988 4780 3327 4853 codicibus,
3360 4798 3481 4853 pro
3498 4770 3770 4853 munitioni,

2141 4853 2525 4915 restituimus,
2557 4854 2718 4907 muni
2742 4857 2937 4907 turres.
2974 4852 3108 4915 Quaa
3138 4852 3449 4909 correctio
3482 4852 3689 4909 odtime
3711 4858 3770 4899 τε·

2142 4898 2606 4998 illis
2627 4923 2817 4998 verbis
2847 4940 2860 4978 :
2894 4898 3127 4998 [instrue
3141 4898 3516 4979 munitione;
3539 4916 3766 4997 ιυωδξνε

2141 4994 2207 5052 ut
2226 5001 2446 5051 vertere
2477 4994 2889 5066 Sepiuaginta:
2924 4994 3121 5049 Obtine
3153 4997 3529 5052 munitiones
3555 4994 3771 5053 tuas;in‘

2141 5084 2399 5139 congrua
2427 5065 2648 5139 alioqui
2679 5065 2897 5139 locutio
2924 5071 3099 5139 esset,
3127 5066 3463 5139 obsessam
3489 5068 3770 5122 dicererm?

2141 5137 2443 5213 nitionem.
2476 5138 2626 5213 Dum
2640 5142 2835 5213 autem
2850 5138 2951 5202 ait,
2974 5138 3210 5201 obsessae,
3233 5137 3625 5213 intelligitur
3636 5143 3766 5191 exs!‘

2140 5210 2467 5285 perioribns
2499 5208 2738 5285 civitati.
2768 5278 2780 5285 _
3243 5279 3352 5285 ﬂ“
3464 5208 3496 5213 ”
3548 5279 3561 5285 Α
3670 5275 3681 5285 .

2211 5281 2451 5353 (d)ldem
2465 5280 2546 5335 ait
2560 5278 2818 5353 :Eg‘regie
2835 5278 3214 5353 Hieronymus
3227 5279 3258 5333 d
3272 5275 3767 5353 iﬂ‘erentiaminf?

2138 5350 2443 5416 locuStam,
2477 5350 2797 5407 attelabum
2820 5354 2877 5404 et
2901 5350 3559 5422 bruchumqexplicat:
3584 5364 3653 5422 ne
3681 5351 3765 5416 (με

2140 5425 2427 5480 bruchum
2460 5438 2693 5477 erucam
2725 5420 3768 5487 brassicaecorroden'temmtiSent?

2138 5512 2232 5551 ses
2264 5496 2320 5550 in
2356 5493 2584 5550 Etruria
2609 5498 2969 5564 vocant,esse
3000 5495 3296 5564 putarent.
3320 5498 3441 5549 Est
3460 5489 3765 5564 antetulit!"

2135 5567 2301 5632 chus,
2326 5567 2426 5640 qui
2458 5585 2492 5621 a
2520 5552 2903 5640 Septuaginta
2932 5552 3174 5637 ϐρὸῦχος
3195 5563 3518 5622 similiter
3532 5552 3773 5622 (licitum?l

2132 5655 2205 5713 ab
2226 5637 2483 5715 Hebraeis
2502 5637 2600 5748 ’(7⁷
2620 5668 2796 5730 parva
2822 5650 2927 5710 illa
2955 5650 3182 5712 locusta
3203 5650 3473 5732 absque
3496 5654 3619 5714 alis
3633 5648 3771 5721 πίετῆ
