4022 6192
267 387 424 468 1969

1053 401 1806 469 COMMENTARIORUM
1849 397 1932 464 IN
1980 399 2205 466 NAUM
2247 402 2504 468 LIBER.
2551 403 2724 469 CAP.
2768 397 2874 469 ῙῙῙ.

3513 398 3672 465 12⁸70

264 537 597 607 hominum,
627 555 752 611 quae
771 539 1068 612 perlatam
1090 541 1243 597 viam
1268 556 1535 613 pergens,
1559 538 1903 596 versaturin
1936 536 1992 602 Α
2021 537 2346 606 incaluerit,
2380 540 2638 597 dimittet
2685 541 2882 597 sedem
2914 542 2970 596 et
3017 537 3143 595 loca
3172 553 3299 610 sua,
3339 535 3400 594 in
3447 538 3665 612 quibus

265 628 513 693 mundo,
531 628 821 682 bruchum
838 629 1048 694 dicere,
1066 646 1200 684 cum
1222 629 1438 684 videris
1450 645 1548 684 eos
1569 632 1721 683 totos
1740 632 1904 682 terra

261 716 514 786 deditos,
552 719 850 772 sententiae
882 717 1114 773 levitate
1144 718 1258 772 huc
1281 717 1535 789 illucque
1559 717 1904 785 discurrere,

257 809 320 860 at
346 805 416 860 ad
447 803 791 861 sublimiora
820 805 1011 861 valare
1033 823 1146 862 non
1170 823 1360 878 posse.
1387 807 1564 861 Cerne
1591 804 1832 860 Romam
1851 807 1910 858 et

262 892 825 964 Constantinopolim
859 911 991 949 cum
1025 895 1202 966 priori
1226 894 1461 954 nomine
1481 893 1739 966 inopiam
1764 892 1908 964 pris-

258 981 441 1036 tinam
461 986 940 1038 commutantem.
966 983 1109 1038 Vide
1133 983 1553 1039 Alenandrium
1574 981 1803 1054 Egypti
1820 998 1909 1037 ca-

254 1074 380 1142 put,
439 1075 495 1125 et
544 1087 677 1143 cum
727 1071 901 1126 fuerit
928 1072 1017 1128 vel
1049 1089 1151 1143 pro
1208 1072 1452 1144 penuria
1497 1088 1760 1136 annonae,
1816 1069 1906 1125 vel

253 1159 433 1230 (quod
463 1159 672 1231 pudori
702 1160 778 1215 sit
799 1165 854 1215 et
873 1162 1092 1233 rubori)
1113 1163 1192 1234 (τι)
1212 1166 1445 1234 propter
1468 1161 1699 1232 aurigas
1720 1163 1776 1214 et
1801 1158 1907 1214 mi-

252 1264 382 1304 mos
412 1252 468 1304 et
497 1248 812 1303 histriones
846 1251 1054 1305 seditio
1085 1252 1390 1316 concitata,
1425 1267 1592 1305 ruere
1622 1248 1904 1321 populum

251 1337 313 1391 in
328 1337 774 1394 similitudinem
798 1339 1026 1405 bruchi,
1052 1343 1107 1395 et
1128 1339 1899 1401 totumvitiisinhaerentem,

249 1424 485 1482 levitate
516 1444 643 1495 sua,
675 1431 730 1482 et
772 1445 872 1499 per
903 1433 1198 1485 momenta
1248 1417 1573 1485 mutatione
1604 1425 1902 1483 sententia:

249 1513 366 1569 huc
397 1514 652 1588 illucque
667 1515 905 1572 volitare
931 1535 942 1572 :
975 1522 1114 1573 tunc
1134 1534 1264 1574 vere
1280 1518 1496 1590 poteris
1518 1519 1708 1573 dicere
1731 1533 1742 1570 :
1769 1517 1904 1570 Bru-

248 1610 382 1660 ehus
411 1607 618 1675 impetu
650 1607 790 1660 abiit
833 1611 880 1660 et
912 1607 1168 1663 avolavit.
1223 1607 1394 1662 Porro
1426 1607 1580 1678 quod
1613 1606 1899 1677 sequitur,

248 1693 505 1748 Exsilivit
537 1692 835 1764 attelabus,
868 1699 916 1750 et
964 1697 1250 1751 mixticius
1301 1699 1427 1750 tuus
1457 1697 1617 1767 quasi
1675 1695 1899 1760 locusta,

245 1782 571 1838 mixticium
606 1788 744 1855 puto
774 1784 830 1837 in
865 1784 973 1839 hoc
1000 1784 1230 1840 differre
1262 1802 1295 1839 a
1318 1784 1562 1854 brucho,
1591 1784 1745 1855 quod
1772 1783 1902 1836 bru-

2016 633 2276 700 tempore
2299 629 2528 702 frigoris
2548 629 2870 686 inhaerebat
2890 650 2904 698 ;
2922 632 2978 686 et
3009 630 3081 685 ad
3101 627 3343 684 meliora
3364 645 3662 698 conversa,

2019 716 2229 788 prioris
2259 718 2415 773 sedis
2438 736 2552 774 non
2579 719 3174 782 recordabitur.Quod
3207 722 3403 774 autem
3420 735 3664 792 genera-

2018 803 2150 860 liter
2181 806 2250 860 de
2274 807 2486 877 judicii
2521 813 2779 881 tempore
2812 809 2965 866 583
3015 807 3291 875 diximus,
3325 811 3382 863 et
3410 825 3566 864 nunc
3595 825 3664 865 ex

2019 898 2180 965 parte
2212 895 2458 968 intelligi
2491 902 2702 968 potest,
2726 902 2791 952 ut
2823 913 2923 968 per
2935 897 3196 952 eruditos
3213 901 3269 952 et
3290 897 3490 953 doctos
3508 897 3662 954 viros

2017 983 2426 1054 hujuscemodi
2457 984 2700 1042 locustis
2733 985 2874 1042 solis
2896 984 3139 1057 justitiae
3170 984 3370 1040 lumen
3401 987 3662 1055 oriatur;

2015 1075 2072 1127 et
2101 1072 2496 1145 relinquentes
2529 1075 2728 1146 spinas
2759 1092 2916 1142 suas,
2971 1075 3028 1129 in
3064 1091 3278 1146 purum
3326 1077 3384 1130 et
3413 1073 3664 1132 liberum

2016 1165 2322 1217 transeant
2348 1162 2629 1219 volatum.

2084 1251 2268 1319 (Vers.
2306 1253 2370 1306 18
2401 1254 2591 1324 seqq.)
2649 1255 3095 1309 Dormitaverunt
3118 1261 3360 1325 pastores
3400 1255 3503 1321 tui,
3562 1271 3667 1310 rea:

2013 1339 2184 1394 Assur
2208 1365 2220 1405 ;
2246 1341 2577 1411 sepelientur
2601 1344 2876 1415 prineipes
2899 1344 2998 1408 tui,
3024 1342 3304 1414 dispersus
3323 1347 3398 1398 est
3425 1341 3666 1415 populus

2011 1431 2138 1483 tuus
2153 1445 2317 1500 super
2330 1439 2538 1487 montes
2558 1431 2730 1504 [Vulg
2743 1473 2755 1488 .
2786 1433 3024 1488 latitavit
3033 1433 3269 1503 populus
3281 1437 3412 1487 tuus
3427 1434 3490 1487 in
3506 1448 3663 1488 mon-

2014 1519 2200 1587 tibus],
2231 1524 2283 1572 et
2314 1535 2423 1574 non
2453 1528 2532 1574 est
2560 1523 2656 1591 qui
2682 1529 2987 1592 congreget,
3022 1537 3128 1576 non
3161 1524 3242 1576 est
3271 1523 3501 1576 obscura
3527 1537 3662 1576 eon-

2011 1608 2166 1662 tritio
2196 1612 2314 1673 tua,
2344 1611 2582 1677 pessima
2613 1614 2692 1664 est
2713 1611 2875 1680 plaga
2902 1618 3016 1665 tua.
3040 1611 3234 1666 Omnes
3256 1613 3353 1681 qui
3365 1610 3667 1666 audierunt

2011 1695 2349 1751 auditionem
2398 1705 2570 1764 tuam,
2625 1701 3056 1769 compresserunt
3103 1715 3331 1754 manum
3363 1715 3531 1768 super
3571 1703 3659 1755 te:

2012 1785 2144 1854 quia
2198 1801 2361 1855 super
2396 1802 2558 1856 quem
2587 1802 2693 1842 non
2727 1789 2983 1842 transivit
3013 1789 3238 1842 malitia
3267 1796 3360 1843 tua
3408 1792 3666 1858 semper?

245 1870 392 1925 chus
414 1869 697 1942 imperitae
717 1871 1080 1926 multitudini
1101 1872 1901 1943 etinnumerabilicompara-
1932 1901 1980 1964 B
2013 1872 2154 1926 LXX
2189 1890 2201 1927 :
2236 1875 2687 1930 Dormitaverunt
2705 1884 2882 1947 pastor
2896 1892 2951 1931 es
2984 1877 3070 1930 tui
3094 1892 3107 1931 :
3141 1893 3243 1932 rex
3279 1879 3447 1932 Assur
3473 1893 3660 1933 conso-

244 1965 344 2015 tur
369 1977 382 2015 :
419 1960 716 2015 mixticius
743 1966 937 2016 autem
964 1962 1033 2016 de
1055 1962 1279 2017 cunctis
1301 1963 1577 2033 gentibus
1609 1961 1743 2016 hinc
1764 1961 1901 2014 inde

241 2048 398 2105 582
421 2048 719 2104 collectus.
741 2050 808 2104 Et
824 2050 1113 2120 quomodo
1127 2049 1225 2104 alii
1241 2050 1446 2105 suntin
1462 2050 1708 2104 urbibus
1726 2049 1897 2104 cives:

243 2137 344 2192 alii
367 2137 680 2209 peregrini,
706 2139 922 2210 quibus
945 2140 1020 2209 (b)
1047 2138 1235 2210 placet
1255 2139 1517 2194 habitare
1540 2139 1594 2192 in
1623 2139 1764 2192 urbe
1787 2155 1902 2192 non

247 2242 393 2280 sua:
429 2225 510 2280 sic
543 2227 867 2281 mixticium
899 2233 1057 2296 puto,
1093 2227 1190 2298 qui
1215 2227 1440 2282 habitat
1471 2227 1528 2280 in
1556 2227 1780 2296 Ninive,
1805 2243 1902 2282 eos

245 2331 378 2371 esse
399 2317 498 2386 qui
523 2316 794 2370 videntur
815 2316 926 2372 sibi
962 2317 1132 2386 juxta
1153 2316 1491 2387 opinionem
1515 2333 1681 2370 suam
1707 2315 1904 2386 aliqua

249 2405 419 2475 sequi
450 2405 723 2476 dogmata
751 2405 1036 2470 veritatis,
1071 2406 1120 2459 ci
1156 2405 1212 2458 in
1237 2420 1303 2459 eo
1326 2404 1595 2460 meliores
1624 2420 1751 2459 esse
1771 2405 1905 2459 bru-

253 2494 385 2563 cho,
417 2494 569 2564 quod
601 2493 862 2548 bruchus
886 2493 1033 2547 nihil
1056 2493 1214 2548 aliud
1239 2493 1430 2560 faciat,
1458 2493 1571 2548 nisi
1594 2509 1826 2565 semper
1846 2494 1903 2547 in

250 2585 412 2637 terra
442 2582 539 2647 sit,
573 2585 630 2636 et
658 2583 879 2652 absque
893 2581 1025 2647 alis,
1049 2582 1176 2636 cibo
1198 2586 1255 2636 et
1284 2583 1466 2636 ventri
1493 2582 1737 2636 serviat:
1764 2586 1904 2636 atte-

249 2668 426 2725 labus
448 2676 640 2724 autem
665 2670 868 2725 saltem
890 2670 1150 2725 modicas
1166 2675 1432 2725 assumat
1448 2670 1592 2733 alas,
1616 2676 1672 2724 et
1693 2687 1825 2724 cum
1844 2670 1903 2724 in

250 2757 438 2813 altum
455 2757 648 2812 volare
667 2775 779 2812 non
808 2758 1010 2829 possit,
1037 2764 1230 2813 tamen
1255 2759 1489 2814 deterra
1501 2758 1732 2814 exsilire
1754 2759 1903 2814 nita-

247 2849 347 2901 tur
382 2864 394 2900 :
419 2850 477 2901 et
499 2846 735 2901 tandem
761 2847 1106 2917 perveniens
1131 2847 1186 2900 in
1213 2845 1525 2912 locustam,
1549 2847 1750 2901 volitat
1774 2848 1902 2918 qui-

249 2939 409 3006 dem,
445 2935 542 2990 sed
573 2952 686 2989 non
719 2940 807 2990 est
824 2939 1139 3006 perpetuus
1159 2935 1384 2990 volatus
1409 2936 1558 3005 ejus,
1581 2936 1901 2990 deficienti—

244 3026 362 3081 bus
382 3025 539 3080 enim
554 3023 908 3094 pennulis,et
920 3023 1231 3078 contractis
1247 3023 1658 3094 frigore,etiam
1678 3023 1904 3080 locusta

245 3112 533 3179 considet,
562 3115 620 3166 et
649 3110 912 3165 considet
941 3127 1055 3164 non
1086 3109 1144 3164 in
1179 3111 1456 3181 frugifera
1487 3111 1710 3181 arbore,
1753 3118 1810 3167 et
1840 3112 1899 3167 in

246 3201 574 3257 virentibus
605 3198 779 3262 foliis,
805 3200 905 3253 sed
940 3199 996 3252 in
1023 3215 1177 3270 sepe,
1215 3199 1480 3254 sentibus
1509 3201 1898 3272 virgultisque

2009 1960 2152 2030 pivit
2176 1962 2347 2030 fortes
2373 1965 2511 2026 tuos,
2557 1963 2693 2017 abiit
2718 1964 2953 2034 populus
2981 1967 3106 2017 tuus
3145 1979 3307 2034 super
3333 1965 3562 2029 montes,
3613 1967 3665 2018 et

2013 2065 2123 2103 non
2155 2057 2277 2104 erat
2303 2052 2402 2120 qui
2430 2053 2742 2122 susciperet,
2775 2059 2830 2106 et
2856 2067 2965 2106 non
2993 2063 3069 2106 est
3097 2053 3312 2107 sanitas
3341 2053 3666 2108 eontritioni

2013 2141 2146 2205 tute,
2178 2142 2345 2194 tumet
2381 2141 2544 2210 plaga.
2576 2144 2690 2194 tua.
2739 2141 2933 2196 Omnes
2963 2143 3058 2212 qui
3087 2139 3379 2195 audierunt
3405 2143 3668 2197 nuntium
3762 2145 3772 2150 “

2011 2231 2189 2291 tuum,
2237 2227 2505 2297 plaudent
2531 2230 2787 2283 mauibus
2844 2246 3006 2301 super
3045 2234 3115 2293 te,
3151 2231 3288 2300 quia
3314 2246 3478 2300 super
3503 2246 3663 2301 quem

2011 2332 2122 2371 non
2154 2318 2321 2371 irruit
2342 2318 2564 2371 malitia
2584 2322 2680 2372 tua
2691 2334 2904 2389 semper
2923 2322 2948 2370 .9
2958 2319 3081 2373 Non
3098 2318 3313 2373 mirum
3328 2323 3438 2387 est,
3452 2318 3500 2373 si
3523 2319 3665 2374 dor-

2015 2404 2365 2459 mitaverunt
2393 2410 2654 2476 pastores
2669 2407 2775 2473 tui,
2810 2423 2842 2461 o
2861 2423 2958 2461 rex
2977 2407 3296 2478 Assur,qui
3324 2406 3662 2462 dominatus

2013 2507 2075 2547 es
2109 2492 2166 2546 in
2199 2492 2424 2556 Ninive,
2457 2498 2513 2546 et
2539 2494 2914 2565 sepeliantur,
2945 2494 3032 2550 vel
3054 2497 3340 2567 vagentur
3370 2494 3661 2567 principes

2015 2582 2118 2646 tui,
2155 2579 2337 2652 reguli
2373 2580 2614 2648 scilicet,
2649 2590 2702 2638 el
2734 2582 2999 2637 omnium
3031 2583 3296 2654 gentium
3328 2583 3526 2649 duces,
3559 2582 3661 2654 qui

2012 2669 2117 2723 tibi
2152 2675 2321 2724 antea
2350 2671 2718 2726 serviebant:
2753 2687 2888 2726 cum
2930 2671 3182 2742 populus
3213 2677 3354 2727 tuus
3385 2669 3662 2727 mulieres

2011 2758 2229 2813 fuerint
2245 2758 2302 2811 in
2324 2759 2513 2813 medio
2531 2759 2780 2815 civitatis
2799 2765 2931 2828 tuae;
2957 2763 3013 2816 et
3035 2759 3290 2815 inimicis
3310 2760 3429 2816 tuis
3449 2766 3660 2833 aperta:

2013 2845 2132 2900 sint
2157 2850 2330 2917 portis
2362 2847 2509 2917 ejus,
2543 2853 2600 2903 et
2632 2849 2825 2904 omnis
2857 2847 3172 2904 multitudo
3204 2866 3382 2922 super
3419 2864 3659 2905 murum

2012 2935 2221 2990 sedens
2252 2934 2487 2990 locustae
2502 2935 2948 3007 sitcomparata,
2978 2953 3104 3008 quae
3128 2937 3297 3008 quasi
3318 2937 3390 3008 (ο)
3414 2937 3662 2994 incales-

2012 3027 2175 3077 cente
2207 3022 2346 3086 sole,
2384 3023 2467 3078 sic
2500 3025 2815 3079 adventum
2850 3026 2954 3093 [Αἰ.
2987 3026 3057 3080 ad
3096 3025 3432 3097 adventum]
3465 3026 3660 3081 Nabu-

2009 3110 2376 3168 chodonosor
2430 3112 2644 3182 fugerit
2672 3115 2742 3169 de
2799 3114 3275 3186 prOpugnaculis,
3321 3121 3378 3170 et
3409 3113 3664 3186 inimicis

2011 3205 2175 3272 terga
2204 3201 2459 3269 verterit,
2485 3218 2589 3256 nec
2621 3203 2894 3258 inventus
2925 3202 3003 3258 sit
3026 3202 3196 3258 locus
3219 3204 3368 3273 ejus.
3387 3203 3536 3258 Irato
3560 3205 3665 3259 ita-

246 3294 539 3356 contexta,
572 3289 692 3342 sive
724 3288 782 3341 in
818 3286 1069 3342 maceria
1100 3288 1337 3341 fortuito
1370 3287 1507 3342 hinc
1537 3288 1671 3343 inde
1709 3288 1900 3360 lapide
1931 3262 1972 3328 C
2012 3304 2124 3359 que
2160 3291 2290 3355 Deo,
2321 3290 2460 3360 quia
2476 3290 2758 3361 populum
2781 3292 2909 3361 ejus
2938 3297 3291 3356 vastaveras,
3322 3307 3354 3346 o
3378 3292 3580 3360 Assur,
3605 3296 3662 3347 et

248 3379 598 3450 composita.
633 3376 1067 3431 Considerimus
1098 3377 1394 3447 sapientes
1438 3377 1691 3444 Graeciae,
1723 3382 1779 3432 et
1807 3378 1897 3432 ,Έ-

247 3467 587 3541 gyptiorum
611 3471 782 3537 atque
804 3465 1136 3529 Persarum,
1164 3464 1556 3534 Indorumque
1579 3467 1719 3536 Gym
1731 3483 1898 3520 noso-

248 3556 504 3629 phistas,
544 3560 599 3609 et
629 3553 1047 3621 Samaritanos,
1080 3561 1135 3606 et
1176 3553 1367 3607 varias
1398 3554 1548 3608 inter
1578 3553 1736 3624 ipsos
1769 3571 1899 3608 sen-

245 3644 504 3700 tentias:
540 3648 596 3698 et
642 3644 875 3698 Judceos
925 3641 1369 3712 Pharisasosque
1417 3658 1639 3707 eorum,
1675 3643 1901 3696 Saddu-

247 3749 422 3799 ceos,
457 3735 514 3786 et
539 3731 807 3786 Ecclesia:
831 3729 1187 3802 multiplices
1203 3730 1470 3792 haereses,
1500 3734 1556 3784 et
1574 3729 1902 3784 videbimus

248 3820 574 3877 attelabum
606 3839 637 3874 a
670 3825 825 3875 terra
855 3836 918 3874 se
949 3817 1258 3890 paululum
1284 3818 1710 3885 sublevantem,
1730 3823 1786 3873 et
1816 3817 1900 3873 lo-

248 3914 482 3966 custam
513 3903 801 3965 volantem
835 3907 1094 3979 quidem,
1128 3907 1228 3961 sed
1264 3922 1376 3961 non
1411 3905 1580 3977 pleno
1603 3923 1814 3961 cursu:
1849 3911 1906 3961 et

249 3999 394 4072 quia
425 4015 538 4053 non
571 3998 781 4052 habeat
809 3996 1061 4051 calorem
1092 3994 1234 4050 solis
1259 3995 1528 4066 justitias,
1570 3995 1814 4066 frigente
1843 3994 1903 4048 in

251 4089 442 4145 Deum
476 4087 754 4142 charitate
785 4085 983 4140 sedere
1013 4085 1073 4138 in
1121 4083 1375 4155 spinosis
1408 4083 1666 4155 sepibus.
1699 4083 1909 4138 Omnia

257 4179 420 4235 enim
455 4178 733 4248 dogmata
758 4190 982 4239 eorum,
1012 4190 1145 4228 cum
1182 4172 1449 4245 frigeant,
1482 4179 1538 4227 et
1568 4172 1758 4228 volare
1792 4190 1906 4228 non

258 4266 511 4340 possint,
546 4265 744 4320 sedem
779 4262 891 4318 sibi
937 4268 994 4317 et
1022 4261 1282 4332 requiem
1310 4259 1459 4315 inter
1497 4261 1824 4316 Aristotelis
1855 4265 1910 4316 et

259 4353 572 4428 Chrysippi
597 4353 825 4426 spineta
845 4350 1311 4423 reperiunt.lnde
1331 4350 1651 4404 Eumenius
1669 4350 1906 4424 profert:

262 4445 428 4510 Quod
453 4447 654 4499 natum
673 4446 782 4504 est,
798 4458 911 4495 non
933 4440 1041 4494 fuit
1059 4443 1373 4509 antequam
1393 4443 1748 4495 nasceretur.
1774 4440 1913 4495 Inde

265 4532 623 4588 Manichacus
655 4535 719 4584 ut
748 4530 932 4584 Deum
955 4545 987 4582 a
1017 4527 1350 4583 conditione
1371 4525 1662 4581 malorum
1689 4527 1911 4594 liberet,

2008 3377 2432 3432 sublimaveras
2464 3395 2652 3448 usque
2673 3379 2732 3433 in
2765 3379 2976 3434 coelum
2994 3380 3406 3447 nidumtuum,
3433 3380 3658 3436 undeet

2009 3482 2260 3537 magnus
2293 3482 2502 3520 sensus
2537 3467 2769 3532 diceris,
2793 3467 3090 3521 destructa
3115 3472 3203 3521 est
3234 3465 3436 3520 civitas
3466 3471 3568 3521 tua
3588 3467 3658 3521 Et

2009 3552 2234 3609 cunctis
2249 3553 2613 3625 principibus
2629 3554 2966 3618 interfectis,
2986 3555 3084 3626 qui
3101 3554 3372 3609 resistere
3389 3558 3660 3625 poterant

2011 3642 2378 3702 adversariis.
2411 3641 2671 3713 reliquus
2701 3642 2954 3713 populus
2975 3647 3111 3696 tuus
3134 3640 3388 3696 imbellis
3417 3646 3474 3696 et
3500 3641 3661 3713 igno-

2009 3729 2146 3785 bilis
2177 3729 2480 3801 dispersus
2511 3735 2600 3785 est
2620 3730 2676 3783 in
2692 3730 3014 3796 montibus,
3033 3734 3091 3784 et
3119 3745 3290 3783 nemo
3318 3729 3388 3784 de
3409 3729 3660 3784 ducibus

2013 3819 2261 3873 inveniri
2295 3822 2485 3889 potest
2516 3818 2613 3888 qui
2646 3819 3161 3888 congregrteos,et
3185 3816 3255 3870 de
3269 3815 3524 3871 collectis
3542 3832 3666 3870 rur-

2013 3923 2143 3962 sum
2179 3910 2348 3979 cogat
2394 3906 2730 3961 exercituni.
2778 3904 2901 3959 Non
2949 3911 3039 3960 est
3084 3905 3402 3960 obscurum
3449 3903 3666 3961 vulnus

2012 4000 2203 4060 tuum,
2234 3994 2482 4050 nectalis
2496 3993 2803 4066 plagaquae
2817 3994 3027 4050 medici
3047 3993 3431 4066 possitcurari
3463 4010 3665 4050 manu.

2017 4084 2233 4140 Omnes
2265 4083 2364 4154 qui
2397 4082 2641 4137 Niniven
2674 4084 3006 4150 subrutam,
3040 4089 3098 4138 et
3128 4083 3436 4152 Assyrium
3473 4098 3668 4156 regem

2019 4177 2359 4245 superatum
2387 4170 3260 4243 audierint;etpotentissimam
3283 4171 3489 4228 urbem
3519 4176 3672 4228 etre-

2020 4278 2153 4334 gem
2184 4260 2609 4315 dominatorem
2637 4261 2935 4331 quondam
2965 4259 3451 4334 urbis[Al.orbis]
3473 4260 3672 4317 vulne-

2023 4355 2236 4417 ratum,
2272 4354 2328 4404 et
2350 4349 2545 4420 jacere
2568 4349 2943 4412 seminecem,
2977 4343 3033 4404 et
3058 4350 3114 4403 in
3138 4366 3244 4404 suo
3271 4349 3557 4420 sanguine
3574 4365 3672 4403 vo-

2023 4439 2224 4505 lutari,
2252 4439 2338 4492 vel
2371 4438 2694 4508 stupebunt
2725 4442 2959 4510 propter
2989 4437 3067 4492 rei
3095 4437 3589 4508 magnitudinem,
3621 4439 3680 4490 et

2026 4530 2378 4600 imperatum
2413 4528 2709 4591 nuntium,
2742 4532 2799 4581 et
2850 4525 3243 4596 compriment
3272 4524 3427 4581 584
3466 4540 3678 4579 manus

262 4622 516 4677 alterum
552 4619 691 4674 mali
711 4618 938 4674 inducit
967 4621 1286 4671 auctorem.
1319 4615 1458 4669 Inde
1491 4616 1746 4671 Novatus
1778 4619 1916 4672 sub-
1953 4628 1998 4691 D
2030 4634 2190 4681 suas,
2222 4616 2310 4671 vel
2334 4624 2485 4670 certe
2516 4633 2628 4686 prae
2660 4614 3063 4685 magnitudine
3093 4613 3294 4684 gaudii
3326 4611 3680 4668 insultantes

265 4709 452 4766 trahit
479 4709 732 4771 veniam,
767 4712 831 4761 ut
875 4705 1043 4761 tollat
1074 4704 1499 4776 paenitentiam.
1551 4705 1620 4758 Et
1654 4708 1716 4759 ut
1747 4706 1924 4761 simul

264 4797 430 4854 brevi
470 4802 680 4853 cuncta
704 4795 1052 4852 concludam
1087 4809 1374 4856 sermone,
1422 4793 1490 4847 de
1523 4791 1638 4849 illis
1668 4795 1927 4850 fontibus

266 4888 542 4956 universa
563 4887 840 4959 dogmata
857 4882 1433 4957 argumentationum
1457 4899 1694 4937 suarum
1713 4883 1928 4940 rivulos

268 4975 624 5047 trahunt,ita
640 4981 702 5030 ut
719 4974 845 5030 loca
867 4989 1099 5045 quoque
1116 4971 1246 5044 ipsa
1263 4971 1334 5026 de
1349 4970 1568 5042 quibus
1587 4978 1931 5042 argumenta

274 5069 615 5133 sumuntur,
636 5063 835 5116 τοπικᾶ
866 5059 1406 5133 superscripserint.
1459 5059 1587 5114 Haec
1638 5059 1817 5132 igitur
1847 5061 1928 5116 lo-

277 5160 446 5210 custa
462 5170 588 5226 qua
610 5169 766 5208 nunc
781 5153 944 5208 sedet
960 5151 1018 5205 in
1031 5149 1289 5221 sepibus,
1316 5164 1451 5203 cum
1467 5147 1675 5219 judicii
1699 5154 1932 5220 tempus

278 5241 596 5313 advenerit,
630 5246 687 5297 et
718 5240 977 5296 mundus
1009 5238 1080 5293 ad
1113 5240 1304 5293 ortum
1339 5237 1447 5304 [AL
1481 5237 1553 5291 ab
1586 5239 1737 5309 ortu]
1792 5239 1934 5295 solis

350 5425 430 5493 (α)
450 5421 590 5476 Mss.
609 5420 840 5492 Regina
851 5435 967 5493 ,per
982 5419 1206 5486 aurigas
1223 5421 1275 5470 et
1296 5415 1591 5470 histriones
1605 5416 1796 5473 seditio
1806 5435 1934 5475 con-

277 5490 476 5562 citata,
509 5490 723 5547 intuere
765 5490 1065 5562 populum,
1086 5495 1193 5562 etc.

349 5565 429 5635 (b)
462 5558 624 5618 Idem
659 5558 794 5630 msI,
828 5558 1020 5632 quibus
1049 5560 1297 5614 habitare
1328 5558 1386 5612 in
1419 5558 1553 5613 urbe
1600 5576 1712 5613 non
1741 5559 1936 5615 datur:

278 5637 361 5692 sic
399 5639 511 5691 etc.

352 5672 680 5779 telauncta,
699 5702 892 5777 inquit
906 5702 1220 5773 Victorius,
1243 5699 1546 5757 Florentiae
1583 5672 1940 5775 exemplaria

2034 4705 2139 4761 tibi
2173 4703 2529 4776 applaudent
2559 4702 2832 4757 manibus
2857 4707 2913 4756 et
2933 4704 3188 4772 quodam
3208 4701 3408 4774 gaudii
3433 4699 3682 4771 strepitu

2036 4794 2488 4864 concrepabant.
2525 4789 2732 4844 Nullus
2768 4791 2918 4845 enim
2952 4794 3040 4845 est
3070 4789 3170 4861 qui
3204 4789 3392 4861 possit
3422 4804 3599 4861 super
3627 4791 3685 4842 te

2037 4883 2250 4948 dolere,
2284 4886 2340 4934 et
2361 4879 2639 4933 eversioni
2673 4884 2729 4933 et
2750 4877 2972 4933 vulneri
3003 4884 3103 4933 tuo
3126 4879 3344 4934 donare
3365 4877 3682 4949 lacrymas:

2039 4971 2179 5042 quia
2210 4968 2408 5023 nullus
2440 4972 2527 5022 est
2557 4984 2920 5039 superquem
2952 4972 3053 5024 tua
3069 4967 3300 5023 malitia
3316 4983 3429 5022 non
3453 4980 3689 5037 semper

2039 5056 2354 5113 transierit.
2393 5057 2458 5111 Et
2488 5056 2728 5128 pulchre
2768 5056 3101 5111 transierit:
3157 5073 3272 5110 non
3309 5054 3466 5110 enim
3499 5055 3692 5126 potest

2043 5147 2268 5203 malitia
2298 5145 2450 5217 regis
2484 5145 2697 5218 Assyrii
2721 5145 2779 5198 in
2810 5145 3036 5200 ostibus
3057 5142 3431 5215 ejusjugiter
3456 5157 3687 5215 perma-

2044 5253 2199 5292 nere.
2235 5237 2548 5306 llucusque
2595 5233 2854 5289 historiae
2881 5233 3020 5289 ordo
3053 5234 3129 5288 sit
3156 5237 3378 5307 textus.
3407 5231 3694 5288 Debemus

2087 5433 2147 5470 ro
2179 5414 2562 5476 incalescente,
2597 5411 2812 5466 habent
2843 5412 3206 5468 illucescente.
3240 5409 3497 5480 Utraque
3521 5403 3693 5462 lectio

2087 5433 2147 5470 ΓΟ
2179 5433 2562 5476 ιησιιιθδσϐηιϐ,
2597 5433 2812 5466 ΠΒυϐΠῐι
2843 5433 3206 5468 ιιιιισωεϐηιε.
3245 5433 3497 5480 Utruquu
3521 5433 3692 5462 IBUHU

2045 5433 2194 5560 Bona
2225 5512 2239 5553 ;
2277 5482 2806 5560 verumquiasolet
2828 5482 3053 5560 locusta
3069 5480 3388 5560 escitariad
3411 5477 3692 5560 volatum,

2046 5551 2235 5613 calore
2257 5555 2400 5612 solis
2423 5551 2786 5620 adveniente,
2806 5558 3057 5625 utsupra
3072 5553 3213 5625 dicit
3233 5551 3490 5618 Hieron.,
3506 5551 3696 5622 magis

2048 5629 2256 5702 placet,
2285 5632 2349 5683 ut
2381 5625 2699 5682 retineatur
2735 5624 2978 5696 antiqua
3007 5624 3196 5681 lectio.
