3940 6166
357 331 507 400 1271

1621 339 1687 405 s.
1730 336 2048 417 .EUSEBII
2089 338 2533 429 HIERONYMI

3527 349 3643 433 ωε

356 476 550 531 autem
566 472 794 544 etjuxta
813 471 1837 549 Hebraicum,antequameditionem
1862 476 1998 549 Sep-
2026 478 2082 545 Α
2112 477 2368 551 sopierit.
2431 479 2674 552 Semper
2709 478 2926 539 diaboli
2982 478 3242 541 studium
3265 483 3360 551 est,
3407 482 3638 557 vigilantes

352 559 622 633 tuaginta
646 559 1005 617 disseramus
1036 563 1118 635 (in
1151 562 1266 619 illis
1290 565 1445 619 enim
1465 564 1634 637 longe
1656 563 1808 620 alius
1839 570 1895 620 et
1918 564 2001 620 di-

352 664 560 704 versus
582 650 947 731 estsensus),
972 652 1279 724 paululum
1300 655 1369 709 ab
1392 653 1638 709 historia
1664 654 1724 709 in
1747 653 2000 709 sublime

353 739 766 808 conscendere,
798 745 856 795 et
913 741 1117 797 docere
1163 744 1314 814 quod
1349 743 1409 797 in
1440 742 1648 797 ultima
1695 742 2002 814 prophetia

350 827 564 895 Naum,
590 826 905 905 ἀποστροφὴ
932 830 1003 885 ad
1027 830 1325 886 diabolum
1350 832 1469 899 ﬁat,
1494 832 1568 904 (a)
1585 848 1824 887 sensum
1846 848 2002 904 mag-

356 934 523 988 num,
555 918 880 991 principem
913 920 1308 991 Assyriorum,
1344 921 1441 993 qui
1475 922 1770 992 quondam
1793 921 1999 993 gloria-

357 1008 596 1063 bundus
628 1008 887 1063 dixerat:
920 1009 1266 1065 Fortitudine
1281 1012 1509 1081 faciam,
1540 1016 1591 1066 et
1616 1011 1878 1082 sapienlis
1910 1013 1997 1065 in-

354 1097 600 1154 tellectus
631 1100 884 1168 auferam
904 1099 1160 1153 terminos
1176 1101 1441 1170 gentium,
1466 1107 1519 1154 et
1536 1101 1677 1154 vires
1698 1115 1889 1154 earum
1909 1099 1999 1156 de-

346 1203 560 1258 pascar,
594 1195 645 1243 et
699 1188 1003 1242 commovbo
1033 1190 1280 1243 civitates
1326 1205 1448 1260 quae
1480 1188 1800 1244 habitantur
1844 1190 1993 1260 (Isai.

346 1293 406 1343 x,
438 1277 549 1347 13),
580 1279 636 1330 et
664 1275 893 1331 dicatur
921 1276 972 1332 ei
1002 1294 1015 1333 :
1046 1277 1085 1332 0
1119 1279 1358 1349 Lucifer,
1393 1279 1490 1348 qui
1512 1293 1675 1333 mane
1705 1278 1992 1345 oriebaris,

348 1367 447 1439 qui
467 1366 722 1420 mittebas
742 1366 1010 1435 igniculos
1033 1373 1150 1421 tuos
1162 1367 1237 1421 ad
1254 1369 1474 1422 cunctas
1493 1375 1677 1437 gentes
1701 1385 1713 1422 :
1736 1366 1996 1438 quomodo

346 1455 590 1511 cecidisti
616 1457 676 1509 in
700 1458 925 1522 terram,
956 1463 1007 1511 et
1024 1458 1288 1512 contritus
1312 1472 1364 1511 es
1395 1456 1551 1521 (Isai.
1589 1473 1704 1525 x1v,
1740 1457 1824 1524 12,
1865 1456 1949 1528 13)
1970 1455 1997 1510 ‘I

344 1544 650 1601 Destructa
681 1548 769 1599 est
796 1542 998 1599 Ninive
1026 1544 1232 1600 civitas
1256 1548 1360 1599 tua
1388 1544 1654 1618 speciosa
1684 1549 1742 1600 et
1764 1549 1992 1616 potens,

341 1633 404 1688 in
434 1649 552 1705 qua
581 1636 812 1688 tantum
836 1633 943 1688 tibi
988 1633 1300 1705 imperium
1318 1635 1739 1705 prmsumebas,
1765 1638 1831 1689 ut
1856 1631 1994 1689 Filio

345 1718 577 1795 qudque
605 1721 707 1778 Dei
737 1722 981 1778 auderes
1012 1721 1203 1777 dicere
1228 1739 1241 1776 :
1273 1724 1395 1777 Haec
1432 1725 1618 1777 omnia
1644 1722 1850 1778 tradita
1869 1732 1995 1777 sunt

339 1814 482 1868 mihi
504 1830 516 1868 :
542 1814 597 1909 si
618 1811 909 1909 procidens
931 1811 1254 1867 adoraveris
1283 1828 1389 1877 me,
1413 1811 1561 1909 dabo
1574 1811 1684 1909 tibi
1698 1810 1989 1909 ea(1l_latth.
2021 1844 2070 1909 B

340 1919 417 1969 1v,
447 1901 523 1973 9).
556 1896 1027 1957 Dormitaverunt
1046 1904 1309 1972 pastores
1332 1905 1387 1956 et
1402 1899 1588 1973 reguli
1608 1901 1716 1965 tui,
1742 1899 1841 1972 qui
1874 1916 1991 1956 non

266 1978 269 1981 Α
341 1990 662 2063 pascebant
690 1988 959 2045 homines
991 1989 1049 2044 in
1082 1987 1353 2058 salutem,
1389 1990 1488 2044 sed
1518 1988 1854 2044 nutriebant
1891 2005 1991 2045 eos

340 2078 731 2135 interfectioni
753 2082 886 2157 tuae,
918 2082 984 2133 ut
1012 2077 1395 2150 saginatiores
1418 2077 1640 2134 hostias
1662 2078 1986 2135 devorares.

342 2166 546 2224 Omnis
586 2165 836 2238 populus
882 2170 1025 2222 tuus
1056 2170 1113 2222 et
1156 2167 1326 2222 turba
1355 2166 1726 2238 populorum,
1778 2183 1904 2238 quae
1935 2169 1991 2222 te

346 2257 644 2329 quondam
677 2256 921 2322 colebat,
972 2256 1232 2311 deseruit
1260 2260 1315 2310 te
1345 2261 1401 2310 et
1446 2256 1648 2311 urbem
1698 2260 1881 2321 tuam,
1934 2258 1992 2311 et

346 2345 610 2416 confugit
639 2345 710 2400 ad
749 2349 994 2410 montes,
1025 2349 1083 2400 et
1111 2361 1173 2400 se
1213 2345 1323 2401 sub
1355 2344 1747 2418 apostolorum
1779 2343 1990 2400 Christi

349 2437 523 2506 atque
534 2434 837 2489 doctorum
854 2433 1115 2490 latibulis
1136 2432 1457 2501 collocavit,
1474 2439 1530 2489 et
1544 2434 1777 2489 interim
1794 2432 1991 2490 nullus

346 2526 585 2579 tuorum
599 2522 815 2578 ducum
830 2526 937 2589 est,
959 2523 1057 2595 qui
1075 2523 1306 2579 turbam
1322 2527 1485 2578 tuam
1509 2524 1807 2595 quondam
1837 2523 1907 2578 ad
1930 2539 1992 2578 se

346 2616 595 2668 revocet.
629 2611 808 2684 Plaga
837 2616 940 2667 tua
970 2616 1026 2667 et
1052 2610 1267 2666 vulnus
1289 2617 1458 2667 tuum
1490 2617 1611 2668 toto
1632 2613 1770 2667 orbe
1793 2628 1990 2683 perso-

348 2700 515 2756 nuit:
549 2717 751 2756 omnes
795 2700 1220 2756 insultaverunt
1268 2700 1395 2766 tibi,
1426 2700 1529 2773 qui
1562 2705 1663 2755 tua
1693 2700 1991 2772 quondam

349 2786 1066 2863 fuerantsupplantatione
1082 2790 1329 2861 decepti;
1353 2797 1456 2845 aut
1472 2789 1672 2844 nullus
1692 2790 1871 2858 enim,
1891 2792 1992 2845 aut

343 2895 515 2933 rarus
545 2883 652 2949 est,
682 2894 858 2950 quem
884 2894 1000 2933 non
1028 2882 1093 2932 tu
1125 2877 1437 2949 aliquando
1464 2877 1781 2950 deccperis,
1813 2882 1870 2933 et
1890 2893 1993 2949 per

350 2983 524 3039 quem
556 2985 671 3024 non
688 2966 984 3023 transierit
1006 2966 1229 3021 malitia
1249 2972 1369 3022 tua.
1404 2967 1471 3020 Et
1489 2967 1810 3021 notandum
1834 2966 1989 3038 quod

347 3057 408 3112 in
448 3072 822 3128 quocumque
853 3056 1076 3111 steterit
1114 3054 1341 3110 malitia
1370 3055 1607 3121 diaboli,
1659 3072 1773 3110 non
1808 3054 1994 3127 possit

348 3142 632 3200 insultare
646 3143 826 3199 ruinae
844 3145 970 3214 ejus
983 3148 1041 3200 et
1060 3143 1306 3209 vulneri,
1321 3160 1456 3199 cum
1471 3144 1549 3199 sit
1564 3144 1637 3199 de
1659 3144 1992 3216 pastoribus

2109 568 2337 623 animas
2368 568 2689 641 consopire.
2725 570 2985 642 Denique
3028 572 3174 626 etin
3220 571 3454 644 passione
3479 575 3644 634 Domini

2109 656 2505 729 apostolorum
2537 658 2739 714 oculos
2767 658 2927 731 gravi
2958 676 3167 732 sopore
3194 659 3399 732 premit,
3427 663 3643 733 quosSal-

2107 750 2273 802 vator
2300 747 2593 803 suscitans
2623 748 2706 802 ait
2739 766 2753 803 :
2799 748 3028 817 Vigilate
3056 756 3108 804 et
3133 756 3291 815 orate,
3319 765 3379 805 ne
3417 751 3588 807 intretis
3608 753 3647 807 in

2108 837 2461 893 tentationem
2489 836 2676 905 (Marc.
2716 855 2830 901 xxv,
2862 837 2975 909 38).
3022 838 3088 892 Et
3117 852 3373 893 rursum:
3404 837 3527 905 Quod
3546 840 3649 896 vobis

2107 924 2248 990 dico,
2279 925 2531 982 omnibus
2559 925 2714 982 dico:
2755 926 2981 997 vigilate
3010 924 3193 995 (Ibid.,
3222 942 3335 991 XIII,
3362 926 3536 997 37).Et
3558 928 3654 999 quia

2109 1031 2223 1070 non
2235 1018 2425 1071 cessat
2440 1031 2672 1085 semper
2683 1014 2984 1086 consopire
3000 1012 3650 1086 vigilantes,quoscumque

2106 1102 2204 1158 ille
2236 1102 2545 1175 deceperit,
2577 1108 2634 1158 et
2654 1102 2823 1174 quasi
2857 1103 3018 1159 suavi
3051 1106 3107 1158 et
3137 1101 3435 1174 pernicioso
3461 1103 3655 1160 carmine

2107 1191 2444 1247 Sirenarum
2475 1190 2724 1247 illexerit
2752 1191 2823 1246 ad
2856 1190 3281 1261 dormiendum,
3310 1191 3493 1247 excitat
3518 1207 3669 1259 sermo,

2104 1281 2357 1349 divinus,
2391 1285 2447 1336 et
2477 1280 2650 1335 dicit:
2681 1285 2858 1352 Surge
2885 1282 2982 1351 qui
3006 1278 3237 1349 dormis,
3261 1288 3308 1336 et
3331 1279 3532 1352 elevare,
3549 1283 3588 1336 et
3613 1280 3659 1335 il-

2105 1371 2402 1426 luminabit
2430 1372 2481 1425 te
2513 1370 2763 1426 Christus
2798 1368 3012 1440 (Ephes.
3039 1385 3094 1435 v,
3132 1369 3239 1436 14).
3273 1367 3331 1422 In
3359 1369 3567 1423 adventu
3598 1383 3658 1422 er-

2104 1475 2176 1531 go
2204 1458 2417 1515 Christi
2444 1463 2501 1514 et
2529 1458 2816 1514 sermonis
2831 1458 2930 1514 Dei
2959 1457 3299 1514 etdoctrinaa
3313 1455 3657 1523 ecclesiastica,
3712 1476 3715 1477 ν

2103 1552 2161 1603 et
2181 1546 2709 1604 consummationis
2729 1546 2958 1616 Ninive,
2982 1545 3415 1618 speciosissima:
3437 1545 3663 1617 quondam

2104 1636 2447 1705 meretricis,
2506 1635 2825 1692 elevabitur
2869 1642 2926 1692 et
2953 1635 3288 1708 properabit
3335 1633 3568 1706 populus,
3592 1632 3664 1704 qui

2103 1725 2216 1782 sub
2233 1725 2531 1799 magistris
2552 1729 2686 1780 ante
2708 1725 2896 1781 fuerat
2906 1723 3268 1797 consopitus:
3292 1727 3348 1780 et
3359 1722 3455 1779 ibit
3469 1723 3530 1778 ad
3549 1737 3668 1777 mon-

2101 1818 2195 1871 tes
2225 1814 2682 1887 Scripturarum,
2710 1813 2908 1886 ibique
2929 1813 3186 1868 inveniet
3211 1816 3427 1869 montes
3439 1810 3671 1882 Moysenet

2098 1903 2303 1959 Jesum
2336 1903 2525 1959 ﬁlium
2555 1902 2707 1960 586
2738 1902 2930 1971 Nave;
2962 1906 3191 1958 montes
3215 1899 3504 1974 prophetas
3525 1917 3537 1967 ;
3556 1912 3672 1957 mon-

2098 1997 2187 2049 tes
2219 1992 2349 2048 novi
2401 1992 2763 2049 Testamenti
2811 1990 3106 2064 apostolos
3136 1995 3196 2047 et
3237 1987 3673 2062 evangelistaszet

2100 2098 2236 2139 cum
2267 2082 2334 2137 ad
2370 2080 2517 2137 tales
2549 2086 2777 2137 montes
2822 2079 3167 2153 confugerit,
3210 2082 3267 2135 et
3294 2079 3350 2133 in
3380 2076 3675 2149 hujuscemo-

2099 2171 2158 2225 di
2191 2169 2482 2225 montium
2506 2168 2937 2226 fueritlectione
2948 2172 3235 2239 versatus,
3261 2166 3309 2223 si
3329 2182 3438 2222 non
3458 2161 3674 2220 invenerit

2101 2259 2202 2330 qui
2235 2275 2370 2314 eum
2403 2259 2608 2314 doceat
2637 2259 2842 2328 (Messis
2871 2259 3021 2314 enim
3065 2257 3264 2323 multa,
3303 2254 3524 2327 operarii
3545 2258 3675 2307 autem

2094 2351 2283 2420 pauci,
2314 2349 2460 2403 Matt.
2495 2365 2570 2413 1x,
2600 2348 2712 2419 37),
2744 2351 2884 2411 tunc
2913 2350 2970 2401 et
2997 2344 3158 2400 illius
3180 2344 3438 2401 studium
3478 2353 3678 2412 compro-

2102 2437 2357 2505 babitur,
2402 2436 2541 2508 quia
2568 2435 2897 2508 confugerit
2948 2436 3021 2491 ad
3054 2438 3306 2501 montes,
3337 2437 3392 2488 et
3431 2428 3677 2503 magistro-

2099 2542 2234 2581 rum
2265 2525 2490 2581 desidia
2522 2529 2909 2597 coarguetur:
2971 2523 3148 2578 infert
3179 2522 3358 2592 enim,
3389 2524 3436 2576 et
3472 2534 3564 2574 non
3600 2516 3686 2570 erat

2099 2617 2196 2686 qui
2221 2616 2541 2685 susciperet.
2575 2613 2886 2686 Sequitur:
2919 2613 3037 2668 Non
3078 2619 3157 2667 est
3184 2612 3398 2667 sanitas
3423 2601 3685 2664 contritioni

2102 2707 2231 2772 tuae,
2257 2707 2424 2758 tumet
2435 2704 2611 2775 plaga
2633 2706 2749 2758 tua.
2775 2705 3089 2774 Propterea
3107 2699 3407 2756 mixticius
3428 2694 3602 2753 Ninive
3621 2708 3687 2747 sa-

2102 2792 2227 2847 nari
2258 2808 2373 2847 non
2405 2794 2617 2863 potest,
2676 2791 2816 2862 quia
2845 2789 3182 2863 superbiam
3217 2805 3334 2844 non
3391 2782 3613 2858 deponit,
3649 2781 3686 2834 et

2102 2897 2302 2936 recens
2336 2896 2570 2952 semper
2613 2879 2826 2935 vulnus
2856 2882 2964 2946 est,
3024 2884 3081 2934 et
3109 2875 3373 2949 quotidie
3422 2870 3618 2930 diabolo
3640 2868 3691 2925 ie-

2102 2969 2286 3025 riente
2306 2969 2647 3042 percutitur.
2672 2970 2741 3025 Et
2761 2972 2892 3042 post
2915 2968 3036 3023 haec
3059 2967 3265 3023 omnia
3285 2982 3400 3022 non
3420 2968 3501 3019 est
3516 2959 3686 3017 sanitas

2101 3058 2434 3115 contritioni
2464 3058 2612 3129 ejus:
2636 3057 2771 3113 licet
2790 3057 2947 3113 enim
2972 3055 3087 3112 sibi
3114 3072 3303 3112 sanus
3325 3070 3450 3111 esse
3464 3049 3692 3112 videatur,

2100 3152 2297 3204 tamen
2321 3147 2520 3204 anima
2547 3147 2675 3218 ejus
2698 3146 2883 3201 fracta
2904 3149 2994 3201 est
3024 3149 3082 3200 et
3102 3144 3377 3203 contrita.
3401 3136 3691 3214 percutiente

349 3239 409 3292 et
437 3233 652 3306 populo
702 3231 855 3305 regis
888 3232 1139 3304 Assyrii;
1202 3233 1303 3287 sed
1331 3231 1390 3286 in
1441 3215 1811 3304 quocumque
1866 3249 1992 3304 per-
2023 3215 2065 3282 (ἶ
2102 3237 2353 3309 desuper
2381 3215 2592 3292 malleo
2622 3236 2802 3293 totius
2851 3238 3035 3301 terrai,
3064 3238 3122 3291 et
3170 3250 3291 3290 non
3329 3232 3573 3295 sanatur,
3590 3220 3692 3297 quia

348 3322 668 3390 transierit,
703 3320 800 3376 ille
832 3321 1074 3377 insultet
1102 3320 1174 3386 ei,
1208 3326 1265 3376 et
1314 3321 1484 3377 bonis
1514 3322 1786 3393 operibus
1820 3326 1995 3394 atque

351 3413 503 3472 585
538 3410 795 3477 directis,
847 3410 1014 3482 quasi
1061 3427 1272 3465 manus
1304 3409 1411 3484 [Αἰ.
1470 3411 1784 3482 manibus],
1818 3428 1994 3483 super

347 3519 484 3559 eum
498 3503 821 3572 concrepet.
842 3501 1176 3571 Etcongrue
1191 3500 1361 3571 juxta
1383 3500 1728 3555 llebraicum
1756 3501 1991 3571 quidem

346 3592 655 3663 hucusque
677 3591 749 3645 de
780 3589 987 3645 mundi
1011 3589 1181 3644 ruina
1202 3588 1423 3644 dictum
1441 3595 1565 3645 est:
1588 3588 1903 3645 novissime
1920 3590 1991 3644 de

345 3681 536 3754 ipsius
567 3696 800 3754 quoque
849 3679 1085 3747 diaboli,
1121 3678 1221 3751 qui
1272 3678 1541 3751 princeps
1588 3679 1793 3734 mundi
1840 3678 1986 3735 fuit:

343 3771 574 3826 Mundus
604 3772 753 3826 enim
782 3771 840 3824 in
862 3769 1107 3837 maligno
1126 3769 1333 3840 positus
1357 3772 1458 3837 est,
1482 3767 1656 3840 plaga
1675 3772 1732 3823 et
1753 3766 1991 3823 vulnere

340 3859 708 3931 praedicatur.
761 3858 929 3929 Apud
982 3857 1361 3929 Septuaginta
1417 3861 1610 3912 autem
1668 3855 1859 3912 adhuc
1916 3856 1987 3911 ad

342 3946 670 4021 σύμμικτον,
701 3946 758 4001 id
783 3951 893 4012 est,
918 3946 989 4000 ad
1010 3946 1326 4001 mixticium
1348 3945 1548 3999 mundi
1575 3945 1806 4013 dicitur,
1831 3945 1987 4017 quod

341 4042 607 4109 pastores
634 4035 764 4105 ejus
813 4033 1179 4099 dormierint,
1227 4038 1283 4088 et
1316 4039 1380 4088 ut
1411 4034 1754 4100 dormirent,
1787 4051 1820 4089 a
1853 4049 1987 4105 rege

340 4125 459 4182 sint
489 4123 718 4194 Assyrio
749 4121 1072 4192 consopiti;
1106 4121 1277 4192 sique
1316 4122 1397 4177 ita
1440 4124 1525 4193 ﬁt,
1562 4127 1626 4178 ut
1655 4123 1797 4178 dum
1829 4121 1983 4195 apud

340 4229 438 4269 eos
470 4211 822 4267 describitur
852 4209 992 4282 quid
1041 4210 1318 4283 Assyrius
1347 4212 1666 4267 exercuerit
1694 4211 1845 4268 inter
1874 4215 1981 4287 (At.

340 4302 422 4374 in]
448 4300 682 4366 alteros,
699 4303 756 4355 et
783 4316 897 4355 non
924 4297 1063 4371 quid
1088 4299 1211 4371 ipse
1235 4300 1507 4372 patiatur,
1531 4301 1602 4356 de
1623 4301 1839 4357 diaboli
1861 4304 1985 4359 vul-

338 4407 474 4448 nere
505 4395 562 4446 et
592 4388 765 4463 plaga
791 4392 848 4444 et
883 4388 1289 4444 interiectione
1333 4389 1409 4444 sit
1437 4390 1700 4445 tacitum.
1748 4390 1841 4447 Vss
1872 4392 1980 4448 ita-

336 4496 448 4553 que
468 4479 561 4535 his
581 4480 680 4551 qui
705 4494 1111 4551 perversarum
1132 4478 1533 4533 doctrinarum
1553 4479 1818 4551 magistri
1842 4486 1982 4537 sunt

2102 3341 2333 3396 semper
2360 3328 2550 3380 erecta.
2578 3329 2686 3379 est.
2723 3324 2782 3379 Si
2807 3326 3006 3378 autem
3027 3321 3400 3387 humilietur,
3422 3323 3475 3374 et
3500 3332 3553 3372 se
3570 3310 3690 3369 Chri-

2101 3418 2192 3469 sto
2218 3413 2530 3483 subjiciat:
2568 3414 2679 3468 Cor
2705 3413 3002 3468 contritum
3022 3415 3073 3467 et
3094 3411 3455 3466 humiliatum
3473 3407 3591 3462 Deus
3612 3413 3689 3455 νισι

2099 3503 2329 3574 despicit
2376 3503 2488 3571 (Ps.
2521 3518 2609 3572 1.x,
2646 3503 2774 3573 19);
2818 3501 2919 3556 Et:
2972 3500 3329 3570 Sacri/icium
3374 3499 3476 3554 Deo
3516 3491 3691 3564 sptritus

2099 3591 2523 3647 contribulatus.
2560 3592 2620 3646 In
2653 3590 2769 3645 ﬁne
2801 3589 3073 3661 ponitur:
3109 3588 3317 3645 Omnes
3345 3588 3440 3659 qui
3457 3581 3689 3639 audierim!

2096 3682 2356 3736 nuntium
2410 3687 2583 3749 tuum,
2627 3679 2893 3751 plaudent
2943 3677 3204 3734 manibus
3261 3693 3439 3748 super
3481 3682 3543 3729 te.
3563 3668 3687 3738 Super

2097 3786 2259 3840 quem
2278 3770 2427 3825 enim
2445 3784 2557 3824 non
2578 3769 2745 3823 irruit
2766 3767 2989 3823 malitia
3011 3774 3105 3823 tua
3127 3782 3350 3838 semper
3365 3768 3391 3818 .9
3409 3763 3540 3818 Cum
3557 3767 3691 3826 cepe:

2098 3858 2192 3925 rit,
2220 3854 2265 3909 ὦ
2288 3854 2577 3930 σύμμικτε,
2607 3854 2897 3928 supplicia
2935 3854 3253 3925 sustinere,
3288 3868 3491 3910 omnes
3516 3845 3602 3920 qui
3625 3859 3696 3897 au-

2096 3946 2310 4003 dierint
2338 3945 2634 4009 nuntium,
2668 3960 2925 4000 consono
2955 3943 3183 4016 crepitu
3226 3950 3286 4020 et
3318 3938 3515 4003 vocali,
3553 3942 3600 3991 et
3635 3931 3695 4002 (ut

2095 4036 2176 4091 ita
2202 4036 2418 4103 dicam)
2448 4049 2691 4107 operum
2748 4048 2891 4089 sono
2920 4036 3097 4104 atque
3152 4035 3469 4097 concentu,
3498 4020 3695 4082 insulta-

2095 4125 2241 4179 bunt
2258 4122 2575 4196 tibi,atque
2596 4122 2958 4195 gaudebunt.
2980 4119 3196 4176 Nullus
3218 4120 3386 4177 enim
3407 4118 3589 4174 estaut
3606 4124 3689 4166 cer-

2094 4216 2147 4269 te
2176 4229 2364 4281 rarus,
2420 4212 2480 4267 in
2510 4228 2683 4282 quem
2730 4227 2848 4266 non
2879 4210 3132 4277 irruerit,
3186 4210 3318 4265 sive
3350 4196 3692 4280 supervenerit

2093 4301 2319 4357 malitia
2346 4306 2448 4357 tua
2477 4316 2726 4376 semper.
2751 4299 2811 4354 Si
2831 4297 2988 4354 enim
3011 4296 3365 4370 συμμίκτους
3390 4295 3524 4352 urbs
3541 4286 3693 4347 Ninive

2091 4394 2353 4463 pastores
2384 4389 2558 4445 habet
2585 4374 2644 4444 et
2675 4388 2872 4451 fortes,
2896 4391 2954 4443 et
2982 4387 3179 4443 omnis
3212 4386 3373 4443 falsa
3401 4374 3688 4441 doctum”:t

2090 4479 2337 4534 mendax
2368 4477 2624 4551 Opinatio
2651 4476 2907 4533 scientiae
2930 4494 2963 4532 a
2987 4475 3307 4549 symmicto
3339 4473 3515 4543 venit,
3536 4469 3686 4551 timen-

332 4549 394 4626 ih
427 4549 649 4628 Ninive.
676 4549 747 4623 Et
766 4583 1020 4642 congrue
1044 4567 1115 4622 ad
1147 4583 1246 4622 eos
1268 4567 1482 4622 dicitur
1506 4583 1517 4622 :
1548 4549 1985 4626 Dorinitaverunt
2014 4580 2060 4646 ι)
2090 4569 2233 4623 dum
2264 4571 2355 4624 est
2382 4549 2454 4622 ne
2483 4567 2628 4623 forte
2652 4565 2851 4621 nullus
2881 4564 2959 4621 sit
2981 4581 3160 4638 super
3179 4580 3368 4638 quem
3386 4579 3505 4619 non
3522 4549 3691 4615 malim

328 4662 577 4733 pastores
606 4660 689 4715 tui
735 4658 845 4729 (Ps.
879 4658 1109 4729 cxxxr):
1162 4656 1450 4711 dederunt
1498 4656 1654 4711 enim
1704 4674 1981 4715 somnum

333 4747 520 4804 oculis
572 4747 717 4827 suis,
776 4751 833 4801 et
862 4744 1155 4817 palpebris
1186 4744 1312 4800 suis
1362 4744 1859 4802 dormitationem.
1909 4748 1980 4803 Et

332 4840 639 4910 propterea
666 4851 783 4891 non
802 4834 1149 4890 invenerunt
1176 4831 1369 4888 locum
1396 4832 1661 4901 Domino,
1682 4850 1869 4905 neque
1887 4838 1981 4892 ta-

334 4924 717 4982 bernaculum
748 4924 863 4979 Deo
891 4923 1095 4978 Jacob.
1128 4922 1244 4978 Nec
1273 4921 1587 4978 audierunt
1617 4923 1687 4978 de
1708 4923 1976 4994 Ephrala,

332 5015 393 5072 id
430 5019 537 5087 est,
573 5013 850 5085 frugifera
891 5010 1182 5079 Ecclesia;
1233 5027 1338 5065 nec
1367 5008 1713 5066 invenerunt
1742 5028 1871 5069 eam
1916 5013 1977 5068 in

333 5103 644 5162 condensis
675 5100 990 5174 sylvarum.
1051 5101 1175 5155 Non
1209 5098 1399 5155 solum
1429 5140 1433 5149 «
1463 5104 1658 5155 autem
1715 5104 1975 5173 pastores

331 5192 573 5251 mixticii
604 5191 801 5264 hujus,
834 5195 891 5246 et
920 5189 1179 5255 locustae,
1213 5206 1360 5261 quae,
1400 5187 1743 5244 imminente
1767 5189 1970 5263 glacie,

330 5284 492 5338 sedet
519 5283 579 5336 in
601 5280 855 5352 sepibus,
884 5277 1346 5333 dormitavcrunt
1370 5279 1500 5345 ;sed
1534 5295 1567 5332 a
1589 5294 1721 5350 rege
1742 5294 1974 5350 quoque

330 5375 468 5426 sunt
492 5370 866 5442 Assyriorum
897 5367 1206 5439 consopiti.
1239 5367 1357 5422 Scit
1388 5366 1545 5422 enim
1575 5383 1674 5422 rex
1702 5367 1975 5439 Assyrius

332 5472 446 5513 non
472 5474 644 5530 posse
673 5474 735 5514 se
764 5473 898 5513 oves
929 5457 1216 5528 decipere,
1248 5456 1362 5511 nisi
1384 5460 1649 5533 pastores
1680 5459 1814 5511 ante
1837 5472 1973 5511 con-

324 5578 332 5587 i
404 5596 481 5665 (a)
512 5598 805 5665 Martian.,
838 5614 1039 5665 sensu;
1096 5598 1235 5654 olim
1266 5598 1532 5666 vitiosus,
1589 5605 1640 5656 et
1666 5605 1746 5654 est
1790 5613 1972 5661 sensu.

334 5681 599 5738 magnum
649 5670 975 5740 principem,
1036 5673 1143 5725 etc.
1180 5670 1313 5726 Mox
1359 5685 1592 5741 quoque
1646 5668 1968 5741 legebatur,

2093 4654 2400 4728 συμμίκτου
2430 4655 2671 4711 venerit.
2705 4655 2772 4709 Et
2802 4653 3111 4727 diligenter
3140 4654 3421 4719 observa,
3453 4649 3577 4722 quia
3613 4655 3696 4698 non

2090 4745 2302 4801 dixerit
2331 4762 2343 4800 :
2377 4747 2441 4800 In
2470 4760 2632 4816 quem
2661 4759 2769 4798 non
2793 4744 3027 4799 intravit
3048 4743 3278 4798 malitia
3306 4746 3432 4807 tua,
3463 4736 3699 4809 σύμμικτεπ

2089 4835 2191 4891 sed
2222 4836 2283 4890 in
2312 4849 2471 4906 quem
2497 4849 2609 4890 non
2633 4834 3026 4905 supervenerit.
3061 4832 3226 4905 Saepe
3259 4831 3427 4888 enim
3451 4825 3601 4884 nobis
3622 4818 3703 4878 fal-

2091 4939 2290 4979 sorum
2323 4923 2667 4996 dogmatum
2690 4920 2894 4994 jacula
2925 4919 3379 4993 superveniunt,
3414 4923 3471 4974 et
3502 4906 3703 5002 quasiqu

2088 5026 2365 5067 arcanum
2397 5010 2607 5066 animae
2638 5008 2855 5065 intrare
2875 5006 3212 5064 desiderant
3241 5024 3256 5062 :
3296 5007 3406 5063 sed
3434 4998 3703 5060 claudenti-

2086 5100 2198 5156 bus
2230 5100 2397 5156 nobis
2446 5103 2665 5172 portas,
2716 5096 3053 5170 supervenit
3106 5095 3361 5168 quidem
3412 5090 3700 5164 σύμμικτοςῐ

2086 5193 2146 5245 et
2209 5192 2497 5261 quantum
2566 5188 2627 5242 in
2691 5203 2752 5243 se
2806 5190 2918 5252 est,
2979 5185 3171 5253 irruit,
3234 5191 3300 5241 et
3365 5196 3589 5255 semper

2086 5277 2258 5333 facit:
2323 5277 2421 5333 sed
2474 5275 2792 5331 auxiliante
2849 5274 3079 5330 Christo
3128 5272 3413 5341 Domino,
3474 5273 3531 5325 et
3583 5275 3697 5321 omni

2085 5367 2350 5425 custodia
2407 5369 2673 5422 servante
2725 5364 2832 5436 (Al.
2891 5362 3236 5432 servantes),
3328 5378 3434 5421 cor
3485 5358 3697 5415 nostrum

2083 5457 2263 5529 (Prov.
2293 5460 2393 5523 ιν),
2422 5454 2597 5509 irruit
2652 5452 2911 5524 quidem,
2945 5451 3045 5507 sed
3104 5449 3343 5521 ingredi
3393 5464 3510 5505 non
3538 5442 3693 5518 potest

2080 5595 2480 5665 fortitudinem,
2514 5610 2619 5667 pro
2644 5591 2994 5665 fortitudine,
3018 5592 3210 5649 Greco
3246 5591 3542 5649 renitente
3560 5589 3693 5651 ιωυ.
