3940 6166
145 360 301 434 187.3

756 359 1503 425 COMMENTARIORUM
1548 358 1627 422 IN
1673 356 1984 422 ABACUG
2028 356 2233 420 LIBRI
2277 356 2312 418 ῑ

1389 360 1503 425 UM
1548 358 1627 422 IN
1673 356 1984 422 ABACUG
2028 356 2233 420 LIBRI
2277 356 2461 420 DUO.
2507 355 2942 422 PROLOGUS.

3389 355 3546 420 12τὸ

2265 487 3542 532 mm

853 657 980 759 S.
1071 655 1742 758 BUSEBII
1829 650 2858 756 HIERONYMI

1294 842 1866 906 STRIDONENSIS
1911 840 2401 903 PRESBYTERI

1046 1018 2655 1147 ΟΟΜΜΕΝΤΑΗΠΠΗΜΙ

381 1266 615 1388 ΙΝ
770 1259 1683 1391 ABACUC
1835 1263 1937 1382 P

1835 1259 3326 1386 PROPHETAM

1578 1477 1850 1538 LIBRI
1910 1476 2128 1537 DUO.

1140 1630 1333 1722 AD
1453 1625 2574 1722 CHROMATIUM.

1483 1909 2241 1999 PROLOGUS.

227 2173 572 2233 587-588
595 2172 878 2244 Primum,
901 2173 1216 2242 Chromati,
1240 2173 1646 2246 episcoporum
1679 2172 1805 2227 doc-
1839 2170 1892 2236 Α
1923 2171 2102 2225 berem
2135 2170 2315 2226 videre
2335 2175 2360 2224 .9
2388 2173 2649 2228 Lacerata
2683 2181 2757 2229 est
2787 2173 2896 2243 lex,
2927 2179 2980 2230 et
3034 2193 3143 2231 non
3196 2181 3448 2248 pervenit
3498 2179 3569 2238 ad

142 2265 414 2335 tissime,
439 2265 586 2320 scire
610 2280 716 2318 nos
736 2263 1022 2330 convenit,
1045 2269 1315 2335 corrupte
1333 2264 1486 2335 apud
1511 2263 1738 2318 Graecos
1759 2266 1816 2318 et

1922 2260 2087 2329 finem
2120 2277 2286 2330 usque
2305 2261 2617 2332 judicium:
2648 2265 2780 2334 quia
2810 2266 3012 2336 impius
3026 2268 3288 2338 pravalet
3307 2269 3567 2332 adversus

148 2355 398 2411 Latinos
422 2369 633 2408 nomen
659 2353 734 2423 (a)
758 2353 1054 2407 Ambacum
1074 2352 1367 2424 prophetae
1390 2351 1524 2425 legi,
1545 2350 1812 2424 quiapud
1914 2349 2126 2420 justum
2149 2367 2167 2403 :
2200 2349 2317 2404 ideo
2337 2350 2624 2422 egreditur
2644 2351 2920 2422 judicium
2945 2370 3259 2425 perversum
3301 2358 3491 2426 (Abae.
3527 2376 3567 2426 ι,

152 2443 442 2499 Hebraeos
473 2441 686 2497 dicitur
707 2442 936 2508 Abacuc,
962 2447 1018 2496 et
1047 2440 1465 2513 interpretatur
1483 2443 1773 2511 amplexus
1794 2459 1814 2494 ,ο

150 2533 284 2589 sive
333 2536 395 2586 ut
454 2530 883 2604 significantius
931 2535 1226 2585 vertamus
1284 2531 1341 2584 in
1404 2531 1688 2594 Grmcum,
1739 2529 1813 2601 (1))

147 2617 486 2693 περίληψις,
507 2619 564 2675 id
588 2624 676 2674 est
696 2621 1048 2692 amplexalio.
1076 2620 1292 2675 Deinde
1319 2619 1417 2674 ubi
1438 2619 1815 2692 Septuaginta

147 2707 546 2766 translatores
577 2713 632 2763 et
661 2707 1047 2781 Symmachus
1079 2712 1135 2762 et
1161 2708 1476 2764 Theodotio
1507 2704 1578 2776 λῇ
1592 2727 1729 2780 ppu,
1756 2707 1812 2762 id

149 2804 269 2866 est,
307 2800 742 2868 assumptionem
765 2797 1127 2869 interpretati
1152 2803 1311 2863 sunt,
1337 2797 1393 2852 in
1417 2799 1654 2853 Hebraeo
1678 2797 1811 2870 poni

150 2903 352 2944 massa
382 2888 601 2958 (MED),
633 2886 788 2958 quod
822 2886 1032 2957 Aquila
1061 2887 1231 2940 vertit
1263 2887 1318 2940 in
1347 2887 1594 2958 pondus:
1640 2904 1818 2958 super

151 2993 280 3049 quo
301 2976 363 3030 in
381 2979 568 3030 Naum
594 2974 878 3046 propheta
900 2973 1129 3046 plenius
1152 2975 1603 3047 disputavimus.
1625 2979 1817 3031 Massa

152 3070 367 3121 autem
424 3081 750 3136 numquam
812 3063 1116 3135 praefertur
1175 3064 1232 3119 in
1265 3064 1459 3130 titulo,
1519 3065 1631 3120 nisi
1679 3081 1812 3120 cum

150 3169 362 3227 grave,
395 3157 449 3207 et
476 3152 754 3224 ponderis
781 3150 1114 3224 laborisque
1145 3152 1385 3225 plenum
1417 3159 1505 3208 est
1547 3154 1702 3226 quod
1733 3153 1814 3208 vi-

150 3243 355 3308 detur.
392 3241 552 3296 Unde
593 3256 833 3296 necesse
877 3247 986 3306 est,
1047 3247 1391 3314 praesentem
1451 3242 1816 3314 prophetiam

151 3330 388 3402 aliquid
417 3329 633 3385 habere
663 3328 1047 3396 austeritatis,
1082 3335 1146 3384 ut
1178 3330 1331 3386 sicut
1364 3331 1421 3385 in
1456 3336 1642 3386 Naum
1678 3347 1816 3403 pon-

148 3420 295 3492 dus,
333 3419 488 3491 quod
519 3418 825 3474 videbatur
853 3418 1133 3474 adversus
1170 3419 1414 3474 Niniven
1444 3420 1817 3489 Assyriorum

147 3509 392 3576 urbem,
425 3523 598 3578 grave
632 3512 791 3562 erat:
840 3507 923 3562 ita
977 3512 1033 3562 et
1092 3507 1150 3561 in
1182 3507 1288 3562 hoc
1349 3513 1666 3581 quaeratur,
1723 3507 1817 3562 cui
1851 3542 1897 3605 Β

145 3598 397 3672 pondus
431 3597 506 3651 sit
530 3597 685 3668 quod
718 3595 1012 3669 prophetae
1048 3595 1334 3653 reveletur
1363 3598 1649 3670 aspectui.
1673 3597 1818 3660 Qua-

148 3693 297 3743 tuor
349 3691 546 3740 autem
603 3683 898 3755 prophetae
955 3682 1012 3736 in
1073 3683 1381 3740 duodecim
1445 3683 1815 3755 probetarum

142 3773 462 3831 volumine
493 3776 653 3843 sunt,
688 3789 717 3828 e
749 3771 966 3843 quibus
997 3776 1116 3828 tres
1145 3771 1204 3827 in
1256 3773 1540 3845 principio
1595 3768 1818 3842 λῆμμα,

142 3864 212 3920 id
253 3867 364 3933 est,
393 3861 634 3933 pondus,
669 3859 906 3915 titulum
941 3859 1193 3916 habent:
1230 3861 1440 3928 Naum,
1478 3861 1730 3926 Abacuc,
1767 3865 1822 3916 et

143 3950 505 4009 Malachias.
538 3951 714 4006 Porro
765 3948 1075 4004 Zacharias
1125 3949 1184 4003 in
1245 3949 1434 4005 medio
1491 3956 1548 4004 et
1579 3948 1732 4004 circa
1763 3949 1822 4002 fi-

143 4057 300 4098 nem
334 4039 483 4095 duos
513 4037 924 4110 hujuscemodi
955 4037 1119 4109 ponit
1162 4037 1388 4106 titulos,
1419 4055 1448 4093 e
1480 4038 1821 4095 εδει-δυο

143 4127 387 4203 quibus
415 4145 569 4182 unus
601 4131 690 4184 est
713 4145 725 4183 :
754 4126 899 4182 Onus
923 4127 1077 4182 verbi
1099 4127 1318 4182 Domini
1339 4130 1398 4182 in
1419 4134 1567 4182 terra
1591 4127 1820 4195 Hadrac,

143 4228 206 4276 et
245 4219 506 4272 Damasci
533 4218 753 4289 requiei
782 4216 899 4288 ejus
931 4217 1114 4282 (Zach.
1154 4233 1230 4286 IX,
1258 4215 1345 4286 1):
1403 4215 1550 4271 alter
1595 4216 1652 4270 in
1688 4216 1820 4288 fine,

143 4310 319 4366 Onus
363 4307 515 4361 verbi
565 4307 789 4361 Domini
843 4321 1006 4376 super
1066 4306 1234 4360 Israel
1291 4305 1449 4376 (Ibid.
1484 4323 1560 4372 .(I,
1614 4306 1684 4376 1).
1747 4310 1825 4360 De

141 4398 381 4462 Naum,
415 4395 780 4452 orationibus
810 4394 929 4449 tuis
968 4395 1096 4467 jam
1146 4393 1293 4448 liber
1339 4393 1532 4449 editus
1580 4398 1703 4448 est:
1756 4395 1825 4449 de

143 4485 452 4544 Zacharia
474 4488 529 4540 et
572 4483 877 4550 Malachia,
910 4482 958 4537 si
990 4483 1109 4537 vita
1149 4499 1343 4537 comes
1390 4480 1582 4548 fuerit,
1637 4483 1821 4538 disse-

143 4580 353 4633 ratur.
388 4574 555 4631 Nunc
584 4574 818 4627 Abacuc
849 4571 1136 4628 habemus
1171 4571 1230 4625 in
1262 4571 1559 4642 manibus,
1607 4571 1705 4642 qui
1737 4571 1824 4626 vel

138 4684 226 4724 ex
267 4681 335 4720 eo
369 4663 524 4736 quod
560 4660 831 4717 amabilis
864 4659 1096 4716 Domini
1126 4664 1235 4728 est,
1269 4665 1509 4716 vocatur
1538 4661 1826 4732 amplexa-

132 4757 235 4811 tio
264 4771 283 4808 :
321 4751 406 4808 vel
439 4752 595 4825 quod
625 4751 684 4805 in
717 4753 1013 4807 certamen
1047 4753 1103 4804 et
1133 4748 1372 4816 luctam,
1406 4753 1462 4803 et
1510 4749 1598 4818 (ut
1627 4748 1709 4803 ita
1739 4748 1825 4803 di-

135 4847 322 4909 cam)
346 4840 682 4914 amplexum
707 4856 840 4895 cum
865 4843 978 4894 Deo
1001 4837 1394 4910 congreditur,
1417 4854 1507 4892 am
1517 4835 1824 4909 plexantis,

133 4934 213 4990 id
262 4907 373 5000 est,
406 4907 685 4984 luctantis
717 4928 958 4984 sortitus
1010 4931 1099 4982 est
1117 4907 1378 4981 —nomen.
1432 4907 1640 4981 Nullus
1670 4927 1824 4981 enim
1857 4907 1899 4974 C

135 5030 292 5080 tam
325 5019 530 5076 audaci
564 5034 701 5074 voce
731 5033 913 5073 ausus
960 5021 1050 5072 est
1097 5016 1282 5071 Deum
1327 5015 1398 5070 ad
1451 5015 1822 5086 disceptatio-

133 5126 308 5171 nem
333 5108 578 5182 justitiae
611 5123 920 5180 provocare
951 5109 1009 5161 et
1040 5104 1230 5160 dicere
1260 5104 1310 5159 ei
1337 5123 1350 5160 :
1403 5105 1518 5160 Cur
1550 5104 1608 5158 in
1651 5105 1825 5159 rebus

131 5198 474 5262 humanis,
501 5203 559 5253 et
587 5197 647 5252 in
679 5196 885 5251 mundi
931 5194 1101 5250 istius
1132 5191 1387 5261 πολιτείᾳ
1422 5197 1582 5248 tanta
1629 5209 1825 5247 rerum

126 5291 440 5346 versatur
461 5285 740 5358 iniquitas
755 5284 782 5338 ?
805 5285 873 5356 (c)
894 5283 1234 5354 Vociferabor
1252 5283 1326 5337 ad
1348 5290 1398 5337 te
1409 5284 1519 5336 vim
1529 5285 1761 5354 patiens,
1776 5290 1826 5339 el

131 5395 279 5444 non
309 5376 548 5436 salvebis
569 5377 594 5428 7
617 5377 798 5444 Quare
815 5371 1100 5429 ostendisti
1120 5373 1259 5428 mihi
1280 5373 1632 5442 iniquitatem
1660 5379 1711 5427 et
1741 5371 1821 5426 la-

231 5535 322 5606 (a)
357 5533 448 5591 Al.
481 5549 680 5591 nomen
711 5533 815 5590 hoc
843 5531 1202 5587 Ambaehuch.
1235 5535 1417 5587 Penes
1448 5530 1665 5586 Victor.
1700 5523 1825 5585 Ἀϐ-

123 5605 345 5667 ϐακοὺ

231 5627 577 5751 afﬂuis“
595 5676 824 5751 Reginae
855 5691 970 5734 ms.
995 5669 1348 5749 περίλημμα,
1371 5673 1525 5748 quod
1550 5673 1704 5731 idem
1734 5690 1826 5730 so-

1920 2438 1996 2508 2).
2027 2438 2203 2492 Vides
2231 2443 2380 2509 quod
2418 2440 2728 2496 temeraria
2763 2457 2871 2496 vox
2921 2441 2996 2496 sit
3025 2449 3086 2498 et
3137 2445 3568 2516 quodammodo

1923 2525 2410 2598 blaSphemantis,
2445 2528 2526 2582 sic
2557 2532 2884 2586 Creatorem
2933 2548 3107 2587 suum
3161 2533 3232 2588 ad
3272 2535 3564 2604 judicium

1924 2632 2270 2687 provocare;
2305 2621 2362 2672 et
2390 2633 2490 2672 vas
2523 2617 2724 2690 fragile
2756 2619 3064 2675 adversum
3114 2620 3362 2693 ﬁgulum
3416 2627 3565 2695 (Isai.

1922 2722 2056 2776 XLV,”
2091 2706 2290 2760 Jerem.
2323 2723 2480 2776 xvm,
2539 2709 2587 2761 et
2645 2709 2795 2762 Rom.
2833 2708 2930 2780 ix),
2987 2726 3090 2764 cur
3144 2709 3258 2766 tale
3313 2711 3399 2768 vel
3457 2712 3572 2770 tale

1924 2795 2144 2849 factum
2177 2794 2274 2863 sit,
2307 2795 2652 2867 disputare?
2700 2797 2933 2852 Necnon
2964 2803 3022 2853 et
3069 2798 3176 2854 hoc
3207 2799 3570 2858 animadver-

1924 2884 2189 2948 tendum,
2223 2885 2378 2954 quod
2411 2885 2738 2956 assumptio
2771 2886 2858 2941 vel
2910 2887 3160 2958 pondus,
3192 2905 3319 2960 qua:
3375 2890 3574 2962 gravia

1925 2989 2054 3026 esse
2076 2973 2200 3043 jam
2235 2972 2510 3039 diximus,
2545 2973 2838 3045 prophetae
2862 2975 3008 3031 visio
3035 2980 3142 3048 est,
3177 2983 3233 3033 et
3263 2979 3572 3036 adversum

1925 3061 2181 3116 Montani
2229 3061 2443 3134 dogma
2501 3079 2835 3134 perversum
2885 3063 3157 3136 intelligit
3198 3067 3352 3138 quod
3384 3068 3572 3124 videt:

1927 3166 2030 3204 nec
2066 3155 2132 3204 ut
2157 3167 2362 3205 amens
2390 3149 2670 3222 loquitur,
2700 3168 2805 3208 nec
2827 3152 2884 3207 in
2909 3171 3130 3210 morem
3157 3155 3576 3214 insanientium

1925 3239 2276 3294 feminarum
2310 3240 2408 3294 dat
2438 3239 2564 3295 sine
2595 3247 2789 3297 mente
2819 3259 3050 3298 sonum.
3100 3243 3262 3300 Unde
3311 3250 3369 3301 et
3406 3263 3576 3318 apos-

1927 3327 2081 3384 tolus
2107 3330 2294 3400 jubet,
2331 3334 2395 3383 ut
2424 3329 2472 3384 si
2513 3330 3000 3401 prophetantibus
3047 3331 3198 3401 aliis,
3256 3333 3353 3390 alii
3403 3334 3580 3391 fuerit

1928 3416 2268 3484 revelatum,
2321 3421 2551 3472 taceant
2580 3417 2680 3489 qui
2728 3419 2891 3489 prius
2933 3419 3326 3490 loquebantur
3357 3422 3425 3493 (II
3458 3409 3577 3479 Cor.

1926 3523 2040 3571 xxv,
2065 3506 2178 3575 33).
2207 3506 2277 3559 Et
2303 3506 2535 3560 statim:
2562 3507 2677 3561 Non
2693 3511 2769 3561 est
2789 3510 2957 3575 enim,
2982 3507 3194 3580 inquit,
3214 3510 3358 3564 Deus
3376 3510 3584 3568 dissen-

1928 3596 2121 3661 sionis,
2153 3593 2248 3648 sed
2274 3595 2447 3666 pacis.
2482 3594 2558 3648 Ex
2591 3611 2707 3665 quo
2752 3595 3117 3667 intelligitur,
3152 3613 3284 3651 cum
3319 3597 3452 3669 quis
3480 3615 3576 3656 vo-

1928 3682 2154 3738 luntate
2185 3682 2406 3748 reticet,
2439 3688 2494 3737 et
2523 3681 2689 3737 alteri
2724 3682 2915 3738 locum
2948 3683 3047 3738 dat
3077 3685 3149 3740 ad
3193 3684 3578 3758 loquendum,

1933 3788 2102 3844 posse
2135 3777 2191 3826 et
2221 3770 2378 3842 loqui
2409 3776 2467 3825 et
2503 3775 2692 3825 tacere
2739 3788 2876 3826 cum
2925 3771 3081 3827 velit.
3135 3773 3240 3837 Qui
3291 3779 3486 3830 autem
3520 3775 3580 3830 in

1930 3861 2167 3927 ecstasi,
2203 3861 2259 3914 id
2293 3864 2381 3915 est
2413 3859 2628 3916 invitus
2651 3859 2930 3932 loquitur,
2956 3878 3060 3916 nec
3085 3867 3274 3918 tacere
3296 3881 3401 3919 nec
3421 3864 3582 3937 loqui

1933 3949 1991 4004 in
2025 3966 2133 4008 sua
2163 3953 2445 4020 potestate
2476 3948 2671 4004 habet.
2725 3947 2874 4004 Illud
2931 3967 3161 4022 quoque
3209 3952 3370 4008 disce
3421 3953 3582 4025 (quia

1932 4037 2112 4093 semel
2145 4055 2177 4092 a
2209 4054 2301 4092 me
2332 4037 2612 4092 violenter
2641 4037 2847 4110 exigis,
2877 4043 2942 4094 ut
2962 4041 3130 4110 quasi
3157 4043 3375 4112 gradus
3407 4059 3582 4115 quos-

1934 4128 2091 4192 dam,
2124 4131 2181 4182 et
2212 4125 2400 4181 scalas
2427 4127 2499 4180 ad
2532 4126 2741 4181 altiora
2773 4127 3004 4206 nitenti,
3036 4128 3344 4186 historiam
3369 4131 3471 4187 tibi
3501 4132 3585 4188 in-

1933 4216 2260 4289 terpreter),
2293 4215 2660 4288 prophetiam
2694 4233 2822 4272 esse
2869 4221 3072 4273 contra
3117 4219 3494 4293 Babylonem,
3529 4227 3588 4278 et

1935 4304 2471 4360 Nabuchodonosor
2502 4322 2692 4377 regem
2725 4305 3126 4362 Chaldaeorum
3152 4327 3164 4364 :
3200 4313 3263 4363 ut
3292 4311 3585 4380 quomodo

1935 4394 2094 4467 prior
2128 4394 2409 4467 propheta
2433 4395 2643 4465 Naum,
2671 4412 2844 4466 quem
2869 4395 3098 4450 Abacuc
3127 4396 3412 4468 sequitur,
3436 4398 3584 4454 vati-

1935 4483 2155 4538 cinium
2189 4483 2395 4538 habuit
2424 4488 2625 4539 contra
2655 4483 2899 4539 Niniven
2923 4488 2980 4539 et
3005 4485 3293 4557 Assyrios,
3327 4485 3427 4556 qui
3449 4502 3585 4542 vas-

1934 4576 2207 4627 taverunt
2237 4573 2436 4627 decem
2470 4572 2679 4637 tribus,
2712 4589 2838 4643 quae
2867 4571 3226 4627 vocabantur
3259 4573 3432 4628 Israel
3459 4591 3471 4628 :
3507 4573 3587 4630 ita

1936 4662 2172 4715 Abacuc
2194 4661 2560 4732 prophetiam
2593 4659 2805 4715 habeat
2834 4660 3113 4716 adversus
3149 4660 3498 4734 Babylonem
3531 4667 3588 4718 et

1936 4735 2491 4814 Nabuchodonosor,
2520 4767 2552 4803 a
2582 4748 2799 4820 quibus
2830 4748 2984 4804 Juda
3013 4753 3070 4805 et
3092 4749 3416 4806 Jerusalem
3439 4755 3584 4807 tem-

1937 4837 2218 4910 plumque
2237 4839 2516 4893 subversa
2537 4842 2696 4892 sunt.
2713 4837 2854 4892 Etut
2872 4837 3023 4893 scias
3040 4855 3105 4894 eo
3129 4844 3388 4912 tempore
3407 4840 3586 4898 fuisse

1939 4927 2192 4992 Abacuc,
2219 4943 2334 4997 quo
2351 4926 2475 4996 jam
2502 4925 2836 4993 duaetribus
2859 4943 2986 4997 qua
3003 4929 3360 4982 vocabantur
3379 4929 3582 4998 Judas,

1936 5016 2121 5071 ducta:
2149 5019 2314 5069 erant
2337 5013 2395 5068 in
2420 5013 3043 5087 captivitatem,Daniel
3068 5015 3270 5072 docere
3285 5020 3340 5072 te
3352 5017 3585 5089 poterit,

1935 5105 2006 5160 ad
2037 5121 2207 5174 quem
2242 5103 2301 5158 in
2334 5102 2526 5159 lacum
2560 5101 2793 5158 leonum
2859 5104 3090 5159 Abacuc
3146 5120 3282 5160 cum
3341 5105 3584 5177 prandio

1936 5193 2189 5248 mittitur
2221 5194 2392 5263 (Dant.
2420 5193 2588 5262 xvn):
2617 5209 2977 5264 quamquam
3002 5194 3155 5263 apud
3181 5193 3444 5249 Hebraeos
3466 5193 3586 5250 hinc

1935 5281 2064 5354 ipsa
2094 5298 2207 5336 non
2238 5280 2465 5352 legatur
2493 5280 2760 5338 historia.
2820 5281 3002 5353 Igitur
3034 5281 3152 5336 sive
3199 5281 3332 5353 quis
3383 5281 3587 5356 recipit

1935 5371 2298 5443 Scripturam
2333 5368 2519 5438 illam,
2552 5367 2671 5424 sive
2705 5386 2821 5425 non
2854 5369 3079 5441 recipit,
3119 5374 3436 5444 utrumque
3483 5387 3587 5443 pro

1935 5536 2074 5671 “(tit
2098 5601 2637 5678 PraeponitVictor.
2672 5602 2928 5674 priorem
2959 5600 3348 5678 versiculum:
3385 5605 3586 5678 Usque-

1935 5691 2058 5747 quo,
2090 5673 2346 5747 Domine,
2372 5673 2639 5746 clumbe,
2671 5673 2721 5733 el
2750 5689 2860 5732 non
2884 5674 3144 5740 exaudis:
3163 5678 3189 5730 ?
