4022 6192
248 3964 279 3989 ιο

462 364 621 432 1275

1723 364 1789 428 S.
1836 361 2144 430 EUSEBII
2191 362 2634 429 HIEBONYMI
3078 410 3087 415 -
3629 372 3744 440 1316

461 501 631 557 nobis
651 502 775 557 est:
818 502 921 556 aut
943 498 1018 573 (a)
1048 497 1201 557 enim
1234 496 1458 571 recipit,
1488 500 1547 555 et
1575 499 1694 572 jam
1725 503 1857 571 post
1886 499 2097 555 factam
2129 501 2183 568 Α
2211 499 2495 573 propheta
2525 500 2728 557 scribit
2751 516 2878 574 qua
2906 490 3150 559 ventura
3175 503 3471 577 cognoscit.

458 605 581 645 rem
611 588 760 644 liber
787 588 1017 645 Abacuc
1045 587 1292 645 texitur:
1325 593 1427 644 aut
1455 604 1571 644 non
1594 588 1815 662 recipit,
1850 592 1907 645 et
1930 588 2100 661 quasi

526 730 605 803 (a)
627 730 927 786 Contrario
967 747 1143 787 sensu
1193 731 1424 804 Regina
1481 747 1615 802 ms.,
1666 735 1764 787 aut
1792 732 1941 787 enim
1994 748 2105 787 non
2142 735 2358 804 recipit,
2390 741 2443 789 et
2459 734 2600 805 jam,
2632 738 2739 789 etc.
2773 742 2868 790 aut
2897 736 3111 805 recipit,
3142 737 3192 790 et
3221 736 3392 807 quasi,
3424 739 3521 792 etc.

1639 1026 2058 1123 LIBER
2120 1026 2669 1121 PRIMUS.

2072 1212 2267 1226 -——-—-

526 1339 685 1408 (Cap.
724 1337 765 1391 Ι.
795 1356 861 1378 ——
882 1340 1044 1395 Vers.
1074 1339 1124 1404 1,
1142 1339 1223 1410 2.)
1244 1339 1542 1410 Usquequo,
1566 1340 1810 1405 Domine,
1835 1338 2099 1405 clamabo,

399 1408 403 1413 ’
456 1430 509 1481 et
538 1441 650 1481 non
679 1426 934 1482 exaudies
956 1427 985 1482 ?
1005 1408 1346 1498 vociferabor
1361 1408 1506 1483 adite
1528 1429 1640 1482 vim
1664 1428 1902 1499 patiens,
1930 1435 1980 1482 et
2001 1443 2110 1483 non

453 1516 695 1570 salvebis
714 1518 739 1568 .9
771 1517 948 1584 Quare
968 1516 1252 1572 ostendisti
1270 1517 1414 1572 mihi
1433 1518 1779 1588 iniquitatem
1799 1525 1849 1572 et
1871 1516 2110 1571 dolorem

454 1602 645 1675 [Vulg.
681 1605 966 1676 laborem],
998 1606 1182 1661 videre
1207 1605 1455 1676 praedam
1477 1610 1529 1660 et
1559 1606 1891 1677 injustitiam
1921 1612 2110 1659 contra

450 1708 535 1748 me
556 1696 581 1745 .9
612 1692 779 1748 LXX:
818 1695 1118 1765 Usquequo,
1150 1695 1395 1759 Domine,
1432 1694 1697 1762 clamabo,
1720 1701 1902 1748 etnon
1935 1709 2105 1747 exau-

450 1781 565 1837 dies
584 1785 610 1835 .9
638 1783 976 1853 vociferabor
1003 1783 1073 1837 ad
1099 1792 1147 1838 te
1175 1784 1289 1838 vim
1313 1784 1550 1854 patiens,
1584 1787 1633 1837 et
1662 1799 1773 1837 non
1828 1782 2063 1837 salvebis
2084 1786 2108 1834 .9

2221 1338 2292 1393 ad
2327 1338 2622 1394 medicum
2648 1355 2659 1392 :
2695 1340 2830 1394 Vim
2852 1338 3061 1412 patior,
3086 1338 3480 1417 crucior,uror,
3500 1338 3758 1395 exanimor:

2218 1443 2545 1499 usquequo,
2581 1428 2820 1495 medice,
2874 1427 3159 1499 clamabo,
3209 1432 3266 1484 et
3292 1445 3401 1483 non
3430 1427 3696 1483 exaudies?
3716 1430 3761 1483 Et

2218 1516 2565 1587 respondeat
2585 1517 2634 1571 ei
2656 1516 3133 1588 sapientissimus
3150 1520 3207 1571 et
3227 1514 3669 1571 clementissimus
3684 1531 3764 1571 me-

2218 1604 2423 1659 dicus:
2473 1604 2603 1660 Scio
2648 1622 2762 1675 quo
2795 1610 3058 1677 tempore
3088 1605 3329 1660 debeam
3372 1605 3499 1660 dare
3542 1605 3668 1675 quod
3692 1621 3763 1677 po-

2218 1692 2438 1749 stulas:
2473 1710 2585 1749 non
2621 1692 2900 1749 misereor
2930 1693 3123 1759 modo,
3158 1692 3296 1765 quia
3324 1692 3767 1751 miscricordiaista

2216 1780 2532 1836 crudelitas
2553 1785 2662 1847 est,
2689 1781 2839 1837 592
2871 1784 2928 1836 et
2954 1778 3227 1835 voluntas
3256 1783 3356 1836 tua
3379 1783 3563 1835 contra
3583 1784 3629 1835 te
3652 1780 3765 1851 petit.

453 1871 634 1940 Quare
662 1872 806 1926 mihi
829 1858 1113 1927 ostendisti
1142 1871 1350 1928 labores
1374 1877 1424 1926 et
1464 1872 1695 1938 dolores,
1730 1871 1913 1926 videre
1942 1873 2108 1926 mise-
2137 1870 2185 1938 B
2216 1871 2301 1923 Ita
2330 1872 2387 1923 et
2420 1868 2698 1924 Dominus
2729 1874 2879 1925 Deus
2910 1872 3110 1925 noster
3153 1868 3343 1925 sciens
3389 1868 3665 1925 clementia
3685 1884 3765 1923 sua

451 1961 596 2015 riam
616 1968 668 2015 et
689 1962 1023 2032 impietatem
1039 1964 1064 2014 .9
1082 1960 1321 2015 Interim
1345 1960 1666 2015 secundum
1684 1958 1940 2014 litteram
1968 1976 2099 2014 cau-

451 2052 618 2103 satur
645 2049 955 2103 adversum
987 2048 1170 2103 Deum
1195 2048 1495 2121 propheta,
1520 2065 1621 2103 cur
1642 2048 2101 2104 Nabuchodono-

450 2150 549 2191 sor
576 2136 862 2209 templum
886 2141 1090 2203 vastet,
1117 2137 1261 2193 591
1292 2140 1348 2191 et
1373 2136 1586 2192 Judam
1612 2152 1752 2191 :cur
1769 2134 2094 2191 Jerusalem

450 2225 746 2296 quondam
771 2227 912 2281 urbs
931 2226 1158 2281 Domini
1177 2225 1550 2281 destruatur?
1569 2225 1756 2288 Quare
1775 2223 1985 2279 clamet
2002 2241 2101 2296 po-

449 2312 625 2386 pulus
654 2318 711 2370 et
738 2331 851 2370 non
883 2314 1276 2370 exaudiatur?
1303 2314 1649 2369 vociferatur
1680 2314 1751 2369 ad
1782 2310 2096 2368 Dominum

448 2418 767 2475 oppressus
789 2420 823 2458 a
843 2403 1148 2469 Chaldais,
1172 2409 1229 2459 et
1253 2420 1366 2458 non
1391 2402 1649 2458 salvetur
1666 2402 1694 2456 ?
1710 2405 1897 2469 Quare
1919 2402 2096 2457 etiam

447 2491 575 2564 ipse
605 2492 908 2564 propheta,
940 2492 1025 2548 vel
1057 2491 1312 2565 populus
1342 2508 1408 2547 ex
1440 2492 1609 2564 cujus
1641 2508 1891 2564 persona
1940 2507 2096 2546 nunc

445 2578 726 2652 loquitur,
752 2582 823 2636 ad
843 2581 950 2638 hoc
972 2581 1198 2648 vixerit,
1230 2585 1287 2637 et
1315 2580 1624 2653 hucusque
1650 2580 1964 2653 perductus
1994 2579 2094 2646 sit,

447 2672 513 2726 ut
528 2669 895 2745 iniquitatem
915 2670 1175 2726 hostium
1191 2674 1248 2726 et
1268 2686 1442 2725 suum
1459 2669 1651 2724 videat
1670 2668 1925 2723 laborem
1940 2668 1967 2722 ἃ)
1984 2671 2097 2722 Cur

446 2758 738 2831 injustitia
758 2758 1067 2831 pravaleat
1086 2760 1391 2815 adversum
1412 2758 1512 2813 se?
1530 2759 1597 2813 Et
1616 2756 1725 2812 hoc
1747 2756 1885 2811 dicit
1898 2756 2093 2828 (a)pra

446 2846 663 2903 mentis
693 2848 985 2920 angustia,
1021 2847 1286 2903 nesciens
1337 2862 1547 2901 aurum
1579 2845 1638 2899 in
1669 2844 1802 2917 igne
1833 2844 2091 2913 conﬂari,

445 2939 504 2990 et
531 2939 649 2990 tres
680 2951 892 3008 pueros
922 2937 993 2991 de
1023 2935 1253 2991 camino
1277 2935 1541 3007 puriores
1562 2932 1768 3004 exisse,
1801 2950 1978 3004 quam
2012 2932 2095 2986 in-

444 3028 745 3080 traverunt
766 3025 931 3097 (Dan.
958 3024 1062 3096 ιιι).
1097 3024 1208 3079 Sed
1232 3028 1289 3078 et
1308 3022 1656 3095 generaliter
1677 3021 1937 3094 accipere
1960 3038 2091 3092 pos-

447 3129 677 3181 sumus,
711 3114 863 3185 quod
897 3129 966 3169 ex
1004 3129 1254 3185 persona
1280 3111 1551 3166 humana
1600 3110 1976 3183 impatientia
2009 3109 2090 3164 vi-

444 3200 590 3257 dens
619 3200 903 3273 propheta
933 3206 1264 3273 peccatores
1295 3199 1681 3270 abundantes,
1712 3202 1772 3254 et
1795 3198 1855 3254 in
1884 3197 2091 3254 saculo

445 3288 745 3361 possidere
766 3287 1015 3345 divitias.
1034 3287 1184 3344 filios
1202 3305 1403 3344 eorum
1425 3287 1595 3360 quasi
1618 3286 1904 3343 novellam
1932 3288 2092 3360 plan-

442 3376 723 3434 tationem
747 3377 804 3432 in
828 3377 1221 3434 adolescentia
1241 3394 1367 3444 sua,
1400 3381 1458 3432 et
1488 3376 1637 3431 filias
1661 3379 1895 3431 ornatas
1919 3376 2091 3448 quasi

444 3465 889 3523 similitudinem
909 3466 1132 3539 templi,
1157 3464 1393 3522 cellaria
1411 3482 1612 3521 eorum
1642 3463 1813 3536 plena
1827 3469 2092 3520 eructan-

443 3554 526 3611 tia
547 3571 616 3611 ex
641 3555 748 3612 hoc
776 3555 833 3611 in
858 3555 1026 3623 illud,
1069 3572 1202 3617 oves
1233 3572 1435 3611 eorum
1464 3555 1680 3610 fetosas
1710 3559 1767 3609 et
1811 3553 2092 3627 multipli-

443 3647 603 3700 catas
628 3644 685 3698 in
713 3644 820 3699 viis
846 3645 993 3712 suis,
1026 3648 1084 3699 et
1113 3649 1322 3700 catera
1346 3659 1473 3715 qua
1504 3643 1561 3697 in
1594 3642 1913 3698 centesimo
1946 3659 2089 3715 qua-

442 3732 772 3806 dragesimo
803 3733 974 3789 tertio
1000 3732 1227 3806 psalmo
1249 3731 1480 3813 plenius
1505 3732 1846 3788 scribuntur
1874 3732 1931 3786 in
1957 3748 2093 3803 que-

445 3821 633 3878 rulam
663 3838 861 3878 vocem
909 3826 967 3878 et
1011 3821 1247 3896 plenam
1300 3820 1519 3877 doloris
1549 3825 1839 3893 erumpat.
1903 3821 2090 3885 Quare

442 3908 684 3982 respicis
715 3912 1167 3981 contemptores,
1193 3914 1250 3965 et
1281 3912 1456 3980 taces,
1490 3908 1869 3964 conculcante
1910 3908 2091 3981 impio

434 3998 745 4069 justiorem
772 4014 833 4053 se
848 4015 861 4053 :
879 4002 935 4052 et
951 3997 1095 4052 facis
1114 3997 1384 4053 homines
1407 3997 1576 4068 quasi
1604 3998 1789 4068 pisces
1814 3997 2013 4064 maris,
2034 4001 2093 4053 et

443 4085 611 4157 qnasi
634 4085 865 4156 reptilia
880 4102 997 4141 non
1019 4084 1297 4141 habentia
1317 4086 1525 4141 ducem
1550 4085 1578 4140 ?
1604 4086 1677 4157 (b)
1700 4085 1839 4141 Tale
1861 4086 2002 4158 quid
2036 4090 2093 4141 et

442 4172 503 4227 in
534 4173 965 4244 septuagesimo
997 4172 1253 4229 secundo
1284 4173 1511 4245 psalmo
1534 4172 1784 4247 legimus
1812 4192 1824 4230 :
1859 4175 1963 4230 Mei
1990 4192 2091 4230 au-

447 4268 555 4316 tem
584 4276 719 4332 pene
745 4262 881 4317 moti
894 4264 1021 4317 sunt
1046 4261 1225 4333 pedes,
1238 4278 1378 4334 pene
1400 4262 1561 4334 eﬂusi
1588 4271 1717 4319 sunt
1740 4280 1957 4335 gressus
1984 4265 2113 4325 mei

445 4348 614 4423 (Psal.
646 4367 816 4421 Lxxn,
840 4350 917 4423 2),
938 4353 997 4406 et
1015 4349 1260 4423 reliqua.
1283 4350 1353 4405 Et
1372 4368 1608 4407 rursum
1637 4352 1694 4406 in
1717 4354 1919 4408 eodem
1942 4352 2095 4425 psal-

2216 1956 2474 2027 pondera
2513 1961 2685 2029 atque
2734 1974 3063 2023 mensuras,
3116 1957 3407 2013 interdum
3455 1974 3557 2012 non
3597 1955 3767 2012 exaudit

2207 2043 2577 2111 clamantem,
2612 2050 2678 2101 ut
2708 2061 2840 2100 eum
2884 2046 3105 2117 probet,
3138 2050 3199 2100 et
3242 2046 3423 2118 magis
3463 2049 3685 2117 provocet
3716 2044 3767 2100 ad

2208 2134 2619 2204 rogandum,et
2643 2134 2810 2205 quasi
2835 2134 2968 2207 igne
2997 2138 3299 2189 excoctum
3322 2133 3605 2206 justiorem
3629 2138 3673 2188 et
3689 2150 3763 2203 pu-

2207 2223 2417 2278 riorem
2443 2222 2631 2279 faciat.
2659 2223 2820 2287 Quod
2845 2221 3179 2295 intelligens
3201 2221 3490 2294 apostolus
3514 2221 3764 2277 secundum

2205 2310 2261 2365 id
2287 2311 2439 2382 quod
2459 2310 2920 2366 misericordiam
2937 2315 3025 2365 est
3040 2314 3392 2367 consecutus
3413 2328 3443 2365 a
3460 2310 3684 2379 Domino,
3698 2308 3765 2363 ait:

2203 2398 2319 2454 Non
2342 2399 2411 2471 (c)
2432 2399 2750 2471 deﬁciamus
2778 2402 2837 2454 in
2872 2400 3326 2455 tribulationibus
3363 2399 3552 2471 (Ephes
3598 2415 3666 2467 ιιι,
3689 2396 3766 2467 13);

2203 2492 2259 2543 et
2289 2488 2578 2543 benedicit
2623 2489 2807 2544 Deum
2844 2489 3003 2544 omni
3032 2491 3298 2561 tempore
3342 2489 3502 2560 (Psat.
3531 2487 3708 2555 XXXIII);
3728 2489 3768 2540 et

2204 2577 2317 2632 scit
2338 2577 2473 2651 quia
2495 2577 2593 2649 qui
2617 2576 3069 2650 perseveraverit
3089 2592 3282 2649 usque
3300 2576 3358 2631 in
3391 2576 3570 2641 finem,
3591 2573 3667 2628 hic
3690 2570 3769 2628 sal-

2201 2683 2309 2721 vus
2340 2666 2448 2721 erit
2478 2666 2646 2734 (Matt.
2680 2684 2735 2736 x,
2767 2666 2880 2735 22).
2912 2666 2981 2721 Et
3025 2666 3318 2737 gloriatur
3346 2665 3402 2719 in
3435 2663 3609 2720 labore
3631 2667 3676 2718 et
3697 2662 3771 2716 do-

2202 2754 2345 2810 lore.
2363 2756 2839 2811 EtcumJeremia
2855 2754 3021 2810 dicit:
3045 2755 3486 2825 Tribulationem,
3502 2752 3769 2808 etmiseriam

2201 2845 2487 2900 invocabo.
2505 2844 2574 2899 Ut
2594 2844 2885 2916 quomodo
2904 2842 3055 2898 alius
3069 2842 3511 2899 invocatDeum:
3526 2840 3593 2913 (d)
3605 2840 3671 2895 sic
3682 2853 3775 2893 san-

2202 2936 2329 2987 ctus
2347 2932 2435 2988 vir
2455 2936 2511 2987 et
2532 2931 2775 2988 bellator
2796 2932 3144 2999 invictus,ad
3171 2931 3544 2987 exercendum
3559 2946 3613 2984 se
3624 2933 3669 2983 et
3684 2940 3773 2999 pra

2201 3021 2459 3076 bandum
2472 3065 2487 3090 ,
2500 3020 2935 3077 tribulationem
2951 3021 3327 3076 etmiseriam
3340 3020 3523 3076 venire
3533 3018 3774 3074 desideret.

2272 3110 2453 3181 (Vers.
2486 3111 2539 3179 3,
2575 3110 2652 3182 4.)
2679 3113 2746 3166 Et
2774 3113 2980 3181 factum
3011 3112 3096 3165 est
3113 3109 3397 3181 judicium
3420 3112 3468 3164 et
3494 3104 3774 3163 contradictio

2201 3201 2510 3270 potentior:
2529 3202 2748 3271 propter
2777 3199 2873 3253 hoc
2899 3200 3141 3255 lacerata
3188 3207 3270 3254 est
3299 3200 3407 3264 lex,
3449 3205 3495 3253 et
3524 3212 3618 3251 non
3637 3206 3775 3266 pervc-

2201 3291 2288 3344 nit
2313 3304 2483 3360 usque
2498 3289 2567 3343 ad
2586 3289 2753 3358 ﬁnem
2765 3290 3042 3360 judicium
3061 3307 3080 3343 :
3110 3290 3251 3359 quia
3272 3289 3468 3359 impius
3484 3277 3775 3357 pravaletad

2198 3395 2384 3435 versus
2396 3380 2629 3451 justum,
2655 3383 2941 3451 propterea
2958 3377 3030 3450 (e)
3043 3378 3329 3448 egreditur
3338 3376 3592 3449 judicium
3609 3383 3776 3444 perver-

2198 3484 2340 3523 sum.
2366 3466 2523 3522 LXX:
2540 3465 2739 3523 Contra
2750 3469 3052 3537 mefactum
3060 3474 3137 3521 est
3137 3466 3171 3536 j
3175 3467 3443 3533 udicium,
3459 3473 3505 3520 et
3514 3462 3663 3535 judex
3671 3457 3774 3513 acci-

2200 3558 2304 3627 pit:
2319 3564 2605 3628 propterea
2627 3556 2866 3611 lacerata
2885 3560 2961 3611 est
2993 3556 3101 3625 (ex,
3124 3563 3181 3610 et
3196 3572 3307 3611 non
3326 3554 3561 3627 pervenit
3577 3548 3634 3605 ad
3652 3548 3778 3618 ﬁnem

2183 3645 2475 3719 judicium
2498 3664 2515 3699 :
2538 3646 2667 3716 quia
2692 3646 2897 3716 impius
2914 3645 3187 3717 praevalet
3206 3645 3470 3699 adversus
3480 3642 3667 3713 justum,
3681 3648 3777 3705 pro-

2195 3738 2381 3808 pterea
2400 3734 2679 3806 egreditur
2695 3732 2971 3806 judicium
2986 3749 3332 3805 perversum.
3354 3732 3546 3788 Adhuc
3562 3722 3779 3800 propheta

2199 3822 2286 3880 vel
2312 3822 2565 3896 populus
2580 3821 2844 3894 loquitur
2863 3822 2933 3877 ad
2952 3821 3296 3893 Dominum,
3312 3821 3461 3894 quod
3483 3834 3583 3874 non
3600 3812 3781 3869 veritate

2201 3913 2483 3968 adversus
2514 3929 2595 3977 se,
2620 3912 2721 3967 sed
2745 3910 3006 3983 potentia
3032 3910 3375 3981 judicatum
3399 3909 3491 3978 sit,
3520 3911 3570 3963 et
3595 3898 3712 3958 nihil
3734 3912 3783 3953 ex

2198 4001 2325 4072 lege
2347 4006 2402 4056 et
2416 4000 2651 4071 justitia
2670 3999 3038 4056 sustinuerit.
3065 4000 3231 4056 Unde
3261 4004 3321 4055 et
3343 3999 3532 4071 ipsum
3552 3989 3780 4065 judicium

2200 4105 2315 4146 non
2335 4090 2606 4145 habuerit
2627 4090 2802 4144 finem
2822 4104 3017 4144 suum.
3039 4086 3203 4143 Finis
3225 4092 3423 4143 autem
3437 4079 3626 4158 judicii
3639 4075 3783 4148 estiu-

2201 4179 2395 4253 dicare
2409 4180 2433 4250 j
2443 4183 2589 4233 uste.
2615 4182 2682 4232 Et
2696 4177 2805 4233 hoc
2818 4192 2996 4250 quare
3008 4175 3169 4248 loqui
3187 4174 3483 4243 audeat,in
3500 4179 3782 4239 consequen-

2199 4268 2359 4323 tibus
2374 4266 2911 4334 monstrat,dicens:
2928 4263 3311 4337 Quiaimpius
3324 4258 3783 4319 Nabuchodonosor

2200 4355 2503 4427 pravaluit
2524 4356 2803 4411 adversus
2811 4355 3043 4427 justum
3073 4352 3103 4409 ,Ι
3113 4353 3294 4409 udam
3319 4351 3415 4425 (IV
3442 4354 3563 4422 Reg.
3593 4346 3722 4415 χιιι).
3744 4342 3784 4395 ει

450 4455 547 4495 mo
575 4455 587 4493 :
611 4440 677 4495 Et
704 4441 755 4495 si
781 4443 859 4495 est
875 4442 1111 4496 scientia
1138 4442 1194 4495 in
1219 4440 1446 4496 excelso.
1473 4442 1606 4499 Ecce
1624 4445 1770 4497 enim
1786 4445 2093 4514 peccatores
2200 4443 2351 4499 hanc
2367 4460 2495 4499 esse
2515 4460 2777 4510 causam,
2802 4443 2957 4515 quod
2982 4442 3193 4498 dixerit
3210 4441 3502 4514 judicium
3523 4453 3626 4494 non
3644 4442 3783 4507 perve-

446 4530 497 4584 et
526 4528 866 4584 abundantes
896 4531 957 4585 in
983 4529 1179 4585 saeculo
1208 4528 1559 4585 obtinuerunt
1587 4530 1828 4597 divitias,
1872 4534 1929 4586 et
1958 4530 2090 4587 reli-
2201 4532 2358 4587 nisse
2389 4532 2461 4587 ad
2493 4532 2666 4587 finem
2697 4549 2710 4600 ;
2746 4532 2885 4603 quia
2913 4529 3183 4603 iniquum
3218 4530 3295 4586 sit
3325 4534 3383 4586 et
3405 4539 3718 4602 perversum,
3740 4518 3786 4570 ιιὶ

449 4633 565 4690 qua
595 4632 803 4690 usque,
833 4634 1031 4673 manus
1057 4634 1224 4674 meas.
1258 4618 1389 4674 Hac
1409 4622 1603 4674 autem
1634 4618 1960 4692 loquuntur
1989 4636 2092 4675 ne-
2125 4609 2172 4674 Ι)
2203 4622 2394 4679 Josias
2417 4638 2514 4678 rex
2537 4620 2740 4692 justus
2762 4638 2795 4675 a
2824 4636 2957 4694 rege
2976 4620 3240 4694 Egyptio
3262 4618 3580 4674 trucidetur
3596 4610 3677 4681 (IV
3693 4610 3785 4675 Βία·

453 4705 703 4763 scientes
746 4707 973 4778 judicia
1030 4707 1122 4763 Dei
1184 4706 1611 4780 investigabilia
1665 4709 1842 4782 (Rom.
1884 4712 1987 4778 x1),
2038 4713 2097 4764 et
2203 4714 2391 4779 xxm);
2424 4714 2489 4766 ut
2522 4709 2745 4779 Daniel,
2777 4708 3054 4775 Ananias,
3086 4708 3314 4777 Misael,
3346 4711 3405 4764 et
3448 4702 3677 4763 Azarias.
3702 4710 3792 4752 θεῖ’

452 4795 809 4868 profundum
841 4796 1176 4855 divitiarum
1210 4796 1508 4869 sapientia
1539 4801 1597 4853 et
1635 4797 1888 4854 scientia
1945 4799 2097 4870 ejus,
2204 4800 2367 4856 viant
2407 4800 2570 4865 (Dan.
2620 4799 2727 4871 ιιι);
2760 4802 2818 4853 et
2847 4798 3094 4870 imperet
3123 4796 3480 4869 Babylonius
3521 4788 3791 4871 imperator,

454 4885 612 4956 quod
630 4902 744 4941 non
772 4875 860 4940 ita
877 4885 1070 4941 videat
1101 4889 1250 4940 Deus
1273 4890 1337 4940 ut
1357 4886 1513 4940 videt
1532 4886 1728 4942 homo.
1767 4887 1950 4943 Homo
1971 4892 2097 4942 tan-
2207 4894 2264 4945 et
2292 4889 2444 4944 inter
2462 4891 2653 4943 scorta
2670 4870 2727 4942 et
2755 4886 3109 4942 concubinas
3127 4902 3271 4942 suas
3294 4883 3591 4941 Balthasar
3608 4877 3738 4951 potet
3752 4870 3793 4924 in

450 4976 579 5029 tum
607 4973 913 5046 prasentia
944 4973 1206 5046 respicit:
1244 4978 1392 5030 Deus
1424 4975 1619 5030 futura
1658 4980 1716 5031 et
1762 4980 1976 5032 aterna
2005 4993 2099 5033 co-
2209 4976 2424 5051 phialis
2455 4977 2557 5033 Dei
2590 4978 2749 5048 (Dan.
2780 4977 2859 5047 v).
2893 4976 3022 5032 Hac
3044 4974 3336 5047 propheta
3362 4973 3434 5029 de
3453 4982 3669 5029 suorum
3687 4968 3792 5051 wtnj

452 5061 683 5136 gnoscit
713 5062 758 5132 (Ι
788 5064 915 5134 Reg.
951 5064 1131 5133 xvm).
1165 5063 1234 5118 Et
1290 5063 1582 5134 quomodo
1642 5064 1690 5120 si
1741 5070 1996 5137 agrotus
2045 5069 2104 5122 et
2211 5047 2421 5140 porum
2451 5047 2608 5121 statu
2638 5064 2969 5137 (sequimur
2988 5063 3143 5119 enim
3174 5061 3321 5135 quia
3349 5060 3525 5119 semel
3543 5049 3741 5114 voluisti
3755 5047 3795 5145 ei

451 5156 709 5209 astuans
740 5152 1001 5209 febribus
1022 5168 1236 5224 aquam
1262 5151 1533 5225 trigidam
1557 5153 1834 5226 postulet,
1865 5159 1921 5210 et
1948 5154 2105 5211 dicat
2209 5154 2471 5212 historia
2498 5153 2823 5223 vilitatem).
2858 5154 3139 5210 Caterum
3162 5152 3343 5224 juxta
3367 5148 3503 5207 LXX
3529 5148 3792 5204 communi!

2214 5336 2623 5488 ϐοῶῐέίιίξῧοίῒς
2651 5420 2721 5459 ex
2750 5402 3039 5488 Brixianis
3061 5402 3229 5459 codd.
3261 5402 3420 5459 idem
3439 5393 3699 5455 Victorias
3716 5382 3791 5447 hic.

2215 5474 2400 5535 erui'a
2426 5477 2653 5532 miseria
2677 5474 2893 5531 mundi.

2287 5530 2675 5620 (τέ’)ᾐοίιίάιᾞὶο,
2700 5530 2829 5603 tum
2853 5530 3007 5620 apud
3033 5544 3189 5613 LXX,
3214 5543 3521 5616 egredietur
3536 5530 3795 5596 constant“

2218 5618 2453 5692 prafert
2482 5618 2713 5692 Regina
2745 5635 2859 5675 ms.

520 5332 602 5413 (ᾳ)
627 5329 1034 5413 βθςὶιιεθηωᾏεη
1063 5320 1346 5413 premente
1371 5345 1429 5413 se
1457 5334 1731 5413 angustia.

522 5394 599 5471 (b)
622 5394 909 5459 Describit
938 5394 1142 5475 Regia.
1167 5402 1292 5457 cod.
1316 5394 1610 5475 reliquum
1633 5403 1831 5476 ipsum
1853 5404 2107 5476 versicu-

454 5472 598 5558 lum,
623 5477 755 5558 quia
774 5476 985 5558 metatus
1004 5472 1127 5558 sum
1144 5489 1308 5558 super
1321 5472 1877 5558 pacémpeccbiarum
1895 5475 2103 5558 videns.

438 5544 670 5619 .Sicqu'e
700 5551 756 5601 et
780 5545 952 5618 paulo
981 5550 1130 5619 post,
1149 5544 1437 5617 et’reliqua
1460 5564 1479 5601 ,ο
1501 5544 1654 5616 Ergo
1678 5551 1890 5619 [rustra
1902 5548 2107 5619 justiﬁ-

458 5618 578 5675 cavi
605 5632 698 5671 cor
722 5633 926 5682 meum,
958 5625 1012 5672 et
1042 5618 1155 5671 lavi
1196 5619 1340 5672 inter
1366 5618 1684 5674 innocentes
1705 5618 1911 5675 manus
1936 5634 2106 5674 meas.

536 5684 606 5754 (c)
636 5685 856 5742 Victor.
887 5688 1011 5743 Non
1033 5685 1337 5758 deﬁcimus,
1369 5704 1440 5745 ex
1466 5689 1720 5762 Vulgata
1747 5690 2027 5764 editione,
2059 5689 2109 5750 ΙΙ
