4022 6192
230 322 381 404 {$81

1030 316 1777 400 COMMENTARIORUM
1820 314 1897 393 ΙΝ
1942 322 2253 393 ABACUG
2291 314 2437 392 LIB.
2484 328 2531 390 1.
2573 326 2743 390 asp.
2786 322 2833 387 1.

3472 298 3635 389 me

220 474 392 544 juxta
415 485 657 527 sensum
676 484 851 543 quem
879 484 1059 541 supra
1077 468 1408 541 posuimus,
1460 466 1871 539 interpretatus
1898 465 1952 531 Α
1982 467 2098 517 tem
2121 465 2402 533 sequatur
2422 458 2840 532 intelligentia,
2862 458 3267 531 sermonisque
3289 462 3625 516 contextum

230 566 320 618 est
347 559 755 633 Symmachus,
808 557 1164 631 eﬂ'undentur
1191 558 1401 629 equites
1456 557 1591 628 ejus,
1651 555 1710 611 id
1766 557 1873 619 est,

227 660 503 713 corruent
534 660 591 711 et
611 655 927 711 allidentur
955 655 1015 710 in
1035 660 1273 710 terram.
1310 654 1448 726 Lupi
1480 658 1675 709 autem
1734 658 1876 708 Ara-

228 736 359 813 bia,
395 745 452 801 id
482 749 571 801 est
600 744 824 816 vesperi
846 749 902 801 et
922 742 1255 800 Occidentis
1292 742 1353 798 hi
1385 746 1535 799 recte
1574 746 1876 826 vocan‘tur,

238 834 458 907 quibus
478 833 836 889 conversatio
849 833 1107 906 pessima
1125 831 1483 898 occubuit,et
1500 836 1634 887 ante
1654 833 1714 886 in
1738 830 1876 885 cali-

228 924 367 997 giae
387 922 711 987 constituti,
735 925 856 977 toto
886 922 1073 994 gradu
1103 937 1406 992 vesperam
1439 919 1877 991 derelinquunt,

228 1027 408 1084 quam
436 1026 569 1065 cum
602 1008 966 1081 reliquerint,
999 1013 1056 1065 et
1104 1008 1422 1064 volaverint
1480 1007 1754 1080 prompti,
1814 1012 1882 1062 ut

225 1110 535 1165 comedant
554 1124 759 1163 carnes
787 1106 946 1162 verbi
980 1106 1099 1173 Dei,
1131 1110 1274 1161 tunc
1304 1105 1735 1161 consummatio
1785 1122 1880 1161 ve-

227 1197 352 1253 niet
382 1196 440 1251 in
467 1195 701 1267 impios,
738 1195 792 1250 id
828 1199 936 1266 est,
970 1194 1029 1251 in
1061 1194 1380 1266 Chaldaos,
1401 1193 1501 1266 qui
1533 1194 1883 1250 resistebant

226 1284 490 1341 vultibus
513 1284 923 1358 pcenitentium
950 1301 1022 1340 ne
1044 1283 1549 1341 reverterenturad
1569 1283 1883 1338 Dominum

228 1390 431 1430 suum.
467 1373 858 1437 Quamobrem
891 1372 1325 1430 consummatio
1350 1373 1409 1428 in
1438 1372 1653 1444 impios
1670 1371 1883 1439 veniet,

229 1463 571 1519 resistentes
602 1462 863 1517 vultibus
894 1479 1096 1518 eorum
1128 1478 1197 1517 ex
1227 1462 1488 1518 adverso.
1520 1465 1660 1517 Cum
1689 1464 1881 1517 autem

227 1559 314 1615 illi
346 1559 567 1615 fuerint
595 1559 1009 1628 consummati,
1036 1566 1090 1615 et
1116 1560 1186 1615 de
1211 1558 1483 1615 manibus
1506 1575 1709 1623 eorum
1727 1575 1885 1631 erep-

224 1654 291 1705 ta
324 1648 652 1720 captivitas,
683 1652 824 1703 tunc
852 1665 1045 1704 sermo
1068 1648 1300 1704 divinus
1322 1648 1700 1721 congregabit
1715 1648 1885 1719 quasi

226 1754 468 1795 arenam
490 1735 814 1793 Chaldaica
834 1736 1212 1809 captivitatis,
1273 1742 1329 1793 et
1385 1736 1769 1793 delectabitur
1820 1738 1879 1792 in

227 1823 491 1898 regibus,
524 1827 581 1881 et
610 1825 845 1897 tyranni
876 1824 1104 1880 ludicra
1134 1825 1263 1897 ejus
1292 1830 1488 1896 erunt,
1532 1825 1733 1881 videns
1789 1841 1887 1898 po-
1914 1829 1963 1894 Β

231 1913 635 1970 tentissimum
663 1913 958 1984 quondam
977 1912 1297 1985 diabolum,
1320 1918 1377 1969 et
1398 1930 1577 1985 regna
1604 1914 1885 1985 ejus(qua

228 2009 518 2067 Salvatori
550 2027 784 2082 quoque
808 2011 1149 2082 ostendens,
1182 2010 1263 2066 ait
1292 2010 1498 2081 (Matth.
1534 2028 1611 2077 1v,
1640 2012 1731 2082 9):
1764 2013 1892 2069 Haec

231 2101 428 2155 omnia
450 2099 589 2155 dabo
619 2100 741 2167 tibi,
775 2102 827 2155 si
882 2100 1173 2168 precidem
1225 2100 1540 2155 adoraveris
1595 2101 1702 2171 me)
1760 2102 1889 2171 ejus

237 2189 495 2245 adventu
526 2205 654 2245 esse
685 2189 1029 2256 destructa;
1074 2188 1292 2245 delicia
1350 2189 1509 2244 enim
1569 2190 1891 2260 prudentia

239 2291 405 2351 sunt,
433 2290 492 2342 et
519 2268 786 2358 voluptas
818 2287 1137 2359 sapientia,
1170 2303 1304 2343 cum
1337 2286 1590 2343 stultitia
1633 2288 1890 2345 destrui-‘-

241 2378 368 2442 tur,
399 2379 456 2430 et
486 2379 868 2447 tyrannorum
892 2376 1191 2447 quondam
1223 2376 1481 2448 potentia
1502 2382 1776 2448 superata
1804 2382 1890 2434 at-

246 2479 365 2535 que
396 2464 637 2534 dejecta,
669 2464 916 2519 vertitur
943 2463 1003 2519 in
1026 2464 1308 2520 derisum.
1331 2465 1530 2536 Neque
1552 2466 1708 2521 enim
1731 2468 1893 2525 solus

246 2551 427 2607 draco
458 2551 744 2609 formatus
773 2556 863 2608 est
891 2556 959 2607 ut
986 2551 1143 2608 lusui
1173 2552 1488 2609 haberetur
1544 2571 1579 2610 a
1624 2556 1891 2625 Domino,

246 2647 356 2721 qui
384 2653 475 2706 est
492 2648 843 2722 principium
874 2648 1282 2722 plasmationis
1300 2652 1451 2722 ejus,
1468 2653 1654 2709 factus
1670 2656 1894 2727 angelis

246 2737 329 2809 (a)
365 2736 679 2793 ludicrum.
704 2738 904 2810 Neque
924 2737 1089 2794 illum
1112 2738 1304 2795 solum
1329 2740 1491 2795 dabit
1522 2747 1691 2811 Deus,
1725 2744 1894 2816 quasi

245 2840 553 2897 passerem
582 2825 868 2898 parvulo;
901 2827 1002 2883 sed
1036 2828 1191 2884 599
1222 2827 1270 2882 si
1325 2828 1456 2899 quis
1508 2831 1684 2887 etiam
1742 2832 1893 2890 alius

246 2913 527 2981 crudelis,
561 2920 617 2970 et
647 2915 860 2971 mentis
884 2915 1200 2987 tyrannica
1233 2916 1427 2986 fuerit,
1460 2919 1726 2975 tradetur
1772 2937 1892 2977 ser-

249 3002 416 3058 moni
451 3002 545 3058 Dei
570 3004 628 3058 in
661 3004 941 3060 derisum.
972 3005 1041 3060 Et
1068 3004 1193 3076 ipse
1218 3004 1319 3072 ait,
1352 3008 1411 3060 in
1441 3023 1655 3063 omnem
1708 3012 1896 3066 muni-

246 3094 465 3146 tionem
484 3091 699 3148 illudet.
727 3093 860 3157 Qua
890 3098 1087 3149 autem
1116 3099 1207 3149 est
1235 3095 1346 3149 alia
1366 3096 1637 3165 munitio,
1661 3098 1774 3153 nisi
1798 3099 1898 3155 illa

1986 566 2091 606 nec
2115 548 2171 605 in
2197 551 2370 606 rebus
2403 549 2657 605 multum
2696 546 2849 603 inter
2901 562 2962 603 se
3014 547 3322 604 contrariis
3376 548 3629 606 violenta

1986 638 2062 694 sit
2083 637 2447 710 copulandis.

2059 726 2243 798 (Vers.
2281 727 2391 797 12.)
2423 725 2700 795 Numquid
2719 740 2830 780 non
2872 727 2933 779 tu
2962 742 2995 779 a
3039 724 3342 796 principio,
3400 726 3631 783 Domine

1990 821 2132 872 Deus
2156 831 2327 881 meus,
2361 823 2540 869 sancte
2569 829 2716 869 meus
2736 816 2761 868 ?
2788 816 2838 869 et
2869 828 2972 868 non
3005 815 3348 868 moriemur?
3386 814 3630 883 Domine,

1989 907 2049 959 in
2069 905 2344 976 judicium
2359 903 2591 975 posuisti
2619 918 2763 967 eum,
2784 906 2834 956 et
2852 903 3055 971 fortem
3086 904 3145 955 ut
3170 902 3629 983 corriperesjun-

1989 994 2132 1049 dasti
2159 1008 2286 1048 eum
2307 996 2332 1045 ?
2356 991 2489 1047 LXX
2514 1009 2526 1046 :
2558 991 2746 1046 Nonne
2767 994 2827 1044 tu
2857 1007 2891 1044 a
2915 989 3211 1060 principio,
3247 990 3472 1046 Domine
3492 992 3633 1048 Deus

1988 1099 2163 1148 meus,
2194 1090 2380 1137 sancte
2407 1096 2561 1136 meus
2581 1084 2607 1134 .9
2636 1087 2686 1134 et
2705 1095 2815 1135 non
2860 1080 3162 1134 moriemur
3180 1082 3206 1132 Ρ
3263 1082 3516 1145 Domine,
3571 1080 3633 1135 in

1982 1172 2267 1244 judicium
2297 1169 2405 1241 [ΑΙ.
2427 1168 2667 1239 judicio]
2700 1168 2933 1239 posuisti
2960 1183 3084 1222 eum
3104 1185 3124 1221 :
3155 1169 3206 1222 et
3230 1168 3529 1238 plasmauit
3547 1184 3635 1225 me

1990 1238 2049 1315 ut
2078 1238 2314 1328 arguam
2336 1261 2395 1313 in
2414 1238 2711 1330 disciplina
2736 1258 2870 1329 ejus.
2903 1255 3293 1328 Symmachus
3352 1238 3657 1311 manifes;

1991 1349 2110 1404 tius
2133 1366 2152 1404 :
2180 1349 2371 1404 Nonne
2390 1356 2447 1403 tu
2466 1364 2499 1401 a
2515 1346 2813 1418 principio,
2842 1346 3068 1400 Domine
3086 1344 3227 1399 Deus
3243 1361 3419 1416 meus,
3453 1347 3637 1402 sancte

1991 1453 2163 1507 meus,
2197 1445 2257 1492 ut
2285 1452 2395 1492 non
2424 1435 2810 1490 moreremur?
2856 1434 3100 1500 Domine,
3159 1433 3230 1488 ad
3271 1433 3639 1505 judicandum

1987 1528 2224 1598 posuisti
2254 1542 2398 1591 cum,
2454 1527 2653 1596 fortem
2709 1523 2783 1579 ad
2840 1520 3248 1593 corripiendum
3304 1523 3641 1579 constituisti

1994 1616 2171 1670 illum.
2204 1615 2288 1670 Ad
2322 1613 2612 1687 propheta
2643 1612 3069 1685 querimoniam
3100 1612 3384 1668 dicentis:
3440 1613 3637 1683 Usque-

1992 1721 2121 1776 quo,
2154 1705 2396 1769 Domine,
2427 1703 2692 1769 clamabo,
2730 1705 2780 1756 et
2807 1717 2915 1758 non
2973 1701 3281 1757 emaudies?
3332 1701 3641 1773 responde-

1997 1798 2087 1849 rat
2116 1793 2289 1863 Deus,
2321 1792 2522 1847 dicens
2548 1810 2560 1846 :
2598 1791 2843 1862 Aspicite
2863 1792 2923 1845 in
2950 1790 3203 1858 gentibus
3231 1794 3281 1846 et
3311 1791 3486 1846 videte
3507 1809 3525 1845 :
3585 1794 3642 1846 et

1998 1886 2131 1955 post
2160 1880 2556 1952 praefationem
2575 1877 2888 1933 intulerat:
2919 1878 3074 1932 600
3095 1882 3229 1933 Ecce
3246 1895 3348 1951 ego
3365 1878 3640 1934 suscitabo

1999 1969 2275 2026 Chaldaeos
2302 1972 2515 2039 gentem
2545 1984 2796 2022 amaram
2823 1974 2874 2022 et
2892 1967 3144 2022 velocem.
3196 1966 3484 2038 Omnique
3539 1966 3638 2022 de-

1999 2058 2315 2130 scriptione
2349 2055 2749 2128 completa,vel
2781 2056 2851 2110 de
2880 2053 3436 2126 Nabuchodonosor,
3468 2053 3557 2109 vel
3573 2054 3644 2109 de

2000 2147 2232 2203 diabolo
2264 2146 2322 2201 in
2355 2146 2470 2200 fine
2503 2147 2824 2201 memorat:
2854 2144 3003 2199 Tunc
3032 2144 3336 2199 mutabitur
3390 2144 3643 2215 spiritus,

1999 2239 2049 2292 et
2068 2235 2448 2307 pertransibit,
2481 2243 2531 2289 et
2562 2239 2793 2297 corruet,
2825 2231 2939 2287 hac
2965 2240 3045 2288 est
3070 2231 3340 2306 fortitudo
3368 2235 3505 2302 ejus
3541 2232 3648 2288 Dei

2000 2328 2109 2381 sui.
2140 2324 2302 2389 Quod
2335 2322 2618 2394 propheta
2646 2322 2891 2377 audiens
2923 2326 2980 2376 et
3026 2320 3379 2394 intelligens,
3432 2321 3646 2377 idcirco

2001 2413 2539 2471 Nabuchodonosor
2559 2409 3013 2476 contraJuclam,
3038 2410 3158 2464 sive
3188 2410 3490 2465 diabolum
3512 2426 3646 2465 con-

2003 2509 2096 2565 tra
2119 2502 2418 2557 credentes
2445 2498 2705 2570 accipere
2735 2502 3109 2570 potestatem,
3134 2501 3197 2552 ut
3215 2497 3491 2569 corripiat
3524 2514 3646 2570 eos,

2004 2597 2061 2648 et
2089 2594 2220 2663 post
2250 2587 2669 2660 correptionem
2700 2587 2825 2659 ipse
2857 2602 3089 2659 quoque
3110 2586 3390 2657 puniatur
3420 2588 3478 2642 in
3511 2587 3646 2660 fine,

2004 2678 2309 2753 respondit
2341 2677 2620 2732 Domino:
2659 2677 2885 2746 Ergone
2940 2680 3002 2730 tu
3053 2691 3136 2743 es,
3189 2674 3434 2731 Domine
3497 2676 3648 2732 Deus

2005 2785 2193 2835 meus,
2227 2772 2423 2823 sancte
2484 2782 2652 2821 meus
2707 2765 2852 2836 (hac
2908 2768 3104 2819 autem
3162 2762 3421 2835 loquitur
3478 2762 3642 2820 blan-

2005 2858 2220 2914 dientis
2251 2863 2308 2911 et
2338 2854 2673 2928 panitentis
2704 2854 2956 2921 affectu),
2979 2851 3078 2925 qui
3117 2869 3151 2908 a
3196 2851 3481 2924 principio
3538 2870 3645 2909 nos

2006 2946 2261 3004 creasti?
2281 2946 2450 3017 cujus
2471 2942 2869 2999 misericordia
2899 2941 3204 3012 hucusque
3229 2940 3651 2997 subsistimus?

2006 3036 2131 3092 Non
2154 3039 2307 3091 enim
2331 3033 2584 3089 sciebam
2601 3035 2829 3087 tantum
2854 3047 3023 3102 posse
3039 3031 3399 3086 adversarios
3417 3034 3649 3086 nostros

2007 3143 2111 3181 nec
2143 3139 2413 3180 noveram
2437 3120 2991 3186 Nabuchodonosor,
3009 3117 3097 3174 vel
3119 3118 3419 3174 diabolum
3443 3117 3649 3174 mundi

247 3185 325 3241 de
337 3185 726 3258 qualoquitur
740 3189 1056 3260 Apostolus
1077 3205 1090 3243 :
1106 3191 1271 3245 Arma
1289 3192 1440 3246 enim
1452 3193 1896 3254 militiamstra

2009 3216 2206 3285 hujus,
2230 3217 2287 3269 et
2306 3214 2650 3267 cunctarum
2675 3208 2967 3280 accepisse
2992 3207 3255 3280 gentium
3277 3211 3648 3280 potestatem.

248 3290 367 3331 non
393 3277 649 3332 carnalia
676 3286 828 3343 sunt,
860 3277 953 3333 sed
979 3281 1221 3349 potentia
1252 3280 1360 3335 Deo
1387 3280 1461 3335 ad
1482 3281 1901 3342 destructionem

248 3365 653 3431 munitionum,
679 3366 1034 3434 cogitationes
1061 3367 1415 3434 destruentia,
1446 3374 1499 3425 et
1526 3387 1739 3428 omnem
1768 3376 1898 3430 alti-

251 3451 505 3507 tudinem
523 3453 826 3509 elevantem
839 3470 896 3509 se
923 3454 1181 3511 adversus
1207 3459 1493 3513 scientiam
1512 3460 1613 3515 Dei
1654 3462 1729 3532 (ll
1778 3464 1897 3518 Cor.

254 3556 313 3606 x,
343 3541 399 3611 4,
430 3540 510 3611 5).
541 3542 601 3596 Si
633 3558 761 3614 qua
791 3542 970 3614 igitur
1001 3544 1235 3619 fuerint,
1267 3545 1355 3601 vel
1386 3546 1445 3601 in
1506 3551 1900 3620 sermonibus,

253 3638 355 3709 qui
370 3639 1099 3711 promittuntaltitudinem
1113 3644 1641 3715 etmagnitudinem
1660 3664 1720 3702 se
1733 3646 1904 3703 babe-

253 3742 319 3782 re
338 3727 694 3784 contrariam
722 3730 973 3798 veritati,
1007 3733 1381 3800 munitiones,
1407 3733 1496 3788 vel
1529 3734 1587 3789 in
1610 3736 1770 3790 omni
1787 3736 1905 3808 glo-

256 3815 347 3871 ria
371 3820 544 3889 atque
573 3817 793 3874 divitiis
814 3823 872 3874 et
889 3820 1245 3891 fortitudine,
1274 3837 1401 3892 qua
1427 3821 1704 3878 laudatur
1721 3824 1781 3878 in
1805 3841 1905 3881 sa-

256 3903 413 3974 culo,
448 3906 647 3961 omnia
694 3906 1086 3976 destruantur,
1119 3914 1175 3965 et
1220 3926 1410 3966 sermo
1468 3912 1563 3967 Dei
1622 3912 1904 3971 universa

258 3992 574 4049 munitioni
608 3993 834 4051 illudet.
867 3997 935 4051 Et
965 3999 1157 4054 mittet
1185 4015 1476 4073 aggerem,
1512 4005 1569 4056 et
1625 4002 1908 4059 obtinebit

255 4097 389 4137 eam
424 4099 526 4153 per
554 4099 848 4156 aggerem,
875 4091 933 4141 et
962 4091 1193 4142 terrena
1224 4105 1354 4161 qua
1385 4089 1624 4161 profert,
1653 4108 1907 4164 arguens

256 4193 387 4234 eam
424 4178 755 4251 fragilitatis
770 4182 828 4236 in
843 4182 933 4237 his
948 4184 1164 4255 quibus
1181 4184 1291 4240 sibi
1316 4187 1622 4242 videbatur
1632 4189 1797 4259 prius
1808 4188 1908 4245 ali-

258 4266 402 4338 quid
427 4268 640 4324 habere
661 4270 1040 4327 fortitudinis.
1065 4272 1210 4328 Cum
1240 4278 1436 4331 autem
1468 4276 1577 4332 hoc
1609 4279 1783 4333 fuerit
1811 4294 1907 4334 ex-

257 4354 506 4427 pletum,
530 4361 666 4413 tunc
687 4358 928 4430 spiritus
942 4366 1393 4432 convertetur,et
1412 4381 1785 4437 nequaquam
1806 4384 1911 4439 pu-

259 4444 384 4500 niet
412 4449 477 4501 ut
499 4451 631 4502 ante
653 4447 945 4521 punierat,
979 4451 1080 4506 sed
1123 4453 1519 4522 pertransiens
1577 4459 1908 4526 peccatores

2008 3307 2303 3370 Quantum
2324 3299 2505 3372 igitur
2532 3298 2603 3353 ad
2623 3298 2773 3352 vires
2795 3297 2945 3367 ejus,
2970 3296 3168 3352 nullus
3191 3302 3457 3353 nostrum
3477 3295 3530 3353 ei
3552 3312 3654 3369 po-

2009 3399 2124 3449 test
2153 3390 2443 3446 resistere.
2467 3387 2764 3450 Quantum
2804 3390 3001 3440 autem
3059 3386 3128 3439 ad
3191 3384 3654 3442 misericordiam

2010 3483 2381 3547 tuam,tuum
2413 3481 2501 3530 est
2522 3490 2695 3530 omne
2716 3474 2870 3546 quod
2893 3472 3161 3539 vivimus,
3186 3474 3338 3544 quod
3361 3490 3475 3528 non
3499 3473 3572 3528 ab
3586 3489 3654 3529 eo

2013 3566 2297 3625 interfecti
2330 3581 2557 3634 sumus,
2590 3568 2647 3619 et
2677 3563 2748 3617 ad
2775 3562 2980 3618 mortis
3002 3577 3178 3633 opera
3219 3561 3506 3634 perducti.
3566 3561 3655 3616 Tu

2012 3658 2189 3728 enim,
2224 3653 2487 3718 Domine,
2522 3652 2593 3707 ad
2635 3650 3023 3721 judicandum
3077 3648 3327 3722 posuisti
3375 3665 3532 3712 eum,
3590 3653 3658 3704 ut

2014 3750 2137 3820 ipse
2159 3742 2536 3801 sitinimicus
2567 3745 2623 3795 et
2652 3738 2825 3805 ultor,
2860 3742 2917 3793 et
2941 3742 3005 3792 ut
3031 3754 3132 3809 per
3163 3736 3331 3792 illum
3372 3736 3656 3807 corripias

2014 3836 2372 3908 quicumque
2384 3826 2843 3902 peccaverittibi.
2869 3825 2979 3881 Sed
2994 3825 3134 3897 quia
3154 3825 3333 3881 semel
3355 3823 3656 3881 Chaldaos

2014 3940 2190 3997 super
2209 3919 2575 3978 damonibus
2589 3913 2950 3987 interpretati
2973 3919 3263 3984 sumus,et
3276 3912 3659 3969 Nabuchodo-

2015 4030 2191 4071 nosor
2222 4026 2398 4077 super
2427 4024 2561 4079 rege
2581 4021 2780 4061 eorum
2804 4003 3056 4075 diabolo,
3088 4003 3370 4059 debemus
3402 4001 3656 4074 descrip-

2014 4104 2229 4160 tionem
2264 4096 2480 4154 diaboli
2510 4101 2567 4151 et
2584 4094 2905 4167 potentiam
2935 4093 3062 4164 ejus
3092 4092 3342 4148 breviter
3371 4090 3657 4164 perstrin-

2015 4194 2243 4266 gere,ut
2254 4191 2414 4260 juste
2432 4184 2714 4258 propheta
2732 4183 2889 4238 dicat
2912 4200 2924 4236 :
2949 4183 3175 4237 Domine
3196 4183 3252 4237 in
3269 4181 3547 4252 judicium
3565 4196 3661 4252 po-

2014 4280 2180 4336 suisti
2209 4294 2354 4344 eum,
2385 4278 2436 4330 et
2462 4281 2658 4346 fortem
2688 4274 2748 4327 ut
2776 4273 3079 4342 corriperes
3101 4269 3350 4343 fundasti
3377 4270 3660 4326 eum.Sus-

2018 4370 2233 4426 citatur
2264 4366 2574 4420 adversum
2604 4358 2938 4416 incredulos
2968 4363 3026 4414 et
3053 4362 3481 4431 contemptores
3503 4357 3661 4413 natio

2019 4460 2373 4520 damonum,
2407 4468 2607 4508 amara
2635 4450 2707 4505 ad
2740 4450 3121 4521 puniendum,
3153 4451 3210 4502 et
3250 4446 3464 4518 ubique
3515 4461 3660 4516 pra-

258 4534 494 4625 rogabit
522 4551 624 4625 pro
656 4537 760 4606 eis,
792 4542 850 4593 et
881 4540 1277 4596 reconciliabit
1300 4558 1398 4597 eos
1431 4542 1677 4614 pristino
1719 4545 1908 4600 Domi-
1945 4560 1988 4625 ι)
2022 4540 2461 4603 sens.Ambulat
2481 4554 2715 4612 quoque
2737 4536 3094 4625 ubicumque
3113 4538 3405 4625 terrarum
3428 4538 3517 4588 est
3534 4531 3664 4625 lati-

259 4639 336 4678 no
361 4639 376 4677 :
401 4622 462 4677 in
494 4624 707 4695 quibus
753 4628 1029 4683 omnibus
1061 4630 1389 4685 ostenditur
1425 4632 1735 4701 fortitudo;
1784 4650 1911 4704 qua

262 4710 371 4779 [Αἰ.
435 4712 559 4784 qui]
617 4718 780 4770 tanta
854 4716 1179 4788 perfecerit,
1241 4717 1341 4774 Dei
1402 4719 1605 4775 nostri.
1665 4722 1911 4779 Cernitis

259 4815 443 4871 quam
466 4800 811 4875 confragosa
835 4803 963 4860 loca
982 4804 1121 4873 sint,
1144 4811 1199 4862 et
1228 4806 1471 4863 adversa
1492 4807 1747 4864 historia
1770 4811 1913 4865 veri-

260 4887 390 4944 tati.
419 4888 491 4945 Et
521 4894 813 4962 quomodo
845 4910 912 4948 ea
940 4910 1068 4966 qua
1099 4893 1423 4951 seCundum
1455 4895 1706 4953 litteram
1738 4915 1915 4971 super

262 4976 929 5053 Cbaldaisinterpretati
944 4985 1912 5061 sumus,nuncjuxtatropologiam

261 5075 576 5132 videantur
587 5094 795 5135 sonare
812 5080 1179 5137 clementiam
1194 5081 1585 5138 etlibertatem
1600 5100 1800 5139 eorum
1815 5084 1915 5157 qui

265 5163 340 5219 de
370 5164 770 5223 Cbaldaorum
806 5170 1083 5227 manibus
1112 5172 1419 5227 evaserint.
1440 5172 1693 5228 Historia
1712 5174 1915 5230 stricta

268 5255 381 5321 est,
411 5256 469 5308 et
498 5257 781 5327 evagandi
813 5275 926 5314 non
959 5259 1135 5315 habet
1164 5259 1521 5316 facultatem.
1567 5262 1917 5335 Tropologia

265 5339 537 5408 libera,et
556 5343 648 5400 bis
669 5349 898 5403 tantum
921 5346 1148 5420 legibus
1169 5348 1629 5421 circumscripta,
1646 5354 1712 5405 ut
1733 5350 1915 5423 pieta-

341 5500 417 5572 (a)
442 5502 605 5573 Legit
620 5503 863 5579 _Victor.,_
890 5507 1420 5579 factusfestangetis
1467 5506 1915 5579 ludibriumLin

271 5588 595 5650 quamurem
619 5574 1040 5650 laudatlocum
1072 5578 1203 5634 Jobi
1235 5574 1323 5650 xi,
1366 5579 1689 5650 secundum
1744 5574 1913 5650 LXX,

267 5637 415 5700 {061’
445 5637 584 5701 ἔστιν
617 5646 760 5729 ἀρχή
793 5644 1115 5727 πλάσματος
1141 5637 1332 5733 nuptae
1361 5637 1910 5739 πεποιημένοςὶγκαέ

2018 4637 2181 4700 tudo,
2216 4637 2280 4687 ut
2312 4629 2608 4704 possideat
2625 4625 2917 4692 homines,
2937 4624 2997 4679 in
3027 4622 3243 4694 quibus
3272 4620 3536 4677 Christus
3557 4619 3661 4675 ha-

2020 4725 2205 4780 bitare
2236 4721 2536 4776 debuerat.
2570 4712 2877 4769 Horribilis
2907 4716 3081 4782 atque
3111 4708 3391 4766 terribilis
3449 4713 3558 4774 est,
3607 4712 3665 4764 et

2019 4808 2257 4868 difficile
2288 4807 2360 4863 ab
2392 4805 2585 4876 aliquo
2618 4800 2880 4873 superari
2914 4803 3122 4872 potest,
3157 4814 3259 4854 nec
3290 4801 3423 4853 ante
3446 4795 3663 4868 frangi-

2020 4905 2135 4966 tur,
2170 4897 2283 4952 nisi
2305 4911 2441 4950 cum
2463 4890 2868 4964 magnitudine
2899 4892 3268 4961 peccatorum
3291 4890 3349 4942 et
3386 4882 3663 4956 iniquita-

2022 4987 2096 5044 tis
2119 5003 2236 5042 sua
2250 4984 2502 5057 pondere
2524 4982 2877 5054 pragravata
2897 4978 2966 5033 ad
2987 4975 3555 5033 consummationem
3575 4988 3666 5029 ve-

2022 5076 2191 5132 nerit.
2223 5073 2372 5145 Equi
2404 5073 2533 5141 ejus
2561 5074 2619 5124 et
2648 5068 2874 5140 equites
2895 5066 2953 5121 in
2986 5064 3435 5121 similitudinem
3457 5061 3666 5135 pardo-

2023 5182 2154 5220 rum
2186 5167 2243 5218 et
2268 5162 2539 5232 luporum
2559 5172 2790 5229 semper
2810 5155 3157 5227 sanguinem
3180 5152 3396 5221 sitient,
3430 5156 3486 5207 et
3514 5149 3667 5207 desi-

2023 5254 2312 5309 derabunt
2343 5249 2589 5322 pradas,
2621 5243 2985 5302 simulabant
3016 5241 3363 5313 absentiam,
3412 5244 3469 5295 et
3524 5240 3666 5295 dum

2023 5359 2139 5399 non
2171 5343 2501 5414 sperantur,
2546 5335 2659 5391 cito
2718 5334 2789 5389 de
2837 5330 3008 5405 longe
3061 5330 3314 5387 venient.
3371 5327 3669 5385 Volabunt

2021 5501 2335 5571 ταπὲζεσθαι
2366 5496 2470 5552 ὑπὸ
2490 5498 2596 5549 τῶν
2630 5489 2902 5571 ἀγγέλων.
2938 5492 3321 5571 Moaparvuto
3336 5506 3406 5547 ex
3433 5487 3665 5565 Regina

2027 5594 2135 5633 ms.
2170 5563 2272 5650 pro
2304 5587 2419 5646 quo
2448 5572 2571 5628 erat
2595 5563 2917 5642 paruulum,
2950 5563 3336 5623 restituimus.
