4022 6192
413 221 570 287 1283

415 449 564 503 inter
585 447 777 501 sidera
803 443 930 498 caeli
951 443 1158 498 nidum
1183 459 1377 513 suum,
1402 447 1458 498 et
1480 459 1708 514 semper
1728 442 1966 498 festinat
1989 443 2059 497 ad

414 534 690 608 praedam.
727 534 794 587 Et
823 533 882 587 in
916 531 1210 588 Ezechiele
1260 532 1369 586 sub
1435 531 1620 603 figura
1677 531 2063 586 Nabuchodo-

413 639 590 677 nosor
618 628 674 677 et
697 623 850 695 regis
886 621 1133 694 lEgyptii
1167 637 1345 693 super
1400 619 1629 675 diabolo
1689 620 2058 675 describitur.

397 712 559 766 ‘60]
607 709 817 766 Nullus
878 714 967 766 est
1021 711 1352 764 damonum
1401 707 1501 779 qui
1559 713 1794 779 parcat:
1857 723 2061 762 omnes

413 801 484 854 ad
519 799 774 871 pradam
838 797 1029 853 festini
1090 798 1363 852 venient:
1421 801 1553 851 ante
1609 796 1814 850 faciem
1858 812 2059 851 eorum

412 893 622 944 ventus
655 903 831 942 urens
858 905 869 942 :
895 885 1179 958 quidquid
1213 885 1563 956 aspexerint,
1598 885 1883 955 quidquid
1934 883 2058 939 vul-

415 977 501 1032 tui
520 993 723 1032 eorum
749 977 982 1031 obvium
1007 975 1198 1040 fuerit,
1224 991 1389 1028 urere
1413 974 1831 1028 desiderabunt
1857 978 1912 1028 et
1937 989 2059 1043 per-

412 1067 566 1121 dere.
595 1070 714 1120 Rex
744 1070 938 1119 autem
971 1063 1415 1135 potentissimus
1438 1062 1547 1117 erit
1576 1062 1635 1116 in
1660 1062 1849 1116 medio
1873 1062 2060 1132 capti-

410 1170 636 1219 vorum,
671 1158 728 1209 et
756 1169 954 1208 eorum
989 1168 1302 1207 numerum
1335 1151 1504 1223 quasi
1536 1167 1772 1206 arenam
1816 1150 1996 1205 maris
2027 1167 2061 1206 a

412 1243 764 1299 satellitibus
785 1242 910 1297 suis
934 1241 1068 1296 hinc
1091 1241 1225 1295 inde
1242 1240 1542 1311 suscipiet,
1575 1244 1633 1294 et
1663 1239 1787 1312 ipse
1810 1240 1879 1294 de
1909 1239 2057 1310 regi-

413 1332 523 1387 bus
552 1329 1032 1401 triumphabit.et
1052 1328 1285 1401 tyranni
1310 1328 1542 1384 ridiculi
1566 1329 1694 1400 ejus
1716 1327 2058 1384 erunt.Mul-

413 1425 501 1474 tos
523 1419 678 1474 enim
702 1423 934 1475 sanctos
957 1435 1066 1474 sua
1088 1418 1561 1490 supplantatione
1593 1417 1859 1488 decipiet,
1884 1421 1939 1472 et
1960 1432 2057 1472 eos

412 1508 513 1579 qui
547 1507 658 1563 sibi
695 1507 1050 1562 videbantur
1108 1506 1524 1578 potentissimi,
1577 1511 1632 1560 et
1687 1505 2059 1577 tyrannidem

410 1612 673 1652 exercere
705 1601 906 1651 contra
927 1596 1244 1665 daemones,
1269 1599 1325 1649 et
1343 1595 1549 1665 ejicere
1573 1594 1702 1650 illos
1747 1596 1816 1649 de
1855 1610 2058 1665 corpo-

408 1684 572 1740 ribus
591 1685 870 1755 obsessis,
887 1684 1160 1755 subjiciet
1177 1683 1443 1738 servituti
1464 1701 1604 1749 suae,
1631 1688 1688 1738 et
1711 1683 1853 1738 risui
1876 1683 2058 1754 depu-

407 1773 574 1828 tabit.
609 1778 736 1845 Ipse
751 1790 884 1828 vero
910 1773 1290 1842 fortissimus,
1320 1777 1519 1827 coacta
1546 1788 1746 1838 manu,
1775 1776 1832 1826 et
1860 1770 2056 1842 perdi-

407 1867 602 1917 torum
627 1862 878 1918 exercitu
903 1865 1274 1934 congregato,
1310 1860 1380 1914 de
1410 1858 1568 1914 omni
1600 1859 1926 1914 munitione
1979 1858 2054 1913 ri-

409 1951 589 2017 debit,
623 1955 680 2006 et
709 1949 996 2021 quidquid
1049 1950 1193 2003 forle
1245 1948 1438 2012 fuerit,
1500 1949 1721 2002 nitetur
1777 1952 2052 2003 evertere.

408 2038 806 2110 Comportabit
823 2038 979 2094 enim
1002 2052 1297 2109 aggerem,
1312 2037 1367 2090 id
1387 2041 1495 2106 est,
1515 2036 1904 2091 circumdabit
1925 2053 2055 2108 ope-

407 2144 472 2182 ra
500 2131 730 2182 terrena
749 2143 762 2181 :
779 2130 1152 2182 etcumterra
1169 2126 1339 2180 fuerit
1359 2125 1433 2195 (a)
1459 2130 1716 2197 aggesta,
1743 2125 1908 2180 facile
1931 2141 2055 2180 om-

408 2231 541 2270 nem
565 2215 756 2287 capiet
783 2213 1190 2269 munitionem.
1218 2213 1353 2268 Post
1382 2219 1605 2268 tantam
1637 2217 1833 2269 autem
1876 2213 2056 2268 victo-

410 2304 558 2358 riam
584 2303 908 2358 mutabitur
925 2302 1168 2374 spiritus
1200 2303 1328 2373 ejus
1359 2307 1415 2357 et
1446 2302 1820 2373 perlransibit
1841 2319 1905 2358 os
1927 2304 2055 2373 ejus

408 2407 594 2462 usque
624 2392 694 2446 ad
731 2391 961 2456 coelum,
989 2395 1045 2446 et
1079 2392 1258 2446 Deum
1291 2407 1353 2446 se
1384 2391 1620 2459 faciens,
1647 2390 2057 2463 blasphemare

405 2479 981 2551 incipietCreatorem
999 2496 1196 2535 suum.
1214 2481 1374 2545 Quod
1412 2497 1544 2534 cum
1569 2480 1788 2548 fecerit,
1805 2484 2053 2548 corruet,

407 2573 466 2622 et
497 2568 666 2622 ruina
699 2569 827 2639 ejus
858 2569 1144 2634 ostendet,
1175 2586 1348 2640 quam
1385 2567 1549 2624 fortis
1581 2569 1851 2624 divinitas
1893 2569 2055 2624 illius

412 2656 671 2724 fuerit,et
690 2656 976 2712 idolorum
993 2656 1291 2713 simulatio
1310 2657 1418 2711 sub
1432 2674 1681 2728 quorum
1698 2658 2056 2730 imaginibus

411 2761 517 2800 suo
545 2744 728 2800 cultui
761 2745 1030 2800 homines
1055 2745 1433 2817 subjugabat.
1455 2745 1715 2800 Audiens
1737 2745 1918 2817 igitur
1935 2744 2055 2798 haec

413 2833 695 2904 propheta
726 2834 880 2904 quod
903 2832 1375 2904 tantustalisque
1399 2834 1473 2888 sit
1504 2849 1603 2888 rex
1633 2833 2054 2904 mundihujus,

413 2926 480 2976 ut
510 2926 822 2993 congreget
854 2921 1246 2992 captivitatem
1281 2921 1447 2992 quasi
1473 2938 1708 2976 arenam
1743 2921 1942 2991 maris,
2002 2925 2058 2975 et

409 3009 736 3082 triumphet
763 3010 834 3064 de
864 3009 1134 3080 regibus;
1165 3013 1222 3064 et
1253 3009 1481 3080 tyranni
1512 3008 1743 3064 ridiculi
1765 3011 1890 3079 ejus
1920 3009 2056 3078 sint,

1681 221 1747 282 S.
1797 219 2106 284 EUSEBII
2151 216 2590 284 HIERONYMI
2652 223 2666 232 ’

415 358 581 432 quasi
617 357 830 428 aliqua,
866 370 990 427 qum
1023 352 1284 410 exaltans
1317 356 1604 420 volatum,
1667 369 1880 425 ponere
1935 354 2058 408 vult
2085 357 2140 421 Α

3597 223 3714 288 HM

2240 355 2422 426 (Vers.
2465 356 2546 419 13,
2582 355 2692 425 li.)
2724 354 2924 412 Mundi
2967 356 3090 410 sunt
3149 354 3288 410 oculi
3335 356 3427 424 tui,
3474 370 3535 408 ne
3572 357 3715 413 videas

2173 443 2284 511 [ΑΙ.
2317 443 2559 515 videant]
2587 442 2823 514 malum,
2853 448 2909 498 et
2936 445 3202 512 respicere
3230 441 3300 498 ad
3327 444 3625 514 iniquitatem
3640 462 3716 501 non

2168 535 2392 602 poteris.
2429 535 2606 601 Quare
2631 549 2744 588 non
2776 535 3003 603 respicis
3031 549 3191 604 super
3217 534 3404 603 iniqua
3448 541 3643 602 agentes,
3679 541 3716 590 et

2172 627 2311 674 taces
2335 621 2624 676 devorante
2655 622 2822 692 impio
2844 621 3132 692 justiorem
3159 635 3214 675 se
3235 639 3251 672 :
3280 628 3327 674 et
3341 620 3490 689 facies
3535 621 3718 676 homines

2170 711 2330 778 quasi
2353 711 2524 781 pisces
2554 711 2746 776 maris,
2766 713 2816 763 et
2845 711 3002 780 quasi
3026 709 3215 780 reptile
3243 723 3344 763 non
3367 707 3545 762 habens
3564 710 3719 778 princi-

2166 814 2289 869 pem
2309 801 2334 850 ?
2370 798 2544 852 LXX:
2574 798 2815 852 Mundus
2846 798 3052 862 oculus,
3084 812 3154 851 ne
3180 796 3353 852 videat
3377 797 3719 868 mala:etaspi-

2170 902 2293 940 cere
2309 902 2470 957 super
2497 887 2738 940 dolorem
2762 879 2872 941 non.
2888 887 3110 957 poteris.
3141 885 3315 952 Quare
3335 885 3349 955 (
3357 885 3405 954 b)
3425 887 3596 956 aspicis
3607 902 3723 955 super

2169 975 2787 1044 contemptores,tacebis
2799 990 2924 1028 cum
2939 974 3279 1028 devoraverit
3301 975 3487 1044 impius
3501 974 3722 1044 justiorem

2167 1077 2224 1116 se
2243 1061 2270 1115 ‘I
2292 1063 2356 1115 Et
2368 1062 2536 1132 facies
2559 1063 2806 1117 homines
2835 1063 2996 1133 quasi
3022 1063 3190 1132 pisces
3209 1063 3393 1127 maris,
3405 1067 3452 1117 et
3480 1064 3614 1133 quasi
3634 1078 3724 1133 rep-

2169 1149 2295 1204 tilia
2313 1165 2423 1204 non
2454 1149 2719 1205 habentia
2747 1150 2955 1205 ducem.
2990 1150 3129 1204 Tale
3153 1151 3289 1221 quid
3314 1154 3367 1204 et
3412 1149 3650 1204 Jeremias
3674 1151 3723 1204 ad

2167 1237 2350 1292 Deum
2383 1236 2679 1309 loquitur:
2706 1243 2898 1295 Justus
2917 1256 2991 1306 es,
3017 1239 3264 1304 Domine,
3286 1236 3726 1307 conﬁteamini-um-

2167 1317 2350 1382 tamen
2372 1327 2588 1398 judicia
2619 1328 2813 1399 loquar
2839 1327 2909 1382 ad
2940 1337 2989 1383 te
3008 1346 3026 1382 :
3061 1329 3205 1396 Quid
3236 1328 3465 1398 estquod
3484 1329 3563 1382 via
3582 1329 3727 1398 impio-

2166 1432 2286 1469 rum
2298 1420 2618 1486 prosperatu
2627 1416 2749 1487 r,(c)
2763 1416 3046 1472 abundant
3065 1432 3252 1472 omnes
3272 1420 3362 1488 qui
3368 1416 3730 1488 praevaricantur

2167 1507 2221 1557 et
2244 1503 2572 1574 delinquunt
2591 1508 2616 1557 ?
2643 1505 2922 1559 Plantasti
2949 1521 3035 1560 eos
3065 1513 3116 1560 et
3145 1504 3391 1560 radicati
3417 1507 3544 1570 sunt,
3580 1519 3728 1571 genue-

2170 1597 2300 1647 runt
2328 1593 2364 1662 ﬁ
2372 1593 2492 1662 tios,
2513 1601 2563 1648 et
2583 1595 2832 1663 fecerunt
2851 1596 3126 1663 fructum:
3148 1609 3310 1665 prope
3333 1610 3389 1648 es
3408 1597 3463 1647 tu
3482 1593 3556 1646 ori
3568 1607 3726 1655 eorum,

2167 1684 2219 1735 et
2249 1683 2404 1751 longe
2424 1699 2457 1737 α
2489 1683 2711 1737 renibus
2739 1698 2929 1737 eorum
2948 1683 3203 1749 (Jer.xn,
3241 1684 3288 1749 l,
3319 1683 3542 1754 2).Ergo
3563 1685 3609 1736 et
3625 1681 3728 1734 Aba-

2168 1785 2274 1824 cuc
2302 1769 2360 1822 in
2395 1771 2596 1825 eadem
2624 1770 2948 1825 sententia:
2981 1771 3176 1824 Mundi
3205 1778 3346 1834 sunt,
3376 1769 3566 1840 inquit,
3595 1769 3727 1822 Domi-

2165 1874 2254 1924 ne,
2281 1857 2434 1912 ocuii
2461 1860 2584 1919 tui;
2613 1863 2670 1913 et
2699 1858 2816 1913 scio
2839 1859 3117 1929 quoniam
3152 1858 3371 1913 malum
3399 1858 3730 1927 injustumque

2167 1963 2282 2001 non
2316 1946 2564 2002 libenter
2589 1947 2858 2019 aspicias,
2893 1963 2998 2002 nec
3019 1951 3212 2018 potest
3241 1947 3532 2018 quisquam
3560 1945 3617 1999 de
3658 1949 3730 1998 tua

2167 2035 2436 2103 dubitare
2459 2035 2712 2106 justitia.
2746 2039 3166 2091 Verumtamen
3199 2053 3303 2091 cur
3328 2034 3524 2107 pateris
3551 2031 3730 2104 Babylo-

2168 2124 2295 2179 nios
2327 2128 2490 2180 tanta
2521 2125 3111 2195 crudelitatejactari,
3135 2128 3193 2180 et
3221 2125 3293 2180 ab
3315 2121 3730 2195 impioNabucho-

2166 2214 2418 2269 donosor
2438 2215 2670 2284 justum
2702 2213 2953 2285 opprimi
2991 2213 3168 2269 Israel
3200 2230 3211 2268 :
3249 2230 3359 2268 non
3381 2213 3519 2284 quod
3543 2211 3731 2282 perfecte

2159 2304 2361 2373 justus
2391 2302 2466 2356 sit
2497 2302 2601 2372 [Αι.
2639 2302 2926 2374 perfectus
2966 2302 3064 2372 sit]
3124 2303 3227 2373 qui
3283 2299 3615 2374 opprimitur,
3659 2296 3730 2352 sed

2167 2392 2319 2461 quod
2335 2391 2700 2462 opprimente
2713 2392 3000 2463 sejustior
3015 2391 3195 2447 sit.Et
3206 2390 3485 2463 quomodo
3498 2385 3732 2460 piscesqui

2168 2497 2282 2534 non
2311 2479 2528 2534 habent
2549 2479 2898 2551 principem,
2932 2485 2989 2535 et
3016 2477 3436 2535 irrationabilia
3454 2477 3736 2548 jumenta,et

2167 2566 2481 2622 multitudo
2515 2567 2808 2639 reptilium
2841 2567 3063 2639 absque
3107 2566 3480 2639 providentia,
3533 2565 3736 2634 subjacet

2167 2655 2412 2723 fortiori,
2445 2661 2501 2711 et
2531 2657 2886 2727 quicumque
2917 2656 3048 2729 plus
3071 2656 3322 2713 valuerit
3348 2655 3566 2724 viribus,
3593 2651 3733 2707 domi-

2167 2750 2340 2799 natur
2369 2744 2427 2800 in
2461 2744 2743 2800 alterum:
2779 2746 3029 2801 sicinter
3063 2746 3355 2811 homines,
3385 2742 3579 2800 animal
3607 2739 3733 2796 ratio-

2168 2833 2316 2900 nale,
2342 2841 2395 2888 et
2421 2834 2492 2888 ad
2522 2833 2970 2888 similitudinem
2993 2839 3159 2889 tuam
3182 2835 3493 2902 conditum,
3514 2847 3610 2886 non
3627 2827 3734 2883 vale-

2167 2922 2254 2977 bit
2285 2923 2452 2992 ratio,
2488 2939 2603 2978 non
2635 2923 2875 2988 merita;
2911 2923 3013 2978 sed
3035 2923 3190 2979 vires
3221 2922 3488 2995 corporis,
3539 2924 3587 2976 et
3628 2919 3732 2972 irra-

2168 3010 2466 3066 tionabilis
2483 3011 2783 3066 fortitudo.
2803 3011 2862 3065 Si
2879 3016 3075 3066 autem
3091 3011 3448 3067 voluerimus
3464 3006 3736 3082 generaliter

411 3104 468 3152 et
492 3099 564 3152 de
595 3097 755 3152 omni
779 3097 1106 3152 munitione
1137 3097 1344 3163 rideat,
1368 3101 1426 3152 et
1457 3103 1778 3168 comportat
1802 3099 2056 3170 primum
2088 3083 2130 3149 C
2171 3099 2514 3171 intelligere,
2549 3116 2724 3171 super
2755 3099 3138 3171 providentia,
3165 3104 3452 3172 qumrente
3481 3095 3731 3170 prepheta:

411 3201 706 3258 aggerem,
741 3190 798 3240 et
829 3190 1030 3257 postea
1058 3185 1249 3256 capiat
1273 3202 1399 3241 eam
1427 3203 1439 3252 ;
1473 3191 1529 3240 et
1557 3189 1728 3240 tantae
1769 3189 2054 3259 superbia

415 3274 513 3340 sit,
547 3277 611 3328 ut
641 3278 841 3330 contra
870 3277 1196 3329 Creatorem
1217 3291 1389 3329 suum
1411 3276 1622 3330 audeat
1650 3275 1942 3345 resistere,
2001 3283 2059 3332 et

412 3377 474 3417 se
507 3362 693 3416 facere
723 3361 889 3433 quasi
923 3363 1118 3428 deum,
1153 3363 1250 3434 qui
1286 3363 1448 3434 prius
1478 3363 1756 3418 audacter
1778 3363 2051 3435 loqueba-

411 3455 508 3506 tur
537 3451 608 3506 ad
640 3450 989 3518 Dominum;
1013 3454 1068 3506 et
1091 3467 1173 3521 se,
1196 3451 1282 3505 vel
1306 3468 1480 3506 suum
1508 3451 1937 3524 pepulum,sive
1959 3471 2058 3510 eos

411 3556 480 3595 ex
510 3555 760 3610 quorum
793 3555 1042 3610 persona
1073 3540 1446 3610 querebatur,
1474 3541 1666 3610 justos
1687 3559 1815 3597 esse
1837 3559 2054 3598 memo-

412 3632 570 3683 rarat
594 3645 606 3684 :
634 3643 789 3683 nunc
811 3628 869 3682 in
895 3627 1429 3683 blandimentorum
1457 3630 1632 3684 verba
1654 3631 1982 3702 prorumpit
2001 3636 2060 3686 et

413 3717 532 3772 ait:
568 3717 789 3788 Ergone
819 3721 881 3771 tu
914 3733 947 3771 a
977 3717 1267 3788 principio
1304 3734 1386 3784 es,
1411 3717 1656 3773 Domine
1686 3719 1837 3773 Deus
1869 3736 2056 3787 meus,

413 3810 611 3862 sancte
643 3823 810 3862 meus
839 3809 861 3860 Ξ)
889 3806 1164 3877 quodque
1189 3823 1302 3861 non
1329 3807 1633 3874 morimur,
1666 3824 1770 3862 nec
1793 3808 2061 3880 capimur

410 3911 448 3950 a
475 3899 636 3950 tanto
671 3895 858 3966 hoste,
893 3902 1004 3949 tum
1038 3895 1355 3950 clementiae
1387 3901 1495 3950 est.
1527 3896 1611 3949 Tu
1635 3897 2061 3963 enim,Domine

414 3982 772 4039 constituisti
803 3999 934 4037 eum
957 3983 1124 4052 quasi
1157 3983 1484 4038 carnificem
1515 4001 1528 4051 ;
1557 3988 1612 4038 et
1644 3985 1849 4039 fortem
1878 3985 2062 4040 fecisti

416 4070 660 4138 eum,ita
683 4073 749 4123 ut
778 4069 1089 4124 autnullus
1113 4074 1210 4124 aut
1242 4087 1410 4124 rarus
1440 4071 1568 4140 ejus
1587 4073 1772 4142 possit
1794 4071 2063 4128 resistere

419 4157 720 4212 fortudini.
746 4161 924 4212 Porro
947 4159 1270 4212 secundum
1291 4158 1429 4212 LXX
1444 4158 1550 4213 hoc
1571 4160 1726 4229 quod
1754 4160 1810 4214 in
1836 4162 1948 4217 fine
1975 4161 2064 4217 di-

421 4244 603 4300 citur:
630 4246 784 4302 602
808 4248 883 4300 Et
907 4246 1204 4316 plasmauit
1221 4262 1324 4312 me,
1356 4255 1415 4301 ut
1444 4263 1730 4315 arguerem
1782 4251 1840 4304 in
1895 4250 2061 4306 disci-

415 4333 573 4404 plina
605 4334 744 4404 ejus,
772 4334 840 4388 ad
876 4350 1183 4406 personam
1209 4333 1503 4406 propheta:
1536 4336 1734 4390 referri
1770 4342 1976 4408 potest,
2005 4344 2068 4394 ut

2167 3188 2281 3243 Cur
2303 3189 2456 3243 603
2477 3188 2748 3243 diabolus
2771 3193 3001 3243 tantum
3022 3188 3213 3244 valeat
3235 3189 3294 3244 in
3317 3187 3580 3256 saeculo,et
3603 3181 3733 3237 domi-

2167 3284 2342 3331 nante
2378 3279 2487 3332 Deo
2517 3277 2662 3332 alter
2712 3282 2940 3332 exercet
2995 3277 3414 3349 tyrannidem?
3467 3268 3731 3330 Istiusmodi

2167 3382 2377 3420 sensus
2406 3365 2534 3434 erit,
2569 3370 2624 3420 et
2653 3382 2787 3420 cum
2819 3365 3222 3438 superioribus
3244 3367 3363 3421 haec
3382 3360 3731 3436 expositiojun-

2167 3459 2374 3527 getur:
2408 3455 2569 3522 Novi,
2622 3454 2862 3510 Demine
2919 3457 3069 3510 Deus
3119 3473 3308 3523 meus,
3368 3458 3547 3510 sancte
3595 3461 3731 3509 meus,

2167 3543 2326 3614 quia,
2348 3548 2403 3598 te
2436 3543 2773 3615 providente
2796 3547 2852 3598 et
2881 3544 3254 3609 defendente,
3276 3561 3386 3599 non
3412 3540 3674 3601 morimur;
3691 3538 3733 3587 et

2169 3633 2289 3687 scio
2321 3633 2459 3704 quia
2489 3637 2794 3704 propterea
2826 3632 3072 3704 posuisti
3115 3632 3522 3697 adversarium,
3551 3631 3599 3682 ut
3634 3623 3727 3694 ipso

2168 3721 2336 3792 quasi
2371 3720 2660 3786 carniﬁce,
2695 3721 3018 3791 corriperes
3043 3724 3100 3775 et
3132 3737 3249 3775 non
3272 3719 3542 3776 occideres
3581 3725 3732 3785 pecca-

2167 3808 2498 3864 tores.Novi
2523 3807 2815 3880 quianihil
2834 3808 2938 3863 tibi
2959 3807 3188 3880 placeat
3216 3809 3512 3879 injustam,
3539 3808 3585 3860 et
3621 3794 3731 3855 oculi

2169 3897 2255 3952 tui
2285 3897 2358 3952 ab
2389 3897 2548 3952 omni
2573 3897 2880 3968 iniquitate
2910 3896 3029 3954 sint
3060 3897 3216 3967 puri,
3252 3913 3355 3952 nec
3383 3895 3555 3950 videre
3594 3885 3734 3961 possis

2169 3986 2399 4042 dolores
2431 4001 2653 4052 eorum,
2689 3985 2788 4057 qui
2817 3985 3120 4055 injustitim
3143 3991 3284 4041 sunt
3303 3978 3738 4055 subjecti.Verum-

2168 4079 2368 4130 tamen
2398 4090 2639 4129 causam
2669 4075 2924 4129 invenire
2957 4090 3071 4128 non
3109 4090 3371 4145 possum,
3397 4088 3492 4128 cur
3515 4065 3631 4124 Abel
3648 4065 3737 4133 jus-

2172 4169 2299 4218 tum
2322 4163 2457 4217 Cain
2481 4163 2706 4218 occidat
2725 4163 2979 4233 injustus
3003 4163 3218 4233 (Genes.
3254 4163 3352 4233 ιν),
3374 4165 3428 4216 et
3454 4151 3742 4213 taceas?Cur

2182 4251 2448 4308 saeviente
2480 4254 2622 4318 ceto,
2656 4255 2711 4306 et
2741 4251 2938 4306 omnia
2969 4251 3304 4316 devorante,
3330 4266 3438 4305 non
3460 4245 3625 4302 solum
3664 4236 3744 4291 mi-

2173 4357 2345 4396 nores
2375 4339 2660 4412 pisciculi,
2693 4339 2792 4395 sed
2819 4340 2942 4411 ipse
2965 4356 3200 4411 quoque
3233 4345 3369 4394 tuus
3400 4336 3660 4392 devoretur
3674 4324 3742 4380 Jo-

421 4422 499 4478 sit
530 4439 738 4506 sensus
767 4440 779 4478 :
815 4426 1151 4496 Ego‘autem
1186 4427 1489 4494 propterea
1511 4423 1830 4496 inspiratus
1853 4444 1985 4482 sum
2007 4428 2066 4483 in
2097 4451 2143 4514 Ι)
2175 4447 2280 4484 nas
2314 4430 2486 4500 (Jonas
2519 4429 2629 4498 11)?
2653 4429 2841 4492 Quare
2864 4429 3083 4499 impius
3113 4428 3313 4494 vincit,
3355 4431 3410 4481 et
3440 4423 3617 4497 justus
3657 4415 3740 4508 vin.-

420 4503 786 4583 prophetam,
819 4517 882 4566 ut
913 4528 1155 4584 arguam
1177 4511 1602 4583 delinquentes,
1629 4522 1684 4568 et
1702 4515 1940 4570 doceam
1966 4523 2069 4572 Do-

422 4599 563 4654 mini
597 4599 995 4670 disciplinam.
1031 4599 1278 4662 Quidam
1310 4601 1381 4655 de
1414 4601 1532 4672 [Αἰ.
1568 4603 1619 4672 a]
1659 4604 1897 4660 Domino
1955 4605 2070 4660 dici

422 4692 651 4759 putant,
676 4688 832 4760 quia
858 4688 1022 4743 Patre
1045 4687 1262 4743 idcirco
1297 4687 1627 4760 plasmatus
1660 4692 1752 4760 sit,
1781 4699 1837 4747 et
1860 4711 2070 4766 corpus

423 4777 832 4848 assumpserit,
857 4782 919 4831 ut
938 4776 1202 4832 doctrina
1225 4777 1320 4832 Dei
1341 4778 1530 4833 Patris
1543 4779 1810 4856 homines
1823 4783 2068 4838 erudiat.

423 4865 532 4921 Sed
566 4866 674 4921 hoc
708 4882 883 4937 quam
917 4866 1210 4921 discordet
1240 4883 1273 4921 a
1304 4869 1572 4922 contextu
1608 4870 1997 4940 superiorum,
2018 4876 2074 4926 et

419 4954 601 5009 totius
633 4953 742 5009 loci
774 4954 1154 5021 continentia,
1188 4971 1301 5009 non
1328 4959 1448 5010 tam
1509 4955 1623 5010 mei
1680 4958 1787 5013 erit
1837 4959 2069 5029 judicii,

424 5059 604 5115 quam
637 5042 892 5099 lectoris.

498 5239 574 5311 (a)
607 5239 771 5295 Haud
796 5239 938 5297 bene
969 5241 1234 5298 Martian.
1260 5240 1480 5368 legerat
1509 5248 1789 5314 aggrvata.

498 5313 573 5368 (b)
594 5313 994 5368 Exnunximus
1013 5312 1105 5368 hic
1121 5330 1308 5368 negan
1359 5315 1789 5368 inarticulam.a

495 5313 573 5388 _(_b)
594 5313 994 5388 EXpunximus
1013 5312 1105 5368 hic
1121 5312 1370 5388 negandi
1389 5312 1939 5388 particulam,quam
1961 5317 2078 5374 edi-

428 5382 469 5461 ti
487 5381 651 5461 ,libri_
672 5381 963 5461 contrarjo
991 5401 1164 5441 sensu
1187 5381 1544 5461 interserunt
1569 5403 1580 5439 :
1625 5381 1971 5461 “mss'vero,
1989 5390 2075 5461 ip-

428 5454 1112 5527 sequejgnoratGraecus
1137 5461 1324 5512 textus
1357 5455 1494 5509 ἰνατί
1525 5451 1862 5527 ὲπιϐλέπεις,
1889 5451 1976 5516 vel
2000 5451 2077 5522 ἑὶς

428 5469 490 5508 se
535 5470 607 5508 ue
637 5469 1112 5525 ignoraturaacus
1137 5469 1324 5512 textus
1359 5469 1494 5509 ἱνατὲ
1527 5469 1862 5527 επιωιεπεις,
1889 5469 1976 5516 vel
2000 5469 2074 5522 εἱς

427 5469 858 5590 τίῖπιϐλὲπειςε
893 5528 1069 5598 Quare
1098 5529 1319 5603 aspicis,
1354 5533 1462 5586 etc.
1496 5529 1681 5586 Abest
1710 5548 1944 5606 quoque
2003 5532 2074 5590 ab

2179 4498 2372 4573 citur?
2404 4517 2484 4572 Ne
2517 4517 2624 4572 hoc
2651 4517 2778 4572 dico
2811 4498 2968 4588 quod
2993 4516 3252 4571 noverim
3287 4498 3747 4587 quemquamjusti-

2180 4606 2340 4661 ﬁcari
2371 4606 2428 4660 in
2467 4609 2781 4677 conspectu
2812 4587 2933 4673 tuo,
2967 4609 3023 4660 et
3050 4604 3277 4676 absque
3298 4606 3522 4675 peccato
3551 4609 3670 4656 esse,
3695 4587 3747 4677 tt

2181 4695 2454 4750 humanae
2471 4675 2806 4765 fragilitatis
2819 4692 3060 4764 ignarus
3073 4675 3216 4759 simi;
3234 4692 3335 4748 sed
3349 4685 3612 4761 quomodo
3623 4675 3750 4736 Sodo-

2184 4799 2280 4838 ma
2309 4788 2366 4837 et
2408 4781 2732 4836 Gomorrha
2785 4780 3221 4852 comparatione
3271 4776 3574 4834 Jerusalem
3619 4766 3746 4839 jus“?

2183 4877 2341 4928 sunt.
2364 4877 2429 4925 Et
2444 4869 2820 4926 Publicamus
2850 4869 2910 4923 in
2933 4867 3249 4940 Evangelia
3273 4862 3533 4922 Pharisaei
3555 4852 3748 4913 collatio-

2185 4975 2256 5016 ne
2289 4959 2594 5031 ﬁtjustior
2614 4959 2764 5031 (Luc.
2797 4959 2960 5028 xvm)
2986 4975 2999 5013 :
3024 4957 3104 5013 ita
3125 4963 3181 5013 et
3212 4957 3322 5012 iste
3343 4953 3440 5027 qui
3473 4941 3747 5023 opprimitur

2185 5066 2219 5104 a
2248 5048 2502 5114 diabolo,
2531 5053 2799 5120 peccator
2820 5046 3057 5118 quidem
3084 5051 3173 5103 est
3200 5065 3213 5114 ;
3238 5045 3337 5101 sed
3368 5037 3682 5115 opprimente
3703 5038 3744 5080 se

2185 5228 2573 5341 Hebraeae".
2609 5218 3744 5341 eadem.reeicif;..q‘335322"‘..it

2187 5332 2295 5371 nos
2328 5315 2576 5387 negandi
2609 5306 2956 5387 particulam
2988 5306 3200 5380 delere,
3234 5306 3613 5367 mssfminime
3657 5306 3707 5348 ευ

2186 5384 2722 5459 ΐτθεειῐιῐὶὺυελὴοη
2752 5384 2884 5459 ausi
2917 5401 3142 5459 sumus.

2259 5430 3366 5531 oratitia-eeod“d:pe~n-es.{lictorium
3386 5430 3741 5506 abundaverit”:

2190 5524 2530 5588 concinente
2561 5529 2756 5588 Graeco
2779 5524 3118 5586 εὺθήύνουσαν.
