4022 6192
510 271 670 336 1287

1763 272 1828 333 S.
1874 260 2181 335 EUSEFII
2226 262 2670 335 HIERONYMI

3684 264 3809 342 {ﬂ

509 403 855 479 reptilibus:
888 402 1039 459 ωδ
1073 404 1131 457 et
1159 401 1219 456 in
1252 401 1403 457 hanc
1426 401 1874 459 similitudinem
1896 404 2157 475 piscibus
2185 405 2240 471 Α
2268 406 2311 474 (Ι
2341 406 2460 461 Cor.
2502 407 2619 477 xv),
2672 408 2729 459 et
2778 403 3031 460 universi
3071 402 3337 477 deinceps‘
3376 407 3541 462 sancti
3579 422 3694 465 cum
3736 410 3808 467 illo

510 508 744 566 quoque
772 494 829 546 et
855 490 1186 561 arboribus,
1241 493 1300 549 et
1328 490 1534 547 bestiis
1565 491 1856 548 universis
1888 492 2157 564 proprios

508 582 568 636 in
600 580 928 636 custodiam
962 577 1201 651 angelos
1231 579 1584 652 assignalos.

581 669 762 740 (Vere.
815 668 882 723 15
930 668 1119 739 seqq.)
1176 668 1369 724 Totum
1415 670 1476 723 in
1503 668 1664 725 hamo
1691 670 2010 740 sublevavit,
2044 678 2158 724 tra-

508 758 597 813 xit
625 755 774 813 illud
803 758 861 811 in
890 772 1096 825 sagena
1118 776 1123 779 ι
1142 770 1264 824 sua,
1312 761 1364 812 et
1409 758 1691 827 congrabit
1721 759 1791 832 in.
1812 762 1927 813 rete
1954 775 2117 813 suum
2138 776 2157 812 :

505 862 671 918 super
698 846 796 901 hoc
825 846 1102 901 lambitur
1129 849 1178 900 et
1202 846 1494 902 exsulavit.
1526 849 1824 919 Propterea
1854 848 2157 903 immolabit

503 951 727 1004 sugente
751 948 888 999 suae,
920 938 974 989 et
999 934 1332 1003 sacriﬁcabit
1360 936 1467 990 reti
1493 951 1610 1003 suo,
1646 937 1776 1006 quia
1808 938 1867 990 in
1896 937 2031 1007 ipsis
2062 938 2156 991 in-

504 1032 747 1079 erassata
766 1032 844 1078 est
859 1038 990 1094 pars
1009 1023 1147 1094 ejus,
1170 1029 1222 1078 et
1236 1023 1394 1079 cibus
1412 1025 1529 1093 ejus
1549 1025 1746 1079 electus
1764 1041 1783 1076 :
1802 1027 2030 1096 propter
2058 1024 2157 1081 hoc

502 1130 631 1183 ergo
687 1108 949 1186 expandit
994 1128 1258 1184 sagenam
1304 1128 1481 1182 suam,
1511 1119 1567 1168 et
1612 1129 1824 1184 semper
1852 1115 2158 1185 inter/icere

505 1210 695 1276 gentes
722 1218 836 1258 non
862 1205 1033 1257 cessat
1060 1200 1252 1273 [Vulg.
1297 1202 1535 1273 parcet].
1571 1201 1746 1257 LXX:
1783 1201 2155 1259 Consumma-

500 1294 713 1348 tionem
739 1292 798 1345 in
830 1290 990 1346 hamo
1015 1290 1337 1359 sublevavit,
1358 1294 1410 1345 et
1430 1292 1669 1345 attraxit
1682 1305 1808 1345 eum
1828 1293 1885 1346 in
1909 1293 2016 1346 reti
2035 1307 2153 1355 suo,

499 1389 552 1437 et
581 1380 932 1451 congregavit
956 1393 1084 1433 eum
1116 1379 1173 1432 in
1203 1379 1423 1447 sagenis
1450 1381 1567 1434 suis
1589 1396 1608 1433 :
1635 1383 1855 1450 propter
1879 1379 1981 1435 hoc
2002 1381 2153 1435 [teta-

502 1471 653 1524 bitur
673 1473 726 1524 et
744 1467 1034 1537 gaudebit:
1053 1471 1339 1539 propterea
1362 1467 1665 1524 immolabit
1686 1467 1795 1536 [ΑΙ.
1824 1470 2148 1537 immolavit]

497 1571 719 1628 sugente
767 1570 907 1623 sum,
933 1564 985 1612 et
1020 1555 1270 1611 incendet
1290 1558 1395 1611 reti
1411 1571 1528 1621 suo,
1557 1557 1686 1627 quia
1707 1557 1767 1610 in
1789 1557 1922 1627 ipsis
1942 1559 2151 1612 inci-as-

497 1634 638 1699 savit
665 1648 880 1714 partem
908 1660 1084 1709 suam,
1116 1653 1167 1701 et
1185 1658 1325 1700 escae
1342 1645 1461 1715 ejus
1483 1644 1661 1699 electae
1688 1662 1707 1697 :
1733 1653 2018 1717 propterea
2046 1661 2151 1701 ea:-

495 1732 691 1804 pandit
732 1737 849 1789 rete
893 1749 1072 1802 suum,
1122 1740 1173 1788 et
1220 1748 1431 1804 semper
1467 1733 1774 1803 interﬁcere
1811 1742 1997 1802 gentes
2037 1750 2145 1789 non
2179 1774 2226 1839 B

496 1826 688 1877 cessat.
743 1821 889 1887 Quia
919 1838 1099 1894 supra
1129 1821 1318 1893 pisces
1364 1821 1782 1889 nominaverat,
1811 1822 2008 1879 dicens
2036 1840 2047 1878 :
2083 1825 2148 1879 Et

496 1912 664 1982 facies
694 1910 940 1965 homines
968 1911 1129 1980 quasi
1151 1911 1329 1981 pisces
1377 1911 1569 1977 maris,
1619 1914 1670 1965 et
1715 1912 1881 1981 quasi
1926 1912 2196 1983 reptile,-

498 1999 657 2070 quod
681 1997 1115 2070 significantius
1128 1998 1345 2053 dicitur
1366 1997 1682 2054 in‘Hebraeo
1713 2016 1901 2054 naues
1930 2002 2141 2072 (tum),

498 2086 556 2141 id
591 2090 699 2153 est,
728 2083 1071 2157 κινούμενον,
1105 2102 1278 2142 omne
1306 2085 1576 2142 videlicet
1605 2089 1761 2157 quod
1799 2089 2009 2143 moveri
2043 2105 2144 2161 po-

496 2177 633 2242 test,
664 2174 883 2231 idcirco
918 2172 1221 2251 μεταφορὰν
1245 2174 1495 2249 piscium
1523 2181 1715 2230 servat
1738 2176 1794 2229 in
1820 2176 2060 2244 caateris,
2082 2181 2147 2232 ut

498 2264 792 2336 quomodo
812 2262 1067 2335 piscator
1083 2253 1263 2318 mittit
1279 2263 1541 2333 hamum,
1558 2267 1614 2319 et
1633 2267 1751 2319 rete
1766 2269 1822 2319 et
1843 2281 2141 2338 sagenam,

500 2356 564 2407 ut
583 2352 738 2423 quod
765 2351 979 2407 hamus
1006 2368 1121 2408 non
1145 2352 1336 2424 potuit
1360 2356 1478 2407 rete
1497 2353 1971 2426 comprehendat,
1987 2355 2142 2426 quod

495 2441 742 2496 evaserit
770 2444 888 2496 rete
919 2441 1152 2514 sagenis
1182 2440 1492 2496 latioribus
1512 2440 1914 2497 circumdetur
1938 2458 1951 2496 :
1985 2443 2066 2498 ita
2089 2446 2146 2499 et

496 2545 595 2584 rex
622 2529 977 2602 Babylonius
1008 2535 1218 2584 cuncta
1246 2529 1582 2595 vastaverit,
1604 2536 1662 2585 et
1685 2530 2021 2586 universum
2046 2531 2145 2585 ho-

499 2617 724 2673 minum
746 2634 932 2691 genus
955 2634 1123 2674 suam
1145 2619 1401 2690 praedam
1424 2618 1620 2674 fecerit
1640 2619 1807 2690 (Dan.
1836 2620 1940 2688 ιιι).
1968 2619 2143 2675 Porro

495 2706 653 2778 quod
685 2706 804 2762 ait:
837 2707 1137 2762 Laetabitur
1165 2710 1328 2778 atque
1353 2706 1628 2777 gaudebit,
1651 2710 1703 2762 et
1722 2707 2026 2762 immolabit
2051 2723 2141 2762 sa-

494 2810 653 2867 genc'e
677 2808 816 2861 suae,
849 2799 900 2851 et
927 2795 1262 2859 sacri/icabit
1291 2796 1400 2850 reti
1425 2811 1540 2861 suo,
1591 2795 1813 2850 idolum
1853 2795 2145 2868 signiﬁcat

494 2885 649 2956 quod
670 2884 803 2940 fecit
818 2883 878 2939 in
901 2901 1106 2956 campo
1130 2884 1285 2939 Dura
1304 2884 1408 2955 [AL
1429 2883 1666 2954 Duram}
1689 2890 1746 2940 et
1761 2885 2143 2940 simulacrum

494 2971 671 3039 Belis,
693 2972 785 3026 cui
808 2972 975 3044 quasi
997 2972 1206 3043 grandi
1228 2988 1458 3044 sugente
1481 2972 1803 3027 immolavit
1825 2972 2142 3045 pinguissi-

494 3077 623 3116 mas
642 3060 932 3126 victimas,
948 3064 1104 3116 totas
1125 3076 1271 3131 quas
1294 3060 1508 3115 vicerat
1530 3059 1794 3116 nationes
1816 3061 1889 3132 ad
1918 3060 2142 3117 cultum

492 3149 620 3217 ejus
650 3160 884 3218 cogens.
909 3151 973 3201 In
997 3146 1143 3219 ipsis
1169 3146 1404 3220 quippe,
1429 3147 1582 3202 000
1611 3147 1719 3202 hoc
1744 3152 1853 3216 est,
1888 3148 1947 3203 in
1971 3148 2140 3205 idolis
2169 3138 2213 3207 C

492 3233 619 3289 suis
646 3232 1039 3290 incrassatum
1071 3251 1199 3291 esse
1229 3252 1291 3291 se
1323 3236 1586 3307 credens,
1611 3240 1666 3291 et
1697 3253 1865 3292 suam
1892 3242 2138 3308 partem,

491 3308 553 3377 id
581 3325 693 3388 est,
727 3339 935 3379 omnes
966 3340 1029 3379 se
1057 3323 1271 3379 habere
1299 3324 1555 3389 divitias,
1588 3324 1757 3397 quasi
1780 3326 2032 3398 grandes
2056 3327 2140 3398 pi-

493 3424 620 3467 sces
651 3410 830 3467 etiam
861 3412 1154 3484 principes
1187 3429 1451 3484 quosque
1484 3418 1656 3485 atque
1683 3429 1847 3486 reges
1868 3431 1975 3469 suo
2001 3415 2140 3471 sub-

484 3498 716 3571 jugavit
743 3499 1011 3572 imperio,
1045 3516 1194 3572 quas
1223 3516 1387 3556 escas
1418 3500 1631 3557 electas
1662 3496 1845 3558 vocat.
1897 3503 1963 3558 Et
2002 3504 2144 3575 quia

494 3586 675 3643 semel
701 3588 1020 3660 piscatione
1042 3589 1488 3661 opulentissima
1513 3595 1812 3646 saturatus
1835 3597 1942 3659 est,
1966 3598 2024 3648 et
2042 3609 2142 3648 sa-

489 3692 700 3749 genam
729 3695 923 3746 suam,
957 3678 1015 3733 id
1046 3683 1153 3745 est,
1177 3695 1350 3734 suum
1372 3678 1615 3751 replevit
1636 3680 1980 3748 exercitum,
2002 3698 2141 3753 pro-

489 3770 688 3838 pterea
716 3770 917 3838 gentes
947 3766 1292 3835 interﬁcere,
1344 3766 1402 3821 id
1434 3771 1544 3833 est,
1596 3784 1827 3840 semper
1855 3785 2140 3842 pugnare,

489 3859 546 3910 et
554 3854 830 3927 jugulare
847 3871 963 3911 non
979 3859 1189 3912 cessat.
1207 3855 1380 3911 Porro
1404 3856 1723 3912 secundum
1737 3856 2138 3930 Septuaginta,

488 3941 707 4015 impius
738 3943 1008 4000 diabolus
1037 3943 1160 4016 (qui
1185 3944 1465 4015 opprimit
1485 3944 1741 4016 justum,
1765 3950 1821 4002 et
1842 3946 2016 4002 habet
2037 3947 2140 4003 ho-

490 4030 680 4086 mines
706 4032 873 4103 quasi
906 4031 1094 4103 pisces
1121 4032 1323 4099 maris,
1348 4037 1406 4087 et
1424 4037 1612 4088 vastat
1631 4040 1843 4091 cuncta
1862 4035 2030 4106 quasi
2053 4052 2140 4091 re-

489 4118 660 4189 ptilia
682 4135 796 4174 non
825 4119 1103 4175 habentia
1123 4121 1527 4192 ducem)misit
1549 4122 1790 4177 hamum
1814 4140 1988 4179 suum
2010 4141 2143 4181 con-

489 4205 739 4260 trarium
797 4207 847 4261 ei
907 4206 1102 4275 hamo,
1163 4225 1196 4263 a
1250 4226 1364 4281 quo
1406 4224 1511 4282 per
1538 4211 1871 4283 apostolum
1902 4217 2138 4268 Petrum

490 4292 718 4366 primus
750 4299 958 4367 captus
991 4300 1080 4352 est
1108 4296 1310 4369 piscis,
1340 4297 1399 4353 in
1433 4300 1602 4370 cujus
1632 4316 1728 4356 ore
1759 4300 2029 4358 inventus
2053 4305 2141 4358 est

487 4385 672 4438 stater
700 4382 909 4455 (Matth.
939 4390 1099 4456 xvn).
1151 4387 1221 4442 Et
1275 4387 1519 4444 adhaesit
1566 4388 1739 4445 hamo
1770 4391 1897 4460 ejus
1927 4392 2135 4460 Adam,

2271 495 2489 566 pariter
2519 495 2591 549 de
2619 492 2891 566 paradiso
2921 492 3108 563 electi.
3163 493 3317 549 Unde
3340 498 3395 550 et
3421 494 3521 551 cibi
3548 496 3659 567 ejus
3683 497 3808 554 electi

2172 644 2173 647 η
2271 587 2438 638 sunt:
2461 587 2544 649 ut,
2562 583 2884 638 secundum
2899 580 3265 637 Psalmistam
3285 599 3299 637 :
3319 584 3522 651 Quwrat
3538 586 3669 640 a'Deo
3680 601 3809 641 uram

2266 673 2375 726 sibi
2403 672 2574 740 (Psat.
2607 686 2728 737 c111,
2760 671 2874 743 21),
2924 669 3234 741 prophetas
3264 672 3568 727 subvertere
3590 673 3755 729 volens
3774 679 3808 729 et

2267 767 2579 831 apostolos.
2606 761 2673 814 Et
2695 760 2833 831 quia
2858 759 3115 831 primum
3137 759 3355 831 decepit
3370 759 3658 831 hominem,
3677 764 3808 832 quati-

2266 848 2360 903 die
2383 848 2720 904 universum
2744 847 3072 903 humanum
3095 862 3277 919 genus
3296 847 3592 903 interﬁcere
3614 864 3710 903 non
3726 864 3805 904 ces-

2267 942 2376 993 sat.
2405 938 2598 993 Potest
2619 941 2815 993 autem
2839 942 2896 992 et
2917 937 2988 991 de
3007 936 3399 991 hereticorum
3420 936 3586 1008 accipi
3607 952 3805 1007 perversa

2266 1026 2694 1099 multiplicique
2716 1026 2864 1080 601
2895 1025 3178 1090 doctrina,
3203 1025 3351 1096 quod
3371 1030 3423 1080 et
3439 1024 3543 1096 ipsi
3559 1024 3707 1080 hamo
3720 1043 3801 1095 suo,

2264 1120 2321 1171 et
2350 1121 2468 1171 rete
2498 1131 2624 1182 suo,
2651 1120 2709 1170 et
2733 1114 2965 1186 sagenis
2988 1113 3111 1169 suis
3133 1112 3406 1186 plurimos
3427 1113 3598 1184 pisces
3620 1113 3802 1185 capiant,

2262 1209 2317 1260 et
2349 1203 2537 1259 multa
2567 1203 2796 1276 reptilia
2825 1202 3338 1274 comprehendant,
3369 1205 3421 1257 et
3447 1202 3643 1257 idcirco
3668 1201 3803 1257 laten-

2262 1297 2378 1363 tur,
2412 1296 2470 1348 et
2500 1307 2829 1348 sermonem
2859 1307 3035 1346 suum
3064 1306 3180 1363 quo
3199 1290 3451 1363 decipere
3469 1295 3521 1345 et
3539 1290 3805 1362 persuadere

2261 1385 2597 1453 potuerunt,
2630 1380 2797 1452 quasi
2828 1379 3012 1435 Deum
3058 1379 3318 1446 adorent,
3366 1382 3419 1433 el:
3461 1377 3613 1432 illum
3655 1376 3802 1443 colant,

2261 1469 2430 1525 illum
2476 1469 2847 1542 exspoliant:
2900 1468 3011 1540 ipsi
3060 1467 3217 1522 omni
3263 1472 3382 1522 arte
3411 1466 3716 1529 deserviant,
3739 1480 3803 1537 per

2261 1570 2434 1630 quem
2459 1558 2643 1613 sciant
2665 1574 2698 1613 a
2719 1573 2782 1612 se
2801 1561 2994 1612 tantas
3015 1556 3284 1612 victimas
3314 1556 3637 1621 interiectas,
3661 1558 3706 1609 et
3725 1557 3804 1608 tan-

2260 1650 2350 1702 tos
2381 1646 2705 1717 potentium
2752 1646 2829 1717 (a)
2878 1651 3052 1717 atque
3078 1647 3413 1700 sanctorum
3440 1657 3560 1699 esse
3586 1642 3801 1713 deceptos,

2260 1751 2407 1807 quos
2425 1735 2701 1807 pinguem
2717 1738 2941 1806 partem
2960 1738 3016 1789 et
3032 1732 3245 1789 electas
3256 1747 3416 1788 escas
3427 1731 3690 1802 Scriptura
3701 1745 3803 1784 nunc

2255 1824 2542 1880 nominat.
2594 1823 2906 1894 Propterea
2948 1820 3008 1876 in
3065 1820 3507 1877 similitudinem
3535 1818 3801 1881 bestiarum,

2256 1930 2383 1985 quae
2404 1916 2705 1984 gustatum
2724 1910 2901 1968 semel
2926 1911 3276 1983 sanguinem
3299 1922 3520 1982 semper
3537 1908 3722 1975 sitiunt,
3739 1923 3803 1962 οι·

2255 2002 2522 2073 pandunt
2553 2005 2672 2057 rete
2701 2015 2897 2069 suum,
2952 2005 3011 2055 et
3058 1999 3169 2055 hoc
3200 2015 3368 2055 omne
3398 2014 3582 2054 eorum
3609 1996 3798 2053 studium

2255 2094 2364 2158 est,
2401 2095 2469 2145 ut
2498 2106 2611 2144 non
2645 2104 2882 2162 paucos,
2916 2087 3070 2144 sicut
3120 2088 3181 2143 in
3212 2086 3507 2160 principio,
3552 2085 3639 2141 sed
3665 2084 3798 2156 plures

2252 2178 2626 2234 interficiant.
2648 2178 2771 2233 Non
2797 2178 3044 2250 ambigit
3063 2178 3136 2233 de
3159 2169 3544 2232 interiectione
3562 2173 3797 2230 multarum

2254 2267 2538 2340 gentium,
2572 2265 2673 2338 qui
2700 2270 2923 2322 tantam
2957 2265 3257 2321 haereseon
3287 2268 3343 2321 et
3371 2279 3719 2337 perversaram
3740 2261 3798 2315 do-

2254 2357 2576 2411 ctrinarum
2602 2354 3042 2410 multitudinem
3067 2354 3290 2410 diaboli
3312 2353 3511 2408 viderit
3529 2352 3690 2417 hamo,
3707 2352 3796 2413 rete,

2253 2445 2604 2518 sagenisque
2632 2443 3115 2516 comprehensam
3152 2460 3167 2500 :
3214 2452 3271 2499 et
3297 2447 3486 2499 tamen
3514 2444 3721 2513 captura
3740 2451 3797 2492 eo-

2253 2551 2383 2588 rum
2416 2533 2553 2589 ﬁnis
2584 2532 2859 2587 interitus
2889 2537 2998 2587 est.

2322 2623 2483 2694 (Cap.
2509 2623 2577 2676 ΙΙ.
2600 2651 2666 2662 -
2688 2621 2853 2677 Vers.
2879 2621 2954 2693 1.)
2986 2620 3165 2692 Super
3195 2620 3490 2676 custodiam
3516 2633 3668 2676 meam
3682 2614 3797 2680 stabo,

2252 2716 2302 2767 et
2331 2711 2498 2783 ﬁgam
2526 2710 2760 2781 gradum
2786 2726 2954 2781 super
2978 2711 3366 2779 munitionem,
3417 2713 3465 2765 et
3491 2703 3800 2777 contemnebat

2251 2803 2312 2856 ut
2332 2800 2544 2856 videam
2565 2800 2694 2871 quid
2719 2799 2937 2854 dicatur
2956 2798 3096 2854 mihi
3114 2808 3173 2855 et
3194 2799 3323 2871 quid
3344 2795 3659 2871 respondeam
3674 2792 3727 2850 ad
3742 2809 3798 2846 ar-

2251 2899 2505 2961 guentem
2532 2905 2634 2944 me.
2673 2887 2803 2944 LXX
2828 2906 2840 2943 :
2876 2887 3051 2959 Super
3078 2888 3391 2945 custodiam
3416 2903 3581 2942 meam
3602 2884 3738 2948 stabo.
3766 2883 3800 2933 et

2253 2977 2548 3034 ascendam
2590 2993 2753 3049 super
2793 2985 3028 3048 petram,
3078 2985 3130 3032 et
3159 2975 3551 3049 contemplabor
3574 2978 3627 3028 ut
3656 2970 3799 3027 videam

2253 3068 2385 3140 quid
2413 3067 2667 3140 loquatur
2695 3068 2754 3121 in
2789 3065 2907 3137 [AL
2942 3065 3041 3135 ad]
3072 3081 3183 3135 me,
3214 3073 3270 3121 et
3293 3065 3422 3137 quid
3448 3061 3741 3135 respondeam
3758 3053 3801 3110 ai

2251 3158 2643 3228 correptionem
2674 3171 2868 3210 meam.
2903 3154 3300 3227 Symmachus
3331 3151 3662 3209 manifestius
3677 3146 3800 3219 (b)est
3894 3140 3895 3199 ἶ

2252 3250 2596 3317 persecutus
2630 3262 2642 3299 :
2695 3244 2865 3313 Quasi
2889 3246 3068 3299 custos
3095 3259 3265 3314 super
3302 3242 3569 3313 speculam
3604 3236 3736 3299 stabo,

2248 3315 2397 3390 stabo
2420 3335 2569 3388 velut
2608 3333 2878 3400 inclusus,
2911 3339 2963 3389 et
2989 3331 3401 3404 contemptabor
3428 3334 3485 3384 ut
3512 3327 3695 3384 valeam

2249 3422 2470 3477 dicatur
2496 3421 2656 3488 mihi,
2687 3429 2739 3477 et
2765 3420 2896 3492 quid
2924 3420 3304 3492 respondeam,
3336 3428 3391 3476 et
3416 3406 3800 3474 contradicend-

2248 3518 2469 3566 versum
2516 3514 2837 3581 arguentem
2880 3522 2986 3565 me.
3038 3514 3150 3565 Pro
3185 3508 3502 3566 munitione
3529 3509 3579 3561 et
3604 3506 3739 3576 petra,
3759 3494 3795 3549 in

2251 3601 2420 3671 cujus
2450 3599 2643 3654 locum
2677 3598 3066 3671 Symmachus
3098 3598 3512 3670 interpretatus
3553 3596 3628 3649 est
3649 3584 3797 3645 conclu-

2248 3704 2391 3755 sum,
2425 3687 2486 3742 in
2515 3687 2754 3743 Hebraeo
2788 3686 3026 3759 ponitur
3046 3704 3251 3743 MABUR
3278 3687 3494 3758 (Ἥκω),
3522 3678 3653 3754 quod
3670 3675 3795 3731 Theo-

2249 3777 2408 3832 dotio
2453 3793 2673 3848 gyrum,
2724 3775 2938 3846 Aquila
2969 3780 3025 3831 et
3055 3775 3266 3847 quinta
3283 3769 3467 3831 editio
3505 3771 3566 3844 (c)
3607 3766 3797 3856 cum

2248 3864 2697 3920 transtulerunt.
2722 3863 2928 3919 Primae
2951 3864 3283 3920 causationi
3305 3859 3649 3936 responderat
3665 3857 3793 3944 οοιιξ·

2251 3971 2362 4010 nus
2387 3971 2401 4009 :
2426 3953 2679 4026 Aspicite
2701 3953 2760 4008 in
2783 3952 3075 4026 gentibus.
3103 3957 3165 4009 et
3182 3953 3393 4019 videte,
3420 3956 3473 4007 et
3492 3938 3792 4033 admiremini,

2249 4048 2307 4098 et
2335 4042 2751 4115 obstupescite.
2788 4046 2862 4096 At
2883 4058 3060 4113 quam
3081 4042 3370 4114 propheta
3389 4037 3545 4112 quasi
3564 4028 3793 4105 superioris

2250 4131 2386 4187 dicti
2411 4147 2590 4203 agens
2609 4130 3007 4203 pcenilentiam
3018 4172 3032 4197 ,
3047 4132 3470 4203 temperaverat
3485 4124 3685 4199 quidem
3697 4127 3794 4203 Ψιθῖ

2249 4200 2518 4291 stionem,
2551 4200 2753 4274 dicens
2782 4235 2795 4273 :
2830 4220 3056 4274 Domine
3075 4200 3220 4274 Deus
3242 4233 3408 4282 meus,
3439 4216 3602 4271 sancte
3623 4200 3794 4268 ηιεωιεί

2247 4325 2355 4365 ηοη
2384 4309 2686 4363 moriemur
2716 4306 2917 4379 (Supra
2965 4324 3005 4374 ι,
3041 4307 3152 4378 12).
3202 4306 3314 4363 Sed
3348 4299 3685 4361 nihilominus
3705 4300 3794 4347 cum

2246 4395 2618 4456 veneratione
2632 4401 2689 4452 et
2704 4396 2979 4451 laudibus
2993 4395 3093 4451 Dei
3114 4395 3314 4467 ipsum
3329 4395 3509 4450 fuerat
3522 4384 3794 4446 sciscitatus:

486 4476 543 4527 et
571 4472 807 4571 attrafit
835 4490 971 4530 eum
1004 4475 1160 4571 foras
1188 4476 1261 4571 de
1292 4476 1563 4571 paradiso
1585 4483 1705 4534 rete
1735 4495 1842 4571 suo
1873 4497 1885 4535 :
1918 4482 1975 4535 et
2003 4496 2137 4536 coo-
2167 4506 2214 4571 D
2247 4486 2434 4542 Mundi
2449 4489 2577 4542 sunt
2597 4486 2743 4542 oculi
2762 4486 2849 4540 tui
2868 4492 2927 4540 ut
2946 4500 3056 4541 non
3077 4484 3265 4541 videas
3293 4484 3520 4549 malum,
3548 4480 3592 4535 et

485 4562 680 4632 peruit
696 4562 862 4618 illum
881 4565 1116 4637 sagenis
1130 4565 1457 4635 suis,variis
1473 4571 1529 4622 et
1548 4566 1972 4639 multiplicibus
1986 4569 2135 4627 dolis

486 4654 660 4722 atque
689 4650 955 4708 fallaciis.
990 4654 1211 4710 Idcirco
1240 4653 1552 4725 laetabitur,
1585 4660 1644 4712 et
1673 4656 1975 4728 decipulas
1997 4674 2135 4715 suas

486 4738 621 4812 plus
669 4740 988 4797 arbitratur
1017 4759 1144 4799 esse
1174 4760 1352 4815 quam
1384 4748 1740 4816 praeceptum
1780 4746 2032 4801 Domini.
2066 4748 2136 4803 Et

486 4827 819 4885 immolabit
846 4846 958 4885 non
990 4831 1164 4887 hamo
1193 4832 1315 4904 (qui
1347 4849 1654 4904 perversos
1684 4850 1875 4891 sermo
1920 4835 2132 4892 intelli-

485 4915 664 4988 gitur,
678 4922 736 4973 et
756 4918 949 4974 adhuc
967 4920 1025 4975 in
1048 4920 1334 4992 principio
1356 4922 1859 4993 constitutus),sed
1881 4925 1985 4980 reti
2006 4942 2133 4994 suo,

487 5004 623 5077 quia
643 5005 1068 5079 pinguissimus
1087 5009 1148 5065 in
1170 5009 1296 5080 ipso
1318 5009 1541 5067 hostias
1558 5012 2020 5083 comprehendit.
2037 5015 2133 5071 Et:

484 5094 595 5150 Per
622 5110 798 5151 unum
825 5096 1102 5153 hominem
1125 5107 1429 5170 peccatores
1456 5102 1736 5156 constituti
1755 5110 1881 5157 sunt
1903 5103 2141 5174 plurimi

486 5184 659 5258 (Rom.
720 5201 774 5256 v,
834 5184 943 5257 19),
1004 5189 1061 5242 et
1108 5186 1168 5241 in
1200 5187 1387 5243 Adam
1436 5203 1641 5244 omnes
1683 5190 1894 5246 mortui
1929 5208 2138 5249 sumus

558 5471 632 5553 (a)
660 5470 869 5553 ftegin.
905 5489 1018 5553 ms.
1048 5478 1229 5532 tantos
1252 5477 1557 5553 potentium
1581 5493 1615 5533 a
1641 5492 1699 5533 se
1729 5494 1842 5535 esse
1868 5477 2133 5553 deceptos.

556 5543 630 5622 (ὁ)
658 5543 849 5622 Kef-ba
874 5550 955 5622 est
980 5543 1325 5622 persecutus,
1346 5549 1715 5622 Beginaepms.
1753 5550 1955 5608 nescit.

557 5615 627 5686 (c)
658 5615 1007 5694 Veriu_s__h_oc
1037 5622 1147 5694 est,
1177 5621 1332 5694 quod
1363 5615 1698 5694 ex'Reginae
1719 5637 1833 5680 ms.
1868 5624 2136 5681 rescribi-

485 5697 640 5759 mus,
669 5690 807 5764 post
828 5686 1045 5769 Victor,
1074 5686 1367 5765 circinum,
1404 5704 1513 5771 pro
1539 5686 1656 5769 quo
1684 5691 1826 5773 legit
1854 5693 2132 5761 Martius.

2245 4576 2320 4632 ad
2342 4576 2701 4647 iniquitatem
2722 4576 2897 4629 nescis
2925 4573 3107 4646 (Ibid.,
3148 4573 3256 4647 13).
3290 4574 3472 4639 Quare
3500 4583 3599 4624 non
3616 4553 3791 4652 Its-itifiis
3894 4624 3895 4627 η

2246 4680 2423 4736 super
2442 4646 2653 4734 iniqua
2682 4667 2937 4735 agentes,
2967 4666 3024 4718 et
3053 4666 3234 4733 taces,
3266 4646 3795 4721 devoranteimpiolu'

2245 4753 2482 4809 stiorem
2503 4768 2563 4807 se
2576 4752 2604 4806 ‘I
2622 4752 2694 4807 Et
2715 4768 2841 4822 quae
2864 4754 3020 4807 esset
3033 4750 3182 4821 justi
3207 4748 3514 4810 devoratio,
3540 4738 3664 4799 603
3681 4742 3795 4832 θξθῆ·

2246 4845 2417 4897 cutus
2449 4841 2507 4896 in
2541 4841 2805 4913 partibus
2831 4844 2957 4895 est:
2994 4845 3060 4895 ut
3090 4838 3298 4895 ﬁerent
3320 4836 3575 4894 homines
3591 4831 3794 4902 quwP“

2246 4946 2372 4986 sces
2404 4929 2601 4996 maris,
2636 4933 2693 4984 et
2723 4928 2890 5000 quasi
2921 4926 3171 5000 reptilia.
3207 4927 3279 4981 Et
3309 4924 3460 4998 quod
3490 4913 3793 5000 hamatis?

2246 5035 2416 5091 gena,
2446 5022 2504 5074 et
2533 5022 2652 5095 rete
2684 4996 2791 5072 suo
2822 4996 3027 5073 omnes
3059 5016 3130 5071 ad
3165 4996 3466 5071 interitum
3495 4996 3790 5095 traherent“?

2247 5112 2303 5162 et
2335 5124 2448 5163 non
2480 5092 2634 5163 esset
2659 5106 2795 5162 ﬁnis
2825 5104 3249 5162 interfectionis
3278 5119 3492 5161 eorum.
3524 5099 3687 5165 Itaque
3701 5092 3791 5156 qu"

2247 5197 2532 5270 propheta
2563 5200 2672 5268 est,
2703 5200 2762 5251 et
2793 5201 3096 5268 propterea
3126 5194 3354 5267 quaerit,
3406 5195 3461 5247 et
3504 5181 3719 5243 dubitare
3750 5177 3788 5222 9°

2246 5488 2474 5542 circum.
2518 5486 2809 5539 Consonat
2837 5482 2898 5537 in
2929 5482 3190 5538 subnexa
3220 5475 3563 5552 expositione
3587 5462 3784 5552 Higmﬂ

2249 5530 2664 5623 saginas;
2673 5530 2809 5623 ῐὸὲξ
2824 5530 3199 5628 ίῖᾳῖιῖζρῐνῖ)
3218 5530 3511 5617 etiam,
3532 5534 3669 5615 quad
3683 5530 3783 5584 Μ

2244 5638 2465 5705 sequar,
2492 5641 2581 5702 ne,
2615 5630 2725 5685 etc.
