3940 6166
157 263 307 328 1239
917 264 1666 329 COMMENTARIORUM
1709 264 1790 325 IN
1834 261 2142 328 ABACUC
2186 263 2339 326 LIB.
2386 265 2432 325 1.
2481 264 2649 327 CAP.
2699 268 2778 330 11.
3402 243 3563 339 i290

135 399 293 454 dicit.
321 401 389 453 ut
408 398 561 470 quod
582 396 668 453 illi
689 401 1157 472 responderetur,
1202 403 1624 473 respondeatur
1652 416 1782 455 om-
1810 400 1865 465 Α
1895 398 2085 453 virum
2107 397 2164 451 in
2190 398 2339 454 Isaia
2390 400 2474 470 ﬁt,
2500 400 2699 456 dicens
2728 417 2740 456 :
2765 401 2959 458 Adhuc
2986 403 3237 475 loquente
3261 409 3331 474 te,
3356 406 3562 476 dicam,

132 487 343 542 nibus:
380 486 562 553 Stabo,
596 486 809 559 inquit,
842 490 903 542 in
930 491 1148 559 specula
1177 506 1321 557 mea,
1353 489 1411 544 id
1434 493 1541 557 est,
1575 489 1632 542 in
1671 505 1798 561 pro-
1907 503 2022 542 ecce
2047 487 2243 542 adsum
2272 488 2429 557 (Isai,
2466 506 2588 554 va,
2622 491 2735 563 24).
2783 508 2939 547 nunc
2988 510 3222 564 quoque
3264 496 3562 567 propheta

135 575 344 646 phetite
365 592 510 631 mea;
532 575 919 645 sublimitate,
944 583 1002 633 et
1022 579 1227 634 videbo
1251 570 1793 651 post'captivitatem
1905 578 2207 649 respondit
2226 576 2529 644 Dominus,
2555 584 2611 633 et
2635 582 2907 652 praecepit
2928 585 2993 636 ut
3012 583 3232 638 scribat
3252 583 3560 657 visionem,

124 664 354 736 populi,
378 667 436 720 et
457 664 818 721 eversionem
843 666 1092 722 civitatis
1113 672 1173 722 et
1210 666 1498 739 templi,et
1518 666 1793 738 deinceps
1904 670 1961 718 et
1990 666 2215 738 digerat
2244 666 2351 735 μὶ.
2401 666 2635 739 dirigat]
2682 685 2810 724 eam
2860 686 3037 742 super
3066 670 3318 743 tabulas,
3361 672 3420 727 id
3453 677 3561 743 est,

130 754 278 824 quid
299 756 598 825 sequatur.
624 752 727 810 Vel
754 758 906 810 certe
928 755 1044 811 ita:
1089 756 1427 812 Custodiam
1468 756 1624 811 omni
1659 754 1792 810 dili-
1904 753 2271 809 manifestius
2303 754 2535 809 scribat.
2572 755 2826 812 Tabulas
2875 762 3070 814 autem
3113 766 3254 831 puto
3303 759 3455 832 illas,
3488 762 3563 818 de

125 842 329 913 gentia
349 858 449 897 cor
479 858 697 911 meum,
732 847 789 897 et
819 844 988 899 stabo
1019 860 1199 915 super
1221 844 1517 900 Christum
1542 848 1788 916 petram.
1901 843 2117 914 quibus
2139 846 2194 897 et
2215 843 2514 914 apostolus
2536 843 2800 916 loquitur
2819 847 2891 901 ad
2923 847 3291 905 Corinthios:
3318 851 3563 921 Epistola

118 929 200 985 Et
219 930 327 986 hoc
352 947 492 1003 gyro
517 935 573 987 et
597 931 813 987 circino
849 933 1019 1003 quasi
1057 950 1225 987 muro
1266 933 1476 1005 sepiar,
1504 950 1574 989 ne
1594 933 1666 989 ad
1698 949 1792 988 me
1898 940 2085 986 nostra
2132 948 2224 987 vos
2279 933 2427 1002 estis,
2487 934 2690 1004 scripta
2740 936 2801 988 in
2856 936 3107 991 cordibus
3152 940 3359 993 nostris
3382 957 3400 992 :
3430 954 3559 1010 (ιω

119 1018 212 1074 leo
243 1020 481 1091 rugiens
513 1020 707 1090 possit
736 1021 1083 1093 irrumpere,
1132 1025 1189 1077 et
1231 1022 1438 1077 videbo
1471 1022 1611 1093 quid
1645 1020 1789 1077 mihi
1898 1021 2238 1090 cognoscitur
2256 1028 2307 1075 et
2334 1021 2535 1088 legitur
2582 1022 2648 1075 ab
2679 1023 2936 1079 omnibus
2985 1025 3333 1082 hominibus:
3375 1030 3559 1083 mani-

122 1112 269 1179 post
282 1109 595 1164 secundam
611 1109 991 1180 quaestionem
1012 1112 1363 1182 respondeat
1381 1115 1531 1165 Deus
1548 1114 1625 1165 :et
1638 1114 1790 1182 post.
1895 1108 2107 1180 festati,
2134 1110 2391 1179 quoniam
2412 1112 2545 1164 estis
2566 1111 2797 1181 epistola
2838 1112 3065 1181 Christi,
3098 1115 3416 1171 ministrata
3437 1115 3551 1187 [AL

1896 1198 2274 1267 manifestata]
2307 1216 2343 1253 α
2370 1200 2545 1264 nobis,
2595 1203 2648 1253 et
2698 1202 2906 1271 scripta
2952 1218 3065 1257 non
3110 1210 3437 1270 atramento,
3467 1203 3561 1260 sed

1896 1287 2098 1355 spiritu
2125 1288 2227 1341 Dei
2254 1288 2505 1353 viventis,
2538 1304 2648 1341 non
2680 1289 2739 1342 in
2772 1289 2982 1344 tabulis
3006 1290 3259 1361 lapideis,
3291 1291 3383 1347 sed
3400 1293 3458 1346 in
3482 1299 3560 1347 ta-

123 1213 303 1268 quam
328 1196 473 1251 mihi
500 1197 885 1268 responderit,
902 1202 959 1253 et
978 1215 1069 1255 me
1082 1198 1593 1271 corripueritmale
1610 1200 1789 1255 fuisse

121 1288 531 1355 conquestum,
554 1284 694 1355 quid
714 1301 819 1357 ego
834 1302 1068 1357 quoque
1084 1288 1130 1341 ei
1149 1288 1389 1342 debeam
1410 1289 1784 1358 respondere.

118 1371 430 1443 Eleganter
460 1379 654 1428 autem
689 1379 747 1429 et
778 1376 926 1429 miro
958 1392 1136 1432 sensu
1161 1376 1482 1431 humanam
1506 1376 1788 1431 describit
1898 1375 2043 1429 bulis
2064 1376 2241 1430 cordis
2261 1377 2576 1432 carnalibus
2601 1377 2675 1448 (Il
2722 1377 2842 1433 Cor.
2872 1396 2958 1445 111,
2984 1380 3097 1449 23}.
3149 1379 3261 1435 Sed
3313 1383 3369 1435 et
3398 1380 3558 1437 Salo-

111 1460 571 1532 impatientiam,
593 1478 768 1533 quam
796 1463 851 1516 in
883 1463 1407 1534 disceptationibus
1431 1480 1662 1536 semper
1688 1465 1785 1519 ha-
1898 1478 2033 1517 mon
2066 1462 2177 1518 tale
2211 1465 2350 1535 quid
2381 1464 2673 1535 significat
2704 1466 2763 1520 in
2817 1467 3150 1523 Proverbiis
3175 1467 3415 1524 dicens:
3448 1470 3553 1525 De-

108 1549 252 1605 bere
282 1549 697 1606 consuevimus
725 1569 735 1605 :
768 1556 842 1604 ut'
862 1558 1176 1622 antequam
1232 1552 1399 1608 nobis
1443 1571 1510 1608 ex
1540 1554 1785 1609 adverso
1892 1552 2067 1608 scribe
2094 1568 2213 1607 eam
2242 1570 2405 1624 super
2435 1554 2783 1609 latitudinem
2817 1556 2996 1611 cordis
3026 1557 3110 1612 tui
3138 1558 3322 1628 (Prov.
3357 1574 3443 1623 111,
3475 1558 3553 1630 3).
3614 1549 3632 1566 ⁸

116 1636 339 1709 aliquis
361 1640 730 1709 respondeat,
755 1644 812 1695 et
831 1640 1090 1715 sciamus
1112 1641 1170 1695 in
1211 1658 1326 1713 quo
1368 1659 1473 1697 nos
1502 1642 1783 1714 arguerit,
1894 1640 2156 1696 Scribere
2196 1646 2394 1696 autem
2436 1642 2683 1713 jubetur
2731 1642 2988 1715 planius,
3042 1649 3108 1699 ut
3156 1647 3344 1717 possit
3372 1645 3555 1702 lector

113 1727 192 1781 ad
228 1728 703 1799 respondendum
736 1742 1031 1799 paremur.
1066 1734 1143 1784 Ex
1175 1747 1289 1801 quo
1331 1732 1659 1786 ostenditur
1689 1746 1777 1786 re-
1808 1770 1854 1805 η
1893 1745 2146 1795 currere,
2171 1734 2228 1785 et
2253 1730 2414 1785 nullo
2441 1730 2864 1802 impedimento
2884 1733 3166 1789 velocitas
3205 1736 3355 1805 ejus,
3379 1738 3437 1791 et
3464 1734 3548 1792 le-

108 1816 497 1888 spensionem
531 1833 646 1872 non
671 1816 916 1873 rationis
948 1834 1095 1887 esse,
1131 1819 1231 1874 sed
1272 1819 1681 1875 contentionis.
1715 1820 1776 1875 Si
1807 1816 1855 1834 ”
1886 1817 2058 1888 gendi
2084 1818 2297 1888 cupido
2319 1822 2607 1873 teneatur.
2638 1820 2708 1873 Et
2748 1819 2858 1875 hoc
2880 1820 3163 1893 praecipit,
3187 1822 3324 1893 quia
3356 1822 3548 1879 adhuc

107 1905 272 1960 enim
308 1910 463 1961 esset
494 1905 669 1973 ratio,
711 1906 1012 1978 responsio
1061 1908 1341 1963 debuerat
1378 1909 1686 1979 expectari,
1719 1915 1776 1965 et
1882 1904 2027 1961 visio
2057 1905 2258 1977 procul
2290 1910 2401 1971 est,
2434 1912 2490 1961 et
2519 1907 2579 1961 in
2619 1912 2884 1980 tempore
2936 1909 3277 1971 constituto.
3311 1912 3382 1966 Et
3411 1928 3546 1967 cum

93 1994 196 2049 sic
217 1994 411 2049 videre
438 2000 638 2049 utrum
662 1996 1015 2066 respondere
1059 1997 1314 2061 deberet,
1341 2014 1413 2051 an
1447 1998 1775 2053 consentire
1883 1994 2018 2049 ﬁnis
2045 2011 2239 2049 rerum
2270 1996 2587 2059 advenerit,
2607 2000 2748 2052 tunc
2776 1997 2956 2052 etiam
2977 1996 3076 2053 ille
3096 1998 3311 2067 veniet,
3332 2003 3391 2054 et
3411 2015 3544 2070 pro-

88 2082 443 2139 rationabili
467 2083 853 2155 responsioni.
882 2084 994 2139 Sed
1018 2085 1203 2140 ethoc
1248 2087 1572 2141 notandum
1617 2103 1686 2142 ex
1705 2102 1772 2143 eo
1882 2081 2117 2137 habitur
2172 2083 2477 2154 prophetia
2536 2100 2671 2140 Vera
2723 2101 2894 2157 Opere
2941 2085 3253 2158 completa.
3297 2087 3463 2151 Ουοά
3494 2087 3544 2143 8i

88 2172 265 2244 quod
294 2172 540 2239 dixerat,
579 2174 642 2229 Ut
674 2172 884 2227 videam
907 2173 1040 2244 quid
1086 2174 1339 2245 loquatur
1387 2177 1449 2228 in
1494 2191 1605 2243 me,
1639 2192 1770 2247 pro-
1882 2170 2028 2225 forte
2059 2187 2164 2241 pro
2186 2171 2508 2241 cupiditate
2530 2176 2651 2239 tua,
2678 2189 2709 2227 ο
2739 2172 2940 2239 lector,
2987 2178 3045 2229 et
3089 2175 3345 2230 vivendae
3366 2174 3544 2231 visio-

91 2261 401 2334 pheticam
424 2260 725 2317 Visionem
749 2265 806 2316 et
826 2260 1126 2333 eloquium
1149 2263 1250 2318 Dei
1268 2278 1382 2318 non
1406 2264 1769 2320 extrinsecus
1885 2258 1977 2312 nis
1998 2259 2225 2326 ardore,
2252 2257 2561 2329 paululum
2585 2259 2691 2315 tibi
2713 2260 2903 2315 visum
2926 2261 3338 2318 fueritmoram
3352 2264 3542 2320 facere

88 2351 176 2406 ad
202 2349 521 2422 prophetas
567 2349 713 2417 fieri,
765 2350 866 2405 sed
919 2351 1273 2407 intrinsecus
1295 2352 1633 2407 etinteriori
1663 2352 1767 2408 ho-
1878 2347 2031 2416 quod
2065 2347 2428 2417 promissum
2469 2352 2580 2414 est,
2642 2347 2761 2403 HOli
2820 2349 3129 2420 desperare
3182 2355 3536 2407 Venturum:

94 2438 255 2494 mini
280 2439 649 2510 respondere.
675 2438 838 2494 Unde
859 2444 915 2494 et
933 2439 1279 2495 Zacharias:
1312 2442 1378 2495 Et
1408 2442 1652 2509 angelus,
1676 2441 1764 2497 in-
1808 2462 1815 2467 τ
1876 2434 1977 2489 Sed
2009 2441 2281 2505 exspecta
2337 2435 2662 2506 patienter:
2697 2452 2791 2490 me
2845 2436 3003 2492 enim
3046 2436 3251 2506 habes,
3295 2439 3397 2510 qui
3426 2439 3537 2509 tibi

1875 2521 2150 2593 polliceor
2177 2527 2234 2578 et
2258 2522 2387 2578 dico
2413 2540 2425 2578 :
2465 2525 2711 2591 Veniens,
2745 2528 2946 2593 veniet,
2979 2534 3029 2581 et
3046 2542 3158 2582 non.
3176 2527 3436 2583 tardabit.
3460 2528 3519 2583 Si

1873 2611 1975 2682 qui
2008 2618 2204 2691 autem
2241 2611 2583 2668 incredulus
2630 2617 2719 2667 est
2770 2613 2950 2684 hujus
2999 2616 3333 2686 sponsionis
3364 2633 3530 2687 meae,

1873 2701 2026 2755 610
2055 2704 2113 2755 et
2137 2717 2231 2756 me
2261 2701 2507 2771 dicente,
2544 2704 2763 2757 veniens
2786 2705 2984 2771 veniet,
3017 2708 3069 2759 et
3118 2720 3230 2761 non
3260 2704 3532 2777 tradabit,

85 2527 256 2600 quit,
283 2529 378 2598 qui
400 2528 727 2598 loquebatur
747 2530 911 2582 inme
931 2528 1115 2599 (Zach.
1143 2547 1181 2599 1,
1206 2529 1284 2601 9).
1303 2530 1373 2583 Et
1391 2528 1451 2583 in
1474 2529 1761 2586 Psalmis:

84 2620 127 2673 Α
138 2617 342 2672 adiam
360 2616 489 2687 quid
510 2614 775 2687 loquatur
790 2618 850 2671 in
865 2631 952 2670 me
967 2617 1231 2698 Dominus
1251 2618 1398 2687 (Psal
1408 2661 1419 2672 .
1446 2633 1670 2685 LXXXIV,
1682 2618 1759 2691 9).

168 2705 361 2773 (Vers.
412 2708 449 2760 2
506 2705 699 2776 seqq.)
744 2707 812 2759 Et
865 2705 1147 2776 respondit
1204 2707 1349 2761 mihi
1393 2708 1676 2777 Dominus,
1708 2714 1764 2763 et

82 2796 287 2849 dixit:
321 2794 508 2849 Scribe
534 2794 730 2863 visum,
762 2797 812 2848 et
857 2794 1101 2865 explana
1155 2811 1286 2849 eum
1348 2812 1512 2866 super
1540 2797 1761 2852 tabulas

86 2887 160 2937 ut
182 2891 476 2954 percurrat
499 2884 598 2953 qui
619 2883 816 2952 legerit
837 2899 984 2949 eum,
1006 2885 1138 2954 quia
1161 2883 1340 2938 adhuc
1377 2885 1529 2939 visus
1547 2886 1755 2955 procul,

80 2976 139 3026 et
175 2970 467 3041 apparebit
495 2972 558 3025 in
584 2971 776 3040 ﬁnem,
807 2978 857 3025 et
882 2985 991 3025 non
1022 2972 1318 3026 mentietur
1336 2988 1355 3025 :
1374 2974 1424 3025 si
1443 2987 1657 3027 moram
1674 2974 1756 3043 fe-

71 3060 237 3115 cerit
256 3067 503 3129 exspecta
526 3059 698 3113 illum
721 3077 739 3114 :
763 3061 895 3130 quia
918 3061 1137 3114 veniens
1176 3062 1378 3130 veniet,
1421 3065 1471 3115 et
1500 3076 1612 3115 non
1639 3066 1753 3116 tar-

1870 2789 2107 2860 coeperit
2136 2789 2451 2860 ambigere,
2484 2795 2540 2845 et
2570 2790 2627 2844 in
2659 2807 2720 2845 se
2749 2790 2964 2848 tacitus
2984 2792 3289 2862 ﬂuctuare,
3315 2798 3533 2866 putans

1869 2894 1985 2933 non
2017 2893 2145 2933 esse
2174 2892 2484 2943 venturum
2516 2879 2671 2949 quod
2703 2884 2967 2936 moratur
3005 2882 3075 2936 ad
3124 2886 3360 2954 tempus
3387 2900 3401 2952 ;
3433 2882 3529 2939 hic

1868 2982 2007 3021 meae
2037 2967 2249 3021 animae
2301 2965 2656 3037 displicebit,
2681 2968 2852 3038 juxta
2882 2968 3026 3024 illud
3053 2987 3066 3024 :
3125 2971 3447 3026 Neomenias
3477 2979 3529 3028 et

1864 3055 2087 3110 sabbata
2131 3063 2309 3110 vestra
2354 3055 2467 3110 odit
2518 3058 2711 3111 animo.
2765 3073 2889 3113 mea
2946 3058 3097 3129 (Isai.
3132 3076 3172 3126 1,
3215 3060 3323 3131 15).
3358 3059 3526 3122 Quod

73 3149 286 3204 dabit:
313 3163 430 3202 ecce
448 3150 546 3220 qui
595 3149 907 3203 incredulus
954 3153 1053 3218 est,
1084 3164 1196 3204 non
1237 3150 1342 3204 erit
1389 3154 1537 3205 recta
1566 3152 1756 3206 anima
1784 3131 1825 3197 Ο
1864 3148 2061 3199 autem
2083 3144 2344 3199 animam
2371 3160 2541 3200 suam
2564 3149 2716 3201 Deus
2747 3145 2914 3212 δίκην
2940 3163 3045 3218 PPO
3070 3151 3266 3203 mente
3287 3152 3344 3203 et
3363 3148 3523 3221 cogi-

73 3240 205 3307 eius
237 3237 301 3291 in
329 3239 633 3308 semetipso.
693 3238 877 3292 Justus
930 3245 1116 3292 autem
1171 3240 1237 3292 in.
1288 3239 1403 3308 ﬁde
1455 3255 1561 3294 sua
1590 3241 1751 3295 vivet.

76 3325 228 3379 LXX
261 3341 274 3379 :
305 3329 371 3380 Et
392 3324 673 3395 respondit
702 3323 771 3378 ad
798 3339 889 3379 me
935 3324 1219 3393 Dominus,
1269 3328 1319 3378 et
1346 3325 1528 3379 dixit:
1570 3325 1757 3381 Scribe

81 3414 383 3479 visionem,
441 3420 493 3467 et
560 3414 854 3482 manifeste
927 3413 989 3467 in
1050 3411 1258 3466 buxum
1305 3412 1413 3482 (Al.
1477 3413 1636 3484 buxo)
1697 3421 1757 3468 ut

75 3502 169 3571 (α)
205 3509 570 3573 persequatur
598 3501 695 3571 qui
724 3502 855 3572 tegit
902 3515 1006 3555 ea:
1035 3501 1168 3569 quia
1221 3500 1399 3555 adhuc
1456 3502 1591 3556 visio
1640 3499 1752 3571 [ΑΙ.

80 3589 323 3661 visioni]
351 3591 411 3644 in
444 3598 674 3661 tempus,
735 3598 788 3645 et
845 3590 1059 3644 orietur
1117 3591 1178 3643 in
1235 3588 1420 3658 ﬁnem,
1478 3593 1532 3643 et
1557 3604 1667 3644 non
1696 3592 1758 3644 in

82 3678 253 3734 ϐω
286 3693 539 3732 vacuum.
570 3679 637 3732 Li
663 3677 948 3748 defecerit,
969 3679 1180 3732 sustine
1208 3693 1353 3747 eum,
1384 3678 1516 3748 quia
1535 3680 1761 3733 veniens

80 3768 303 3832 veniet,
333 3769 385 3820 et
408 3782 521 3820 non
551 3765 792 3820 tardabit
816 3782 829 3818 :
862 3767 912 3819 si
940 3767 1240 3821 retraxerit
1266 3781 1340 3831 se,
1363 3782 1479 3819 non
1496 3766 1753 3836 placebit.

78 3857 302 3912 anima:
330 3870 464 3912 mea:
490 3857 551 3909 in
581 3870 663 3910 eo.
695 3856 883 3911 Justus
930 3861 1111 3909 autem
1162 3869 1232 3907 ea:
1284 3852 1391 3923 ﬁde
1442 3869 1563 3909 mea
1592 3856 1757 3910 vivet.

80 3951 211 4001 Pro
240 3944 462 3999 tabulis
493 3948 551 3998 et
572 3945 735 4014 buxo,
769 3943 925 4015 quod
956 3942 1233 3997 Hebraice
1262 3941 1479 3996 dicitur
1505 3958 1759 3997 ALLUO’I‘H

76 4035 206 4107 [ΑΙ.
242 4036 413 4101 Lu'rn]
456 4016 717 4103 (mi-15:1),
780 4030 1169 4104 Symmachus
1229 4029 1646 4102 interpretatus
1676 4035 1765 4087 est

72 4124 356 4197 paginas.
381 4121 449 4175 Et
470 4120 571 4176 ubi
621 4120 1005 4192 Septuaginta
1050 4124 1374 4191 posuerunt
1399 4136 1413 4174 :
1444 4121 1631 4175 Justus
1658 4137 1763 4175 au-

71 4218 207 4269 tem
229 4226 309 4266 ea:
321 4210 424 4279 ﬁde
443 4225 563 4264 mea
582 4211 745 4278 vivet,
770 4225 974 4264 omnes
995 4207 1300 4278 aequaliter
1314 4208 1762 4276 transtulerunt,

73 4319 163 4357 ex
200 4299 315 4368 ﬁde
330 4315 432 4355 sua
450 4300 610 4353 vivet.
642 4298 901 4368 Denique
926 4296 1318 4369 Symmachus
1338 4297 1767 4367 signiﬁcantius

1861 3231 2080 3287 tatione
2113 3233 2397 3287 debemus
2428 3233 2710 3304 accipere,
2746 3238 2810 3288 ut
2859 3234 2936 3289 sit
2985 3234 3356 3292 intellectus:
3390 3253 3523 3294 meo

1864 3322 2065 3376 sensui
2091 3320 2443 3391 displicebit.
2472 3321 2637 3375 Sicut
2669 3326 2864 3377 autem
2899 3322 3235 3394 displicebit
3272 3323 3373 3380 ille
3395 3325 3521 3397 qui,

1866 3400 1960 3463 me
1989 3408 2383 3479 promittente,
2437 3408 2791 3464 dubitaverit
2835 3414 3147 3465 venturum
3192 3427 3321 3467 esse
3363 3413 3523 3482 quod

1866 3495 2124 3567 Spondeo
2150 3511 2162 3547 :
2187 3494 2269 3549 ita
2285 3495 2487 3565 justus
2509 3496 2610 3565 qui
2630 3497 2941 3553 crediderit
2955 3498 3332 3569 promissioni
3350 3515 3516 3566 mea,

1864 3583 2013 3639 vivet
2034 3583 2092 3637 in
2115 3583 2229 3637 ﬁde
2248 3599 2373 3638 sua.
2398 3583 2500 3637 His
2519 3584 2687 3653 quasi
2709 3583 2882 3639 lineis
2923 3584 3163 3656 capituli
3196 3585 3377 3656 hujus
3399 3586 3522 3658 pic-

1865 3677 2000 3727 tura
2027 3672 2319 3742 descripta
2350 3674 2454 3726 est.
2489 3671 2651 3734 Quod
2685 3676 2880 3727 autem
2906 3672 3066 3740 dicit,
3109 3673 3523 3744 hujuscemodi

1867 3766 1977 3826 est,
2019 3760 2099 3813 ita
2137 3759 2441 3814 dumtaxat
2466 3763 2528 3813 ut
2561 3764 2617 3813 et
2665 3759 3112 3816 translationem
3142 3762 3527 3834 Septuaginta

1870 3849 2242 3904 misceamus.
2267 3847 2465 3903 Scribe
2486 3848 2545 3902 in
2565 3848 2737 3903 corde
2756 3858 2879 3916 tuo,
2900 3853 2957 3904 et
2984 3849 3153 3920 quasi
3175 3849 3401 3921 parvuli
3421 3848 3527 3921 qui

1870 3937 2060 4009 prima
2079 3935 2365 3991 elementa
2387 3936 2684 4007 accipiunt
2704 3936 3057 4006 litterarum,
3098 3954 3305 3995 curvos
3327 3938 3523 4011 apices

1871 4031 1929 4083 et
1948 4029 2296 4081 trementem
2315 4041 2558 4079 manum
2581 4026 2640 4080 in
2661 4026 3136 4095 buxo-erudiunt,
3178 4031 3236 4083 et
3277 4028 3349 4084 ad
3372 4030 3527 4083 recte

1873 4113 2248 4169 scribendum
2274 4112 2649 4169 meditatione
2664 4119 3086 4171 consuescunt:
3108 4115 3190 4172 ita
3204 4119 3271 4171 tu
3292 4132 3530 4188 quoque

1876 4202 1977 4275 qui
1999 4219 2067 4257 ex
2088 4218 2338 4273 persona
2359 4202 2709 4273 ambigentis
2730 4202 2963 4259 locutus
2984 4219 3047 4259 es
3102 4203 3326 4277 populi,
3351 4204 3409 4259 in
3430 4209 3518 4261 ta-

1877 4290 2031 4347 bulis
2051 4290 2244 4346 cordis
2266 4290 2351 4345 tui
2373 4295 2429 4345 et
2447 4291 2507 4345 in
2526 4292 2678 4347 buxo
2713 4292 2963 4363 pectoris
2981 4292 3171 4348 scribe
3192 4292 3345 4363 quod
3368 4292 3526 4348 dico.

83 4391 509 4460 interpretans
536 4387 617 4442 ait
643 4403 656 4441 :
689 4388 874 4441 Justus
921 4389 1104 4440 autem
1140 4401 1240 4455 per
1282 4384 1448 4455 fidem
1487 4387 1770 4456 propriam
1876 4380 2036 4435 Visio
2057 4379 2213 4434 enim
2237 4383 2474 4450 estquae
2497 4380 2857 4449 promittitur
2868 4380 3227 4451 jubeturquc
3255 4379 3530 4448 describi,

87 4494 275 4535 suam
298 4477 442 4531 vivet
466 4476 617 4547 quod
640 4474 834 4530 Grmce
855 4472 1204 4543 dicitur,(b)6
1228 4468 1436 4533 δίκαιος
1474 4476 1542 4544 τῇ
1579 4471 1769 4525 ἑαυτοῦ
1801 4496 1847 4560 D
1879 4474 1937 4525 et
1953 4468 2129 4524 scribi
2152 4468 2545 4533 manifestius,
2569 4472 2635 4522 ut
2667 4467 2825 4523 nullo
2862 4466 3192 4523 involvatur
3228 4467 3452 4535 nubilo,
3476 4470 3536 4523 et

81 4567 288 4620 πίστει
330 4565 513 4632 ζήσειζ
564 4578 946 4618 BAEMUNATHO
995 4563 1299 4633 (insinua)
1344 4561 1585 4633 quippe,
1617 4561 1772 4633 quod
1801 4554 1839 4560 ⁷
1883 4554 3536 4628 nulliszenigmatumobscureturambagibus:manifesta

78 4657 539 4726 interpretatur
567 4654 628 4707 in
656 4652 761 4722 ﬁde
784 4668 903 4717 sua,
937 4650 986 4706 si
1012 4666 1113 4705 ,ποθ
1142 4654 1200 4704 et
1228 4666 1344 4704 non
1374 4666 1488 4705 nu
1518 4649 1774 4705 litteram
1883 4661 2019 4718 spes
2042 4645 2414 4700 manifestam
2437 4643 2650 4698 habeat
2669 4642 3068 4714 sponsionem.
3092 4646 3212 4697 Hoc
3250 4647 3467 4710 autem,
3500 4657 3536 4698 ο

78 4745 359 4801 haberet
380 4742 441 4796 in
465 4742 599 4808 fine,
635 4744 699 4795 ut
728 4740 1111 4811 Septuaginta
1139 4742 1510 4809 putaverunt,
1543 4744 1599 4793 et
1626 4738 1777 4811 lege-
1885 4733 2190 4806 propheta,
2214 4730 2507 4802 praecipio,
2535 4745 2650 4785 non
2674 4731 2829 4801 quod
2852 4734 2917 4785 tu
2964 4730 3193 4786 nescias
3216 4731 3354 4801 (non
3376 4729 3536 4786 enim

79 4839 275 4892 retur
316 4846 685 4885 alimmum
733 4828 1061 4901 (annnam),
1114 4831 1265 4881 recte
1312 4826 1776 4892 transtulissent,
1886 4838 2046 4877 esses
2066 4817 2439 4891 propheta,si
2463 4818 2810 4890 ignorares),
2833 4818 2934 4873 sed
2955 4821 3022 4873 ut
3050 4818 3205 4887 quod
3241 4821 3307 4873 tu
3347 4817 3538 4873 mani-

80 4930 159 4982 in
178 4921 302 4992 ﬁde
324 4934 465 4975 mea.
492 4919 658 4974 Nunc
677 4922 873 4974 autem
886 4916 1211 4972 similitudo
1230 4915 1432 4970 littera:
1451 4932 1561 4971 vso
1580 4920 1638 4971 et
1655 4932 1778 4984 .1013,
1886 4910 2093 4966 festius
2113 4904 2439 4977 scripseris,
2464 4904 2647 4962 lector
2666 4906 2887 4978 absque
2906 4905 3325 4978 impedimento
3345 4910 3404 4962 et
3419 4905 3540 4961 dif-

80 5027 241 5086 quae
268 5024 557 5063 mensura
577 5010 807 5062 tantum
830 5006 978 5060 inter
1017 5021 1078 5059 se
1099 5002 1340 5073 distant,
1369 5020 1544 5058 causa
1565 5003 1778 5059 erroris
1888 4997 2143 5054 ﬁcultate
2173 4993 2359 5066 possit
2386 4992 2576 5086 legere
2623 4999 2799 5086 atque
2835 5010 3216 5086 Apescurrere;
3250 4995 3405 5086 quod
3437 4993 3541 5086 Se:-

82 5078 243 5157 fuit.
277 5096 400 5151 Hoc
432 5111 611 5167 quare
632 5094 854 5165 dictum
877 5093 975 5159 sit,
999 5107 1248 5163 sequens
1272 5091 1590 5163 disputatio
1616 5108 1638 5145 c

1982 5086 2196 5159 laginta
2207 5080 2813 5143 transtuleruntzbnwc
2832 5078 3003 5155 διώκῃ
3021 5082 3048 5136 ὁ
3063 5081 3447 5157 ἀναγινώσκων
3460 5081 3538 5151 ,id

84 5185 452 5263 prehendit.
482 5183 659 5239 Juxta
688 5181 1199 5255 repromissionem
1241 5195 1367 5251 qua:
1399 5180 1471 5234 ad
1505 5184 1778 5235 sanctum
1888 5180 1996 5243 est,
2028 5180 2086 5230 ut
2110 5176 2469 5246 pc,sequatur
2497 5173 2595 5243 qui
2625 5172 2754 5243 legit
2770 5191 2793 5237 ,-
2838 5173 3005 5243 juxta
3054 5171 3223 5227 illum
3274 5187 3545 5241 sensum,

177 5294 269 5365 (α)
308 5290 510 5363 Regia.
546 5294 749 5365 ms,_ut
779 5293 993 5365 currat,
1022 5304 1165 5365 quae
1199 5285 1431 5365 prgprie
1472 5285 1692 5365 Aquila
1725 5290 1783 5342 et
1889 5281 2155 5365 voluerit.
2188 5282 2399 5365 Malm,
2427 5307 2517 5365 TA
2540 5281 2717 5365 Hganc,
2756 5277 3541 5365 yartianaepssententiam

86 5349 781 5442 εέὧωεέίλοένίδιίίιιιῗ
808 5349 1225 5440 interualli“;
1274 5349 1636 5442 δῗτωεῖτρέῦίηε
1734 5428 1744 5439 .
1890 5356 2218 5442 θνξῖὲείένυτη
2267 5349 3545 5442 ‘iij_‘ic.ti°.“_‘i_v_°’_’1°f“3?i_€193.39???"

177 5416 469 5521 (bl—liquo
500 5416 1110 5521 locumdepraydtuqi
1141 5416 1490 5485 inveniesin
1520 5416 1733 5521 ap'tiqu:

1982 5431 2035 5492 lt,
2051 5425 2322 5521 deprav‘at
2339 5416 2537 5521 legens
2548 5416 2753 5521 utrium
2745 5420 2814 5492 τῇ
2833 5416 3330 5521 bkbliqtoqatquroﬁ
3357 5420 3538 5521 σει.

89 5490 503 5576 editionibus,
536 5509 658 5560 tam
706 5504 768 5560 in
804 5490 1023 5559 ‘ordine
1069 5503 1410 5576 Graecorum
1448 5490 1779 5576 verborum,
1891 5498 2007 5576 Nos
2023 5490 2525 5576 quemadmodum
2544 5495 2601 5546 et
2613 5492 2697 5576 ab
2714 5490 2963 5547 Eusebio
3002 5490 3297 5573 laudatur,
3330 5495 3388 5550 et
3407 5492 3543 5574 jeut

92 5594 310 5665 quam
336 5578 397 5636 in
426 5571 671 5635 lectione
702 5579 1007 5633 contextus
1049 5572 1338 5632 Hebraici.
1383 5571 1653 5635 Conferat
1680 5571 1784 5654 qui

455 5702 721 5789 Panos.
769 5700 962 5771 XXV.

1893 5569 2028 5633 inde
2044 5561 2130 5629 'ab
2160 5562 2384 5625 Εἶτα.εωὶ
2412 5565 2537 5622 erat
2563 5561 2834 5643 editione,
2865 5562 3261 5641 reposuimus.

3147 5686 3565 5799 ἐς»,
