3940 6166
386 266 543 337 1291

1640 265 1705 325 S.
1755 260 2063 326 EUSEBII
2108 260 2553 326 HIERONYMI

3559 273 3667 339 1292

387 398 490 472 qui
510 399 581 454 ad
605 395 981 453 Timotheum
1013 394 1327 455 scribitur:
1359 400 1691 466 Persequere
1728 397 2037 469 justitiam,
2070 400 2125 464 Α
2154 401 2309 454 runt.
2342 398 2488 454 Cum
2518 395 2718 468 utique
2777 394 2931 451 θη
2983 394 3280 451 debuerint
3305 398 3464 469 ~juxta
3496 400 3541 456 id
3563 406 3674 474 quod

385 491 437 546 et
457 489 719 560 pietatem
748 493 803 542 et
829 485 1011 555 ﬁdem,
1044 485 1392 552 charitatem,
1417 487 1768 557 patientiam,
1792 502 2045 542 mansue-

384 576 640 632 tudinem
668 575 713 647 (Ι
750 575 884 631 Tim.
916 591 996 639 vr,
1024 575 1133 643 11).
1156 576 1225 631 Et
1259 575 1331 631 ad
1371 575 1664 631 Romanos
1694 594 1706 632 :
1745 577 2044 648 Hospitali-

384 672 551 720 tatem
577 668 848 720 sectantes
879 666 1057 733 (Rom.
1089 681 1189 736 x11,
1240 665 1348 733 13).
1410 665 1477 719 Et
1535 666 1607 720 ad
1668 664 2043 720 Corinthios:

380 754 792 825 Persequimini
825 752 1153 809 charitatem
1176 753 1220 824 (Ι
1253 752 1367 809 Cor.
1424 770 1539 824 xxv,
1576 753 1651 825 1).
1687 754 1821 826 Ipsa
1852 758 2048 809 autem

379 841 526 899 visio
548 842 619 899 de
644 859 762 915 qua
780 840 886 897 tibi
908 840 1028 897 dixi
1057 858 1069 896 :
1097 841 1289 898 scribe
1302 841 1610 908 visionem,
1639 846 1695 897 et
1738 843 2050 898 manifesta

380 929 440 989 in
460 931 633 1002 buxo,
658 935 727 987 ut
744 930 931 1002 possit
950 930 1222 1003 persequi
1256 931 1357 1003 qui
1395 930 1555 1003 legit,
1603 930 1794 987 adhuc
1816 932 1875 986 in
1897 936 2050 987 tem-

384 1037 525 1095 pore
554 1020 873 1077 constituto
906 1023 1017 1085 est,
1050 1020 1120 1075 de
1176 1037 1290 1092 quo
1339 1020 1600 1076 Salvator
1630 1020 1747 1076 ait:
1784 1022 2045 1092 Tempore

384 1109 707 1182 acceptabili
735 1108 849 1178 [AL
879 1112 1111 1180 accepto]
1145 1108 1409 1164 exaudiui
1439 1120 1507 1174 te,
1539 1117 1589 1164 et
1620 1126 1681 1164 2n
1728 1108 1821 1165 die
1853 1111 2052 1166 salutis

386 1197 693 1255 auxiliatus
737 1214 860 1254 sum
907 1199 1011 1254 tibi
1069 1198 1222 1270 (lsai.
1282 1214 1432 1268 xux,
1492 1199 1568 1269 8).
1626 1199 1697 1254 Et
1741 1198 1961 1254 orietur
1991 1198 2052 1254 in

393 1288 902 1347 consummatione
927 1286 1155 1357 mundi,
1190 1291 1248 1342 et
1278 1287 1337 1341 in
1368 1290 1627 1343 extrema
1655 1287 1772 1343 diei
1796 1287 1955 1357 hora,
1983 1288 2054 1344 de

386 1390 505 1449 qua
532 1375 794 1449 loquitur
821 1380 879 1431 et
903 1375 1199 1431 Joannes:
1233 1376 1451 1441 Filioli,
1510 1393 1658 1432 nunc
1703 1376 1836 1432 hora
1866 1378 2051 1432 novis-

385 1466 529 1520 sima
557 1468 636 1520 est
668 1464 710 1537 (Ι
738 1466 894 1521 Joan.
939 1479 1000 1532 II,
1063 1466 1171 1532 18).
1232 1465 1301 1520 Et
1358 1482 1475 1520 non
1538 1466 1760 1521 frustra
1821 1467 2050 1521 veniet;

386 1552 636 1609 salvabit
654 1554 811 1609 enim
831 1553 1133 1620 multos,et
1158 1570 1294 1609 cum
1316 1553 1582 1626 reliquiis
1622 1553 1928 1610 Israelitici
1952 1571 2054 1627 po-

385 1640 508 1714 puli
532 1642 679 1698 θιι
710 1642 1153 1698 multitudinem
1180 1643 1441 1714 gentium
1462 1644 1861 1716 congregabit.
1885 1645 2050 1708 Quod

2153 486 2407 559 primum
2440 484 2804 557 interpretati
2827 488 2966 540 sunt
2986 486 3261 551 visionem,
3276 486 3426 542 etiam
3443 488 3490 543 in
3504 489 3675 563 reliquis

2156 576 2503 631 femininum
2534 590 2719 647 genus
2777 590 2991 646 ponere
3036 572 3287 645 visionis,
3313 580 3371 630 ut
3395 576 3597 633 dicerent
3617 596 3679 635 cs-

2153 670 2331 736 specta
2361 682 2485 720 eam
2506 681 2517 719 :
2543 666 2675 736 quia
2693 666 2915 719 veniens
2939 665 3160 718 veniet:
3183 665 3312 735 quod
3337 666 3446 720 sise
3470 668 3681 723 subtraxe-

2158 755 2249 821 rit,
2282 769 2391 809 non
2422 753 2656 825 placebit
2687 755 2899 809 animm
2926 768 3065 807 mese
3092 752 3151 807 in
3179 769 3258 821 ea,
3286 753 3446 819 idest,
3464 757 3684 813 inrisione.

2158 847 2275 899 Hoc
2308 847 2630 915 propterea,
2665 859 2736 896 ne
2768 842 2922 913 quod
2970 840 3308 909 sciebamus,
3347 842 3617 899 videremur
3634 850 3685 900 ta-

2160 948 2308 987 cere.
2334 931 2616 986 Caeterum
2638 948 2752 985 non
2776 931 2978 1003 ignoro
3015 931 3325 985 secundum
3366 931 3689 1002 interpretatio-

2162 1037 2292 1076 nem
2317 1038 2517 1076 eorum
2542 1037 2713 1091 posse
2737 1025 2792 1075 et
2817 1020 2899 1074 ita
2922 1018 3103 1090 accipi
3130 1036 3143 1073 :
3194 1019 3376 1074 Scribe
3418 1020 3641 1076 visionem
3656 1021 3690 1076 in

2163 1116 2278 1179 qua
2298 1108 2565 1164 Christus
2589 1108 3033 1180 repromittitur,
3058 1112 3111 1163 et
3135 1107 3423 1179 prOphetiae
3451 1113 3545 1163 tua:
3575 1109 3639 1164 vel
3656 1111 3693 1166 in

2162 1198 2336 1261 buxo,
2369 1197 2459 1255 vel
2491 1198 2548 1251 in
2581 1197 2817 1264 tabulis,
2850 1196 2958 1268 vel,
2998 1202 3061 1251 ut
3081 1197 3444 1268 Symmachus
3462 1198 3694 1267 transtulit,

2158 1290 2403 1361 paginis,
2427 1287 2585 1342 hunc
2608 1291 2734 1341 texe
2757 1302 3108 1353 sermonem,
3135 1285 3282 1357 quod
3313 1290 3537 1357 tempore
3553 1289 3696 1342 consti-

2164 1381 2313 1445 tuto;
2346 1381 2402 1432 et
2458 1376 2517 1431 in
2575 1376 3080 1432 consummatione
3136 1374 3331 1429 mundi
3374 1375 3543 1429 veniat
3582 1374 3698 1429 Filius

2166 1482 2354 1529 meus,
2378 1466 2478 1535 qui
2500 1465 2683 1521 salvet
2703 1481 2836 1520 oves
2857 1464 3114 1535 perditas
3135 1464 3337 1518 domus
3358 1463 3528 1532 Israel,
3548 1467 3593 1518 et
3610 1462 3701 1518 alias

2166 1571 2398 1627 quoque
2419 1571 2552 1610 oves
2572 1552 2830 1624 antiquis
2854 1553 3061 1609 ovibus
3081 1552 3327 1624 copulet,
3373 1556 3425 1606 ct
3461 1568 3611 1607 unum
3625 1552 3705 1607 elli-

2166 1644 2326 1699 ciens
2348 1659 2582 1716 gregem
2622 1643 2838 1713 jungat
2876 1643 3022 1697 duas
3040 1642 3251 1714 virgas,
3274 1657 3411 1711 quas
3431 1640 3650 1709 Ezechiel,
3670 1641 3705 1694 id

386 1730 769 1804 sipaululum
791 1748 854 1788 se
870 1731 1246 1799 subtraxerit,
1270 1736 1327 1787 et
1345 1731 1495 1787 votis
1540 1732 1678 1797 tuis,
1727 1732 1928 1800 lector,
1956 1734 2054 1804 qui
2085 1766 2132 1831 B
2165 1746 2271 1791 est.
2307 1734 2476 1789 virtus
2508 1733 2625 1797 Dei,
2661 1731 2910 1788 sociatus
2940 1736 2999 1786 et
3030 1731 3140 1786 sibi
3187 1730 3427 1785 invicem
3454 1728 3709 1784 coherentes

387 1819 578 1893 legere
596 1820 827 1891 juberis
858 1820 919 1875 in
948 1821 1121 1891 buxo,
1157 1824 1214 1876 et
1235 1820 1295 1875 in
1318 1820 1554 1889 tabulis,
1579 1838 1725 1892 quas
1770 1822 2053 1894 propheta
2085 1818 2131 1831 ”
2165 1826 2321 1877 tenet
2352 1821 2410 1876 in
2460 1820 2786 1893 prophetali
2810 1837 2989 1875 manu
3024 1822 3200 1890 (Esca.
3231 1820 3349 1890 v11).
3381 1818 3525 1884 Quod
3558 1818 3595 1872 si
3619 1834 3710 1888 pau-

388 1908 720 1982 descripsit,
750 1907 947 1964 venire
988 1908 1217 1965 tardius
1270 1909 1416 1964 visio
1469 1911 1727 1981 coeperit,
1781 1916 2053 1982 exspecta
2162 1909 2373 1979 Iulum,
2406 1927 2437 1966 ο
2461 1909 2765 1982 propheta,
2790 1908 2879 1965 vel
2900 1912 2986 1978 tu,
3008 1907 3221 1981 popule
3243 1909 3331 1979 (ex
3348 1907 3507 1977 cujus
3539 1921 3714 1977 persona

391 2013 522 2054 eam
547 2014 560 2053 :
592 1998 732 2069 quia
749 1996 987 2053 veniens
1003 1998 1214 2065 veniet,
1238 2001 1295 2053 et
1314 2014 1429 2053 non
1454 1999 1728 2055 tardabit.
1767 1999 1824 2053 Si
1854 2004 2050 2055 autem
2161 2000 2431 2055 dubitare
2457 1999 2619 2054 visus
2639 2003 2731 2054 est
2750 2002 2808 2054 et
2827 1998 3110 2070 propheta
3131 1998 3339 2067 meus),
3363 2012 3421 2051 se
3450 1993 3713 2051 subtraxerit

392 2084 745 2143 dubitaverit
762 2086 903 2141 fides
918 2090 1042 2154 tua,
1062 2090 1119 2141 et
1158 2087 1452 2157 putaveris
1475 2104 1590 2143 non
1642 2087 1870 2145 evenire
1892 2090 2048 2160 quod
2158 2089 2444 2160 Christus,
2476 2092 2532 2144 et
2551 2088 2713 2143 visus
2765 2087 2940 2143 fuerit
2986 2087 3304 2150 retardare,
3337 2082 3711 2156 exspectaillum.

392 2175 673 2248 spondeo,
691 2173 936 2230 habebis
956 2190 1060 2246 pro
1082 2174 1289 2247 grandi
1312 2192 1481 2247 pcena
1503 2177 1655 2247 quod
1679 2193 1817 2232 meae
1840 2179 2048 2232 animae
2156 2179 2393 2235 veniens
2426 2178 2585 2234 enim
2610 2178 2820 2241 veniet,
2845 2180 3037 2231 etnon
3061 2175 3348 2242 tardabit,
3375 2180 3431 2229 et
3456 2177 3714 2242 ceteraque

392 2262 754 2337 displicehis.
776 2263 983 2321 Justus
1004 2268 1200 2319 autem
1224 2264 1325 2335 qui
1349 2265 1530 2320 crcdit
1564 2264 1752 2320 verbis
1793 2265 1959 2337 meis,
1994 2270 2052 2323 et
2152 2268 2278 2337 jam
2302 2283 2480 2339 supra
2502 2267 2902 2338 exposuimus.
2927 2265 3101 2320 Porro
3144 2264 3297 2335 quod
3334 2261 3609 2334 Apostolus
3631 2257 3716 2314 LE

393 2354 465 2410 de
483 2352 577 2408 his
600 2369 714 2409 non
736 2352 984 2426 ambigit
1006 2369 1132 2425 quas
1154 2351 1449 2424 polliceor,
1483 2354 1722 2410 habebit
1743 2356 2047 2426 premium
2160 2356 2351 2429 magis
2374 2355 2713 2411 testimonio
2736 2354 2957 2410 abusus
2982 2357 3090 2420 est,
3112 2355 3185 2409 ad
3204 2354 3486 2407 Romanos
3505 2350 3717 2405 scribens:

392 2442 470 2515 (a)
491 2442 671 2499 vitam
693 2441 1131 2514 sempiternam.
1150 2442 1265 2498 Nec
1282 2442 1482 2498 statim
1504 2444 1682 2499 debes
1699 2461 1943 2517 arguere
1960 2445 2046 2501 vel

390 2530 453 2587 in
471 2534 529 2587 te
548 2530 972 2600 interficiendo,
995 2531 1083 2588 vel
1105 2531 1165 2587 in
1199 2530 1298 2588 illo
1329 2531 1673 2588 viviﬁcaudo
1714 2535 1866 2605 quod
1892 2537 2044 2605 apud

392 2635 487 2677 me
511 2620 766 2692 acceptio
788 2636 1174 2693 personarum
1198 2621 1293 2689 sit,
1320 2621 1460 2693 quia
1478 2621 1604 2693 ipse
1642 2623 2047 2680 viviﬁcationis

390 2725 512 2766 sua)
531 2725 709 2766 causa
727 2713 836 2776 est,
866 2709 966 2782 qui
989 2726 1058 2765 ex
1078 2710 1192 2766 ﬁde
1225 2727 1334 2765 sua
1374 2710 1516 2766 vivit
1539 2727 1551 2764 :
1605 2713 1757 2768 sicut
1800 2718 1865 2768 tu
1887 2730 1954 2768 ex
1978 2729 2045 2769 eo

392 2799 547 2872 quod
578 2802 634 2853 te
664 2798 1031 2866 subtraxisti,
1065 2803 1121 2854 et
1150 2799 1385 2855 credere
1406 2798 1668 2871 noluisti,
1692 2799 2045 2872 displicuisti

393 2886 602 2944 animae
633 2902 794 2942 meae.
829 2886 1136 2943 Manifesta
1187 2890 1385 2943 autem
1434 2887 1494 2942 in
1555 2888 1647 2945 his
1696 2889 1768 2945 de
1797 2891 2045 2946 adventu

393 2975 610 3034 Christi
642 2975 946 3047 prophetia
972 2979 1080 3033 est.
1141 2976 1303 3031 Unde
1356 2980 1413 3033 et
1463 2978 1761 3050 proposita
1805 2981 2047 3051 quaestio

2157 2445 2433 2516 (b)Justus
2463 2449 2650 2499 autem
2664 2444 2852 2514 exﬁde
2882 2460 3007 2499 mea
3022 2441 3576 2514 vivet(Rom.i,i7),et
3595 2451 3718 2491 noceo

2158 2535 2314 2606 quod
2331 2533 2582 2589 habetur
2596 2533 2654 2588 in
2670 2532 3159 2600 Hebraico,causa
3170 2531 3474 2603 perspicua
3485 2525 3724 2584 estScribe-

2154 2624 2232 2678 ba
2246 2628 2271 2679 t
2297 2622 2457 2677 enim
2481 2622 2893 2694 Romanis,qui
2917 2621 3255 2693 Scripturas
3274 2618 3561 2674 Hebraicas
3578 2613 3723 2669 nescis.

2155 2712 2235 2768 ba
2254 2716 2321 2767 nt
2347 2727 2359 2765 :
2378 2728 2482 2766 nec
2504 2716 2629 2767 erat
2649 2711 2700 2767 ei
2721 2727 2863 2767 cura
2879 2710 2951 2765 de
2969 2709 3331 2773 verbis,cum
3355 2722 3545 2762 sensus
3562 2701 3721 2759 essetin
3816 2748 3817 2773 1

2152 2802 2365 2871 tuto,et
2376 2800 2659 2855 damnum
2673 2816 2742 2856 ex
2755 2816 2820 2855 eo
2834 2814 3091 2871 praesens
3105 2796 3424 2869 disputatio
3436 2811 3537 2850 non
3547 2792 3725 2847 haberet

2154 2888 2430 2961 Alioquin
2444 2890 2801 2960 ubicumque
2815 2888 3080 2944 diversus
3094 2892 3184 2943 est
3198 2888 3495 2951 sensus,et
3505 2877 3733 2939 aliterscri.

2157 2981 2323 3051 ptum
2344 2978 2506 3033 estin
2535 2977 2835 3041 Hebraico,
2858 2976 3026 3033 aliter
3044 2976 3102 3031 in
3124 2976 3285 3045 LXX,
3310 2980 3445 3030 nota
3465 2988 3580 3028 eum
3603 2966 3730 3024 utihis

397 3064 660 3133 solvitur,
686 3064 841 3135 quod
859 3065 1042 3120 donec
1062 3064 1159 3121 ille
1178 3065 1391 3133 veniat,
1415 3066 1697 3136 iniquitas
1714 3068 2051 3126 dominetur
2094 3136 2121 3139 ,Α
2158 3068 2515 3123 testimoniis
2536 3084 2665 3139 quae
2683 3084 2714 3122 a
2740 3064 3057 3122 Gamaliete
3080 3066 3325 3123 doctore
3356 3062 3491 3135 legis
3509 3057 3727 3116 didicerat.

398 3155 463 3209 in
491 3152 732 3219 mundo,
766 3156 823 3208 et
842 3151 1136 3224 judicium
1168 3170 1283 3209 non
1316 3154 1613 3225 perveniat
1644 3158 1713 3211 ad
1752 3158 1926 3214 ﬁnem
1952 3176 1963 3213 :
1996 3164 2052 3215 et
2081 3136 2123 3202 Ο
2235 3161 2421 3226 (Vers.
2453 3157 2489 3211 5
2519 3136 2709 3228 seqq.)
2739 3158 2813 3211 Et
2845 3154 3106 3225 quomodo
3136 3155 3345 3210 vinum
3378 3153 3612 3224 potantem
3633 3145 3733 3199 deci-

399 3256 575 3298 verus
590 3239 1126 3296 Nabuchodonosor
1153 3241 1346 3312 capiat
1367 3247 1487 3297 rete
1503 3260 1607 3299 suo
1630 3249 1685 3300 et
1710 3262 1926 3318 sagena
1947 3247 2049 3303 ho-

402 3329 595 3387 mines
616 3328 784 3401 quasi
801 3328 1132 3401 pisciculos,
1157 3335 1214 3386 et
1235 3330 1577 3387 rationabile
1617 3332 1724 3405 [Αἰ.
1745 3328 2050 3407 rationale]

409 3416 627 3476 animal
645 3418 812 3492 quasi
835 3417 1058 3491 reptile,
1084 3436 1200 3475 non
1232 3419 1455 3476 habens
1502 3422 1845 3495 principem.
1878 3426 2054 3482 Porro

408 3508 563 3583 quod
587 3525 689 3582 pro
706 3506 927 3564 visione
942 3506 1303 3577 interpretati
1321 3525 1550 3580 sumus,
1569 3513 1701 3583 quia
1711 3512 1890 3569 adhuc
1908 3517 2057 3571 visus

403 3597 633 3671 procul:
664 3601 719 3655 et
747 3599 801 3652 si
814 3612 1034 3652 moram
1051 3599 1257 3668 fecerit,
1282 3604 1536 3669 exspecta
1561 3601 1741 3667 illum,
1765 3601 1821 3657 id
1841 3608 1947 3673 est,
1971 3604 2055 3659 vi-

405 3703 542 3753 sum
566 3702 580 3744 :
608 3703 723 3743 non
747 3687 907 3758 puiet
929 3686 1143 3759 aliquis
1163 3703 1357 3743 errore
1399 3688 1674 3761 deceptus
1716 3708 1818 3763 pro
1834 3692 2057 3750 visione

406 3793 534 3850 quas
563 3780 654 3834 est
682 3776 912 3849 generis
944 3776 1231 3855 feminini,
1264 3775 1456 3833 visum
1504 3779 1793 3849 posuisse,
1838 3781 1938 3853 qui
1970 3786 2058 3837 est

406 3866 638 3938 generis
669 3863 1069 3931 masculini,et
1095 3865 1293 3920 minus
1319 3866 1603 3922 usitatum
1625 3872 1715 3923 est
1742 3868 1802 3923 in
1828 3870 2053 3937 Latino,

403 3954 922 4043 Siquidem‘uazou
1185 3954 1339 4025 quod
1381 3954 1595 4026 Aquila
1643 3956 2060 4029 interpretatur

405 4039 779 4115 δραματισμὸν
812 4039 1271 4112 αρυάᾙθὶηιωοε
1302 4058 1512 4114 genere
1554 4046 1879 4101 masculino
1909 4050 2058 4105 visus

405 4128 641 4198 dicitur,
672 4131 729 4185 et
759 4144 948 4199 usque
977 4129 1050 4185 ad
1082 4129 1257 4186 finem
1288 4130 1399 4186 sub
1430 4133 1635 4189 eodem
1658 4149 1867 4206 genere
1886 4136 2058 4192 visio-

405 4216 523 4285 nis,
552 4216 611 4273 id
646 4220 754 4287 est,
776 4217 947 4283 visus,
971 4217 1297 4276 masculina
1317 4218 1633 4278 declinatio
1657 4230 2056 4282 conservatur.

406 4305 789 4378 Septuaginta
808 4307 1001 4361 autem
1024 4305 1283 4363 dicentes
1298 4326 1311 4363 :
1331 4310 1510 4366 scribe
1522 4312 1784 4367 visionem
1801 4330 1814 4367 :
1832 4317 1887 4369 et
1899 4318 2059 4385 post-

405 4410 495 4467 ea,
526 4396 578 4451 si
604 4394 887 4467 defecerit,
915 4396 1128 4451 sustine
1174 4411 1300 4452 eum
1322 4413 1341 4451 :
1373 4400 1504 4469 quia
1530 4402 1749 4456 veniens
1778 4404 1977 4474 veniet,
2008 4408 2060 4460 et

2158 3248 2264 3319 pit,
2292 3248 2370 3301 sic
2389 3248 2496 3301 erit
2517 3248 2603 3301 vir
2629 3246 2919 3316 superbus,
2950 3252 3001 3300 et
3027 3260 3137 3299 non
3168 3232 3737 3308 decorabztur,quidila-

2163 3337 2297 3392 tavit
2317 3336 2477 3406 quasi
2507 3336 2763 3405 infernus
2787 3336 3034 3389 animam
3054 3350 3245 3400 suam,
3266 3341 3320 3387 et
3342 3335 3456 3403 ipse
3477 3326 3599 3399 quasi
3613 3334 3736 3382 mors.

2162 3428 2212 3481 et
2228 3442 2332 3480 non
2360 3424 2713 3501 adimpletur.
2736 3424 2799 3478 Et
2822 3423 2892 3494 (c)
2912 3423 3277 3493 congregabit
3307 3421 3381 3476 ad
3417 3436 3470 3475 se
3484 3424 3729 3501 manassen-

2166 3519 2263 3580 tes,
2280 3517 2345 3583 [et
2365 3500 2699 3568 coacervabit
2720 3512 2789 3566 ad
2816 3527 2873 3566 se
2902 3528 3087 3568 omnes
3122 3512 3388 3583 populos.
3428 3500 3652 3576 Numquid
3670 3513 3739 3551 non

2163 3618 2349 3659 omnes
2362 3604 2456 3657 isti
2464 3617 2627 3672 super
2636 3618 2761 3657 eum
2775 3592 3413 3667 pa'rabolamsument,et
3424 3584 3739 3666 loquelamm‘

2163 3700 2405 3763 gmalum
2415 3695 2468 3761 cj
2473 3693 2609 3755 us,et
2621 3690 2855 3745 dicetur:
2867 3695 2954 3744 Vae
2966 3691 3019 3744 ei
3030 3691 3125 3761 qui
3133 3689 3481 3759 multiplicat
3491 3690 3740 3740 nonsuazsr

2164 3795 2375 3852 queque
2389 3782 2649 3850 aggravet
2664 3788 2850 3834 contra
2866 3777 3164 3834 sedensum
3187 3778 3413 3833 lutum?
3446 3766 3736 3841 numquid”!

2167 3870 2322 3925 6l3
2352 3872 2577 3936 repente
2603 3872 2935 3936 consurgent
2962 3870 3064 3939 qui
3089 3867 3389 3923 mordeant
3416 3873 3496 3920 te:
3525 3864 3569 3917 et
3592 3856 3740 3914 suscita-

2168 3959 2371 4014 buntur
2401 3958 2711 4013 lacerantes
2742 3960 2811 4025 te,
2843 3965 2894 4012 et
2924 3958 3031 4012 eris
3068 3958 3129 4011 in
3159 3958 3434 4028 rapinam
3452 3954 3523 4008 eis
3544 3953 3565 4002 .’
3588 3946 3735 4036 θείη

2166 4047 2419 4118 spoliasti
2445 4053 2626 4116 gentes
2655 4046 2877 4117 multas,
2923 4044 3247 4118 spoliabant
3299 4049 3355 4101 te
3384 4056 3555 4099 omnes
3576 4037 3649 4109 qui
3665 4029 3741 4086 νιὶέε

2168 4137 2264 4205 qui
2294 4137 2506 4206 fuerint
2532 4134 2598 4190 de
2625 4135 2847 4206 populis
2870 4139 3096 4207 propter
3124 4137 3465 4205 sanguinem
3504 4119 3739 4184 lacrimisﬂ

2168 4225 2515 4295 iniquitatem
2547 4232 2728 4293 terrae,
2760 4225 3001 4279 civitatis
3030 4231 3084 4279 et
3110 4224 3379 4278 omnium
3395 4209 3740 4302 habitanti“?

2168 4328 2250 4367 ea.
2276 4312 2413 4367 LXX
2439 4331 2450 4367 :
2477 4314 2585 4380 Qui
2615 4317 2807 4368 autem
2835 4328 3107 4381 arrogans
3133 4316 3220 4367 est
3271 4313 3328 4367 et
3369 4311 3667 4376 contmptof,
3690 4308 3742 4348 ιττν

2166 4402 2454 4474 superbus,
2486 4401 2635 4455 nihil
2658 4400 2912 4472 perducit
2939 4380 3011 4456 ad
3040 4402 3252 4471 ﬁnem:
3282 4401 3389 4471 qui
3426 4380 3739 4453 dilatavit!“

402 4499 516 4543 non
536 4483 813 4540 tardabit:
844 4484 896 4540 si
921 4485 1262 4542 subtraxerit
1303 4502 1383 4551 se,
1439 4504 1549 4544 non
1592 4489 1829 4560 placebit
1857 4493 2062 4550 anima?
2091 4506 2136 4570 D
2168 4492 2420 4559 infernus
2453 4491 2699 4545 animam
2726 4507 2908 4558 suam,
2940 4498 2991 4545 et
3013 4491 3114 4545 iste
3136 4490 3317 4558 quasi
3330 4474 3739 4570 merumst???

402 4575 617 4632 Win
633 4590 714 4641 eo,
730 4574 988 4645 primum
1008 4573 1369 4646 interpretati
1389 4580 1527 4632 sunt
1542 4577 1823 4635 visionem
1848 4596 2059 4652 genere
2091 4560 2132 4570 ﬂ
2163 4581 2365 4651 pletur.
2393 4581 2456 4635 Et
2488 4579 2837 4650 congregabit
2882 4579 2953 4633 ad
2980 4594 3039 4634 se
3067 4594 3256 4634 omnes
3289 4586 3500 4649 gentes,
3527 4579 3563 4628 et
3581 4560 3740 4629 ωέὒίνίά

403 4661 709 4731 feminino,
732 4678 860 4734 quas
881 4662 1036 4734 apud
1060 4661 1425 4731 Hebraeos,ut
1444 4665 1726 4735 diximus,
1749 4669 2060 4725 masculini

402 4752 511 4805 est.
533 4750 752 4809 Deinde
773 4750 1096 4807 secundum
1117 4750 1466 4809 Hebraicum
1500 4770 1706 4826 genus,
1732 4756 1833 4811 ubi
1878 4758 2056 4814 decli-

402 4842 578 4896 natur
598 4838 945 4908 masculine,
963 4842 1176 4896 sustine
1195 4857 1340 4907 eum,
1365 4849 1415 4896 et
1434 4858 1543 4898 non
1575 4845 1813 4915 placebit
1852 4849 2058 4906 animo?

398 4942 539 4991 meae
556 4929 618 4985 in
632 4944 713 4996 eo,
733 4926 847 5000 ipsi
865 4945 1098 5000 quoque
1120 4929 1447 4986 masculino
1484 4947 1694 5005 genere
1735 4928 2056 4993 declinave-

472 5087 553 5160 (a)
576 5088 640 5144 In
662 5088 1055 5169 Bpginiems._.
1074 5092 1370 5169 praemium
1391 5094 1618 5169 nomine
1637 5096 1813 5152 vitam
1850 5100 2051 5169 sempi-

401 5161 776 5287 tqgrlnanuuNec
789 5162 989 5286 tstatim
1016 5160 1173 5217 debes
1204 5179 1437 5233 arguere
1463 5164 1552 5221 vel
1582 5166 1643 5221 in
1663 5175 1713 5222 te
1736 5160 2050 5236 reficiendo.

401 5248 435 5287 υ
520 5248 582 5287 in
612 5249 627 5287 ι
677 5248 728 5287 ο.
756 5247 786 5287 e
815 5248 866 5287 c.

401 5246 494 5288 vet
520 5248 582 5287 in
612 5246 728 5298 mo,
756 5246 866 5289 etc.

496 5303 559 5381 1))Δ
578 5302 1212 5381 Hieronymus,_i_nquit
1239 5304 1549 5381 Victorius,
1581 5309 1699 5362 tam
1736 5308 1850 5375 hic,
1873 5326 2050 5381 quam

400 5370 587 5448 quat.
611 5391 695 5440 In,
717 5370 965 5448 testatur
988 5370 1157 5448 LXX
1181 5375 1454 5448 scripisse
1480 5394 1492 5432 :
1541 5381 1735 5434 Justus
1767 5370 1953 5437 autem
1981 5400 2053 5438 ex

398 5443 642 5519 ﬁdemea
650 5448 809 5504 vivet.
833 5446 1018 5519 Quam
1030 5443 1336 5519 lectionem
1358 5448 1802 5519 antiquissimus
1820 5453 2049 5509 Vatica-

398 5528 514 5586 nus
542 5516 721 5586 codex
763 5517 1041 5575 retinuit:
1087 5518 1305 5576 habent
1359 5516 1516 5576 enini
1572 5520 1600 5573 ὁ
1651 5516 1708 5575 δὲ
1757 5519 1964 5586 δίκαιος
1993 5523 2051 5580 ἐκ

398 5581 634 5653 πίστεώς
668 5606 773 5665 μον
812 5589 1065 5662 ζήσηαη
1125 5606 1194 5655 ex
1247 5606 1366 5667 quo
1421 5595 1662 5675 apparet
1715 5594 1883 5657 Rom.
1918 5581 2049 5663 rita

2166 4667 2233 4722 ad
2264 4684 2321 4722 se
2351 4683 2535 4722 omnes
2560 4667 2791 4738 populos
2811 4684 2831 4720 ,ο
2865 4682 3046 4722 nonne
3090 4668 3367 4721 universa
3415 4666 3522 4719 have
3547 4658 3742 4714 :1de

2165 4773 2293 4812 eum
2315 4737 2643 4827 parabolam
2668 4759 2902 4821 sument,
2933 4763 2985 4810 et
3008 4756 3452 4826 propositionem
3471 4750 3535 4805 ad
3553 4737 3739 4802 ηανναιίθ·

2162 4860 2289 4900 nem
2318 4847 2452 4916 ejus,
2492 4845 2541 4899 el
2570 4844 2754 4899 dicent
2778 4862 2790 4899 :
2830 4846 2917 4901 Va:
2954 4847 3051 4914 qui
3077 4844 3433 4914 multiplicat
3462 4840 3564 4896 sibi
3577 4847 3667 4906 qui?
3680 4840 3742 4879 ﬁt"

2161 4942 2407 4990 suntsua
2430 4951 2442 4990 :
2468 4949 2742 5004 usquequo
2779 4937 3043 5003 aggravet
3092 4935 3353 5002 torquem
3385 4946 3541 4987 suam
3563 4920 3736 4994 gratim

2162 5109 2395 5169 quoque
2424 5092 2737 5166 legendum
2769 5109 2913 5149 esse.
2934 5093 3322 5169 Hebraeorum
3346 5076 3736 5169 ευιρηλκεστῑξές

2162 5168 2260 5222 tur
2282 5162 2507 5221 {Justiti
2513 5170 2705 5238 autem
2723 5181 2872 5238 meus
2894 5182 2962 5219 ea:
3009 5165 3114 5238 [ide
3160 5166 3351 5238 vivet,
3384 5162 3560 5238 veluti
3576 5169 3662 5211 vos

2160 5252 2229 5307 ex
2258 5236 2640 5307 sequentibus
2670 5237 2951 5307 pendeat,_
2988 5236 3141 5307 sicut
3191 5236 3424 5307 pendet
3471 5234 3625 5307 Nam;
3649 5234 3731 5307 Εἷς

2161 5304 2211 5361 ἐν
2244 5299 2594 5378 τῷίῗηλῶσαί
2631 5299 2733 5378 μὸν)
2752 5306 2841 5360 τὸν
2869 5303 3056 5374 ζῆλον.
3087 5299 3551 5374 Siniilitudojod
3569 5299 3730 5356 etram

2159 5395 2297 5434 voce
2324 5388 2587 5439 manu:
2617 5378 3011 5450 diversitatem
3042 5378 3326 5450 induxits
3536 5444 3593 5450 _-_
3629 5445 3638 5450 _
3687 5432 3731 5450 μ,

2230 5450 2300 5522 (ο)
2324 5451 2406 5522 Ad
2421 5449 2767 5522 Hebraicum
2790 5451 3165 5522 etVulgatam
3179 5449 3520 5506 editionem
3536 5444 3731 5500 Victoﬂll‘

2158 5520 2444 5595 rescribit,
2480 5520 2856 5597 Congregavit,
2888 5525 2946 5580 et
2974 5520 3349 5581 coacervavit.
