3940 6166
154 257 324 326 1305

939 266 1688 336 COMMENTARIORUM
1730 266 1812 331 IN
1853 266 2161 333 ABACUC
2204 271 2355 336 LIB.
2401 270 2451 334 Ι.
2499 274 2672 338 CAP.
2719 277 2797 342 Π.

3412 291 3570 356 1306

152 400 484 471 utrumque
504 397 797 474 signiﬁcat
822 419 1206 478 :quamquam
1227 406 1611 478 Symmachus
1634 401 1814 459 ἂλαλα
1840 402 1897 469 Α
1923 405 1957 459 d
1989 409 2269 465 uxexierit
2297 408 2361 465 de
2383 409 2600 469 homine
2631 413 2776 485 (Luc.
2835 434 2914 483 x1,
2955 418 3067 491 24),
3126 425 3184 479 et
3235 428 3442 483 catera
3470 427 3568 486 his

153 486 751 560 interpretans,muta
773 494 959 566 magis
981 495 1243 551 videatur
1264 496 1616 552 intellexisse
1635 512 1813 567 quam

154 577 487 633 surda.Nec
510 586 738 637 moveat
758 583 1091 655 quempiam
1110 584 1253 640 illud
1270 580 1475 656 ἰδίωμα
1486 586 1812 656 Scriptura-

156 682 320 735 rum,
353 667 425 722 de
457 684 573 739 qua
604 686 755 742 sape
786 672 1080 729 diximus:
1115 676 1265 743 Quis,
1296 679 1477 746 putas,
1537 675 1716 745 ﬁdelis
1758 684 1815 728 et

152 758 385 823 sapiens
402 756 745 827 dispensator
774 762 924 831 (Luc.
945 780 1046 828 xu,
1080 764 1168 833 42)
1193 765 1220 818 ‘2
1246 764 1314 818 Et
1372 763 1429 817 in
1490 762 1602 818 alio
1640 762 1767 818 loco
1797 781 1809 818 :

156 843 297 911 Quis
314 849 530 915 sapiens
552 855 601 901 et
622 849 891 920 intelliget
923 851 1036 921 [ΑΙ.
1072 853 1354 924 intelligit]
1389 854 1507 909 lucc
1550 854 1668 923 (Ps.
1702 869 1810 920 CVI,

154 933 256 1002 43)
277 933 305 988 ?
335 950 400 990 eo
422 936 576 1005 quod
606 939 747 1008 quis,
776 939 864 994 vel
911 941 1043 1010 quid
1101 958 1204 1013 pro
1264 958 1390 996 raro
1448 940 1809 1013 accipiatur:

154 1039 300 1078 cum
332 1024 630 1095 possimus
660 1032 718 1082 et
746 1028 817 1083 de
850 1028 971 1084 alio.
994 1029 1118 1085 loco
1152 1047 1251 1100 pro
1302 1029 1657 1102 impossibili
1702 1029 1810 1085 hac

154 1107 362 1180 ipsum
412 1110 712 1181 accipere:
775 1114 907 1181 Quis
964 1132 1059 1171 nos
1112 1121 1396 1189 separabit
1453 1137 1486 1173 α
1545 1119 1812 1174 charitate

157 1196 412 1252 Christi:
441 1201 759 1271 tribulatio,
791 1220 866 1257 an
894 1207 1149 1276 angustia
1198 1209 1373 1277 (Rom.
1440 1225 1561 1277 VIII,
1594 1208 1728 1277 35)?
1757 1213 1814 1263 et

155 1290 387 1341 caetera.
409 1289 476 1343 Et
504 1289 575 1344 de
601 1291 871 1361 prasenti
892 1294 1146 1365 capitulo
1173 1313 1185 1349 :
1220 1295 1361 1363 Quid
1403 1296 1626 1367 prodest
1652 1294 1810 1351 scul-

146 1377 451 1447 ptile,quia
471 1379 697 1449 sculpsit
727 1379 874 1436 illud
898 1384 1055 1457 ﬁctor
1081 1400 1214 1439 suus
1233 1387 1261 1438 ’ἰ
1289 1384 1352 1439 In
1376 1388 1621 1456 utroque
1653 1385 1809 1440 cnim

154 1463 243 1518 im
250 1465 612 1535 possibilitas
632 1468 1254 1544 demonstratur,quod
1274 1491 1378 1529 nec
1400 1473 1656 1545 Apostoli
1680 1473 1813 1528 cha-

154 1552 398 1609 ritatem
420 1555 541 1611 ulla
570 1557 871 1614 tribulatio
902 1564 958 1616 et
984 1563 1259 1633 angustia
1276 1563 1529 1618 dividere
1563 1561 1748 1634 possit
1778 1579 1810 1617 a

154 1641 414 1711 Christo,
445 1661 549 1700 nec
578 1645 639 1699 in
670 1645 845 1702 idolis
877 1648 956 1703 sit
986 1648 1107 1705 ulla
1137 1650 1380 1706 utilitas.

235 1733 421 1802 (Vers.
456 1734 541 1799 19,
573 1735 685 1806 20).
725 1738 810 1792 Va
838 1739 934 1807 qui
973 1738 1109 1793 dicit
1163 1740 1332 1810 ligno,
1392 1741 1810 1811 expergiscere:

156 1821 533 1894 surge,lapidi
549 1826 752 1880 tacenti
773 1825 882 1897 (Al.
907 1827 1140 1898 jacenti)
1164 1870 1180 1893 ,
1198 1829 1472 1900 numquid
1495 1830 1608 1899 ipse
1628 1828 1814 1883 docere

153 1912 362 1981 poterit
378 1911 570 1968 2629
592 1915 725 1968 Ecce
746 1916 849 1969 iste
877 1924 1166 1987 coopertus
1186 1924 1264 1972 est
1299 1934 1435 1973 auro
1474 1922 1525 1972 et
1552 1922 1812 1985 argento,

159 2002 217 2053 et
245 2001 424 2054 omnis
453 2002 686 2071 spiritus
716 2020 832 2056 non
862 2010 943 2058 est
965 2006 1025 2059 in
1058 2006 1359 2061 visceribus
1383 2007 1520 2077 ejus.
1549 2008 1815 2061 Dominus

160 2093 353 2143 autem
380 2091 440 2143 in
469 2092 668 2162 templo
691 2101 877 2147 sancto
896 2110 993 2148 suo
1014 2113 1032 2147 :
1051 2095 1216 2150 sileat
1236 2113 1269 2150 a
1297 2097 1442 2166 facie
1497 2097 1610 2167 ejus
1640 2096 1815 2151 omnis

160 2186 333 2233 terra.
366 2179 496 2233 LXX
518 2197 541 2241 ;
579 2183 667 2237 Va
694 2185 791 2253 qui
813 2181 947 2237 dicit
986 2184 1157 2251 tigno,
1210 2185 1414 2253 evigila
1469 2189 1525 2239 et
1544 2200 1775 2255 exsurge
1796 2202 1814 2238 :

164 2270 217 2323 et
249 2269 450 2339 lapidi,
474 2270 724 2337 elevare,-
745 2274 795 2326 et
826 2273 1006 2342 ipsum
1026 2281 1104 2327 est
1125 2274 1392 2346 imago,et
1420 2276 1495 2328 est
1522 2273 1815 2345 productio

160 2372 297 2412 auri
325 2361 378 2411 et
393 2362 688 2429 argenti,et
718 2363 896 2415 omnis
917 2363 1148 2432 spiritus
1178 2378 1291 2417 non
1320 2366 1398 2417 est
1429 2364 1487 2416 in
1516 2378 1595 2418 eo.
1628 2363 1817 2417 Domi~

158 2461 270 2499 nus
291 2450 474 2501 autem
496 2450 555 2502 in
574 2450 773 2521 templo
800 2459 985 2505 sancto
1041 2467 1138 2506 suo
1161 2469 1180 2504 :
1237 2460 1551 2507 revereatur
1606 2468 1639 2506 a
1668 2452 1811 2521 facie

156 2535 282 2606 ejus
311 2538 493 2591 omnis
521 2546 687 2595 terra.
712 2543 778 2594 Et
808 2538 917 2595 hoc
950 2540 1222 2596 similiter
1241 2540 1326 2596 vel
1356 2540 1666 2595 adversum
1696 2540 1808 2594 Na-

159 2622 733 2695 buchodonosor,vel
764 2629 1075 2685 adversum
1098 2645 1304 2685 omnes
1335 2629 1433 2701 qui
1464 2634 1817 2684 venerantur

160 2711 346 2784 idola,
379 2713 561 2788 accipi
593 2720 801 2788 potest.
828 2719 896 2773 Et
917 2718 1268 2774 describitur
1290 2735 1450 2774 error
1497 2718 1811 2782 humanus,

162 2803 324 2873 quod
357 2809 688 2875 argentum,
713 2823 1216 2880 aurum,gemmas
1232 2812 1289 2863 et
1315 2806 1816 2879 sericum,quibus

161 2889 255 2945 vel
288 2890 584 2959 obvoluta,
618 2893 701 2948 vel
724 2895 799 2967 (a)
833 2901 1032 2967 operta
1056 2901 1197 2952 sunt
1229 2895 1404 2965 idola,
1438 2913 1556 2967 pra
1589 2895 1816 2967 fulgore

165 2979 427 3034 materia
456 2981 594 3037 deos
623 2982 935 3063 astimant,
969 3001 1101 3039 cum
1133 2986 1382 3040 formam
1415 2984 1652 3056 quidem
1712 3001 1812 3056 po-

168 3068 351 3123 tuerit
380 3070 586 3126 artifex
617 3071 755 3127 darc
780 3090 792 3127 :
829 3073 1089 3129 animam
1115 3078 1457 3146 autem,qua
1477 3078 1816 3145 vegetantur

1928 496 2424 569 similia.Spiritus
2447 508 2643 559 autem
2669 505 3023 580 ubicumque
3046 510 3277 570 solusat
3300 516 3569 575 absolute

1926 586 2053 643 sine
2076 587 2273 660 aliqua
2295 590 2691 649 additamenta
2713 594 3183 673 legitur,semper
3219 606 3465 663 refertur
3494 612 3565 666 ad

1924 684 2138 741 bonam
2169 692 2414 758 partem,
2449 689 2505 743 id
2538 693 2725 758 est,ad
2757 695 3038 768 Spiritum
3062 708 3349 775 sanctum,
3388 713 3451 764 ut
3478 715 3569 767 est

1924 773 2065 829 illud
2101 777 2385 847 Apostoli:
2424 780 2530 847 Qui
2554 783 2788 839 seminat
2842 787 2903 841 in
2961 789 3192 861 Spiritu,
3248 773 3570 866 de’Spiritu

1921 866 2262 920 metetvitam
2290 870 2554 923 atomum
2585 870 2778 941 (Colat.
2811 891 2888 941 vr,
2920 877 2999 948 8).
3033 880 3099 935 Et
3128 882 3268 939 alibi
3294 904 3307 942 :
3341 890 3569 946 Fructus

1923 953 2077 1008 630
2097 956 2278 1010 autem
2292 954 2533 1027 Spiritus
2553 969 2632 1014 est
2647 961 2910 1027 charitas,
2928 970 3219 1042 gaudium,
3234 990 3348 1044 paa:
3364 976 3562 1047 (Galat.

1920 1058 1976 1110 ν,
2009 1043 2100 1111 22)
2127 1062 2139 1110 ;
2174 1050 2229 1099 et
2258 1046 2316 1100 in
2348 1045 2461 1101 alia
2483 1046 2607 1103 loco
2633 1066 2644 1103 :
2669 1052 2889 1121 Spiritu
2906 1057 3202 1130 ambulate,
3225 1043 3275 1117 et
3295 1043 3567 1123 desideria

1922 1135 2105 1187 carnis
2126 1150 2235 1187 non
2253 1137 2547 1205 perﬁcietis
2578 1139 2759 1210 (Ibid,
2795 1145 2903 1212 16).
2939 1146 3138 1218 Neque
3159 1150 3268 1207 hoc
3288 1154 3563 1214 dicimus.

1924 1230 2079 1300 quod
2114 1247 2226 1286 non
2258 1237 2314 1286 et
2343 1233 2597 1305 Spiritus
2620 1245 2860 1296 sanctus
2883 1259 3016 1299 cum
3042 1248 3442 1308 additamenta
3466 1271 3567 1326 po-

1924 1322 2134 1373 natur:
2168 1324 2408 1376 vocatur
2434 1323 2589 1380 enim
2624 1332 2679 1381 et
2708 1330 2962 1399 Spiritus
2982 1341 3303 1409 sanctus,et
3326 1322 3569 1413 spiritus

1924 1407 2286 1480 principalis,
2318 1415 2375 1465 et
2403 1412 2647 1484 spiritus
2674 1422 2886 1485 rectus,
2945 1427 3001 1478 et
3058 1407 3302 1497 spiritus
3355 1407 3479 1499 Dei,
3513 1438 3570 1491 et

1925 1501 2130 1551 catera
2160 1497 2250 1554 his
2283 1500 2539 1570 similia;
2570 1506 2668 1559 sed
2703 1509 2857 1579 quod
2890 1511 3143 1583 Spiritus
3200 1497 3471 1590 sanctus,
3513 1529 3572 1580 et

1923 1599 2055 1640 cum
2089 1586 2486 1646 additamenta
2518 1598 2577 1647 et
2607 1594 2768 1651 solus
2799 1615 2951 1671 sape
2982 1610 3269 1675 ponatur;
3326 1586 3571 1682 spiritus

1923 1686 2119 1737 autem
2150 1701 2458 1755 pervorsus
2492 1705 2785 1763 nusquam
2818 1696 2932 1752 nisi
2974 1716 3107 1756 cum
3171 1706 3568 1768 additamenta

1843 1778 1891 1842 B
1920 1767 2104 1862 lectus
2136 1772 2229 1826 sit.
2266 1774 2377 1830 Sed
2408 1781 2466 1832 et
2495 1778 2637 1835 illud
2669 1781 2780 1838 dici
2812 1790 3002 1855 potest
3029 1790 3101 1860 (si
3143 1794 3272 1862 quis
3328 1804 3569 1856 conten-

1922 1857 2069 1915 tiose
2102 1861 2374 1933 spiritum
2407 1882 2743 1937 perversum
2775 1871 2836 1927 in
2860 1874 2968 1931 hoc
2990 1857 3113 1934 loco
3143 1857 3395 1942 voluerit
3427 1890 3573 1945 acci-

1923 1951 2102 2047 βενε),
2136 1952 2290 2047 quod
2322 1952 2477 2009 aliud
2512 1955 2625 2025 sit;
2664 1960 2850 2017 Omnis
2876 1968 3109 2036 spiritus
3130 1987 3237 2027 non
3268 1979 3346 2030 est
3378 1978 3438 2032 in
3468 1995 3571 2047 eo;

1925 2034 2080 2092 aliud
2116 2038 2164 2092 si
2196 2040 2439 2098 dixisset
2463 2060 2475 2098 :
2513 2044 2699 2103 Omnis
2727 2034 2959 2120 spiritus
2977 2072 3089 2112 non
3120 2069 3199 2115 est
3222 2064 3371 2120 circa
3399 2083 3525 2123 eum

1925 2235 2029 2275 cus
2056 2237 2188 2317 esse
2220 2240 2335 2279 non
2366 2233 2574 2317 potest.
2606 2230 2768 2288 Unde
2796 2241 2852 2289 et
2880 2239 3095 2308 Aquila
3143 2244 3573 2317 signiﬁcantius

1922 2308 2095 2363 vertit
2116 2310 2461 2370 Hebraicum
2486 2316 2685 2374 dicens
2711 2336 2723 2374 :
2758 2326 2826 2378 Et
2852 2328 3077 2395 spiritus
3115 2308 3234 2398 eius
3263 2353 3375 2392 non
3403 2349 3483 2396 est

1923 2398 2369 2468 visceribus,sive
2391 2406 2450 2458 in
2475 2407 2653 2463 medio
2674 2410 2808 2479 ejus.
2835 2413 3143 2486 Propterea
3171 2423 3475 2485 sciendum
3508 2431 3569 2489 in

1925 2494 2281 2565 quibusdam
2313 2499 2610 2558 Hebraicis
2634 2505 3032 2568 voluminibus
3083 2533 3199 2573 non
3249 2504 3377 2579 esse
3405 2527 3571 2583 addi-

1926 2585 2075 2679 tum,
2106 2589 2323 2657 omnis;
2357 2592 2454 2645 sed
2490 2592 2775 2661 absolute,
2818 2600 3084 2669 spiritum
3132 2604 3266 2679 legi.
3323 2613 3483 2678 Quod
3520 2617 3568 2672 si

1925 2672 2059 2743 quis
2090 2675 2313 2732 ratione
2345 2686 2659 2751 superatus
2688 2685 2748 2740 in
2778 2688 2991 2745 bonam
3023 2672 3251 2764 partem
3281 2706 3573 2774 acceperit

1925 2762 2220 2853 spiritum,
2253 2771 2309 2821 et
2338 2771 2763 2838 quasierit,cur
2792 2777 2840 2831 si
2874 2779 2945 2833 de
2975 2762 3193 2853 spiritu
3228 2762 3437 2847 sancta
3455 2793 3571 2849 dic-

1924 2852 2051 2905 tum
2083 2852 2321 2919 sit,cum
2345 2857 2477 2912 addi
2487 2863 2745 2918 tamento
2767 2864 2996 2938 legatur
3013 2852 3031 2925 :7
3052 2873 3117 2926 Et
3144 2879 3322 2932 omnis
3335 2882 3570 2950 spiritus

1921 2964 2033 3003 non
2052 2959 2128 3004 est
2154 2954 2321 3007 ineo?
2340 2955 2486 3011 sciat
2503 2974 2736 3015 omnem
2756 2964 3050 3036 spiritum,
3068 2971 3329 3032 diversas
3349 2981 3569 3050 gratias

1924 3036 2167 3111 intelligi
2193 3040 2448 3113 Spiritus
2470 3048 2655 3103 sancti
2683 3067 2695 3103 :
2730 3055 2796 3106 ut
2826 3053 2905 3108 sit
2953 3072 3198 3118 sensus:
3225 3036 3384 3121 Nihil
3415 3068 3475 3124 in
3508 3036 3571 3127 se

164 3158 783 3230 artus,nequiverit.Et
807 3162 1133 3218 econtrario
1161 3162 1446 3218 Dominus
1503 3162 1715 3217 dicitur
1752 3162 1807 3217 in

1983 3128 2144 3193 'atia,
2177 3129 2323 3185 nihil
2356 3136 2569 3203 poterit
2599 3137 2813 3196 habere
2843 3142 3092 3203 virtutis.
3128 3150 3289 3215 Quod
3330 3156 3570 3227 quidem

161 3245 384 3318 templo
407 3242 607 3303 sancto
631 3265 737 3305 suo
760 3250 931 3320 (Psal.
963 3252 1057 3322 x):
1096 3269 1208 3306 non
1262 3252 1322 3306 in
1350 3244 1566 3323 templo
1608 3268 1813 3306 manu-

160 3334 446 3405 facto,sed
470 3336 557 3392 vel
582 3338 640 3392 in
666 3337 941 3410 calis,vel
969 3339 1029 3393 in
1059 3356 1412 3412 unoquoque
1456 3343 1814 3410 sanctorum,

150 3423 332 3494 juxta
361 3425 694 3496 apostolum
725 3427 1057 3491 dicentem;
1119 3430 1199 3483 An
1256 3430 1499 3497 nescitis,
1550 3430 1816 3498 quoniam

161 3514 436 3585 templum
469 3516 563 3570 Dei
592 3517 740 3584 estis,
777 3527 829 3572 et
857 3519 1090 3588 spiritus
1139 3518 1236 3572 Dei
1289 3516 1504 3572 habitat
1560 3518 1620 3570 in
1666 3517 1817 3570 vobis

160 3603 213 3674 (Ι
243 3601 366 3669 Cor,
398 3620 487 3671 III,
522 3604 659 3675 16)?
716 3606 785 3661 Et
829 3605 1007 3661 alibi:
1070 3606 1306 3678 Corpora
1352 3614 1531 3661 vestra
1561 3605 1820 3676 templum

168 3693 277 3747 Dei
305 3696 434 3746 sunt
455 3693 503 3764 (I
534 3693 660 3749 Cor.
689 3710 767 3762 vx,
794 3695 921 3767 19);
956 3694 1043 3749 vel
1073 3694 1131 3749 in
1167 3694 1306 3749 Filia
1338 3695 1489 3750 sicut
1540 3694 1665 3765 ipse
1696 3692 1816 3747 ait:

163 3785 344 3836 Pater
373 3782 432 3836 in
461 3798 548 3837 me
590 3799 839 3850 manens,
897 3785 1013 3854 ipse
1062 3785 1199 3855 facit
1244 3800 1411 3856 opera
1467 3784 1643 3854 (Joan.
1703 3798 1815 3847 xw,

166 3870 283 3940 10).
314 3872 432 3925 Aut
461 3874 614 3927 certe
636 3872 811 3943 juxta
855 3872 1029 3940 illud,
1090 3873 1244 3945 quod
1294 3871 1469 3928 caelos
1523 3876 1581 3927 et
1609 3875 1815 3938 terras,

165 3957 361 4014 maria
388 3963 446 4014 et
476 3960 814 4017 universum
848 3962 1137 4017 mundum
1199 3962 1369 4033 (Virg.
1430 3979 1487 4015 v1
1537 3960 1813 4030 /Eneid.):

312 4152 545 4222 Spiritus
567 4156 838 4222 intus‘alit
860 4172 872 4217 ;
905 4160 1177 4221 totamque
1197 4157 1375 4207 infusa
1394 4172 1489 4222 per
1509 4163 1672 4219 artus,

262 4216 418 4266 Mens
447 4219 612 4283 agitat
631 4216 931 4281 molem,et
959 4216 1152 4283 magna
1173 4234 1229 4270 se
1258 4216 1475 4283 corpore
1506 4216 1668 4272 misce
1712 4239 1725 4273 :

157 4400 429 4457 mundus
460 4403 652 4459 omnis
683 4404 782 4475 qui
812 4403 955 4460 ccelo
987 4410 1235 4477 constat,
1269 4409 1325 4461 et
1354 4410 1527 4477 terra,
1560 4414 1617 4465 et
1650 4411 1818 4469 coelo-

1927 3216 2170 3311 etjuxta
2192 3221 2580 3311 tropologiam
2599 3227 2787 3299 magis
2808 3216 3418 3311 intelligitur,quod.in
3443 3247 3572 3302 uni-

1924 3305 2107 3359 versis
2131 3307 2302 3362 idolis
2324 3308 2723 3369 hareticorum
2748 3322 2806 3372 et
2826 3305 3122 3392 ﬁgmentis
3141 3305 3379 3397 diaboli,
3410 3334 3573 3393 nulla

1927 3392 2004 3447 sit
2031 3393 2218 3483 gratia
2249 3396 2503 3465 Spiritus
2536 3404 2720 3457 sancti
2747 3422 2759 3469 ;
2786 3408 2885 3461 sed
2909 3408 3227 3483 imaginem
3247 3392 3571 3480 divinitatis

1927 3485 1983 3536 et
2005 3481 2505 3552 pulchritudinem
2536 3488 2879 3562 dogmatum
2913 3481 3182 3567 praterre
3238 3505 3568 3578 videantur,

1927 3585 2059 3624 cum
2094 3571 2152 3625 in
2180 3571 2296 3628 illis
2328 3574 2473 3629 nihil
2504 3577 2737 3647 spirans
2767 3583 2845 3637 sit
2872 3588 2929 3639 et
2956 3587 3150 3644 vitale.
3208 3591 3485 3653 Dicamus
3515 3571 3572 3655 et

1926 3665 2095 3733 illud,
2142 3685 2213 3723 ne
2246 3668 2516 3727 lectorem
2548 3674 2817 3732 videmur
2853 3680 3071 3740 celasse
3088 3689 3244 3758 quod
3269 3693 3561 3765 novimus,

1927 3756 2199 3827 spiritum
2234 3763 2291 3813 et
2321 3766 2559 3817 ventum
2591 3766 2747 3834 apud
2771 3766 3042 3828 Hebraeos
3063 3756 3266 3834 eodem
3287 3756 3567 3854 appellari

1925 3853 2228 3945 vocabulo,
2262 3855 2318 3910 id
2352 3861 2459 3927 est,
2495 3874 2611 3915 RUA
2642 3861 2810 3934 (ma),
2843 3869 2897 3920 et
2943 3884 3048 3940 pro
3106 3889 3283 3931 sensu
3314 3853 3446 3945 laci,
3480 3883 3569 3939 vel

1888 3943 1897 3955 ‘
1926 3941 2199 4013 spiritum
2232 3944 2413 4019 accipi
2446 3946 2654 4017 solere,
2690 3952 2776 4007 vel
2806 3963 3061 4015 ventum.
3092 3962 3236 4037 Ergo
3268 3970 3325 4022 et
3351 3967 3412 4024 in
3433 3941 3441 3945 ﬁ
3461 3970 3570 4030 hoc

1925 4029 2072 4102 loco,
2105 4032 2377 4103 spiritum
2409 4035 2495 4091 vel
2530 4054 2632 4108 pro
2689 4045 2857 4099 vento
2912 4029 3197 4121 acciperev
3224 4071 3567 4131 possumus,

1925 4120 2079 4219 quod
2112 4121 2269 4219 nihil
2288 4124 2471 4195 spiret
2499 4125 2560 4181 in
2591 4126 2799 4198 idolis;
2832 4133 2919 4189 vel
2950 4153 3055 4208 pro
3075 4120 3292 4214 anim'a,
3313 4150 3467 4219 quod
3490 4120 3570 4206 si:

1924 4208 2274 4302 mulacra(b)
2298 4214 2556 4271 animata
2580 4217 2716 4274 sint.
2747 4221 2908 4285 Quod
2931 4231 3128 4284 autem
3149 4208 3394 4302 spiritus
3421 4238 3570 4294 acci-

1924 4297 2120 4369 piatur
2150 4317 2252 4371 pra
2284 4302 2500 4372 anima,
2536 4308 2843 4366 manifeste
2902 4297 3199 4386 significat
3250 4322 3567 4383 Salvatoris

1924 4388 2107 4444 oratio
2136 4407 2149 4447 :
2179 4392 2364 4459 Pater,
2415 4394 2475 4448 in
2532 4412 2732 4452 manus
2785 4404 2905 4455 tuas
2950 4407 3263 4463 commendo
3307 4414 3569 4483 spiritum

160 4505 302 4544 rum
335 4490 568 4548 circulis
597 4492 912 4560 clauditur,
947 4495 1044 4550 Dei
1068 4495 1279 4551 domus
1303 4513 1430 4552 esse
1454 4498 1807 4569 perhibetur.

1988 4503 2114 4542 eum
2145 4490 2294 4557 (Luc.
2340 4508 2501 4564 χιι-ιι,
2538 4495 2647 4566 46).
2689 4497 2886 4570 Neque
2916 4501 3071 4557 enim
3102 4504 3275 4563 Jesus
3306 4514 3410 4565 aut
3436 4528 3568 4583 per-

158 4577 333 4634 Unde
365 4583 422 4634 et
446 4579 759 4652 Apostolus
792 4583 1192 4639 confidenter:
1226 4586 1290 4640 In
1346 4588 1462 4657 ipso
1509 4591 1679 4661 enim,
1713 4592 1813 4660 ait,

156 4670 425 4737 vivimus,
454 4677 507 4725 et
532 4687 835 4744 movemur,
866 4680 919 4728 et
944 4689 1131 4729 sumus
1160 4674 1295 4745 (Act.
1328 4692 1464 4744 xvu,
1496 4677 1607 4749 28).
1653 4680 1814 4744 Quod

156 4758 212 4814 si
245 4758 389 4829 quis
417 4761 778 4832 opposuerit,
803 4762 1103 4834 quomodo
1131 4763 1374 4835 spiritus
1406 4765 1466 4821 in
1492 4766 1667 4824 idolis
1698 4787 1811 4827 non

155 4862 296 4902 esse
326 4847 575 4917 dicatur,
607 4866 741 4905 cum
802 4851 1078 4906 omnibus
1138 4852 1470 4910 simulacris
1518 4858 1816 4915 assideant

151 4936 459 4991 immundi
483 4938 747 5010 spiritus,
781 4940 968 4995 discat
992 4939 1301 5013 Scriptura
1334 4949 1545 4999 sancta
1574 4963 1813 5005 consue-

151 5024 454 5096 tudinem,
489 5044 813 5100 numquam
844 5028 1118 5101 spiritum
1150 5048 1487 5103 perversum
1521 5035 1810 5107 absolute,

150 5115 263 5171 sed
300 5131 433 5170 cum
464 5116 864 5173 additamenta
895 5117 1093 5190 aliquo
1125 5119 1396 5191 spiritum
1443 5127 1805 5199 nuncupari:

146 5205 317 5261 sicut
344 5203 465 5261 ibi:
513 5206 729 5277 Spiritu
775 5208 1159 5279 fornicationis
1214 5210 1421 5266 seducti
1476 5222 1600 5269 sunt
1654 5216 1811 5288 (Osee

148 5311 232 5364 ιν,
272 5294 458 5365 12).Et
486 5294 546 5351 in
576 5295 883 5369 Evangelia
909 5314 922 5353 :
954 5300 1094 5356 Cum
1120 5301 1302 5355 autem
1320 5302 1551 5370 spiritus
1572 5306 1809 5362 immuns

227 5527 309 5611 (α)
339 5528 709 5611 correximus
737 5537 1079 5611 φέναξ-’ρῳ
1108 5539 1337 5611 ᾳρθζιιιε
1366 5537 1423 5590 et
1481 5551 1636 5611 mox,
1673 5538 1805 5611 quia

146 5606 492 5673 vegetamur,
523 5618 630 5674 pro
659 5602 875 5674 quibus,
910 5602 1161 5661 Victoria
1218 5604 1403 5664 facem
1443 5602 1799 5680 praeferente.

1924 4590 2159 4673 versum
2187 4578 2458 4649 spiritum
2490 4584 2666 4653 (quod
2698 4586 2952 4659 cogitare
2983 4607 3215 4664 quoque
3237 4597 3400 4654 nefas
3429 4578 3563 4673 est),

1924 4668 2027 4719 aut
2055 4666 2337 4737 Spiritum
2374 4674 2665 4744 sanctum,
2724 4676 2825 4747 qui
2858 4682 2914 4733 et
2944 4678 3067 4752 ipse
3098 4681 3249 4740 Deus
3279 4690 3386 4758 est,
3412 4666 3566 4745 Ραιῇ

1922 4756 2147 4823 poterat
2176 4758 2587 4815 commendare
2617 4765 2673 4816 et
2703 4780 2818 4819 non
2858 4767 3053 4838 potius
3084 4770 3343 4829 animam
3370 4756 3561 4847 suam,

1925 4848 1995 4904 de
2025 4866 2142 4921 qua
2164 4851 2389 4909 dixerat
2412 4879 2426 4911 :
2457 4857 2644 4914 Tristis
2660 4863 2741 4915 est
2760 4865 2950 4920 anima
2980 4883 3102 4923 mea
3124 4885 3300 4941 usque
3328 4873 3402 4929 ad
3417 4890 3567 4931 mor-

1918 4943 2027 4993 tem
2067 4940 2269 5008 (Matth.
2302 4960 2455 5011 xxvr,
2480 4946 2624 5018 36,et
2645 4954 2815 5006 Marc.
2846 4954 2981 5026 xxv).
3032 4956 3132 5012 Et:
3177 4940 3340 5017 Nemo
3390 4972 3569 5031 potest

1919 5031 2133 5100 eripere
2160 5033 2412 5089 animam
2438 5052 2615 5092 meam
2639 5056 2679 5095 a
2702 5058 2788 5095 me
2809 5060 2826 5095 :
2858 5042 2950 5098 sed
3005 5046 3279 5105 voluntate
3322 5068 3445 5108 mea
3468 5053 3562 5109 de-

1913 5133 2055 5189 pono
2075 5122 2325 5176 animam
2340 5131 2593 5195 meam,et
2612 5138 2797 5199 sponte
2812 5147 2936 5188 mea
2961 5150 3189 5202 rursum
3202 5155 3417 5197 assumo
3442 5157 3563 5199 eam

1918 5206 2091 5278 (Joan.
2125 5227 2179 5281 κ,
2217 5211 2302 5279 17,
2340 5212 2448 5285 18).

1983 5533 2292 5617 (1))ξξξιὶρειξ
2318 5539 2444 5593 erat
2462 5539 2864 5617 inanimantia,
2896 5547 3052 5617 quod
3086 5549 3274 5606 nostri
3321 5566 3468 5610 mss.
3503 5556 3562 5611 et

1912 5604 2061 5675 quos
2078 5604 2370 5666 Victorius
2401 5610 2719 5689 consuluit,
2754 5604 3021 5692 cas'tigan
