4022 6192
303 333 461 399 1325

1050 336 1792 401 COMMENTARIORUM
1835 336 1916 397 IN
1959 336 2269 400 ABACUC
2311 339 2460 401 LIB.
2507 340 2586 402 ll.
2631 341 2804 403 CAP.
2847 343 2953 404 ΙΙΙ.

3545 345 3699 408 1326

303 485 443 526 nera
473 467 849 539 christorum,
881 472 938 524 et
967 472 1168 541 postea
1197 471 1602 536 tractabimus,
1652 470 1944 541 quomodo
1973 469 2028 535 Α
2059 474 2116 524 et
2145 486 2375 540 semper
2403 473 2530 543 ejus
2560 477 2805 546 augetur
2833 473 3030 530 unctio
3060 475 3164 545 [ΑΖ.
3199 479 3614 546 unguentum],
3646 481 3704 532 et

300 574 572 631 egressus
584 556 660 614 sit
674 558 950 614 Dominus
966 559 1025 613 in
1040 559 1292 614 salutem
1313 559 1664 614 christorum
1679 576 1943 615 suorum.

299 646 510 703 Christi
541 647 600 700 in
631 647 807 703 veteri
838 649 1216 703 Testamento
1242 648 1587 703 dicebantur
1615 653 1672 704 et
1700 649 1944 720 patriar-

297 736 444 806 cha,
475 736 547 791 de
579 737 795 806 quibus
826 737 1110 808 scriptum
1139 741 1228 792 est
1257 737 1316 791 in
1349 737 1596 793 Psalmis
1622 754 1634 791 :
1671 737 1948 808 Corripuit

296 840 451 895 reges
478 839 576 895 pro
607 826 686 879 eis
712 843 731 879 :
758 826 928 881 nolite
955 828 1184 896 tangere
1211 825 1446 881 christus
1477 841 1639 895 meas,
1667 835 1718 881 et
1740 828 1799 881 in
1817 842 1943 896 pro-

293 913 470 984 phetis
498 915 634 968 meis
679 914 850 969 nolite
876 915 1181 982 malignari
1228 916 1342 984 (Ps.
1378 931 1487 981 ριν,
1524 915 1609 981 14,
1647 915 1756 985 15.)
1788 915 1855 968 Et
1883 913 1943 968 in

292 1001 483 1073 primo
515 1001 998 1074 Paralipomenon
1029 1001 1200 1069 libro,
1233 1019 1437 1058 omnes
1468 1003 1567 1074 qui
1598 1004 1666 1058 de
1696 1007 1941 1075 [Egypto

293 1090 513 1161 egressi
545 1095 685 1145 sunt
735 1091 937 1146 christi
968 1095 1272 1145 vocantur.
1321 1090 1588 1146 Chrisma
1618 1107 1850 1162 quoque
1881 1091 1941 1146 in

294 1179 486 1233 Exodo
515 1181 680 1249 (Cap.
713 1180 842 1248 xxx)
871 1178 1228 1234 sacerdotale
1255 1178 1579 1247 conficitur,
1604 1196 1719 1250 quo
1741 1184 1944 1251 postea

298 1267 630 1323 sacerdotes
660 1267 720 1322 in
755 1267 1001 1323 Levitico
1034 1268 1188 1338 (Cap.
1229 1269 1356 1340 vul)
1400 1270 1732 1323 referuntur
1762 1268 1940 1324 uncti.

300 1355 402 1410 Est
449 1360 508 1410 et
537 1353 693 1410 aliud
727 1361 1094 1425 unguentum
1118 1372 1233 1427 quo
1256 1372 1420 1426 reges
1441 1362 1743 1429 unguntur
1767 1358 1827 1412 in
1855 1375 1941 1412 re-

291 1459 427 1516 gno,
461 1444 617 1514 quod
650 1443 709 1498 in
754 1443 870 1498 duo
917 1443 1226 1498 scinditur.
1279 1445 1333 1499 Si
1366 1445 1523 1500 enim
1558 1445 1737 1500 David
1771 1451 1857 1501 est
1888 1451 1945 1501 et

289 1530 588 1598 Salomon,
612 1532 668 1587 id
692 1535 798 1602 est,
820 1533 980 1602 fortis
1004 1549 1198 1596 manu,
1222 1537 1279 1588 et
1295 1533 1557 1604 paciﬁcus
1583 1536 1628 1605 (Ι
1651 1536 1778 1603 Reg.
1800 1536 1939 1607 XVI),

290 1635 472 1675 cornu
504 1619 763 1692 ungitur.
798 1620 856 1675 Si
888 1636 1020 1675 vero
1049 1620 1199 1675 Jehu
1233 1626 1290 1675 et
1316 1621 1486 1676 Azael
1519 1626 1676 1690 sunt,
1704 1624 1940 1694 perfun-

287 1709 513 1764 duntur
558 1707 836 1764 lenticula
883 1708 980 1777 (IV
1030 1712 1156 1780 Reg.
1211 1727 1267 1764 1x
1314 1714 1367 1765 et
1407 1714 1564 1778 xxx):
1612 1728 1712 1767 vas
1743 1718 1941 1767 autem

285 1797 466 1853 ﬁctile
487 1798 571 1854 sic
592 1797 930 1899 vocaturnid
954 1802 1061 1866 est,
1082 1795 1271 1872 φακός.
1293 1799 1404 1854 Sed
1428 1803 1485 1854 et
1506 1800 1708 1872 Cyrus,
1736 1801 1936 1857 Persa-
1967 1835 2014 1899 B

282 1903 421 1954 Vrum
439 1902 537 1942 rex
558 1891 734 1958 atque
752 1886 1074 1958 Medorum,
1089 1887 1188 1957 qui
1207 1888 1278 1942 de
1304 1887 1635 1959 captivitate
1652 1889 1932 1960 populum

283 1973 563 2029 relaxavit
583 1974 740 2046 (licet
765 1973 933 2030 multi
957 1978 1169 2044 errent,
1199 1979 1255 2030 et
1275 1976 1346 2030 de
1373 1975 1617 2030 Domino
1641 1977 1935 2034 Salvatore

283 2063 571 2134 scriptum
594 2062 842 2137 putent),
869 2062 1030 2117 audit
1051 2080 1152 2133 per
1173 2062 1385 2118 Isaiam
1413 2081 1424 2117 :
1454 2065 1580 2120 Haec
1603 2065 1736 2120 dicit
1758 2067 1937 2121 Domi-

281 2168 388 2206 nus
420 2151 620 2206 christo
651 2167 769 2206 meo
803 2153 972 2221 Cyro,
995 2153 1153 2220 cuius
1184 2154 1337 2207 tenui
1363 2153 1669 2223 dexteram,
1692 2158 1751 2208 ut
1776 2155 1934 2209 audi-

282 2245 407 2296 rent
436 2256 619 2295 coram
647 2255 707 2295 eo
733 2243 915 2308 gentes
947 2240 1094 2311 (Isai.
1131 2257 1256 2308 xnv,
1293 2241 1368 2310 1),
1404 2245 1510 2295 etc.
1547 2242 1617 2296 Et
1646 2242 1718 2296 ad
1752 2247 1935 2298 extre-

283 2346 450 2384 mum
482 2329 734 2384 dicitur:
769 2329 841 2382 Tu
870 2332 1054 2384 autem
1079 2345 1187 2384 non
1218 2331 1516 2399 cognovisti
1546 2346 1652 2396 me,
1677 2332 1831 2402 quod
1866 2332 1937 2386 de

285 2416 582 2472 Salvatore
613 2417 775 2472 nefas
807 2421 894 2472 est
921 2415 1263 2488 intelligere.
1290 2419 1388 2473 Est
1412 2423 1779 2489 unguentum
1803 2436 1934 2490 pro-

284 2504 610 2578 pheticum,
644 2521 760 2576 quo
794 2504 1126 2576 praecipitur
1153 2505 1310 2572 Eliae,
1361 2513 1421 2560 ut
1450 2506 1722 2562 Eliszsum
1755 2513 1938 2579 ungat

277 2581 348 2647 in
379 2592 724 2665 prophetam
752 2594 850 2664 (ΙΙΙ
882 2594 1009 2662 Reg.
1043 2595 1179 2664 xrx).
1230 2595 1299 2648 Et
1349 2611 1528 2666 super
1575 2596 1773 2650 omnia
1821 2613 1934 2651 un-

285 2686 641 2752 guentorum
677 2697 910 2754 genera,
944 2685 1034 2736 est
1065 2687 1428 2754 unguentum
1455 2683 1758 2754 spirituale
1780 2685 1934 2755 quod

282 2774 522 2825 vocatur
550 2769 744 2826 oleum
777 2769 1207 2838 exsultationis,
1241 2787 1356 2842 quo
1388 2772 1629 2844 ungitur
1653 2772 1933 2842 Salvator,

282 2863 343 2914 et
373 2858 586 2913 dicitur
616 2858 688 2913 ad
721 2874 898 2913 eum:
949 2859 1245 2930 Propterea
1283 2860 1451 2913 unxit
1498 2867 1547 2913 te
1587 2860 1745 2930 Deus,
1793 2861 1936 2915 Deus

287 2956 442 3013 tuus,
474 2948 590 3002 oleo
621 2947 1002 3002 exsultationis
1023 2961 1145 3018 prae
1159 2949 1487 3018 participius
1515 2949 1627 3002 tuis
1658 2947 1771 3019 1A1.
1803 2951 1936 3022 suis[

287 3035 404 3106 (Ps.
440 3052 590 3102 XLIV,
638 3035 716 3106 8).
767 3034 1084 3107 Participes
1116 3040 1311 3090 autem
1343 3052 1441 3090 eos
1473 3041 1636 3107 puto,
1687 3037 1756 3091 ad
1789 3054 1936 3108 quos

286 3124 552 3195 loquitur
596 3127 653 3178 et
692 3124 951 3179 Joannes
985 3141 998 3178 :
1054 3126 1114 3178 Et
1163 3141 1254 3180 vos
1293 3129 1635 3195 unguentum
1662 3125 1874 3180 habetis
1901 3143 1935 3181 a

2039 557 2127 622 _de
2185 557 2397 630 leprosi
2459 562 2583 616 oleo
2644 562 2858 635 migrat
2905 564 2978 617 ad
3032 563 3224 619 oleum
3278 562 3477 634 populi
3527 568 3702 634 atque

2055 652 2415 715 sanctorum,
2475 654 2529 704 et
2589 651 2659 705 de
2715 650 2838 706 oleo
2886 651 3087 723 populi
3135 654 3207 707 ad
3257 651 3448 706 oleum
3501 667 3699 722 perve-

2055 735 2142 788 nit
2197 737 2585 810 sacerdotum,
2655 743 2712 794 et
2778 756 2812 793 a
2875 739 3274 796 sacerdotibus
3339 739 3701 795 transcendit

2053 823 2124 878 ad
2158 823 2414 879 chrisma
2444 825 2756 897 pontificis,
2808 844 2842 882 a
2889 828 3162 898 pontifice
3212 844 3443 900 quoque
3491 829 3563 883 ad
3603 845 3699 884 re-

2052 927 2206 982 gem,
2259 930 2292 966 a
2340 930 2472 986 rege
2523 915 2598 986 (a)
2649 916 2720 970 ad
2775 917 3159 988 patriarchas,
3202 921 3259 972 et
3288 934 3321 971 a
3349 916 3697 988 patriarchis

2052 1000 2240 1072 pergit
2297 1002 2368 1056 ad
2426 1001 2744 1070 Christum,
2804 1009 2862 1059 et
2916 1007 3156 1076 ungitur
3213 1005 3336 1060 oleo
3385 1005 3697 1062 exultatio-

2049 1089 2142 1143 nis
2173 1093 2286 1158 (Ps.
2318 1108 2466 1159 xuv,
2498 1093 2574 1162 8),
2607 1109 2721 1163 quo
2753 1093 2854 1164 qui
2886 1093 3061 1148 fuerit
3100 1093 3323 1161 linitus,
3377 1111 3532 1150 unus
3562 1112 3695 1150 cum

2054 1178 2164 1232 Deo
2194 1179 2444 1234 efficitur
2473 1180 2735 1251 spiritus,
2769 1186 2824 1237 et
2854 1183 2953 1236 ubi
2989 1183 3151 1237 Pater
3180 1187 3236 1237 et
3266 1181 3445 1237 Filius
3477 1187 3586 1250 est,
3613 1183 3694 1237 ibi

2050 1267 2226 1321 etiam
2258 1267 2354 1323 ille
2382 1269 2509 1324 erit.
2545 1273 2760 1324 Verum
2793 1270 2902 1325 hoc
2933 1288 3130 1326 rarum
3162 1275 3269 1336 est,
3313 1275 3371 1326 et
3399 1275 3539 1326 sunt
3565 1275 3698 1326 vota

2051 1355 2436 1415 credentium.
2481 1361 2760 1413 Caeterum
2792 1359 2988 1415 nescio
3019 1377 3091 1413 an
3123 1363 3404 1430 sequatur
3434 1359 3692 1416 effectus.

2050 1443 2274 1499 Dicitur
2323 1446 2478 1500 enim
2513 1462 2527 1501 :
2584 1449 2750 1504 Unxit
2790 1457 2841 1502 te
2871 1449 3031 1517 Deus,
3065 1449 3204 1503 Deus
3234 1452 3379 1516 tuus,
3411 1449 3526 1505 oleo
3558 1450 3695 1504 18ιὶ-

2050 1535 2165 1603 tiae,
2195 1549 2316 1604 pra:
2345 1537 2709 1606 participibus
2742 1539 2869 1603 tuis,
2907 1537 3014 1592 hoc
3044 1542 3159 1604 est,
3189 1553 3254 1592 eo
3287 1535 3432 1606 oleo,
3458 1537 3612 1609 quod
3635 1536 3695 1592 hi

2050 1619 2149 1690 qui
2178 1620 2261 1675 tui
2288 1621 2600 1694 participes
2632 1629 2791 1690 sunt,
2815 1629 2916 1679 aut
2941 1641 3093 1691 raro,
3121 1629 3222 1680 aut
3242 1641 3569 1696 numquam
3592 1641 3693 1697 po-

2047 1712 2248 1763 terunt
2268 1709 2546 1766 invenire.
2566 1711 2627 1765 In
2649 1711 2858 1767 horum
2878 1712 3058 1784 igitur
3071 1712 3426 1769 christorum
3445 1712 3694 1769 salutem

2049 1809 2320 1867 egressus
2349 1802 2437 1853 est
2465 1799 2617 1853 Deus
2649 1801 2719 1855 de
2749 1800 2874 1855 loco
2905 1817 3034 1865 suo,
3067 1801 3221 1856 sicut
3241 1805 3297 1856 et
3317 1801 3584 1857 Micbaaas
3605 1800 3694 1856 lo-

2043 1883 2243 1954 quitur
2270 1903 2282 1940 :
2316 1887 2380 1940 Et
2405 1887 2710 1957 egredietur
2729 1889 2792 1943 de
2817 1889 2932 1945 loco
2951 1906 3048 1945 suo
3070 1899 3131 1944 ut
3149 1890 3320 1945 salvet
3343 1890 3521 1961 (Mich.
3549 1908 3588 1959 ι,
3614 1891 3690 1958 3).

2045 1973 2192 2039 Quia
2222 1973 2376 2028 enim
2411 1975 2471 2028 hi
2505 1977 2604 2046 qui
2638 1977 2980 2050 indigebant
3009 1977 3197 2033 salute
3226 1979 3298 2033 ad
3324 1995 3456 2034 eum
3479 1978 3696 2034 intrare

2046 2061 2378 2133 noluerunt,
2411 2063 2537 2134 ipse
2567 2079 2841 2136 egressus
2872 2071 2960 2121 est
2989 2067 3060 2122 de
3092 2067 3398 2137 majestate
3422 2084 3530 2121 sua
3550 2070 3607 2121 et
3624 2067 3696 2122 de

2046 2150 2171 2206 loco
2213 2168 2341 2219 suo,
2389 2157 2454 2206 ut
2499 2170 2596 2208 eos
2628 2155 2729 2225 qui
2760 2155 2902 2210 foris
2931 2160 3098 2210 erant
3127 2156 3364 2210 duceret
3393 2155 3453 2209 in
3479 2158 3694 2211 terram

2045 2245 2487 2295 mansuetorum
2508 2240 2923 2313 regionemque
2937 2243 3277 2310 viventium,
3294 2244 3364 2298 de
3380 2260 3496 2314 qua
3509 2244 3695 2298 Adam

2045 2328 2234 2382 fuerat
2263 2329 2541 2399 expulsus
2575 2347 2586 2384 :
2624 2330 2694 2384 de
2725 2347 2841 2400 qua
2869 2347 3139 2402 egressus
3172 2331 3312 2386 Cain
3345 2330 3696 2387 inhabitavit

2044 2416 2104 2470 in
2126 2422 2282 2471 terra
2303 2417 2444 2472 Naid
2467 2422 2620 2486 (Gen.
2653 2435 2717 2472 ιιι
2737 2422 2787 2472 et
2815 2435 2889 2485 IV,
2911 2435 3017 2473 sec.
3045 2418 3226 2486 LXX).
3255 2419 3567 2474 Sciendum
3591 2435 3692 2472 au-

2043 2511 2161 2560 tem
2185 2509 2248 2560 ut
2269 2523 2443 2576 supra
2468 2505 2916 2577 diximus,quod
2942 2507 3041 2561 ubi
3065 2512 3386 2578 posuerunt
3405 2506 3545 2561 LXX
3569 2505 3695 2578 plu-

2045 2594 2151 2648 rali
2183 2611 2447 2658 numero,
2478 2603 2538 2649 ut
2564 2594 2808 2649 salvares
2826 2594 3054 2650 christos
3085 2604 3227 2662 tuos,
3261 2595 3344 2649 ibi
3375 2611 3506 2650 esse
3537 2595 3692 2651 656

2043 2681 2103 2736 in
2130 2682 2403 2737 Hebraico
2427 2698 2661 2738 ωειςεοΑ
2685 2700 2789 2736 ETH
2813 2698 3096 2739 MESSIACH
3122 2684 3358 2770 (1mm:
3385 2695 3471 2742 nu
3493 2669 3691 2753 πωνή),

2045 2771 2197 2842 quod
2233 2770 2448 2842 Aquila
2475 2770 2800 2838 transtulit,
2832 2773 2892 2825 in
2921 2773 3157 2826 salutem
3185 2789 3310 2827 cum
3339 2773 3548 2828 Christo
3577 2776 3691 2840 tuo,

2046 2877 2160 2914 non
2193 2860 2347 2930 quod
2379 2864 2530 2915 Deus
2563 2875 2836 2930 egressus
2868 2860 2966 2929 sit,
3010 2865 3074 2915 ut
3105 2859 3355 2916 salvaret
3384 2861 3690 2932 populum,

2045 2953 2102 3002 et
2118 2947 2365 3003 salvaret
2385 2948 2679 3003 Christum
2699 2965 2873 3003 suum
2895 2967 2908 3015 ;
2937 2949 3036 3004 sed
3067 2949 3222 3019 quod
3245 2949 3304 3003 in
3328 2948 3575 3004 salutem
3595 2966 3695 3020 po-

2045 3035 2167 3107 puli
2198 3037 2417 3092 venerit
2437 3053 2568 3090 cum
2594 3037 2822 3091 Christo
2849 3038 3163 3107 suo,juxta
3191 3036 3333 3092 illud
3363 3037 3652 3110 Evangelii
3676 3054 3689 3092 :

2045 3128 2210 3180 Pater
2239 3127 2296 3180 in
2328 3142 2431 3192 me,
2464 3130 2515 3180 et
2545 3141 2641 3196 ego
2673 3126 2734 3179 in
2761 3127 2925 3180 Patre
2949 3143 2968 3186 ;
2999 3129 3046 3180 et
3076 3128 3244 3181 Pater
3269 3128 3329 3180 in
3349 3143 3434 3181 me
3463 3142 3694 3181 manens

283 3192 472 3268 sancto
499 3213 543 3283 (Ι
573 3214 730 3269 Joan.
765 3229 828 3281 ιι,
859 3213 972 3283 20).
1005 3213 1074 3267 Et
1104 3217 1234 3284 post
1267 3192 1562 3268 modicum
1587 3229 1600 3269 :
1638 3215 1765 3271 Haec
1791 3216 1932 3269 scri-
1966 3192 2008 3258 C
2047 3215 2163 3285 ipse
2183 3215 2316 3285 facit
2333 3230 2493 3285 opera
2512 3192 2614 3268 sua
2634 3215 2808 3285 (Joan.
2827 3215 3191 3282 x1v,10).Sed
3217 3219 3272 3269 et
3292 3215 3498 3286 quinta
3519 3213 3693 3270 editio

279 3303 374 3373 psi
401 3301 550 3356 vobis
580 3301 644 3356 de
669 3301 753 3355 his
783 3303 882 3371 qui
908 3300 1169 3356 seducunt
1197 3317 1286 3356 vos
1310 3320 1327 3354 :
1359 3306 1409 3356 et
1428 3302 1666 3356 chrisma
1688 3303 1826 3374 quod
1847 3319 1938 3358 ac-

284 3391 501 3461 cepistis
532 3390 597 3444 ab
623 3405 702 3456 eo,
735 3398 954 3444 maneat
983 3391 1043 3443 in
1073 3389 1221 3445 vobis
1246 3408 1264 3444 :
1297 3395 1347 3444 et
1366 3406 1474 3444 non
1497 3407 1708 3446 necesse
1730 3393 1940 3447 habetis

283 3486 348 3533 ut
367 3479 575 3549 aliquis
594 3479 779 3533 doceat
806 3494 896 3533 vos
910 3495 931 3538 ;
961 3477 1052 3532 sed
1076 3480 1257 3548 ipsum
1279 3479 1519 3532 chrisma
1539 3479 1750 3533 docebit
1770 3496 1859 3535 vos
1877 3480 1942 3535 de

286 3567 563 3633 omnibus,
586 3575 637 3622 et
666 3583 864 3621 verum
897 3575 996 3631 est,
1014 3574 1068 3620 et
1095 3583 1205 3620 non
1234 3569 1311 3620 est
1340 3565 1708 3634 mendacium,
1733 3572 1785 3621 et
1803 3569 1941 3622 sicut

287 3671 381 3712 vos
409 3655 608 3721 docuit,
641 3661 857 3710 manete
888 3657 945 3709 in
978 3670 1037 3709 eo
1070 3654 1255 3725 (Ibid.,
1285 3655 1377 3719 26,
1405 3655 1518 3724 27).
1569 3656 1650 3709 Ac
1694 3671 1766 3709 ne
1798 3656 1942 3710 forte

287 3743 391 3814 qui
421 3744 571 3799 655
610 3742 869 3798 chrisma
898 3741 1177 3813 baptismi
1207 3742 1612 3813 perdiderunt,
1633 3742 1942 3813 desperent

287 3832 362 3886 de
393 3830 708 3886 chrismate
739 3831 1084 3902 reparando,
1120 3831 1409 3900 scriptum
1443 3833 1533 3884 est
1562 3829 1621 3883 in
1656 3830 1939 3885 Levitico:

286 3919 451 3983 Quod
481 3919 745 3991 leprosus
778 3924 943 3974 extra
966 3923 1160 3974 castra
1179 3919 1474 3988 projectus
1500 3933 1633 3972 cum
1656 3919 1727 3972 ad
1751 3935 1941 3972 sacer-

288 4009 488 4063 dotem
508 4009 750 4075 venerit,
775 4013 832 4063 et
851 4008 1014 4079 lepra
1033 4006 1221 4079 ipsius
1251 4007 1426 4061 fuerit
1447 4007 1784 4071 emundata,
1807 4006 1942 4061 mit-

288 4100 378 4151 tat
406 4095 517 4151 sibi
549 4097 816 4152 sacerdos
847 4095 1041 4152 oleum
1072 4096 1134 4148 in
1166 4111 1346 4149 manu
1381 4093 1646 4161 sinistra,
1682 4099 1740 4150 et
1769 4094 1943 4149 intin-

288 4188 384 4240 cto
415 4183 595 4256 digito
626 4177 840 4257 septies
863 4187 1134 4255 aspergat
1159 4181 1351 4238 oleum
1376 4198 1574 4238 coram
1599 4184 1864 4254 Domino,
1889 4186 1948 4238 et

289 4277 498 4344 tangat
527 4273 728 4329 eodem
761 4272 886 4328 oleo
909 4270 1235 4327 auriculam
1256 4271 1386 4342 ejus
1408 4271 1511 4342 qui
1533 4272 1800 4342 leprosus
1824 4272 1948 4326 fue-

290 4365 384 4416 rat
413 4365 470 4416 et
498 4362 761 4417 dextram
793 4377 1059 4426 manum,
1081 4364 1138 4414 et
1163 4359 1431 4414 dextrum
1457 4359 1688 4429 pedem,
1713 4364 1769 4414 et
1791 4360 1945 4430 quod

290 4450 644 4506 remanserit
676 4450 746 4505 de
777 4452 1076 4521 unguento
1109 4451 1299 4503 totum
1324 4447 1524 4502 mittat
1545 4448 1602 4501 in
1627 4453 1801 4519 caput
1821 4449 1950 4519 ejus

2047 3301 2317 3356 similiter
2336 3301 2664 3356 transtulit:
2692 3303 2954 3371 Egressus
2973 3320 3028 3358 es
3047 3306 3108 3357 in
3126 3304 3358 3358 salutem
3373 3304 3568 3374 populi
3587 3305 3693 3368 tui,

2051 3392 2112 3445 in
2138 3392 2373 3445 salutem
2401 3407 2524 3445 cum
2555 3391 2770 3445 Christo
2802 3395 2910 3445 tuo.
2957 3391 3276 3446 Theodotio
3326 3397 3521 3446 autem
3566 3408 3698 3446 vere

2051 3479 2218 3548 quasi
2249 3494 2472 3549 pauper
2500 3482 2556 3532 et
2587 3478 2872 3547 Ehionita,
2908 3479 3009 3533 sed
3035 3483 3092 3532 et
3120 3479 3508 3549 Symmachus
3540 3479 3697 3547 ejus-

2051 3565 2183 3619 dem
2216 3565 2530 3636 dogmatis,
2582 3581 2898 3636 pauperem
2933 3581 3168 3620 sensum
3219 3565 3424 3628 secuti,
3455 3564 3699 3619 Judaice

2049 3652 2475 3708 transtulerunt
2517 3670 2530 3706 :
2572 3655 2828 3724 Egressus
2856 3669 2909 3708 es
2935 3655 2994 3707 in
3023 3654 3262 3708 salutem
3291 3653 3480 3724 populi
3509 3654 3610 3719 tui,
3643 3659 3704 3706 ut

2049 3743 2287 3797 salvares
2319 3741 2599 3795 Christum
2631 3746 2804 3794 tuum.
2848 3741 2917 3794 Et
2946 3758 2958 3794 :
2993 3742 3252 3808 Egressus
3281 3756 3335 3795 es
3364 3741 3579 3794 satvare
3604 3755 3703 3810 po-

2049 3831 2244 3902 pulum
2269 3835 2443 3895 tuum,
2474 3830 2689 3883 salvare
2718 3828 2992 3882 Christum
3017 3833 3192 3883 tuum.
3219 3829 3360 3884 Rem
3385 3827 3700 3882 incredibi-

2052 3919 2167 3974 lem
2198 3918 2462 3973 dicturus
2495 3934 2648 3984 sum,
2673 3917 2774 3972 sed
2805 3921 3002 3971 tamen
3027 3933 3242 3972 veram.
3270 3916 3371 3971 Isti
3396 3914 3701 3971 semichri-

2053 4007 2224 4064 stiani
2256 4005 2497 4062 Judaice
2523 4004 2988 4061 transtulerunt:
3024 4010 3080 4059 et
3107 4004 3344 4060 Judzeus
3374 4003 3585 4075 Aquila
3614 4005 3702 4059 in-

2051 4099 2403 4167 terpretatus
2448 4098 2555 4158 est,
2611 4097 2674 4148 ut
2723 4093 3113 4149 Christianus.
3155 4094 3326 4148 Sexta
3354 4093 3529 4149 editio
3563 4110 3698 4164 pro-

2055 4184 2200 4239 dens
2231 4182 2713 4238 manifestissime
2744 4183 3289 4250 sacramentum,ita
3308 4183 3478 4238 vertit
3497 4199 3566 4238 ex
3592 4183 3700 4240 He-

2055 4273 2208 4327 braeo
2233 4288 2244 4326 :
2282 4273 2538 4342 Egressus
2568 4287 2642 4337 es,
2675 4275 2736 4325 ut
2763 4273 3011 4327 salvares
3036 4272 3301 4343 populum
3320 4281 3478 4326 tuum
3493 4289 3597 4342 per
3613 4273 3702 4328 Je-

2054 4375 2179 4414 sum
2210 4359 2485 4414 Christum
2515 4363 2693 4425 tuum,
2731 4360 2884 4430 quod
2909 4359 3098 4414 Graece
3121 4357 3333 4412 dicitur
3354 4354 3572 4424 ἐξῆλθες
3605 4360 3702 4409 τοῦ

2058 4452 2226 4500 σῶσαι
2267 4446 2357 4499 τὸν
2405 4444 2534 4499 λαόν
2570 4467 2663 4499 σου
2696 4442 2784 4499 διὰ
2817 4447 3020 4514 Ἰησοῦν
3052 4445 3140 4497 τὸν
3176 4443 3402 4518 Χριστόν
3438 4463 3554 4500 σου.
3598 4444 3703 4499 Cui

290 4539 486 4607 (Levii.
527 4538 664 4610 xiv).
716 4537 980 4610 Cumque
1011 4537 1210 4592 omnia
1238 4536 1357 4590 haec
1390 4535 1496 4590 rite
1528 4535 1902 4606 compleverit
1928 4553 1942 4603 ;
1973 4555 2021 4619 Ι)
2053 4536 2250 4592 sensui
2277 4539 2467 4608 potest
2492 4534 2637 4590 illud
2661 4534 3118 4606 adaptari,quod
3141 4549 3415 4604 egressus
3437 4533 3706 4588 sitPater

287 4631 434 4683 tunc
465 4627 730 4682 immolet
758 4625 1168 4681 holocaustum
1201 4640 1304 4695 pro
1335 4639 1423 4688 eo,
1456 4628 1514 4678 et
1535 4623 1660 4695 ipse
1689 4623 1944 4679 christus

286 4720 530 4771 vocetur
557 4715 678 4771 Dei.
713 4714 854 4770 Volo
885 4713 1110 4785 aliquid
1141 4713 1370 4780 dicere;
1404 4712 1504 4766 sed
1537 4712 1714 4767 timeo
1745 4729 1817 4768 ne
1846 4729 1943 4768 ne-

289 4804 654 4877 gligentibus
702 4802 1066 4859 occasionem
1109 4801 1287 4856 ruina
1329 4800 1586 4856 tribuam
1623 4818 1635 4855 ;
1689 4802 1841 4872 quod
1884 4802 1944 4856 in

290 4893 615 4965 Scripturis
646 4892 868 4948 sanctis
890 4891 1045 4946 idem
1068 4890 1242 4946 homo
1265 4891 1597 4960 frequenter
1620 4895 1833 4945 unctus
1855 4890 1944 4945 in-

291 4981 580 5038 veniatur.
635 4981 897 5052 Denique
939 4979 1122 5034 David
1151 4978 1319 5033 tertio
1351 4982 1564 5032 unctus
1596 4982 1684 5033 est
1713 4979 1785 5050 (II
1816 4981 1944 5049 Reg.

293 5088 351 5126 v1
382 5079 435 5126 et
461 5071 578 5140 xxx)
607 5087 618 5125 :
653 5070 809 5140 quod
838 5086 945 5124 nos
976 5084 1092 5124 non
1125 5066 1524 5138 intelligamus
1557 5083 1730 5138 super
1759 5083 1824 5122 eo
1847 5068 1947 5140 qui

295 5157 620 5231 peccaverit
649 5202 660 5226 ,
694 5162 750 5213 et
781 5159 992 5213 iterum
1021 5154 1264 5227 ungitur
1285 5154 1521 5226 (sufﬁcit
1543 5154 1697 5210 enim
1720 5154 1948 5226 leproso

298 5251 366 5303 ut
395 5251 527 5319 post
556 5246 810 5320 primum
842 5249 1209 5318 unguentum
1243 5244 1558 5315 perditum,
1584 5249 1840 5315 ungatur
1865 5259 1950 5298 se-

298 5336 538 5408 cundo),
574 5337 675 5392 sed
705 5351 883 5408 super
911 5351 976 5390 eo
1009 5334 1109 5406 qui
1140 5349 1241 5405 per
1262 5332 1387 5387 dies
1414 5331 1678 5404 singulos
1700 5332 1948 5404 proficit,

371 5494 449 5566 (a)
471 5494 783 5566 Perperam
805 5493 1180 5566 Martianasus
1200 5493 1397 5559 verba,
1418 5491 1488 5547 ad
1504 5493 1876 5566 patriarchas,
1901 5497 1951 5549 et

294 5583 351 5638 a,
382 5564 777 5638 praetermisit,
806 5565 1098 5638 glegensua
1134 5579 1263 5638 rege
1297 5579 1362 5619 ac
1391 5564 1754 5638 patriarchis.
1809 5568 1948 5625 Mss.

293 5634 485 5703 nbétri
512 5634 774 5717 aditique
801 5634 935 5696 libi'i
965 5636 1064 5698 alii
1095 5634 1389 5712 supplent.

2055 4643 2192 4682 cum
2240 4625 2381 4680 Filio
2412 4626 2482 4679 de
2513 4623 2728 4694 templo
2757 4629 2814 4677 et
2841 4624 2911 4678 de
2941 4621 3304 4677 caeremoniis
3339 4620 3700 4688 Judaeorum,

2055 4715 2254 4768 dicens
2281 4730 2291 4768 :
2327 4713 2685 4782 Relinquetur
2708 4711 2856 4766 vobis
2877 4711 3068 4765 domus
3096 4713 3279 4764 vestra
3308 4708 3517 4765 deserta
3547 4709 3701 4779 (Luc.

2053 4819 2177 4867 xm,
2209 4802 2297 4868 35)
2324 4821 2338 4869 ς
2375 4804 2430 4854 et
2460 4800 2534 4870 (1))
2564 4799 2787 4854 venerit
2815 4799 2887 4852 ad
2919 4798 3169 4853 salutem
3192 4797 3475 4870 gentium,
3501 4801 3563 4852 ut
3584 4797 3705 4851 sal-

2055 4894 2216 4944 varet
2245 4889 2544 4943 credentes
2585 4903 2688 4958 per
2714 4889 2913 4942 .lesum
2943 4886 3242 4941 Christum
3270 4885 3479 4941 Filium
3505 4900 3701 4941 suum.

2129 4977 2310 5032 LXX:
2358 4976 2548 5030 Misisti
2595 4977 2656 5029 in
2702 4984 2862 5044 caput
2920 4976 3228 5043 impiorum
3273 4977 3524 5029 mortem.
3578 4973 3704 5028 Non

2057 5070 2336 5138 putamus
2365 5064 2434 5118 de
2468 5063 2574 5117 hac
2606 5063 2718 5118 dici
2752 5067 2936 5117 morte
2976 5062 3276 5117 communi
3330 5079 3446 5133 qua
3499 5077 3704 5116 omnes

2059 5155 2364 5218 morimur,
2389 5157 2444 5206 et
2465 5154 2733 5207 mortuus
2756 5157 2844 5207 est
2862 5151 3181 5217 Abraham,
3204 5155 3260 5207 et
3281 5150 3592 5222 Appositus
3617 5155 3707 5205 est

2059 5245 2131 5300 ad
2162 5247 2356 5316 patres
2386 5258 2524 5296 suos
2556 5241 2765 5311 (Cenes.
2799 5244 2970 5309 xxv);
3003 5245 3059 5295 et
3109 5239 3422 5312 prophetis,
3475 5243 3530 5294 et
3580 5238 3706 5310 ipse

2057 5333 2325 5388 Christus
2371 5334 2460 5386 est
2507 5333 2774 5385 mortuus
2814 5330 2989 5401 (Joan.
3025 5330 3162 5400 XIX),
3197 5330 3296 5385 sed
3329 5345 3488 5384 mors
3521 5329 3730 5385 missa

2091 5489 2204 5619 t(b)
2237 5489 2436 5566 Regia.
2472 5505 2607 5562 ms.,
2639 5497 2693 5548 et
2717 5491 2867 5548 venit
2886 5490 2965 5546 ad
2984 5489 3216 5546 salutem
3242 5488 3597 5563 credentium,
3621 5492 3705 5563 ut,

2117 5577 2169 5619 ο.

2059 5577 2146 5622 Θῐο
2157 5602 2169 5619 ο
