4022 6192
449 340 602 403 132³1

1691 341 1757 403 S.
1801 340 2111 405 EUSEBII
2155 340 2601 406 HIERONYMI

3604 332 3719 407 {ait

449 477 540 529 est
568 473 629 561 in
658 471 892 561 iniquos
920 473 966 543 (Ι
996 472 1120 543 Reg.
1155 490 1218 538 ιι,
1251 474 1344 545 6);
1379 477 1444 528 ut
1474 473 1573 546 qui
1608 474 1769 547 prius
1817 474 2089 531 vivebant
2202 474 2400 547 populi
2432 477 2552 531 Dei.
2588 477 2655 531 Et
2686 492 2800 531 non
2831 474 3024 531 solum
3056 474 3286 548 sceptris
3311 475 3444 547 ejus,
3484 476 3569 531 sed
3592 476 3720 532 etiam

447 560 763 631 iniquitati,
779 561 995 616 mortui
1013 566 1265 633 peccato,
1280 562 1535 619 viverent
1549 564 1793 634 justitize
1811 564 1854 635 (Ι
1871 566 1987 619 Pet.
2006 564 2085 635 ιι).

449 649 611 711 Quod
635 647 871 720 quidem
896 660 951 705 et
963 652 1130 705 Anna
1148 650 1210 705 in
1230 651 1489 707 oratione
1506 669 1614 707 sua
1636 652 1953 724 signiﬁcat:
1982 655 2090 708 Do-

448 736 635 791 minus
671 738 877 794 occidet
922 747 975 794 et
1012 740 1267 810 vivi/ient.
1302 739 1521 795 Occidit
1552 740 1707 796 enim
1740 744 2087 812 peccatores,

451 825 692 882 mittens
712 826 773 881 in
795 827 986 899 capita
1007 828 1322 899 impiorum
1346 833 1615 897 mortem,
1642 832 1706 884 ut
1725 830 1975 884 viviﬁcet
1992 830 2087 899 ju-

453 912 642 970 stitiae.
698 915 893 971 Dicam
940 915 1160 988 aliquid
1209 918 1535 973 audacius:
1582 918 1849 973 Christus
1881 919 1949 973 ad
1982 918 2090 973 hoc

454 1004 611 1059 venit
643 1005 704 1059 in
738 1006 1044 1076 mundum,
1079 1010 1144 1061 ut
1171 1006 1231 1061 in
1264 1008 1453 1079 capita
1472 1006 1810 1079 iniquorum
1839 1006 2093 1061 mitteret

456 1096 725 1149 mortem.
775 1097 843 1148 Et
883 1094 1036 1149 sicut
1075 1095 1198 1166 ipse
1227 1100 1461 1165 peccato
1493 1099 1763 1151 mortuus
1794 1099 1884 1150 est
1912 1093 2090 1151 semel

454 1180 500 1252 (Ι
530 1184 649 1237 Pet.
683 1181 767 1253 ιιι)
794 1199 805 1237 :
841 1182 926 1238 sic
957 1187 1013 1237 et
1038 1182 1124 1240 illi
1155 1183 1872 1255 morerenturiniquilati;
1906 1189 1963 1238 et
1990 1182 2091 1255 qui

454 1269 591 1324 facti
623 1270 853 1325 fuerant
884 1271 1196 1343 participes
1228 1272 1433 1327 mortis
1465 1273 1663 1343 hujus,
1697 1272 1825 1327 vitae
1860 1288 2093 1343 quoque

456 1358 767 1430 participes
786 1358 1009 1414 ﬁerent.
1037 1358 1214 1415 Juxta
1232 1360 1581 1416 Hebraicum
1606 1364 1801 1416 autem
1827 1359 1925 1415 ubi
1949 1359 2091 1415 scri-

457 1450 626 1518 ptum
658 1451 781 1502 est:
816 1448 1137 1504 Percussisti
1163 1456 1324 1521 caput
1343 1449 1407 1504 de
1430 1449 1585 1505 domo
1606 1450 1787 1521 impii,
1814 1453 2005 1520 caput,
2031 1453 2096 1503 ut

458 1534 598 1602 dixi,
649 1534 981 1608 principum
1029 1537 1207 1608 hujus
1250 1537 1456 1593 mundi
1486 1539 1888 1609 accipiamus:
1940 1538 2088 1593 657

458 1623 765 1679 etdomum
782 1624 991 1697 ipsius,
1007 1627 1316 1694 mundum,
1333 1643 1685 1698 omnemque
1696 1626 1949 1681 animam
1971 1642 2095 1697 pec-

459 1713 692 1781 catoris,
726 1714 785 1768 in
816 1731 935 1786 qua
954 1714 1224 1770 diabolus
1247 1716 1497 1771 habebat
1515 1714 1857 1787 hospitium.
1878 1715 2095 1769 Idcirco

458 1805 653 1857 autem
681 1803 1003 1874 percutitur
1030 1808 1204 1875 caput
1228 1804 1287 1858 in
1310 1805 1483 1859 domo
1505 1804 1691 1875 impii,
1725 1808 1809 1867 ut,
1840 1802 1936 1857 illo
1969 1819 2095 1875 per-

457 1906 629 1945 cusso
675 1896 849 1961 atque
898 1891 1098 1960 ejecto,
1148 1892 1248 1945 ﬁat
1278 1892 1488 1947 domus
1520 1892 1641 1958 Dei,
1673 1897 1728 1946 et
1759 1891 1984 1946 habitet
2015 1890 2096 1946 ibi

452 1980 703 2050 justitia,
735 1982 791 2033 et
820 1980 1144 2035 inambulet
1166 1980 1224 2033 in
1248 1997 1332 2036 ea.
1366 1982 1435 2035 Et
1460 1980 1566 2035 hoc
1590 1980 1832 2052 dignum
1856 1984 1944 2035 est
1965 1996 2094 2035 sen-

457 2066 569 2122 tire
597 2067 668 2122 de
697 2067 833 2134 Deo,
867 2066 968 2137 qui
998 2083 1267 2139 egressus
1298 2073 1387 2123 est
1414 2067 1474 2122 in
1507 2068 1757 2123 salutem
1784 2068 1982 2140 populi
2006 2068 2098 2123 sui

460 2170 596 2209 cum
628 2154 854 2210 Christo
877 2171 1004 2222 suo,
1039 2159 1122 2219 ut.
1157 2172 1432 2227 percusso
1456 2156 1862 2227 hujuscemodi
1889 2156 2096 2228 capite,

460 2242 557 2299 ille
587 2244 689 2299 fiat
716 2243 776 2298 in
806 2245 975 2299 nobis
1005 2249 1199 2316 caput,
1232 2245 1331 2316 qui
1363 2251 1452 2300 est
1482 2245 1674 2301 omnis
1705 2245 1810 2300 viri
1841 2250 2016 2317 caput
2046 2250 2102 2301 et

459 2332 729 2388 Ecclesiae
750 2350 887 2388 suae.
917 2333 977 2388 Si
1000 2333 1134 2405 quis
1160 2350 1295 2406 ergo
1320 2333 1483 2405 impii
1511 2350 1573 2389 se
1595 2334 1786 2389 adhuc
1809 2334 1985 2389 sentit
2005 2334 2101 2389 do-

460 2436 647 2488 mum,
678 2420 805 2476 Filii
837 2420 937 2476 Dei
967 2422 1307 2492 deprecetur
1344 2423 1679 2489 adventum,
1731 2427 1796 2477 ut
1838 2426 2101 2477 contera-

459 2512 558 2565 tur
583 2509 644 2565 in
674 2525 736 2568 se
765 2509 932 2581 impii
963 2516 1155 2582 caput.

531 2615 703 2672 LXX:
738 2616 1025 2672 Suscitain
1054 2617 1273 2672 vincula
1302 2634 1470 2689 usque
1499 2618 1569 2672 ad
1596 2616 1803 2674 collum
1832 2620 1891 2672 in
1914 2618 2099 2687 ﬁnem.

459 2705 773 2762 Suscitavit
809 2705 1094 2760 Dominus
1136 2704 1369 2761 vincula
1416 2705 1741 2776 charitatis,
1804 2710 1868 2759 ut
1924 2704 2101 2777 priori

461 2811 634 2851 onere
655 2794 941 2867 deposito,
955 2799 1013 2849 et
1032 2794 1379 2866 gravissimo
1394 2795 1540 2866 jugo
1559 2812 1671 2866 quo
1695 2795 2105 2866 premebamur

462 2884 708 2955 abjecto,
759 2882 879 2938 leve
926 2881 1141 2937 Christi
1191 2883 1624 2953 susciperemus
1660 2884 1909 2955 jugum;
1942 2886 1999 2938 et
2042 2883 2103 2937 in

465 2989 637 3027 curru
669 2970 830 3026 illius
860 2970 1054 3042 positi,
1097 2970 1363 3043 aurigam
1395 2971 1679 3043 optimum
1714 2977 2101 3042 portaremus.

462 3061 625 3128 Quod
657 3060 892 3131 quidem
923 3064 979 3114 et
1020 3059 1340 3114 Theodotio
1370 3060 1428 3114 in
1458 3061 1672 3114 bonam
1704 3065 1927 3131 partem
1961 3060 2108 3115 acci-

463 3150 630 3222 piens
660 3148 741 3203 ait
772 3164 784 3200 :
840 3147 1068 3203 Ornasti
1115 3148 1535 3218 fundamentum
1577 3164 1745 3218 usque
1782 3148 1851 3203 ad
1880 3149 2100 3204 collum.

463 3207 676 3303 buinta
730 3235 953 3292 editio:
1007 3207 1321 3301 Den'udasti,
1377 3236 1515 3305 sive,
1566 3207 1847 3291 evacuain
1889 3236 2105 3308 funda-
2136 3207 2178 3273 α

463 3330 710 3383 mentum
738 3341 910 3396 usque
938 3324 1014 3380 ad
1041 3323 1269 3388 collum,
1301 3325 1442 3392 seta,
1472 3323 1531 3379 id
1562 3329 1670 3393 est,
1700 3342 1927 3397 semper.
1962 3326 2109 3391 Quia

465 3415 622 3473 enim
672 3413 1120 3470 fundamentum
1169 3411 1379 3478 Christ,
1431 3413 1585 3483 quod
1638 3418 1760 3468 erat
1806 3414 1864 3468 in
1908 3412 2107 3468 anima

465 3503 855 3577 singulorum,
881 3501 1156 3573 allophyli
1178 3505 1334 3556 terra
1353 3501 1685 3567 obruerent,
1701 3501 1958 3573 egeritur
1978 3518 2108 3557 con-

465 3599 629 3668 gesta
647 3594 960 3659 humus,et
983 3590 1238 3646 nudatur
1256 3589 1543 3661 optimum
1563 3590 2036 3655 fundamentum,
2052 3595 2108 3646 et

463 3687 725 3750 ornatur,
759 3686 825 3737 ut
853 3680 1008 3753 quod
1040 3679 1275 3745 latebat,
1300 3682 1576 3750 appareat
1595 3683 1652 3735 et
1673 3696 1842 3735 suam
1866 3679 2107 3751 recipiat

465 3770 810 3843 claritatem,
842 3773 900 3826 et
927 3769 1036 3824 hoc
1068 3768 1133 3822 fit
1170 3768 1231 3823 in
1272 3768 1714 3839 sempiternum,
1775 3769 1929 3839 quod
1988 3772 2103 3825 He-

461 3860 655 3916 braice
685 3859 900 3915 dicitur
928 3875 1081 3913 sum.
1126 3856 1429 3926 Simulque
1462 3857 1770 3911 considera
1800 3856 1956 3928 quod
1990 3856 2104 3929 ipsi

460 3949 623 4019 LXX,
654 3964 851 4004 rerum
882 3945 1223 4002 necessitate
1255 3945 1585 4017 compulsli,
1615 3946 1715 4016 qui
1743 3961 1973 4016 semper
1990 3946 2105 4000 seta

461 4036 999 4108 interpretabantur
1026 4033 1354 4105 diapsalma,
1388 4050 1542 4089 nunc
1571 4032 2017 4103 transtulerunt,
2043 4036 2105 4089 in

461 4126 647 4196 ﬁnem.

531 4229 717 4299 (Vers.
770 4229 836 4283 14
885 4228 1076 4300 seqq.)
1126 4227 1456 4283 Maledixisti
1496 4231 1719 4299 sceptris
1764 4232 1902 4301 ejus,
1934 4232 2105 4301 capiti

461 4319 787 4375 bellatorum
812 4317 950 4388 ejus,
970 4316 1311 4372 venientibus
1333 4323 1393 4371 ut
1419 4317 1575 4370 turbo
1597 4318 1669 4370 ad
1687 4317 2103 4389 dispergendum

458 4424 564 4464 me.
595 4406 904 4463 Exsultatio
933 4422 1125 4461 eorum
1151 4406 1290 4459 sicut
1319 4406 1436 4475 ejus
1455 4406 1551 4475 qui
1573 4404 1790 4461 devorat
1808 4423 2103 4477 pauperem

456 4499 519 4553 in
546 4495 876 4553 abscondito.
916 4497 1070 4550 Viam
1096 4496 1274 4565 fecisti
1304 4495 1364 4548 in
1392 4495 1536 4549 mari
1564 4497 1715 4565 equis
1744 4497 1869 4561 tuis,
1895 4496 1953 4549 in
1985 4497 2097 4550 luto

458 4602 733 4658 aquarum
758 4586 1079 4640 multarum.
1111 4584 1332 4650 Audivi,

456 4691 609 4730 meus
625 4691 644 4728 :
667 4674 737 4730 ad
755 4689 935 4730 vocem
952 4677 1392 4728 contremuerunt
1416 4672 1568 4727 labia
1588 4688 1728 4727 mea.
1753 4672 2103 4743 Ingrediatur

454 4763 681 4835 putredo
710 4765 771 4818 in
801 4762 1002 4818 ossibus
1030 4763 1191 4829 meis,
1222 4769 1277 4817 et
1306 4761 1489 4815 subter
1517 4776 1604 4815 me
1631 4765 1841 4816 scateat
1866 4779 1877 4817 :
1914 4770 1970 4817 ut
2009 4778 2099 4817 re-

456 4854 736 4923 quiescam
763 4854 825 4907 in
852 4852 941 4906 die
967 4851 1339 4906 tribulationis
1360 4865 1499 4905 meae
1531 4849 1721 4923 [Vulg
1745 4854 1897 4905 tacet
1914 4865 2096 4923 mea,

453 4950 517 4997 ut
545 4942 839 4997 ascendam
855 4940 925 4996 ad
941 4941 1203 5011 populum
1227 4940 1532 4993 accinctum
1562 4942 1826 4993 nostrum.
1853 4939 1921 4993 Et
1944 4956 2099 4994 nunc

451 5034 683 5085 tantum
719 5029 1066 5085 Hebraicum
1098 5028 1445 5084 disserimus
1493 5028 1598 5100 [AL
1632 5028 1982 5100 posuimusI,
2034 5032 2098 5083 ut

451 5119 767 5192 separatim
785 5118 854 5173 de
872 5117 1122 5173 editione
1138 5116 1519 5189 Septuaginta
1548 5116 1927 5185 disseramus,
1955 5115 2098 5171 mul-

451 5212 579 5264 tum
610 5207 767 5263 enim
798 5207 869 5261 ab
900 5206 1162 5262 omnium
1193 5203 1573 5260 translatione
1604 5204 1898 5261 discordat
1934 5223 1944 5262 :
1979 5206 2094 5261 Mu-

451 5297 719 5363 ledixisti,
754 5295 965 5367 inquit,
996 5296 1240 5365 sceptris,
1275 5295 1332 5349 id
1364 5300 1470 5359 est,
1505 5293 1701 5365 regnis
1732 5294 1859 5363 ejus
1888 5311 1899 5347 :
1935 5294 2091 5350 haud

452 5386 698 5440 dubium
731 5384 871 5457 quin
902 5370 1185 5455 impii,de
1216 5399 1330 5453 quo
1363 5399 1541 5455 supra
1571 5383 1795 5438 dixerat
1824 5399 1834 5437 :
1873 5389 2093 5439 Percus-

447 5473 569 5527 sisti
594 5471 846 5543 caputde
891 5470 1047 5527 domo
1079 5471 1283 5541 impii:
1333 5470 1622 5525 denudasti
1666 5470 2094 5541 fundamentum

449 5574 618 5629 usque
647 5560 717 5615 ad
767 5560 987 5615 collum.
1034 5559 1421 5631 Intelligimus
1451 5562 1647 5615 autem
1704 5560 1974 5631 impium,
2005 5560 2091 5617 vel

450 5644 1006 5720 Nabuchodonosor,
1062 5647 1151 5706 vel
1208 5663 1443 5709 omnem
1503 5647 1902 5709 adversarium
1933 5649 2087 5711 658

2202 565 2374 636 capiti
2398 564 2745 620 bellatorum
2769 581 2919 635 quos
2940 581 3111 636 percu
3121 581 3318 631 sseras,
3337 564 3423 634 qui
3442 568 3725 620 veneruntut

2200 654 2391 717 turbo,
2426 658 2490 707 ut
2517 654 2921 725 dispergerent
2949 670 3061 719 me,
3094 652 3149 707 id
3179 658 3280 723 est,
3308 656 3366 707 ut
3384 656 3648 708 everterent
3668 652 3727 707 ls-

2201 742 2340 808 rael,
2374 747 2431 796 et
2457 741 2845 797 in'diversum
2877 742 3170 813 captivum
3199 742 3532 797 deducerent.
3568 741 3634 796 Ita
3654 757 3726 796 au-

2200 833 2318 884 tem
2351 830 2720 885 exsultabant
2766 831 3109 886 devorantes
3140 846 3450 902 pauperem,
3485 834 3533 884 et
3557 830 3731 899 subjec-

2200 922 2325 973 tum
2358 918 2467 974 sibi
2503 919 2699 984 Israel,
2749 921 2915 991 quasi
2964 918 3158 993 hocin
3194 917 3500 975 abscondito
3526 917 3729 988 facerent,

2201 1013 2255 1063 et
2288 1025 2414 1075 nos,
2448 1008 2745 1078 ignorante
2774 1013 2849 1071 tc,
2896 1009 3249 1063 devorarent.
3280 1006 3480 1063 Venisti
3505 1005 3662 1077 itaque
3682 1005 3730 1061 ad

2202 1097 2464 1168 prmlium
2497 1114 2599 1168 pro
2632 1096 2843 1169 populo
2874 1100 2994 1159 tuo,
3026 1101 3084 1152 et
3111 1095 3406 1169 quadrigas
3429 1099 3546 1150 tuas
3567 1092 3732 1149 immit-

2199 1188 2330 1241 tens
2361 1185 2420 1239 in
2451 1201 2656 1255 aquas,
2689 1184 2797 1240 hoc
2827 1189 2933 1253 est,
2966 1185 3027 1240 in
3057 1188 3253 1256 gentes
3275 1182 3490 1252 multas,
3511 1181 3658 1237 fecisti
3677 1180 3735 1236 eis

2201 1274 2350 1329 viam
2383 1273 2443 1327 in
2472 1274 2594 1328 luto
2625 1290 2912 1344 aquarum
2941 1273 3275 1337 multarum,
3300 1273 3353 1327 id
3374 1275 3470 1339 est,
3491 1275 3547 1325 ut
3569 1268 3736 1326 concul-

2203 1379 2298 1418 ces
2319 1379 2437 1429 eos,
2454 1368 2509 1417 et
2527 1362 2695 1434 quasi
2716 1362 2907 1417 lutum
2925 1378 3206 1434 equorum
3227 1367 3445 1417 tuorum
3464 1364 3514 1415 et
3530 1372 3739 1414 curruum

2204 1450 2426 1523 ungula
2454 1455 2510 1506 et
2541 1455 2667 1505 rota
2692 1456 2974 1506 conteras.
2998 1450 3159 1514 Quod
3182 1454 3366 1505 autem
3388 1446 3642 1519 sequitur:
3666 1447 3740 1499 Αιιο

2204 1539 2340 1604 divi,
2372 1543 2422 1593 et
2450 1539 2800 1595 conturbatus
2828 1544 2908 1595 est
2944 1548 3132 1595 venter
3172 1555 3316 1594 meus
3348 1556 3360 1592 :
3407 1536 3470 1591 ad
3517 1551 3658 1590 vocem
3679 1533 3744 1603 (ut

2207 1626 2613 1697 subaudiatur,
2644 1628 2818 1698 tuam)
2847 1631 3289 1683 contremuerunt
3310 1626 3452 1681 labia
3469 1640 3589 1694 mea,
3609 1625 3742 1694 ingre-

2205 1716 2391 1770 diatur
2412 1716 2645 1787 putredo
2674 1718 2732 1771 in
2761 1717 2969 1772 ossibus
2997 1718 3151 1784 meis,
3184 1719 3234 1770 et
3272 1716 3445 1770 subter
3469 1728 3546 1767 me
3566 1712 3743 1766 scatat:

2210 1810 2267 1859 ut
2297 1807 2632 1875 requiescam
2661 1808 2717 1859 in
2738 1805 2826 1861 die
2856 1805 3254 1873 tribulationis,
3278 1807 3337 1858 ut
3350 1800 3598 1857 ascendam
3616 1798 3744 1868 adpo-

2202 1894 2397 1964 pulum
2424 1898 2728 1949 accinctum
2754 1896 3021 1959 nostrum,
3055 1892 3149 1949 his
3177 1896 3265 1948 est
3291 1906 3516 1947 sensus:
3543 1888 3671 1942 Nunc
3693 1884 3743 1939 li-

2205 1984 2407 2037 benter
2425 1998 2628 2037 omnes
2650 1982 2907 2054 patimur
2926 1982 3251 2053 angustias,
3266 1985 3322 2035 et
3345 1979 3409 2034 ad
3432 1973 3744 2033 comminatio~

2208 2087 2341 2125 nem
2373 2075 2536 2125 tuam
2571 2071 2711 2125 totis
2743 2070 3066 2126 visceribus
3096 2067 3589 2125 contremiscimus.
3634 2062 3746 2117 Nunc

2207 2164 2468 2215 tremunt
2496 2158 2649 2214 labia
2679 2176 2829 2226 mea,
2863 2166 2921 2214 et
2951 2176 3128 2231 pavor
3161 2158 3368 2213 mentis
3389 2154 3597 2227 trepide
3617 2151 3663 2206 in
3683 2160 3748 2204 ore

2209 2249 2494 2320 signatur,
2529 2252 2586 2302 et
2615 2264 2726 2302 non
2761 2247 2952 2303 solum
2977 2247 3159 2315 istud,
3188 2246 3287 2302 sed
3307 2246 3471 2301 etiam
3497 2241 3626 2299 aliud
3645 2239 3750 2294 ultro

2209 2340 2418 2408 appeto
2459 2341 2517 2391 et
2548 2336 2701 2392 ultro
2733 2335 2998 2391 desidero
3033 2354 3046 2391 :
3097 2334 3449 2408 ingrediatur
3492 2328 3684 2404 putredo
3712 2326 3752 2380 in

2209 2426 2443 2482 ossibus
2473 2426 2619 2481 meis
2648 2426 2752 2499 [AL
2782 2442 2918 2481 ossa
2948 2442 3120 2497 meal,
3156 2429 3213 2480 et
3243 2423 3435 2479 subter
3462 2436 3543 2476 me
3568 2417 3754 2480 scateat;

2210 2514 2318 2569 hoc
2340 2517 2445 2583 est,
2468 2514 2718 2569 libenter
2738 2513 2927 2585 patior
2952 2513 3103 2585 quod
3129 2529 3341 2585 passus
3368 2514 3449 2566 est
3466 2508 3676 2575 Job,non
3693 2517 3756 2557 so-

2211 2604 2334 2658 lum
2352 2619 2553 2657 carnes
2576 2603 2866 2669 meas,sed
2891 2602 3020 2657 med
3031 2600 3185 2657 ullas
3204 2616 3424 2673 quoque
3438 2590 3755 2663 ossiumcupio

2210 2692 2492 2761 tabefieri,
2554 2695 2609 2746 et
2655 2696 2905 2747 stratum
2947 2707 3147 2746 meum
3180 2688 3474 2762 putredine
3502 2681 3757 2756 corporiset

2210 2779 2538 2834 innumeris
2569 2783 2792 2835 scatere
2819 2778 3140 2849 vermibus,
3195 2782 3257 2833 ut
3285 2780 3567 2850 postquam
3592 2770 3665 2826 hic
3687 2781 3755 2839 pro

2212 2868 2461 2940 peccatis
2510 2868 2658 2923 meis
2704 2868 2825 2922 haec
2874 2867 3235 2932 sustinuero,
3278 2864 3603 2936 requiescam
3629 2859 3672 2912 in
3694 2854 3755 2910 die

2214 2974 2433 3021 amara,
2483 2957 2541 3010 in
2591 2956 2685 3011 die
2732 2954 3156 3023 tribulationis,
3197 2955 3254 3009 in
3288 2954 3377 3008 die
3403 2945 3756 3007 necessitatiset

2214 3044 2514 3118 angustim.
2547 3046 2615 3100 Et
2645 3045 2956 3100 ascendam
2989 3045 3061 3099 ad
3095 3043 3375 3116 populum
3403 3041 3676 3097 accinctum
3692 3047 3757 3087 no-

2216 3140 2425 3201 strum,
2461 3134 2666 3190 fortem
2704 3133 2992 3201 videlicet,
3034 3132 3375 3188 bellatorem
3413 3134 3566 3201 atque
3599 3136 3755 3197 pugna'

2215 3240 2362 3278 cem.
2406 3224 2474 3278 Et
2514 3222 2773 3294 pulchre,
2822 3222 3112 3277 ascendam
3149 3239 3163 3276 :
3217 3222 3287 3276 ad
3336 3219 3621 3275 accinctum
3650 3210 3758 3266 enim

2216 3312 2498 3383 populum
2524 3327 2757 3382 semper
2772 3310 3125 3365 ascenditur.
3148 3303 3757 3382 Eleganterquenostrum:

2216 3400 2313 3470 qui
2346 3400 2501 3455 enim
2533 3399 2849 3454 tribulatus
2871 3403 2978 3463 est,
3006 3402 3063 3454 et
3084 3414 3393 3471 pressurus
3412 3395 3623 3449 libenter
3637 3384 3760 3443 susti-

2218 3489 2434 3555 nuit,et
2454 3488 2835 3560 praesentibus
2862 3485 3032 3542 malis
3055 3488 3255 3541 futura
3277 3482 3498 3558 praemia
3512 3487 3762 3548 compensa-

2214 3578 2313 3648 vit,
2345 3581 2596 3632 nostrum
2629 3576 2907 3631 audacter
2932 3575 3220 3647 loquitur,
3262 3579 3326 3630 ut
3348 3576 3501 3644 juxta
3526 3565 3762 3627 Abraham,

2216 3667 2376 3721 Isaac
2405 3670 2461 3720 et
2497 3665 2696 3731 Jacob,
2749 3669 2805 3719 et
2845 3664 2969 3735 ipse
3004 3664 3265 3719 dormiat
3295 3663 3351 3717 in
3383 3659 3638 3717 senectute
3660 3653 3763 3735 bona

2213 3755 2422 3826 plenus
2474 3753 2724 3818 dierum,
2758 3756 2817 3807 et
2843 3734 3177 3824 apponatur
3200 3752 3268 3808 ad
3297 3755 3481 3824 patres
3504 3760 3633 3803 suos.
3651 3734 3761 3803 Quod

2213 3844 2261 3898 si
2294 3843 2427 3914 quis
2457 3841 2664 3897 dixerit
2696 3858 2709 3895 :
2753 3842 2894 3896 Ecce
2933 3840 2991 3894 in
3023 3840 3285 3895 histories
3317 3835 3633 3911 expositione
3662 3828 3758 3881 dum

2213 3931 2422 3997 nescis,
2453 3929 2740 4002 allegoriae
2763 3929 3001 3984 clausus
3028 3945 3090 3984 es
3122 3929 3368 3995 retibus,
3392 3930 3446 3983 et
3462 3916 3760 3996 tropologiam

2212 4020 2464 4075 historia:
2496 4017 3022 4073 miscuisti.Audiat
3048 4034 3168 4073 non
3203 4033 3430 4089 semper
3450 4007 3760 4080 metaphoram

2212 4107 2487 4177 historiae,
2538 4105 2873 4178 allegoriam
2924 4122 3295 4162 consonare:
3347 4104 3478 4177 quia
3515 4092 3763 4169 frequenter

2211 4195 2456 4251 historia
2500 4194 2629 4266 ipsa
2660 4194 3054 4267 metaphorice
3082 4196 3327 4261 texitur,
3374 4198 3427 4248 et
3455 4190 3551 4246 sub
3578 4179 3762 4274 ἰτηδεὶξο

2212 4284 2495 4350 mulieris,
2527 4265 2616 4338 vel
2650 4265 2963 4339 unius'viri
2995 4283 3065 4338 de
3095 4288 3219 4339 toto
3246 4281 3450 4355 populo
3469 4275 3598 4335 σεο
3617 4265 3762 4345 Ρτεάί·

2211 4378 2391 4429 catur.
2419 4374 2488 4427 Et
2508 4388 2663 4427 nunc
2685 4388 2821 4445 ergo
2844 4388 3165 4444 possumus
3188 4372 3379 4428 dicere
3400 4386 3465 4425 ex
3485 4375 3680 4439 persona
3697 4368 3762 4425 P0"

2210 4461 2327 4534 puli
2340 4461 2627 4516 :Libcnter
2639 4460 3031 4532 captivitatem
3046 4460 3421 4532 subeo,a2quo
3439 4454 3760 4515 animoangus'

1360 4541 2103 4639 eiiétzi’rilzidfés’ileiié}
2131 4571 2179 4635 D
2209 4552 2321 4607 ίίθε
2354 4550 2636 4639 ευείίοθρτ
2669 4548 3099 4639 “Emi-mm"
3135 4549 3565 4639 Βίαδγ¹οηίονυτξῖ
3586 4541 3760 4639 Picti”

2203 4641 2369 4712 jugo,
2416 4643 2471 4694 et
2501 4618 2791 4710 quidquid
2821 4636 3039 4692 ultimae
3070 4642 3126 4692 et
3158 4618 3320 4693 dura:
3348 4623 3659 4691 necessitatis
3677 4618 3760 4683 est,

2209 4729 2470 4801 gaudens
2501 4726 2693 4799 patiar
2722 4726 2827 4796 (At.
2864 4726 3076 4798 patior)
3102 4742 3114 4779 :
3148 4730 3381 4781 tantum
3414 4728 3475 4778 ut
3500 4736 3557 4776 eo
3574 4718 3765 4801 ιειιιροκξ

2208 4816 2573 4889 requiescam
2605 4831 2720 4887 quo
2752 4813 3065 4869 maledices
3096 4814 3349 4887 sceptris
3378 4808 3551 4884 impii,
3587 4806 3634 4859 et
3668 4806 3763 4867 e‘1‘“

2208 4888 2309 4960 tui
2329 4900 2637 4960 calcabunt
2666 4902 2858 4958 lutum
2882 4919 3164 4974 aquarum
3196 4902 3524 4964 multarum,
3546 4898 3599 4949 ut
3620 4888 3765 4974 Ροεῑθξ

2208 5011 2339 5048 cum
2373 4994 2592 5049 sanctis
2622 4991 2739 5047 tuis
2770 4971 3083 5047 Zorobabel
3112 4995 3169 5046 et
3192 4992 3332 5047 Jesu
3364 4989 3476 5045 {ilio
3502 4971 3763 5071 Josed‘ectei

2204 5083 2389 5137 Esdra
2411 5081 2728 5146 sacerdote,
2743 5085 2800 5135 et
2819 5080 3099 5135 Nehemia
3121 5081 3180 5136 in
3207 5086 3423 5136 terram
3445 5067 3764 5159 repromittat-0‘

2206 5171 2297 5227 nis
2310 5176 2581 5225 revertar.
2600 5170 2910 5239 Hucusque
2930 5186 3000 5224 ne
3018 5169 3259 5225 omnino
3282 5152 3762 5242 praetermitteme

2204 5261 2412 5316 toriam
2435 5260 2781 5324 videremur,
2806 5259 3240 5329 quodammodo
3264 5258 3377 5313 vim
3410 5253 3625 5311 fecimus
3641 5234 3760 5298 intel-

2204 5349 2398 5415 lectui,
2448 5353 2503 5403 et
2544 5348 2601 5402 in
2635 5347 3026 5419 captivitatem
3058 5348 3345 5403 traximus
3376 5337 3660 5401 sententias
3684 5337 3759 5419 ῠοιξ

2203 5411 2556 5509 sequentes:
2615 5411 2769 5491 nunc
2826 5436 2899 5490 ad
2947 5436 3333 5507 Septuaginta
3360 5411 3761 5489 translator'88,0t

2202 5527 2275 5582 ad
2304 5524 2723 5598 expositionem
2754 5523 3170 5597 tropologicum
3204 5527 3566 5581 revertamur.

2272 5650 2410 5712 LXX
2443 5668 2456 5710 :
2505 5649 2756 5712 Divisisti
2783 5650 2844 5708 in
2872 5653 3095 5727 stupore
3120 5650 3305 5726 capita
3333 5643 3631 5726 potentium.
3654 5624 3762 5690 εἱσαΐ
