4022 6192
463 339 614 404 1331

1733 346 1797 408 S.
1843 344 2154 410 EUSEBII
2196 345 2636 411 HIERONYMI

3637 350 3751 416 l332

536 476 708 534 LXX:
735 475 799 531 Et
827 475 1203 549 superduxisti
1230 478 1292 533 in
1349 479 1497 534 mari
1543 493 1704 550 equos
1736 483 1854 536 tuos
1883 489 2100 537 contur-
2130 481 2186 548 Α
2212 480 2299 536 vel
2331 480 2612 537 habitudo
2642 479 2876 536 turbata
2927 483 3036 549 est,
3097 495 3168 537 ne
3203 477 3405 537 similia
3454 482 3749 542 sustinerem.

465 567 656 622 bantes
687 582 859 637 aquas
888 567 1107 622 multas.
1144 567 1455 639 Postquam
1497 570 1648 625 662
1684 569 1921 625 miserat
1949 571 2103 626 Deus

459 655 518 709 in
550 654 742 726 capita
794 653 1131 726 iniquorum
1163 661 1431 723 mortem,
1463 663 1519 712 et
1558 659 1886 714 conciderat
1914 660 2106 731 capita

461 743 783 814 potentium
845 744 904 798 in
965 750 1218 816 stupore,
1273 751 1329 801 et
1375 747 1736 818 confregerat
1769 765 1836 802 ea
1866 749 1924 802 in
1958 748 2104 804 mari

460 831 768 903 (scriptum
789 837 877 888 est
897 834 1052 888 enim
1084 835 1141 888 in
1175 835 1421 889 Psalmis
1457 855 1468 890 :
1506 839 1572 890 Tu
1595 839 2104 908 confregisticapita

457 920 707 976 draconis
739 923 905 976 lPsal.
941 925 1214 994 LXXIII/1])
1250 925 1612 996 principibus
1641 926 2104 990 interfectis,sive

456 1010 787 1076 contractis,
819 1015 876 1066 et
899 1012 1047 1066 victo
1080 1012 1210 1066 forti
1240 1013 1470 1068 venitur
1495 1015 1565 1068 ad
1599 1015 1840 1069 domum
1870 1017 2017 1085 ejus,
2049 1020 2102 1071 et

458 1099 730 1155 universa
776 1099 936 1156 illius
985 1118 1124 1156 vasa
1167 1102 1524 1173 diripiuntur
1553 1105 1737 1171 (Marc.
1772 1103 1916 1176 xm).
1949 1105 2104 1159 Vasa

457 1191 653 1243 autem
686 1192 742 1244 et
771 1190 1012 1244 domum
1045 1189 1208 1245 fortis
1262 1194 1318 1244 et
1347 1191 1766 1262 supellectilem
1798 1193 2102 1264 principis,

456 1277 596 1347 quid
630 1277 787 1332 aliud
819 1295 1136 1350 possumus
1166 1278 1556 1351 interpretari,
1593 1280 1703 1335 nisi
1734 1297 1892 1336 mare
1923 1281 2102 1353 hujus

456 1365 672 1433 saeculi,
707 1366 765 1420 in
797 1383 911 1437 quo
941 1367 1168 1422 habitat
1232 1369 1403 1423 draco
1429 1369 1456 1423 ?
1495 1370 1912 1441 Superinducit
1966 1387 2101 1442 ergo

453 1453 628 1522 Deus,
686 1456 954 1528 egregius
985 1473 1162 1527 eques
1199 1461 1256 1512 et
1286 1458 1489 1530 auriga
1517 1459 1864 1530 praecipuus,
1921 1475 2101 1532 equos

453 1558 612 1612 suos,
646 1543 884 1614 angelos
913 1544 1200 1612 videlicet,
1235 1546 1634 1618 sublimesque
1662 1547 1907 1602 virtutes
1929 1564 2104 1619 super

453 1647 614 1687 mare
645 1632 822 1703 hujus
853 1634 1073 1704 saeculi,
1099 1638 1163 1689 ut
1191 1635 1430 1690 turbent
1477 1653 1660 1708 aquas
1693 1637 1931 1707 multas,
1986 1639 2100 1692 dte-

454 1721 652 1776 monia
683 1726 739 1776 et
767 1723 1090 1778 contrarias
1123 1727 1628 1795 potestates.Quod
1661 1726 1710 1781 si
1743 1725 2101 1781 voluerimus

455 1809 526 1863 de
555 1811 806 1864 adventu
839 1810 1053 1865 Christi
1085 1811 1826 1883 interpretari,juxtaillud
1849 1815 2005 1884 quod
2037 1813 2098 1869 in

447 1897 792 1970 Apocalypsi
825 1898 982 1970 (Cap.
1017 1900 1104 1970 19)
1135 1901 1431 1967 scribitur,
1465 1903 1620 1973 quod
1643 1919 1834 1957 sermo
1871 1903 1966 1958 Dei
1999 1920 2093 1958 se-

449 1985 584 2040 deat
604 1986 662 2040 in
686 2003 834 2058 equo
865 1988 995 2044 albo
1027 1993 1084 2044 et
1113 1991 1304 2045 omnis
1343 1991 1628 2047 exercitus
1659 1991 1717 2046 in
1749 1991 1916 2062 equis
1946 1993 2094 2048 albis

447 2079 729 2144 sequatur
757 2077 1249 2143 eum,videbimus
1281 2080 1570 2149 quomodo
1601 2080 1867 2136 Christus
1893 2097 2095 2137 ascen-

445 2162 597 2218 derit
628 2163 688 2218 in
718 2165 996 2236 apostolis
1013 2166 1362 2235 suis,dicens
1393 2170 1476 2224 eis
1504 2185 1516 2223 :
1541 2171 1670 2225 Ecce
1698 2187 1799 2238 ego
1820 2171 2094 2226 vobiscum

443 2267 568 2307 sum
598 2255 848 2309 omnibus
877 2254 1083 2323 diebus,
1117 2273 1286 2327 usque
1314 2257 1383 2312 ad
1438 2261 1955 2314 consummationem
1983 2275 2090 2317 see-

445 2343 559 2396 cuti
578 2363 598 2407 ,-
627 2346 683 2397 et
712 2362 730 2397 :
755 2344 977 2410 Euntes,
1011 2346 1110 2412 ite,
1143 2346 1412 2417 baptizate
1465 2363 1651 2402 omnes
1679 2352 1881 2416 gentes,
1914 2352 1970 2403 et
2002 2365 2090 2404 re-

442 2429 606 2502 liqua
636 2430 841 2501 (Matth.
876 2433 1076 2502 xxvm)
1122 2434 1192 2488 Et
1223 2438 1422 2505 postea
1453 2435 1855 2490 conscenderit
1881 2436 1940 2490 in
1975 2453 2089 2492 uno

443 2536 592 2592 equo
622 2521 890 2588 candido,
951 2538 1127 2592 quem
1176 2522 1356 2578 alium
1411 2541 1526 2578 non
1575 2529 1714 2595 puto
1766 2539 1914 2596 esse,
1975 2525 2089 2580 nisi

443 2608 777 2682 apostolum
808 2610 1078 2679 Paulum,
1110 2628 1288 2683 super
1317 2597 1490 2683 quem
1527 2613 1820 2685 equitans,
1853 2630 2087 2669 omnem

443 2697 644 2753 orbem
667 2699 1264 2755 circuierit.Ascendit
1284 2706 1478 2756 autem
1503 2718 1694 2758 sermo
1714 2703 1811 2757 Dei
1842 2703 1898 2756 in
1922 2703 2089 2774 equis

443 2785 590 2858 suis,
622 2791 688 2841 ut
717 2787 1098 2844 turbarentur
1127 2806 1290 2860 aquae
1324 2789 1542 2854 multae,
1575 2791 1684 2846 hoc
1713 2795 1820 2856 est,
1869 2791 1954 2846 vel
1987 2809 2088 2863 po-

441 2875 563 2948 puli
616 2876 806 2946 multi,
840 2877 940 2949 qui
970 2881 1102 2933 ante
1157 2878 1216 2932 in
1250 2879 1395 2933 mari
1443 2884 1626 2945 erant,
1661 2883 1717 2934 et
1746 2880 1981 2935 draconi
2017 2886 2068 2936 te

443 2965 734 3020 nebantur
765 2965 997 3020 obnoxii
1019 2967 1173 3038 (Lata
1200 2969 1353 3021 enim
1380 2976 1434 3022 et
1461 2970 1700 3036 spatiosa
1719 2971 1836 3022 vita
1865 2973 1943 3023 est
1973 2986 2090 3040 quae

443 3053 597 3109 ducit
639 3054 709 3108 ad
754 3059 984 3110 mortem
1032 3055 1236 3125 (Matth.
1286 3073 1388 3122 vn,
1438 3056 1546 3126 13),
1587 3061 1642 3110 et
1687 3057 2086 3127 turbarentur,

437 3141 695 3213 primum
717 3159 972 3198 errorem
995 3143 1310 3214 pristinum
1335 3146 1698 3200 deserentes:
1725 3146 1934 3202 deinde
1957 3163 2088 3202 con-

2215 569 2407 624 Potest
2464 587 2697 642 quoque
2725 575 2782 624 et
2819 570 2988 642 quasi
3020 585 3192 625 suum
3231 569 3427 626 habere
3455 572 3752 645 principium,

2213 663 2488 714 narrante
2511 659 2792 731 propheta
2829 660 3101 715 timorem
3129 664 3375 726 suum,et
3403 663 3651 732 quomodo
3674 663 3755 718 lor-

2214 747 2452 802 midarit
2481 763 2551 802 ne
2578 749 2898 818 peccaverit
2918 749 3025 818 [Αἰ.
3063 752 3333 820 peccaret]
3356 749 3409 803 in
3434 749 3621 821 aliquo,
3646 756 3691 806 et
3707 753 3756 807 ad

2211 851 2407 889 vocem
2460 836 2740 891 orationis
2798 835 3087 891 labiorum
3146 852 3374 890 suorum
3427 839 3756 903 commonitus,

2212 928 2441 978 tantum
2472 925 2736 980 timuerit
2767 930 2967 994 Deum,
3003 929 3068 978 ut
3098 924 3391 996 ingressus
3433 926 3501 980 sit
3525 930 3700 981 tremor
3718 928 3758 981 in

2213 1029 2346 1068 ossa
2394 1014 2521 1084 ejus
2556 1033 2567 1068 :
2603 1019 2660 1068 et
2717 1015 2825 1069 sub
2857 1013 3082 1069 excelsa
3130 1030 3300 1068 manu
3337 1014 3545 1070 Domini
3573 1015 3759 1086 positus,

2213 1102 2370 1156 omni
2403 1102 2614 1157 animas
2651 1120 2767 1157 sua:
2801 1103 3161 1167 fortitudine,
3195 1101 3279 1156 vel
3310 1102 3497 1158 habitu
3527 1104 3614 1171 [AL
3641 1104 3761 1158 habi-

2212 1191 2438 1260 tudine]
2471 1192 2852 1246 conturbatus
2883 1191 2978 1246 sit.
3005 1191 3165 1257 Qnod
3195 1196 3381 1246 autem
3410 1191 3484 1246 ait
3512 1208 3523 1244 :
3551 1193 3761 1261 Ingressus

2213 1284 2289 1336 est
2323 1284 2533 1334 tremor
2563 1281 2620 1335 in
2649 1296 2771 1335 ossa
2802 1297 2940 1349 mea,
2964 1279 3389 1356 ἐμφαντικώτερον
3420 1280 3761 1351 accipiendum,

2217 1372 2281 1423 ut
2304 1369 2606 1424 videamus
2629 1368 3093 1440 magnitudinem
3116 1368 3340 1424 timoris
3362 1369 3447 1423 Dei
3489 1371 3765 1440 penetrantis

2212 1456 2651 1512 universitatem
2685 1457 2916 1523 animae,-
2966 1461 3022 1512 et
3050 1461 3238 1512 totum
3269 1457 3545 1512 hominem
3572 1473 3766 1512 commo-

2212 1545 2499 1611 ventis,ne
2523 1545 2845 1616 quidquam
2877 1546 3090 1600 faceret
3122 1545 3274 1618 quod
3305 1544 3652 1617 discipliceret
3675 1547 3767 1601 Deo.

2211 1634 2278 1689 Et
2308 1634 2446 1705 quia
2477 1633 2784 1706 allegorice
2806 1635 2979 1706 juxta
3034 1635 3296 1690 membra
3335 1634 3588 1706 corporis,
3615 1635 3767 1688 anima

2211 1740 2444 1795 quoque
2475 1723 2740 1779 membra
2793 1723 3098 1794 Scriptura
3127 1727 3546 1790 commemorat,
3571 1727 3766 1779 ventrem

2210 1816 2535 1884 paventem,
2577 1827 2703 1866 eam
2761 1811 3034 1868 virtutem
3065 1811 3415 1883 accipiamus
3460 1812 3652 1881 animae,
3677 1827 3764 1882 qua

2205 1900 2542 1972 spirituales
2572 1900 2733 1956 cibos
2763 1899 3022 1971 recipiat,
3073 1905 3131 1955 et
3190 1899 3358 1971 labia,
3401 1899 3594 1972 quibus
3619 1915 3762 1956 secum

2206 2005 2374 2044 mens
2407 1987 2690 2060 loquitur,
2722 1993 2778 2044 et
2808 2005 2943 2044 ossa
2971 1989 3214 2045 robusta
3259 1994 3315 2045 et
3343 1988 3516 2045 solida
3541 1989 3760 2060 dogmata,

2203 2077 2419 2148 quibus
2451 2081 2572 2132 tota
2630 2077 2839 2132 animae
2875 2093 3160 2150 compago
3198 2076 3488 2133 solidatur.
3513 2077 3623 2132 Hac
3660 2090 3762 2131 ame

2203 2166 2452 2221 breviter
2497 2166 2654 2222 dicta
2683 2171 2839 2222 sunt.
2867 2167 2926 2222 Si
2959 2167 3094 2238 quis
3126 2171 3323 2222 autem
3355 2166 3442 2222 bis
3469 2166 3710 2239 sagaciora
3726 2170 3762 2219 et

2200 2255 2424 2310 veriora
2455 2254 2750 2326 repererit,
2766 2254 2934 2311 illius
2965 2255 3154 2328 magis
3188 2255 3558 2328 explanationi
3584 2254 3764 2327 praebete

2201 2360 2578 2399 consensum.

2272 2432 2408 2486 LXX
2443 2450 2456 2486 :
2492 2434 2845 2504 Requiescam
2874 2434 2934 2486 in
2964 2432 3052 2488 die
3078 2431 3448 2487 tribulationis
3478 2431 3547 2502 (α)
3581 2435 3766 2484 meum:

2199 2521 2485 2576 ascendam
2515 2521 2586 2576 ad
2608 2523 2874 2594 p0putum
2898 2523 3368 2593 peregrinationis
3389 2519 3655 2582 maeonia
3675 2532 3765 2572 om-

2202 2610 2258 2664 ni
2289 2611 2555 2666 custodia
2587 2611 2806 2666 servavi
2865 2627 2964 2666 cor
2996 2627 3220 2678 meum,
3276 2615 3331 2665 et
3356 2608 3596 2665 extimuit
3618 2610 3780 2667 venter.

2199 2716 2364 2754 meus
2397 2717 2430 2754 a
2484 2716 2619 2756 voce
2647 2699 2926 2755 orationis
2987 2697 3280 2754 labiorum
3339 2713 3596 2762 meorum,
3641 2700 3683 2750 et
3704 2693 3763 2747 in-

2198 2803 2437 2860 gressus
2466 2793 2555 2844 est
2587 2792 2803 2843 tremor
2829 2787 2888 2842 in
2920 2804 3055 2843 ossa
3085 2805 3240 2856 mea,
3273 2792 3329 2843 et
3356 2787 3541 2843 subter
3565 2800 3640 2839 me
3671 2798 3762 2837 con-

2198 2877 2492 2932 turbatata
2510 2881 2601 2932 est
2622 2877 2902 2932 fortitudo
2923 2875 3010 2931 vel
3029 2876 3317 2932 habitudo
3339 2893 3478 2939 mea,
3507 2878 3556 2930 et
3591 2874 3762 2944 propter

2196 2969 2422 3021 tantam
2445 2966 2770 3021 custodiam
2805 2983 2837 3020 a
2859 2965 3108 3037 peccatis
3139 2965 3370 3021 alienus
3398 2964 3608 3020 effectus
3633 2973 3758 3014 sum:

2196 3054 2407 3110 idcirco
2439 3071 2594 3110 nunc
2625 3054 2986 3109 confidenter
3012 3053 3140 3110 dico
3180 3070 3193 3110 :
3231 3053 3586 3126 Requiescam
3624 3049 3668 3103 in
3693 3045 3754 3100 die

2196 3137 2615 3209 tribulationis,
2660 3147 2726 3198 ut
2755 3144 3065 3198 ascendam
3100 3145 3176 3198 ad
3209 3142 3480 3216 pOpulum
3499 3137 3754 3212 peregrina-

440 3229 660 3283 turbati
693 3229 1020 3285 venientem
1053 3231 1308 3301 equitem
1354 3231 1757 3303 susciperent).
1803 3233 1905 3288 Vel
1938 3238 2091 3290 certe
2122 3216 2164 3283 Ο
2203 3232 2380 3287 tionis
2411 3248 2572 3299 meae,
2606 3232 2666 3286 id
2699 3236 2807 3294 est,
2841 3231 2940 3302 qui
2974 3247 3137 3303 teque
3198 3236 3263 3287 ut
3301 3249 3403 3305 ego
3432 3231 3486 3286 in
3533 3228 3657 3284 664
3687 3224 3760 3278 hoc

441 3317 511 3372 de
542 3318 758 3389 quibus
788 3335 965 3390 supra
995 3319 1272 3387 diximus,
1307 3320 1638 3375 daemonum
1693 3326 1930 3376 caterva
1988 3339 2088 3377 ne-

441 3423 734 3478 quaquam
767 3407 848 3462 ita
903 3407 1350 3463 dominarentur
1395 3408 1453 3462 in
1487 3407 1674 3476 mari;
1709 3410 1810 3464 sed
1841 3411 2088 3467 turbata:

417 3496 790 3565 scederent,et
817 3496 1032 3568 equitis
1063 3495 1381 3567 praeliantis
1412 3496 1654 3552 vulnera
1683 3497 2084 3554 formidarent.

436 3585 623 3656 Atque
655 3585 877 3639 utinam
901 3589 957 3640 et
985 3585 1046 3640 in
1073 3602 1166 3640 me
1196 3585 1471 3641 ascendat
1507 3586 1747 3640 verbum
1786 3587 1967 3652 Dei,et
1987 3603 2088 3659 per

437 3673 698 3729 lanceam
729 3673 845 3728 oris
877 3674 988 3729 mei
1011 3675 1320 3730 interficiat
1341 3691 1474 3730 eum
1493 3675 1593 3745 qui
1618 3680 1821 3746 regnat
1839 3675 1896 3730 in
1917 3675 2084 3747 aquis

437 3762 659 3830 multis,
696 3768 760 3818 ut
791 3764 861 3818 ad
893 3763 1047 3836 regis
1078 3764 1400 3829 interitum,
1441 3781 1603 3835 aquae
1635 3780 1764 3834 qua;
1795 3763 1911 3819 illis
1941 3765 2084 3820 sub—

427 3851 595 3923 jectae
653 3853 885 3908 fuerant
941 3854 1321 3919 conturbatur,
1379 3853 1672 3925 praebeant
1726 3853 1874 3908 colla
1901 3854 2080 3925 equiti

433 3957 585 4011 meo,
646 3945 704 3996 et
762 3941 977 3996 redacti
1034 3942 1092 3996 in
1141 3959 1320 3996 unam
1374 3941 1742 4013 quadrigam,
1783 3942 2084 3997 eﬂ‘ciamur

432 4029 664 4085 Domini
693 4029 1009 4095 Cherubim,
1044 4031 1197 4100 quod
1227 4031 1640 4101 interpretatur
1665 4031 1900 4087 scientze
1928 4033 2082 4086 mul-

434 4118 637 4172 titudo.
660 4117 1000 4187 Numquam
1027 4117 1182 4172 enim
1210 4117 1434 4189 auriga,
1469 4117 1551 4172 sic
1600 4119 1982 4189 compositus,
2026 4124 2082 4176 et

433 4205 516 4260 sic
549 4205 731 4259 fertur
764 4209 1027 4272 ornatus,
1080 4207 1224 4260 utin
1253 4206 1345 4261 his
1385 4205 1482 4277 qui
1527 4205 1779 4262 scientiae
1817 4207 2082 4264 multitu-

430 4293 566 4348 dine
599 4298 656 4349 et
685 4293 933 4350 habenis
962 4294 1116 4349 inter
1145 4311 1205 4350 se
1238 4294 1534 4366 sapientiae
1557 4295 1923 4367 copulantur.

496 4382 635 4438 LXX
671 4399 683 4438 :
724 4382 1025 4450 Custodivi,
1058 4386 1108 4438 et
1137 4385 1395 4438 extimuit
1451 4391 1638 4439 venter
1691 4400 1842 4440 meus
1897 4402 1931 4440 a
1957 4401 2080 4441 voce

425 4474 690 4528 orationis
722 4473 998 4528 tabz’orum
1014 4489 1262 4527 meorum
1284 4491 1302 4527 :
1319 4477 1371 4528 et
1403 4475 1675 4543 ingressus
1694 4478 1772 4529 est
1795 4482 2001 4530 tremor
2018 4477 2077 4530 in

2198 3321 2418 3375 mundo
2451 3320 2853 3391 peregrinatus
2881 3322 3326 3376 est.Ascendam
3359 3323 3537 3375 autem
3557 3317 3756 3370 deorsum

2198 3407 2444 3479 positus,
2477 3412 2534 3463 et
2562 3408 2731 3479 quasi
2761 3409 2833 3464 de
2863 3407 3010 3464 valle
3031 3410 3100 3464 ad
3143 3408 3482 3465 sublimiora
3501 3406 3656 3461 nitens
3679 3402 3759 3454 tota

2197 3495 2469 3553 aviditate
2499 3497 2867 3566 contendam,
2902 3502 2966 3551 ut
2989 3502 3256 3569 tempore
3285 3513 3395 3569 quo
3426 3493 3590 3551 caeteri
3618 3490 3664 3544 in
3690 3485 3758 3540 tri-

2196 3584 2491 3641 bulatione
2513 3590 2651 3640 sunt
2675 3591 2731 3640 et
2760 3586 3033 3658 angustia
3053 3585 3205 3642 mihi
3237 3603 3376 3642 cura
3398 3585 3469 3641 sit
3490 3584 3552 3639 de
3579 3589 3754 3637 ascensu

2195 3674 2487 3744 quomodo
2512 3691 2643 3728 cum
2663 3673 2876 3745 populo
2909 3673 3397 3745 peregrinationis
3426 3688 3549 3726 mea:
3574 3663 3759 3737 requies-

2195 3779 2318 3817 cam
2354 3763 2412 3817 in
2446 3762 2751 3818 altioribus
2813 3762 2974 3818 locis.
3010 3763 3173 3818 Diem
3234 3767 3421 3819 autem
3449 3747 3756 3816 tribulationis

2194 3856 2334 3923 puto
2358 3851 2922 3907 consummationem
2944 3866 3072 3906 esse
3099 3851 3410 3915 mundi,de
3438 3864 3539 3920 quo
3564 3851 3610 3900 et
3633 3840 3754 3897 Isaias

2193 3939 2275 3995 ait
2307 3958 2319 3995 :
2352 3941 2479 3995 Dies
2504 3941 2724 3995 Domini
2779 3940 3130 4010 insanabilis,
3167 3942 3377 4010 furoris
3405 3942 3451 3995 et
3487 3939 3590 3999 ira,
3610 3939 3754 4004 ponere

2191 4029 2373 4084 orbem
2400 4032 2571 4086 terrm
2589 4030 2906 4084 universum
2935 4030 2997 4084 in
3020 4028 3372 4100 desertum,et
3387 4029 3654 4099 peccatore:
3665 4031 3752 4088 per-

2189 4118 2320 4174 dere
2349 4119 2507 4188 (Isai.
2537 4117 2674 4187 x1v).
3734 4192 3739 4197 .

2261 4207 2445 4277 (Vers.
2493 4207 2606 4277 17.)
2654 4207 2820 4262 Ficus
2875 4209 3024 4261 enim
3076 4222 3194 4262 non
3250 4206 3472 4278 ﬂorebit,
3509 4194 3750 4258 einunc"!

2187 4311 2407 4365 germen
2450 4297 2509 4350 in
2537 4291 2716 4350 vineis
2747 4313 2764 4348 :
2797 4297 3092 4351 mentietur
3116 4312 3257 4368 opus
3285 4297 3454 4359 otium.
3481 4296 3527 4348 et
3550 4301 3658 4344 arva

2185 4385 2420 4455 afferent
2448 4384 2629 4439 cibum
2655 4401 2673 4437 :
2700 4383 3057 4440 abscindetur
3085 4383 3155 4440 de
3182 4385 3326 4441 ovili
3345 4389 3560 4456 pecus,et
3580 4391 3662 4431 non
3681 4369 3753 4456 ait

2188 4454 2499 4527 armentum
2529 4471 2588 4527 in
2612 4472 2950 4543 presepibus.
2984 4471 3124 4527 LXX
3189 4491 3201 4526 :
3265 4454 3402 4542 Quia
3455 4472 3568 4543 ﬁcus
3589 4454 3748 4523 παπαί·

422 4577 542 4618 ossa
573 4579 716 4629 mea,
749 4566 800 4618 et
829 4563 982 4617 663
1012 4564 1198 4618 subter
1225 4579 1312 4618 me
1340 4563 1664 4618 conturbata
1705 4566 1782 4618 est
1809 4563 2072 4634 fortitudo
2104 4579 2149 4642 D
2179 4563 2316 4631 feret
2343 4563 2601 4632 fructum,
2625 4569 2676 4615 et
2702 4577 2812 4615 non
2841 4568 3000 4616 erunt
3026 4564 3289 4634 germina
3319 4561 3428 4630 [ΑΙ.
3450 4543 3746 4642 ρεηίιηξηαῘὺξ

421 4668 560 4707 mea.
592 4651 718 4707 Sive
775 4655 841 4706 ut
869 4651 1006 4706 alibi
1050 4651 1334 4722 scriptum
1368 4652 1694 4722 reperimus
1728 4651 1762 4718 ἡ
1798 4644 1902 4720 ἕξις
1939 4671 2041 4723 μου

421 4741 579 4812 quod
614 4757 719 4796 nos
759 4757 1074 4812 possumus
1113 4739 1323 4810 dicere,
1358 4740 1612 4795 habitudo
1640 4757 1760 4794 mea
1791 4739 2018 4796 diversa
2052 4758 2064 4795 :

423 4829 639 4901 quippe
667 4829 1018 4901 exemplaria
1046 4826 1694 4901 reperiuntur.Possunt
1724 4833 1920 4884 autem
1945 4829 2066 4886 haec

419 4922 476 4973 et
506 4934 574 4972 ex
602 4935 819 4990 perona
850 4919 1140 4990 propheta:
1189 4917 1302 4972 dici
1351 4917 1749 4988 superioribus
1779 4918 2068 4974 cohaeren-

416 5006 501 5062 tia
533 5025 546 5063 :
583 5007 729 5074 Quia
758 5007 991 5074 misisti,
1026 5025 1058 5062 ο
1116 5007 1381 5077 Domine,
1416 5007 1473 5060 in
1506 5008 1696 5078 capita
1728 5007 2064 5078 iniquorum

419 5102 690 5162 mortem,
721 5101 777 5150 et
807 5096 1104 5152 suscitasti
1154 5094 1386 5150 vincula
1417 5112 1602 5166 usque
1635 5095 1705 5150 ad
1737 5095 1973 5163 collum,
2009 5103 2064 5153 et

414 5185 664 5240 divisisti
705 5185 761 5238 in
790 5189 1028 5256 stupore
1050 5184 1241 5256 capita
1272 5184 1684 5255 potentium,et
1710 5183 1971 5240 induxsti
2003 5187 2060 5242 in

414 5290 573 5328 mare
603 5290 784 5344 equos
813 5277 945 5329 tuos
976 5273 1392 5328 conturbantes
1419 5289 1602 5343 aquas
1635 5271 1851 5328 multas
1887 5290 1899 5328 :
1937 5291 2063 5345 pro-

412 5367 612 5433 pterea
642 5379 743 5435 ego
775 5364 934 5420 omni
965 5363 1232 5418 custodia
1248 5361 1468 5418 servavi
1501 5378 1596 5416 cor
1627 5367 1907 5430 meum,et
1923 5379 2059 5418 con-

413 5455 782 5508 tremuerunt
809 5453 1029 5509 viscera
1060 5469 1208 5522 mea,
1242 5456 1299 5506 et
1328 5455 1449 5506 tota
1481 5449 1722 5519 mea,vel
1756 5451 2054 5521 fortitudo,

2179 4630 2352 4706 uineis
2382 4668 2400 4703 :
2435 4650 2727 4704 mentietur
2755 4664 2886 4720 opus
2918 4649 3096 4717 oliva,
3128 4658 3183 4704 et
3231 4650 3416 4720 campi
3464 4660 3556 4700 non
3597 4630 3744 4708 [τιαεηί

2176 4755 2322 4794 escas
2354 4754 2366 4793 :
2401 4738 2734 4809 defecerunt,
2767 4754 2826 4793 eo
2874 4737 3015 4808 quod
3053 4738 3401 4794 comederunt
3446 4748 3568 4795 oves,
3611 4729 3648 4782 ιι
3670 4735 3746 4773 ηοη

2169 4837 2302 4883 sunt
2329 4828 2481 4883 boves
2510 4830 2572 4882 in
2598 4827 2953 4898 praesepibus.
2987 4827 3165 4882 Juxta
3196 4825 3528 4882 Hebraicum
3577 4817 3624 4870 in
3664 4821 3744 4880 quo

2175 4933 2355 4988 supra
2385 4915 3038 4985 diximuszlngrediatur
3064 4916 3299 4987 putredo
3321 4917 3378 4970 in
3399 4900 3698 4996 ossibus
3712 4901 3746 4948 ει

2171 5007 2358 5061 subter
2385 5021 2473 5060 me
2498 5013 2714 5070 scateat,
2747 5007 2806 5058 ut
2845 5007 3182 5074 requiescam
3207 5007 3267 5060 in
3296 5004 3381 5058 die
3407 4993 3742 5074 tribulatiomt:

2173 5105 2232 5151 ut
2289 5093 2581 5150 ascendam
2641 5094 2714 5148 ad
2760 5070 3024 5165 populum
3085 5095 3393 5149 accinctum
3420 5091 3627 5144 nostrum
3665 5070 3740 5148 [Al-

2170 5201 2354 5240 mcum
2386 5201 2425 5255 τί
2459 5183 2539 5238 ita
2568 5199 2694 5254 quae
2756 5186 3196 5252 praecesserunt,
3257 5176 3646 5253 copulabuntur
3685 5174 3739 5216 98-

2171 5271 2646 5344 quentibuszldeo
2669 5269 3106 5325 tribulationem
3132 5271 3205 5324 ad
3235 5283 3478 5341 praesens
3497 5257 3627 5318 volui
3647 5264 3739 5344 ﬁsus-

2170 5343 2372 5429 timere,
2419 5364 2475 5415 et
2526 5364 2728 5431 postea
2758 5359 2828 5414 ad
2887 5357 3174 5430 populum
3236 5359 3435 5412 fortem
3481 5343 3733 5406 ascendere,

2171 5450 2311 5522 quia
2340 5449 2532 5504 veniet
2588 5447 2715 5504 dies
2743 5445 3137 5503 tribulationis
3169 5452 3227 5503 et
3251 5437 3735 5502 necessitatisﬁtct'

480 5592 564 5674 (Ia).
587 5593 860 5674 Vpculam
890 5612 1051 5666 mea’,
1083 5614 1209 5670 quae
1269 5611 1456 5668 neque
1488 5595 1547 5650 in
1579 5596 1772 5652 Graeco
1812 5600 2066 5668 resonat,
2110 5611 2222 5650 ms.
2269 5592 2500 5665 Reginae
2547 5589 2794 5664 ignorat,
2829 5590 3085 5663 itemque
3115 5589 3293 5661 paulo
3325 5588 3450 5661 post
3493 5577 3650 5644 verba,
3681 5562 3733 5621 ιτ(

413 5661 692 5722 habitudo.
