3940 6166
206 295 334 363 1833
911 293 1662 365 COMMENTARIORUM
1709 295 1789 360 IN
1832 293 2142 365 ABACUC
2185 295 2334 364 LIB.
2381 295 2460 365 II.
2507 297 2684 367 CAP.
2730 299 2837 367 Ill.
3423 300 3578 369 i334

201 433 317 490 teris
340 431 392 489 in
418 433 690 506 angustia
713 435 1070 506 constitutis,
1102 451 1207 508 ego
1249 435 1307 491 in
1348 439 1450 491 tua
1498 435 1806 506 majestate
1835 434 1891 501 Α
1919 434 2029 490 Eos
2062 439 2258 491 autem
2291 437 2392 509 qui
2416 454 2532 494 non
2563 438 2846 508 fecerunt,
2880 436 3127 512 fructus,
3156 440 3214 496 et
3244 453 3580 512 permansen

199 522 398 579 letabor
418 541 435 576 :
464 526 620 580 Ficus
649 525 798 580 enim
827 541 932 580 non
966 524 1208 598 ﬂorebit,
1237 528 1289 580 et
1314 541 1424 580 non
1452 527 1560 580 erit
1584 539 1807 593 germen
1917 528 2055 579 runt
2077 524 2135 578 in
2160 524 2378 581 duritia
2402 543 2528 597 sua,
2555 544 2683 583 esse
2707 527 3379 599 subversos.Hocipsum
3399 528 3580 600 signi-

199 612 250 668 in
276 614 421 668 vineis
447 629 459 668 :
492 615 795 669 mentietur
819 630 957 686 opus
987 614 1170 682 oliva,
1202 619 1256 669 et
1285 632 1420 670 arva
1440 630 1545 670 non
1569 613 1807 685 afferent
1915 612 2050 667 ficat
2071 617 2126 667 et
2146 613 2392 669 Joannis
2439 631 2547 670 vox
2596 615 2654 669 in
2706 614 3013 687 Evangelio
3039 631 3051 671 :
3097 617 3232 671 Ecce
3260 618 3469 672 securis
3499 615 3578 674 ad

194 702 363 773 cibum,
392 705 444 756 et
475 706 699 772 cetera.
737 705 869 768 Quae
901 703 1039 776 quia
1079 720 1194 758 non
1229 703 1481 759 multum
1522 704 1741 758 distant
1773 719 1807 756 a
1914 702 2123 757 radices
2143 703 2408 758 arborum
2432 703 2536 774 [ΑΙ.
2572 705 2810 774 arboris]
2844 707 3030 775 posita
3058 714 3153 760 est.
3195 705 3384 761 Omnis
3412 706 3578 761 arbor

195 789 332 858 LXX,
357 806 481 845 cum
513 791 989 862 interpretatione
1038 808 1239 848 eorum
1291 793 1507 864 pariter
1553 793 1803 847 dissera-
1914 807 2039 862 quae
2058 808 2167 846 non
2185 794 2379 863 fecerit
2395 795 2644 862 fructum
2667 793 2774 865 [AL
2807 797 2948 864 facit
2964 795 3206 865 fructum
3232 795 3450 866 bonum]
3473 810 3576 850 ex-

191 894 324 937 mus.
345 879 479 934 Cum
501 880 724 934 venerit
757 880 882 936 dies
920 881 1340 947 tribulationis,
1385 885 1441 936 et
1466 897 1570 953 ego
1597 896 1803 935 ascen-
1914 882 2126 937 cidetur
2145 887 2197 937 et
2219 885 2278 937 in
2328 888 2506 954 ignem
2537 884 2789 938 mittetur
2841 884 3047 954 (Matth.
3085 901 3168 950 ιιι,
3202 885 3303 951 1Ο;
3332 886 3460 939 Luc.
3484 901 3571 952 ιιι,

191 967 309 1024 dero
327 968 383 1022 ad
407 968 689 1039 populum
713 969 1056 1042 quimecum
1071 970 1387 1042 aliquando
1403 969 1805 1042 peregrinatus
1911 969 1989 1041 9).
2023 970 2292 1025 Diximus
2322 972 2392 1026 de
2426 972 2559 1038 ficu,
2613 975 3031 1036 monstrantes,
3084 973 3237 1027 666
3287 989 3412 1027 eam
3446 989 3575 1028 esse

190 1055 393 1111 estzvel
415 1062 565 1112 certe
585 1073 718 1113 cum
762 1059 982 1114 venerit
1017 1059 1142 1115 dies
1190 1059 1506 1114 eversionis
1526 1059 1803 1125 Judaicae,
1914 1059 2200 1132 populum
2228 1060 2605 1116 Judaeorum:
2655 1061 2923 1115 dicamus
2970 1064 3027 1114 et
3069 1061 3142 1116 de
3188 1060 3377 1132 vinea,
3411 1062 3568 1132 quod

193 1149 246 1199 et
274 1143 446 1216 populi
504 1145 737 1216 prioris,
797 1151 852 1202 et
908 1146 1184 1203 derelicta
1241 1148 1417 1202 fuerit
1470 1146 1592 1202 ﬁlia
1642 1148 1801 1215 Sion,
1915 1148 2152 1218 quidem
2187 1147 2354 1203 facile
2385 1147 2673 1220 intelliget
2713 1149 2812 1219 qui
2867 1147 3076 1203 Isaiam
3129 1147 3371 1221 legerit:
3407 1152 3577 1205 Vinea

185 1231 322 1288 sicut
348 1233 782 1288 tabernaculum
815 1235 873 1289 in
925 1236 1112 1304 vinea,
1175 1239 1232 1292 et
1289 1237 1441 1292 sicut
1489 1236 1710 1304 casula,
1744 1237 1803 1292 in
1911 1239 2066 1308 facta
2095 1245 2174 1292 est
2204 1236 2409 1292 dilecto
2441 1238 2500 1290 in
2525 1253 2714 1303 cornu,
2769 1237 2829 1292 in
2874 1238 2985 1293 loco
3044 1239 3198 1292 uberi
3227 1238 3378 1308 (Isai.
3410 1255 3464 1304 v,
3500 1239 3575 1309 1).

180 1322 568 1389 cucumerario,
603 1327 658 1377 et
685 1323 840 1379 sicut
871 1324 1096 1395 civitas,
1128 1342 1255 1396 quae
1286 1326 1362 1397 (a)
1413 1331 1802 1399 expugnatur,
1912 1326 1982 1380 Et
2011 1329 2214 1397 postea
2240 1343 2251 1380 :
2285 1328 2350 1380 Et
2377 1327 2656 1398 expectaui
2684 1339 2744 1381 ut
2768 1328 2973 1398 faceret
2996 1329 3282 1398 fructum;
3307 1326 3441 1400 fecit
3468 1343 3577 1382 au-

180 1425 275 1483 ego
294 1410 380 1482 qui
401 1411 470 1467 de
491 1417 768 1483 pereunte
794 1413 1011 1470 electus
1047 1431 1178 1469 sum
1199 1413 1412 1487 populo
1435 1415 1526 1486 (de
1549 1432 1662 1487 quo
1684 1415 1804 1470 dic-
1912 1419 2019 1470 tem
2044 1417 2254 1484 spinas,
2287 1420 2336 1470 et
2367 1431 2474 1470 non
2498 1415 2795 1486 judicium,
2827 1416 2918 1470 sed
2947 1416 3262 1470 clamorem.
3297 1418 3368 1471 Et
3396 1415 3456 1472 in
3479 1419 3574 1472 Je-

174 1502 289 1554 tum
316 1504 392 1555 est
419 1501 572 1571 (Isai,
608 1519 644 1568 ι,
679 1501 733 1571 9)
769 1517 782 1556 :
828 1504 950 1558 Nisi
993 1503 1260 1558 Dominus
1307 1504 1619 1576 reliquisset
1651 1506 1805 1560 nobis
1914 1503 2097 1559 remia
2118 1521 2137 1557 :
2168 1505 2274 1575 Ego
2306 1508 2490 1560 autem
2517 1505 2770 1575 planta-vi
2800 1512 2851 1559 te
2881 1505 3100 1560 vineam
3127 1507 3477 1576 fructiferam
3501 1513 3578 1562 to-

111 1604 122 1612 ·
180 1604 361 1657 semen,
390 1591 549 1660 quasi
577 1591 812 1646 Sodoma
853 1594 1168 1662 fuissemus,
1216 1597 1267 1648 et
1299 1595 1454 1663 quasi
1484 1593 1801 1663 Gomorrha,
1913 1602 2024 1647 tam
2054 1609 2282 1648 veram:
2316 1593 2578 1664 quomodo
2623 1610 2786 1649 versa
2811 1610 2863 1648 es
2894 1595 2955 1648 in
2984 1593 3418 1649 amaritudinem
3446 1594 3575 1650 vitis

175 1678 361 1733 similes
387 1679 664 1749 essemus),
716 1680 1000 1744 copulabo
1059 1696 1152 1736 me
1209 1681 1516 1753 discipulis
1548 1681 1762 1737 Christi
1789 1699 1801 1736 :
1915 1681 2124 1738 alienae
2156 1682 2287 1753 (Jer.
2322 1699 2385 1748 II,
2413 1683 2506 1750 21)
2529 1682 2556 1736 ‘?
2586 1683 2655 1737 Et
2687 1681 3056 1737 manifestius
3084 1682 3143 1737 in
3175 1681 3457 1739 Psalmis:
3485 1684 3574 1739 Vi-

175 1782 312 1838 quos
336 1767 564 1871 quiain.
589 1772 785 1824 monte
817 1770 1004 1835 docet,
1038 1770 1228 1825 turbis
1273 1774 1329 1825 et
1375 1770 1666 1825 debilibus
1707 1771 1804 1826 de-
1836 1807 1884 1871 B
1911 1786 2076 1824 neam
2105 1770 2174 1826 de
2220 1773 2818 1842 Egyptotranstulisti,
2853 1773 3063 1842 ejecisti
3090 1780 3296 1841 gentes,
3330 1778 3384 1827 et
3413 1773 3572 1843 plan-

166 1871 350 1910 orsum
385 1855 622 1925 relictis,
654 1872 760 1928 ego
793 1857 864 1912 ad
897 1861 1180 1913 montana
1202 1859 1611 1914 conscendam.
1637 1858 1809 1914 Ficus
1836 1855 1883 1871 ”
1921 1861 2052 1913 tasti
2079 1875 2200 1913 eam
2231 1860 2342 1930 (Ps.
2379 1877 2562 1925 Lxxix,
2593 1861 2669 1929 9).
2703 1860 2833 1914 Haec
2862 1859 3046 1930 igitur
3093 1860 3259 1916 vinea
3288 1861 3361 1916 ad
3393 1877 3574 1933 quam

169 1943 316 1998 enim
349 1959 458 2000 non
539 1944 700 2000 dedit
795 1947 1069 2012 fructum,
1159 1947 1231 2001 ad
1320 1963 1494 2016 quam
1553 1948 1713 2002 venit
1749 1948 1810 2003 in
1921 1947 2341 2019 paterfamilias
2373 1964 2524 2020 szepe
2555 1947 2796 2004 miserat
2847 1965 3043 2004 servos
3093 1949 3307 2019 (Matth.
3339 1950 3476 2022 xxx),
3510 1953 3578 2006 ut

166 2030 458 2104 Evangelio
516 2032 780 2089 esuriens
841 2036 1142 2104 Dominus,
1199 2038 1258 2089 et
1312 2051 1426 2090 non
1477 2035 1696 2091 invenit
1750 2037 1810 2090 in
1920 2036 2206 2108 acciperet
2235 2037 2305 2092 de
2337 2053 2404 2092 ea
2433 2037 2657 2106 vinum,
2692 2037 2847 2107 quod
2880 2035 3134 2092 laetificat
3163 2053 3262 2092 cor
3293 2037 3574 2104 hominis,

165 2121 306 2177 666
340 2136 402 2175 ea
438 2137 631 2192 poma,
691 2127 749 2177 et
809 2122 1109 2178 maledixit
1168 2123 1240 2191 ei,
1299 2124 1535 2179 dicens:
1570 2129 1692 2180 Non
1723 2128 1809 2196 af-
1920 2125 2240 2197 quiaversa
2275 2129 2363 2182 est
2387 2127 2444 2180 in
2469 2125 2949 2192 amaritudinem,
2979 2129 3035 2181 et
3055 2125 3374 2183 novissime
3399 2126 3575 2183 etiam

159 2211 300 2279 [eres
324 2212 560 2280 fructum
607 2227 778 2281 usque
822 2213 884 2266 in
927 2212 1194 2268 saeculum
1251 2211 1411 2282 (Mat.
1453 2230 1568 2278 xxx,
1601 2213 1709 2284 49).
1743 2213 1811 2267 Et
1919 2213 2343 2286 patrisfamiliae
2376 2213 2566 2269 ﬁlium
2598 2231 2742 2270 ausa
2773 2220 2862 2270 est
2910 2213 3254 2282 interﬁcere,
3288 2232 3406 2270 non
3435 2231 3578 2272 uvas

154 2297 452 2371 diligenter
473 2299 782 2355 considera
807 2301 950 2371 quid
985 2300 1232 2355 dixerit:
1277 2301 1394 2356 Non
1437 2302 1635 2373 afferes
1663 2303 1810 2372 fruc-
1919 2302 2158 2369 faciens,
2184 2303 2285 2358 sed
2316 2302 2537 2373 spinas,
2566 2305 2623 2357 et
2642 2302 3090 2373 nonjudicium,
3113 2303 3216 2358 sed
3238 2301 3574 2360 clamorem:

158 2390 276 2442 tum
302 2388 359 2442 in
384 2389 668 2454 saeculum,
700 2405 816 2443 non
849 2389 949 2460 ait,
982 2405 1170 2460 usque
1214 2391 1272 2444 in
1317 2390 1531 2444 saecula
1573 2389 1812 2445 saeculo-

156 2490 324 2533 rum:
354 2477 450 2532 sed
491 2493 624 2532 cum
660 2477 941 2534 saeculum
987 2477 1145 2534 istud
1176 2477 1598 2550 pertransierit,
1630 2482 1687 2533 et
1716 2479 1806 2532 in-

155 2565 390 2621 traverit
411 2564 713 2636 plenitudo
735 2566 1026 2638 gentium,
1054 2569 1194 2621 tunc
1216 2566 1392 2622 etiam
1414 2566 1533 2622 haec
1560 2566 1706 2622 ficus
1729 2567 1809 2622 af-

152 2653 296 2708 feret
316 2653 538 2709 fructus
581 2669 743 2722 suos,
772 2659 828 2710 et
857 2654 1048 2710 omnis
1082 2655 1259 2710 Israel
1300 2654 1641 2727 salvabitur.
1677 2655 1807 2711 Haec

149 2747 242 2798 est
264 2742 407 2797 ficus
430 2743 501 2798 ad
524 2759 701 2814 quam
726 2744 897 2799 tertio
919 2744 1076 2799 venit
1098 2743 1533 2813 paterfamilias,
1559 2747 1614 2799 et
1636 2743 1806 2814 quasi

146 2847 264 2886 non
294 2831 600 2886 facientem
625 2831 851 2887 fructus
873 2832 997 2887 vult
1017 2833 1379 2901 subvertere;
1406 2849 1509 2903 pro
1527 2849 1646 2903 qua
1658 2833 1803 2905 agri-

1920 2391 2207 2461 Cruciﬁge,
2231 2390 2488 2459 cruciﬁge
2525 2406 2650 2444 eum
2672 2395 2691 2444 .'
2747 2390 2853 2444 Et:
2911 2392 3028 2446 Non
3060 2390 3319 2446 habemus
3374 2406 3574 2462 regem,

1917 2481 2030 2534 nisi
2055 2479 2323 2535 Caesarem
2355 2480 2530 2544 (Joan.
2563 2496 2678 2533 xxx.
2708 2479 2762 2546 6,
2812 2479 2919 2546 15).
2975 2479 3286 2550 Propterea
3311 2481 3575 2536 extermi-

1917 2660 1994 2712 est
2024 2673 2146 2720 eam
2176 2657 2344 2728 (Psal.
2391 2673 2574 2726 Lxxrx,
2605 2656 2715 2728 14).
2752 2655 2974 2711 Olivam
3024 2673 3256 2728 quoque
3287 2657 3573 2730 populum

1917 2761 2219 2817 synagoga:
2241 2743 2465 2816 liquido
2489 2743 2909 2816 comprobabit,
2935 2743 3035 2816 qui
3058 2745 3116 2798 in
3131 2744 3401 2816 Apostolo
3418 2746 3573 2802 frac-

1917 2838 2009 2889 tos
2030 2833 2188 2888 oliva:
2213 2849 2407 2888 ramos
2431 2831 2824 2905 legeritUlom.
2837 2833 2939 2903 XI),
2952 2837 3008 2888 et
3020 2850 3126 2888 nos
3141 2833 3211 2889 de
3229 2833 3476 2890 oleastro
3489 2835 3575 2890 in-

1915 2571 2068 2623 navit
2098 2569 2256 2623 illam
2288 2584 2422 2638 aper
2450 2568 2515 2622 de
2542 2569 2704 2635 silva,
2734 2572 2786 2622 et
2812 2568 3119 2636 singularis
3145 2570 3300 2638 ferus
3318 2568 3575 2641 depastus
3667 2567 3678 2574 ’

144 2919 294 2987 cola,
330 2920 420 2975 cui
475 2922 792 2977 commissa
848 2922 1059 2976 fuerat.
1121 2923 1484 2993 deprecatur,
1532 2926 1596 2977 ut
1626 2923 1725 2977 det
1754 2922 1806 2978 ei

141 3008 428 3082 spatium,
460 3014 517 3064 et
544 3009 687 3064 dicit
714 3027 726 3064 :
759 3011 1012 3080 Domine,
1043 3010 1256 3065 dimitte
1285 3025 1405 3064 eam
1433 3019 1484 3065 et
1516 3011 1681 3065 istum
1701 3010 1803 3065 ad-

141 3099 257 3152 huc
286 3115 513 3166 annum,
541 3098 712 3153 donec
740 3098 955 3173 fodiam
985 3100 1131 3154 circa
1159 3115 1300 3163 eam,
1332 3103 1382 3154 et
1424 3101 1642 3153 mittam
1666 3103 1806 3154 ster-

137 3202 263 3253 cus,
295 3195 347 3241 et
373 3186 644 3258 siquidem
669 3169 865 3252 fecerit
894 3190 1137 3259 fructum
1163 3203 1174 3242 :
1199 3189 1287 3242 sin
1314 3193 1519 3253 autem,
1544 3192 1674 3243 tunc
1693 3204 1808 3243 suc-
1840 3169 1882 3236 C

134 3275 294 3331 cides
327 3291 452 3330 eam
477 3277 630 3344 (Luc.
661 3278 807 3343 xm).
843 3274 1111 3348 Agricola
1154 3276 1265 3330 iste
1311 3275 1396 3330 vel
1441 3275 1671 3331 Gabriel
1703 3280 1809 3343 est,

133 3363 229 3420 vel
256 3362 529 3434 Michael,
561 3363 654 3418 cui
688 3363 1043 3419 commissus
1067 3367 1156 3419 est
1175 3362 1429 3435 populus
1453 3364 1810 3431 Judworum,

139 3450 594 3524 quiDominum
647 3452 1091 3524 deprecatur(b)
1118 3453 1176 3506 in
1227 3453 1522 3522 passione,
1545 3457 1601 3507 et
1629 3453 1813 3508 dicit:

137 3539 426 3605 Domine,
451 3539 523 3596 da
546 3541 597 3595 ei
620 3540 878 3612 spatium
913 3540 1288 3612 poenitentiae,
1313 3544 1370 3594 et
1399 3539 1516 3595 noli
1545 3557 1642 3595 eos
1675 3541 1814 3596 sub-

126 3633 394 3695 vertere,
428 3633 486 3684 et
506 3629 799 3700 siquidem
853 3629 1102 3685 fecerint
1149 3630 1404 3684 fructum
1432 3645 1445 3683 :
1472 3628 1563 3683 sin
1591 3633 1813 3693 autem,

125 3720 284 3775 tunc
320 3717 627 3774 subvertes
674 3733 760 3772 eo.
825 3717 885 3772 Si
944 3717 1206 3784 fecerint,
1266 3716 1480 3788 inquit,
1531 3717 1812 3785 fructum,

125 3821 257 3860 non
281 3804 440 3860 dixit
458 3805 600 3876 quid
623 3805 978 3861 sustinerint
1001 3823 1014 3873 ;
1053 3821 1240 3877 neque
1263 3805 1426 3872 dixit,
1476 3805 1525 3860 si
1577 3805 1819 3860 fecerint

123 3893 436 3965 fructum,
457 3895 888 3965 permanebunt
905 3898 968 3949 ut
991 3898 1156 3949 erant
1179 3911 1192 3961 ;
1217 3894 1317 3950 sed
1341 3894 1391 3949 si
1409 3894 1651 3950 fecerint
1665 3895 1816 3949 fruc-

124 3987 295 4048 tum,
319 3998 616 4053 suspensa
628 3983 921 4039 sententia
936 3987 1045 4050 est,
1068 3985 1132 4037 ut
1147 3982 1557 4049 subaudiatur,
1575 3982 1821 4038 transfe-

121 4087 232 4126 res
258 4086 368 4126 eos
388 4069 452 4125 in
475 4070 792 4126 Ecclesiam
815 4073 1096 4143 gentium,
1121 4075 1177 4126 et
1208 4071 1266 4124 in
1310 4069 1552 4126 alteram
1589 4070 1817 4126 vineam

45 4173 50 4176 '
117 4157 639 4230 transplantabis.
674 4158 845 4214 Venit
884 4159 1170 4214 Dominus
1201 4158 1396 4224 tertio,
1429 4164 1486 4213 et
1516 4176 1630 4214 non
1661 4158 1818 4214 inve-

117 4248 222 4302 nit
258 4246 327 4301 in
363 4247 451 4302 eis
482 4248 762 4302 fructum.
798 4248 965 4303 Dedit
993 4247 1246 4319 primum
1288 4253 1494 4320 Legem
1528 4264 1629 4320 per
1660 4248 1819 4320 Moy-

115 4352 243 4393 sen
271 4351 286 4391 ε
325 4337 594 4392 secundo
623 4335 855 4392 locutus
884 4341 974 4392 est
1004 4352 1107 4408 per
1137 4335 1450 4408 prophetas
1477 4354 1488 4390 :
1531 4336 1701 4392 tertio
1733 4338 1820 4408 ip-

115 4441 191 4482 se
217 4425 564 4480 descendit.
590 4427 654 4480 Et
677 4429 810 4498 post
832 4427 898 4498 (c)
945 4424 1301 4497 passionem,
1353 4425 1508 4481 datis
1530 4426 1602 4480 ad
1631 4425 1821 4497 paeni-

1917 2925 2125 2990 sertos,
2140 2926 2206 2976 ut
2219 2922 2276 2975 in
2294 2921 2475 2977 ramis
2489 2920 2913 2993 intelligamus,
2928 2920 3576 2978 multitudinemludai-

1917 3026 2044 3065 cam
2075 3010 2255 3065 fuisse
2277 3009 2590 3078 succisam,
2613 3009 2670 3064 in
2708 3009 3007 3065 radicibus
3024 3010 3418 3080 apostolorum
3432 3012 3576 3068 elec-

1916 3098 2135 3154 tionem
2159 3115 2286 3154 esse
2309 3104 2621 3166 servatam,
2647 3098 2706 3152 in
2730 3098 2946 3170 quibus
2969 3115 3075 3154 nos
3097 3099 3300 3154 inserti
3321 3100 3575 3156 manebi-

1921 3203 2077 3249 mus,
2110 3186 2157 3241 si
2193 3187 2502 3243 fecerimus
2538 3188 2814 3253 fructum,
2840 3194 2893 3242 et
2915 3187 3142 3242 dicetur
3163 3188 3232 3242 de
3254 3187 3424 3244 nobis
3449 3203 3461 3243 :
3486 3191 3576 3243 Fi—

1923 3276 1994 3331 lii
2023 3277 2105 3331 tui
2132 3278 2271 3331 sicut
2297 3277 2530 3332 novellae
2558 3277 2832 3331 olivarum
2857 3279 2918 3330 in
2964 3277 3206 3332 circuitu
3233 3294 3434 3333 mensae
3465 3282 3580 3335 tux

1922 3366 2092 3438 (Psal.
2114 3382 2322 3428 cxxvn,
2343 3365 2418 3434 4).
2444 3363 2612 3418 Multi
2637 3368 2841 3434 putant
2861 3365 3056 3431 ficum,
3077 3369 3132 3419 et
3151 3364 3381 3420 vineam
3397 3370 3453 3420 et
3473 3365 3578 3422 oli-

1925 3471 2055 3509 vam
2079 3453 2137 3506 in
2163 3452 2436 3524 mysterio
2472 3451 2655 3522 accipi
2691 3452 3013 3516 Trinitatis,
3057 3453 3214 3522 quod
3236 3453 3383 3508 ﬁcus
3405 3470 3575 3525 prop-

1923 3547 2012 3597 ter
2033 3556 2337 3612 pomorum
2364 3538 2729 3594 dulcedinem
2754 3539 3008 3610 Spiritus
3027 3544 3265 3594 sanctus
3284 3539 3574 3613 intelliga-

1923 3636 2040 3685 tur.
2064 3629 2245 3683 Vinea
2267 3629 2390 3700 ipse
2415 3627 2691 3682 Dominus
2717 3632 2914 3682 noster
2954 3627 3127 3683 Jesus
3151 3627 3441 3693 Christus,
3467 3629 3569 3700 qui

1924 3718 2067 3772 dicit
2087 3716 2146 3771 in
2169 3715 2478 3788 Evangelio
2506 3732 2518 3768 :
2548 3717 2661 3783 Ego
2679 3731 2798 3768 sum
2822 3716 2955 3769 vitis
2984 3715 3159 3785 (Joan.
3184 3731 3275 3782 xv,
3297 3715 3383 3788 1).
3407 3715 3572 3772 Oliva

1925 3811 2144 3872 autem,
2171 3810 2321 3860 Deus
2338 3805 2504 3859 Pater
2525 3804 2916 3874 omnipotens,
2937 3819 2970 3857 a
2988 3819 3103 3874 quo
3126 3807 3337 3858 cuncta
3352 3803 3571 3859 illumi-

1925 3899 2159 3961 nentur,
2185 3898 2242 3948 et
2258 3894 2327 3948 de
2351 3910 2466 3965 quo
2487 3891 2817 3964 egrediatur
2836 3890 2958 3958 lux,
2981 3895 3037 3946 et
3058 3891 3128 3946 ad
3162 3907 3337 3962 quem
3360 3908 3574 3964 possu-

1928 4000 2061 4038 mus
2092 3981 2316 4038 dicere:
2347 3981 2390 4038 Ο
2421 3981 2592 4048 oliva,
2629 3983 2686 4035 in
2709 3981 2918 4035 lumine
2950 3989 3042 4035 tuo
3067 3979 3368 4035 videbimus
3390 3982 3572 4036 lumen

1929 4071 2103 4143 (Psal.
2126 4087 2296 4136 xxxv,
2328 4070 2431 4140 l0),
2457 4069 2512 4124 id
2541 4085 2602 4124 es
2616 4073 2656 4133 t,
2682 4067 2740 4122 in
2779 4067 2922 4123 Filio
2944 4068 3277 4124 videbimus
3299 4069 3375 4141 (ἀ)
3395 4069 3578 4140 Spiri-

1925 4164 2052 4214 tum
2081 4163 2372 4214 sanctum.
2397 4157 2480 4212 Ad
2502 4157 2610 4212 bas
2634 4156 2965 4212 fructuosas
2987 4158 3247 4225 arbores,
3275 4161 3335 4213 et
3356 4158 3581 4214 uberri-

1931 4264 2090 4303 mam
2116 4248 2367 4313 vineam,
2390 4246 2633 4301 veniunt
2653 4245 3023 4301 infructuosa
3042 4244 3206 4318 ligna
3223 4245 3284 4301 in
3303 4247 3583 4303 Judicum

1927 4337 2078 4391 libro
2101 4336 2253 4408 (Cap.
2287 4336 2385 4405 Ix),
2421 4338 2479 4390 et
2531 4338 2740 4406 rogant
2787 4338 2851 4389 ut
2895 4338 3140 4406 regnent
3159 4329 3438 4406 super—se.
3471 4335 3584 4391 Sed

1931 4440 2256 4496 numquam
2290 4438 2467 4494 super
2495 4422 2656 4494 ligna
2686 4421 2985 4489 silvarum,
3020 4438 3147 4492 quas
3181 4422 3464 4478 debentur
3492 4423 3582 4478 in-

111 4513 401 4570 tentiam
430 4514 824 4587 quadraginta
847 4518 1101 4586 quatuor
1126 4512 1318 4579 annis,
1351 4513 1490 4584 quia
1522 4531 1636 4568 non
1668 4513 1822 4569 fece-
1854 4535 1899 4599 Β
1933 4514 2157 4582 cendio,
2186 4516 2390 4584 regnat
2421 4510 2590 4576 oliva,
2623 4511 2791 4580 ficus,
2825 4513 2881 4564 et
2907 4509 3106 4565 vinea:
3137 4509 3238 4564 sed
3270 4509 3583 4582 magisim-

110 4607 280 4658 runt
336 4602 624 4668 fructum,
676 4606 886 4675 quarto
933 4601 1196 4658 subversi
1236 4606 1394 4658 sunt.
1430 4603 1590 4668 Quod
1623 4607 1820 4658 tamen
1855 4597 1887 4599 “
1931 4608 2095 4675 perat
2111 4603 2194 4658 eis
2223 4601 2465 4655 rbamus
2488 4599 2660 4670 plena
2698 4597 2982 4665 sentibus,
3012 4602 3068 4652 et
3107 4597 3322 4653 hericio
3343 4597 3578 4667 similis,

108 4695 374 4748 nostras
394 4690 798 4764 intelligentiae
820 4691 1267 4762 derelinquitur.
1292 4689 1646 4762 lnparabola
1663 4690 1820 4746 enim
1932 4693 2030 4764 qui
2080 4690 2303 4746 habitat
2323 4689 2381 4743 in
2406 4686 2718 4759 Babylone,
2744 4690 2800 4742 et
2822 4701 3055 4758 semper
3099 4691 3366 4741 versatur
3411 4686 3470 4741 in
3503 4687 3580 4742 fo-

105 4797 254 4837 non
282 4780 600 4847 scribitur,
625 4780 767 4852 quid
793 4785 993 4852 postea
1016 4781 1215 4836 fecerit
1238 4778 1654 4851 paterfamilias
1681 4797 1693 4846 ;
1720 4782 1819 4836 sed
1930 4781 2069 4836 veis.
2095 4780 2228 4842 Quae
2248 4775 2560 4832 arbuscula
2581 4792 2696 4830 non
2722 4774 2910 4830 solum
2935 4775 3136 4847 spinas
3171 4775 3369 4840 habet,
3390 4777 3489 4831 sed
3524 4781 3582 4832 et

100 4869 282 4943 quid
325 4872 570 4925 tantum
603 4867 862 4942 agricola
889 4855 1235 4942 deprecatus
1280 4868 1374 4924 sit.
1429 4869 1508 4923 Ex
1547 4885 1662 4941 quo
1691 4869 1822 4925 ani-
1929 4869 2146 4940 ignem,
2174 4867 2485 4920 vulnerans
2512 4868 2568 4919 et
2589 4865 2941 4919 comburens
2965 4864 3254 4936 quidquid
3278 4865 3579 4921 667atti-

96 4956 609 5026 madvertimus,
638 4974 737 5014 eos
773 4957 872 5030 qui
905 4957 976 5012 de
1003 4957 1114 5013 hac
1144 4958 1257 5012 ficu
1305 4956 1544 5012 fecerint
1575 4957 1822 5027 fructus,
1932 4956 2100 5030 gerit.
2134 4955 2399 5025 Denique
2427 4961 2700 5026 egressus
2734 4957 2823 5008 est
2877 4953 3052 5025 ignis,
3107 4957 3163 5008 et
3218 4954 3586 5025 consumpsit

90 5049 188 5104 ad
222 5047 544 5119 populum
567 5045 832 5118 gentium
849 5044 1325 5112 essetranslatos,
1348 5045 1419 5100 ad
1435 5059 1609 5116 quem
1627 5061 1824 5102 ascen-
1931 5045 2086 5118 ligna
2123 5043 2424 5099 silvarum.
2458 5042 2530 5097 Ut
2559 5046 2755 5097 autem
2787 5041 2939 5097 scias
2971 5042 3297 5098 secundum
3326 5042 3586 5113 superio-

83 5138 204 5194 dit
244 5138 316 5191 et
350 5135 666 5206 propheta,
706 5135 946 5191 dicens:
977 5135 1332 5206 Requiescam
1380 5135 1441 5187 in
1468 5133 1556 5189 die
1589 5135 1822 5189 tribula-
1854 5171 1857 5175 -
1934 5150 2054 5190 rem
2084 5130 2553 5203 intelligentiam,
2588 5131 2646 5184 in
2678 5146 2794 5200 qua
2832 5131 2902 5186 de
2935 5144 3232 5202 synagoga
3247 5129 3472 5186 dictum
3494 5145 3586 5185 ao-

74 5224 334 5292 tz'onis,
369 5231 433 5278 ut
452 5224 741 5280 ascendam
781 5224 850 5279 ad
874 5225 1146 5296 populum
1187 5223 1651 5295 peregrinationis
1670 5239 1822 5279 meae.
1935 5223 2198 5295 cepimus
2228 5237 2239 5274 :
2265 5222 2420 5276 Ficus
2443 5236 2554 5275 non
2573 5220 2747 5292 faciet
2763 5222 3026 5289 fructum,
3051 5223 3104 5274 et
3121 5235 3232 5275 non
3251 5227 3412 5276 erunt
3432 5221 3586 5289 geni-

2007 5401 2075 5482 (c_)
2111 5401 2367 5482 Rursum
2396 5397 2550 5479 idem
2584 5412 2720 5482 ms.,
2747 5400 2866 5467 post
2882 5399 3192 5468 passionem
3211 5396 3582 5470 quadraginta

1935 5471 2146 5527 duobus
2181 5471 2348 5524 annis
2378 5471 2528 5539 quia,
2563 5471 2672 5522 etc.

2006 5544 2083 5615 (ά)
2116 5541 2414 5598 Interserit
2446 5539 2540 5594 hic
2571 5538 2726 5597 idem
2753 5555 2889 5609 ms.,
2925 5539 3132 5596 lumen.

166 5402 279 5474 (α)
310 5399 540 5474 Confer
561 5400 801 5474 Hieron.
814 5401 881 5474 in
907 5401 1213 5474 Isaiaeicap.
1237 5415 1412 5466 xxvn,
1443 5399 1514 5454 ad
1529 5400 1699 5470 cujus
1715 5405 1827 5458 tes-

56 5472 386 5533 timOnii
421 5472 600 5527 ﬁdem
630 5472 897 5528 rescribit
928 5473 1018 5528 hic
1045 5472 1282 5536 Victor.,
1313 5479 1678 5542 oppugnatur.

165 5545 282 5628 (
324 5543 673 5628 Breviusuin
698 5544 909 5628 ‘Begin.
943 5561 1078 5612 ms.,
1110 5545 1431 5617 deprecatur
1477 5546 1529 5598 ct
1562 5543 1726 5612 dicit,
1757 5544 1829 5601 da

46 5616 404 5696 spatium
434 5616 806 5689 paenitentiae.
