3940 6166
461 284 618 353 1335
1711 288 1777 352 s.
1822 282 2135 352 susum!
2177 282 2624 351 srnaonm
3620 292 3732 364 mo

454 422 680 478 minain
692 420 886 493 vineis,
912 435 1025 477 non
1039 419 1110 477 de
1134 419 1421 477 fructibus
1448 419 1583 490 dici,
1607 423 1707 478 sed
1732 422 1803 478 de
1823 421 2096 494 operibus
2126 420 2181 485 Α
2206 436 2343 477 meo.
2369 421 2450 476 Idi
2458 437 2629 495 psum
2667 422 2724 478 et
2758 419 3024 479 Gabriele
3057 418 3474 497 interpretante:
3500 420 3561 484 Et
3578 431 3731 489 vocabi-

454 509 647 566 bonis.
671 510 734 565 In
760 509 911 565 oliva
931 509 1238 567 manifeste
1272 511 1523 583 aenigma
1563 511 1841 585 aperitur,
1883 515 1939 567 et
1960 510 2101 566 dici-
2211 512 2304 563 tur
2333 512 2503 580 Iesus,
2534 512 2650 582 ipse
2676 514 2822 567 enim
2867 511 3104 568 salvabit
3144 514 3387 585 populum
3425 531 3561 571 suum
3583 518 3730 587 (Matth.

451 601 581 653 tur:
606 598 894 654 Mentietur
929 616 1062 671 opus
1103 601 1289 657 olivae.
1340 601 1587 656 Fructus
1635 599 1791 655 enim
1840 616 1985 670 quos
2017 600 2101 655 af-
2211 615 2273 669 ιι,
2304 599 2416 670 24).
2450 599 2603 655 Deus
2636 601 2920 658 Dominus
2955 602 3221 658 fortitudo
3250 620 3404 659 mea:
3430 604 3613 661 nullam
3628 609 3732 667 enim

450 687 600 743 ferre
630 688 971 759 debuerant,
1006 688 1063 743 in
1096 689 1369 761 operibus
1399 690 1914 745 demonstrantur:
1939 705 2101 743 men-
2212 686 2412 755 aliam,
2437 688 2548 744 nisi
2572 688 2629 745 in
2648 688 2875 745 Christo
2897 690 3123 746 habebo
3142 691 3395 748 virtutem
3412 696 3463 749 et
3481 695 3732 752 cunctasle-

447 775 629 832 tietur
646 781 842 834 autem
865 794 1011 848 opus
1033 777 1214 843 olivae,
1239 778 1398 834 aliud
1423 778 1835 851 promittentis,
1861 782 1918 833 et
1942 777 2099 833 aliud
2210 775 2300 849 gis
2322 778 2608 848 justitias,
2641 778 2993 850 quisquilias
3026 781 3381 852 computabo.
3409 784 3477 837 Et
3485 785 3732 855 ponetpau:

449 864 737 936 facientis,
771 866 1029 923 dicentes
1061 868 1133 922 ad
1176 867 1411 940 Moysen
1442 884 1455 923 :
1507 867 1704 923 Omnia
1750 882 2103 939 quaecumque
2207 882 2353 923 meos
2372 883 2527 938 quasi
2549 883 2855 936 cervorum,
2875 872 2939 923 ut
2957 868 3171 924 calcem
3196 885 3360 941 super
3377 869 3597 942 aspidem
3614 872 3731 929 etba-

450 953 660 1011 dimerit
698 956 980 1022 Dominus,
1028 957 1297 1027 faciemus
1354 956 1546 1027 (Exod.
1597 973 1751 1022 xxxv,
1798 957 1885 1028 7);
1917 959 1974 1011 et
2002 972 2102 1012 no—
2209 954 2498 1025 siliscum,
2533 960 2590 1011 et
2621 955 2790 1028 quasi
2813 973 2960 1029 puer
2981 956 3252 1029 parvulus
3273 957 3481 1014 mittam
3499 975 3683 1015 manum
3698 962 3733 1015 in

449 1042 637 1099 lentes
660 1043 720 1097 in
748 1059 882 1113 eum
905 1045 1159 1113 credere,
1185 1044 1285 1117 qui
1312 1062 1345 1101 a
1384 1046 1580 1115 Moyse
1620 1045 1968 1117 prmdicatus
1988 1048 2097 1100 est.
2209 1043 2494 1112 foramen,
2516 1048 2574 1100 et
2594 1044 2893 1101 extraham
2914 1048 3260 1118 serpentem,
3281 1045 3563 1119 ludamque
3580 1048 3734 1116 [Atiu-

449 1130 655 1203 Campi
677 1148 909 1205 quoque
930 1149 1047 1189 non
1070 1133 1282 1189 facient
1304 1133 1580 1190 fructum.
1609 1134 1925 1190 Considera
1941 1135 2096 1205 quod
2208 1132 2366 1204 dam)
2399 1134 2470 1188 de
2499 1132 2775 1190 colubro:
2810 1134 3024 1190 Similis
3062 1136 3211 1190 enim
3250 1139 3327 1190 est
3364 1136 3736 1205 fratruelismm

444 1220 796 1288 Jerusalem,
826 1238 953 1293 quae
987 1222 1284 1294 quondam
1316 1222 1428 1279 sita
1457 1227 1583 1279 erat
1612 1224 1670 1278 in
1698 1222 2018 1293 montibus,
2043 1226 2100 1277 et
2205 1237 2439 1293 capreae,
2460 1230 2559 1277 aut
2580 1223 2817 1278 hinnulo
2836 1239 3118 1279 cervorum
3136 1223 3306 1295 (Cant.
3334 1240 3390 1291 ιι,
3406 1224 3554 1295 9).Et
3570 1225 3735 1297 quiaip-

444 1314 674 1366 montes
704 1309 764 1365 in
787 1309 1032 1366 circuitu
1054 1311 1181 1381 ejus
1205 1313 1320 1383 (Ps.
1346 1329 1531 1379 cxxrv,
1553 1313 1632 1383 2),
1655 1316 1712 1367 et
1730 1311 2097 1382 fundamenta
2206 1328 2269 1367 se
2288 1316 2378 1366 est
2397 1326 2622 1383 cervus,
2648 1311 2791 1367 mihi
2817 1327 3051 1384 quoque
3075 1310 3323 1383 donavit,
3345 1317 3407 1367 ut
3425 1328 3598 1369 cervus
3611 1329 3735 1370 essem

440 1399 559 1473 ejus
594 1400 654 1453 in
680 1399 955 1455 montibus
983 1402 1193 1456 sanctis
1222 1399 1401 1473 (Psal.
1435 1418 1656 1471 LXXXVI,
1696 1402 1767 1473 1),
1802 1416 1957 1456 nunc
1985 1400 2095 1455 hu-
2204 1398 2479 1456 sublimis
2502 1399 3045 1469 cornibus,findens
3064 1399 3489 1473 ungulas,cibos
3502 1402 3735 1467 ruminans,

438 1487 598 1543 milis
630 1486 957 1560 appelletur
985 1493 1160 1561 atque
1192 1491 1562 1561 campestris,
1598 1506 1724 1561 qum
1756 1506 1870 1545 non
1902 1488 2094 1545 solum
2204 1491 2261 1544 et
2281 1489 2351 1543 ad
2376 1488 2614 1543 odorem
2636 1505 2833 1545 meum
2856 1493 3157 1562 serpentes
3180 1489 3415 1561 fugane:
3442 1489 3504 1545 de
3543 1489 3737 1561 quodici-

436 1575 730 1642 homines,
755 1576 812 1631 id
836 1580 943 1643 est,
970 1576 1339 1633 rationabilia
1361 1594 1477 1633 non
1507 1577 1612 1633 alit
1653 1577 1932 1633 animalia
1954 1594 1976 1640 ;
1994 1578 2095 1633 sed
2203 1582 2303 1633 tur
2330 1577 2391 1632 in
2424 1577 2649 1633 decimo
2679 1578 2928 1650 septimo
2976 1577 3207 1633 Pssimo
3230 1596 3250 1633 :
3298 1578 3398 1647 Qui
3431 1577 3738 1650 perfecitpeda

438 1681 545 1721 nec
575 1681 786 1737 pecora
807 1666 1044 1737 quidem
1067 1670 1125 1721 et
1146 1667 1341 1737 boves,
1368 1668 1439 1721 de
1480 1666 1697 1739 quibus
1734 1670 1791 1722 et
1820 1667 2092 1722 Salomon
2201 1682 2346 1723 meos
2376 1670 2656 1737 tamquam
2686 1683 2990 1736 cervorum,
3024 1670 3079 1722 et
3106 1682 3269 1738 super
3317 1666 3510 1722 excelsa
3526 1674 3653 1738 ponet
3670 1682 3735 1721 me.

434 1752 699 1826 loquitur
723 1753 783 1809 in
842 1753 1166 1810 Proverbiis
1196 1773 1215 1809 :
1272 1755 1478 1811 Adhibe
1528 1772 1722 1811 curam
1766 1756 1853 1811 his
1881 1770 2006 1826 quae
2034 1757 2095 1810 in
2122 1790 2170 1855 Β
2205 1755 2273 1811 Et
2295 1755 2353 1810 in
2384 1755 2665 1811 vicesimo
2701 1760 2940 1811 octavo:
2970 1757 3079 1811 ι’οω
3123 1756 3340 1812 Domini
3376 1755 3735 1828 perﬁcientisoer-

435 1859 626 1915 campo
655 1846 786 1898 sunt
816 1844 1156 1914 regionibus,
1180 1848 1231 1899 et
1251 1843 1469 1899 attende
1489 1844 1731 1914 herbam,
1753 1848 1804 1899 et
1819 1860 2093 1916 congrega
2122 1842 2169 1855 ⁵’
2199 1860 2310 1899 vos.
2348 1844 2526 1899 Ponet
2557 1859 2693 1915 ergo
2749 1842 2926 1916 pedes
2966 1859 3128 1899 meos
3181 1843 3331 1899 inter
3376 1847 3579 1899 caeteros
3603 1856 3734 1897 cervos

435 1932 627 2003 fenum
647 1940 710 1987 ut
733 1931 932 1987 habeas
952 1947 1074 1987 oves
1092 1932 1160 1987 ad
1182 1932 1259 2003 (a)
1284 1933 1632 1988 vescendum.
1658 1936 1838 1988 Boves
1861 1948 2094 2005 quoque
2202 1949 2363 1999 suos,
2400 1937 2457 1988 et
2486 1933 2557 1989 ad
2586 1931 2843 1988 cmlestia
2872 1932 3153 2005 perducet
3182 1948 3296 2000 me,
3327 1936 3389 1987 ut
3427 1931 3560 1987 inter
3581 1930 3736 2003 angelos

438 2035 557 2075 non
574 2020 831 2076 eruntin
853 2020 1250 2093 praesepibus:
1294 2021 1432 2092 quia
1464 2021 1562 2076 ubi
1603 2020 1774 2093 plena
1795 2025 1932 2077 sunt
1956 2038 2096 2094 prie-
2202 2037 2410 2077 canam
2441 2020 2686 2093 gloriam
2710 2020 2962 2092 Domini,
2985 2025 3043 2077 et
3062 2037 3242 2094 super
3278 2024 3479 2076 terram
3501 2034 3653 2092 pacem
3671 2018 3736 2073 ho-

439 2108 622 2180 sepia,
651 2109 967 2189 manifesto,
983 2113 1075 2165 est
1124 2109 1403 2165 fortitudo
1441 2109 1606 2166 bovis
1643 2111 1827 2179 (Prov.
1869 2127 1984 2180 xxv,
2017 2111 2093 2183 4).
2204 2110 2465 2166 minibus
2496 2110 2659 2166 bona
2676 2109 2993 2166 voluntatis
3015 2109 3374 2166 annuntiem.
3403 2108 3589 2165 Canam
3612 2110 3736 2163 autem

436 2199 545 2254 Bos
566 2197 868 2270 operarius
889 2201 1015 2254 est:
1065 2199 1173 2254 bos
1208 2197 1437 2254 Domini
1482 2202 1820 2255 sustentans
1838 2199 2050 2271 jugum
2079 2218 2091 2255 :
2204 2200 2507 2255 victoriam
2538 2200 2668 2270 ejus
2699 2203 2757 2255 et
2810 2198 3185 2271 triumphum
3233 2202 3291 2254 et
3323 2201 3575 2270 tropaeum
3598 2195 3734 2251 crucis.

437 2286 545 2343 bos
565 2286 623 2341 in
657 2288 829 2359 cujus
857 2286 1171 2360 vestigium
1194 2286 1295 2359 qui
1325 2287 1555 2354 severit,
1590 2288 1800 2343 beatus
1832 2292 1937 2344 est.
1966 2288 2098 2344 Om-
2206 2288 2323 2344 Hoc
2334 2290 2504 2359 juxta
2523 2287 2872 2343 Hebraicum
2894 2292 2951 2344 et
2980 2288 3049 2360 (ε)
3102 2286 3364 2359 quintam
3410 2286 3676 2349 editionem,
3695 2282 3735 2337 ad

434 2374 543 2430 nim
592 2374 714 2429 hmo
757 2375 1100 2431 auferantur
1138 2393 1172 2431 a
1200 2375 1440 2448 pepulo,
1492 2377 1631 2447 quia
1660 2375 1861 2448 inique
1889 2376 2009 2449 egit
2037 2376 2097 2431 in
2204 2380 2439 2449 tempus
2459 2376 2717 2432 Judaicaa
2740 2375 3078 2444 eversionis,
3108 2380 3168 2431 et
3188 2375 3259 2431 ad
3279 2375 3559 2430 adventum
3586 2370 3735 2428 Domini

440 2464 627 2521 Deum
658 2466 986 2520 Creatorem
1007 2481 1205 2520 suum.
1230 2465 1393 2528 Quod
1417 2465 1466 2521 si
1489 2464 1745 2521 volueris
1771 2466 1878 2536 (At.
1904 2464 2101 2520 nolue-
2206 2471 2417 2521 cuncta
2429 2454 3739 2522 referamus.Siantemvoluerimusdsconsnmma

442 2553 545 2624 ris)
574 2552 731 2608 diem
762 2552 1161 2609 tribulationis
1192 2552 1349 2608 diem
1382 2553 1919 2609 consummationis
1952 2552 2100 2608 acci-
2207 2553 2363 2609 tione
2409 2554 2561 2610 069
2615 2553 2819 2609 mundi
2869 2554 3153 2625 accipere,
3189 2554 3274 2610 sic
3302 2552 3643 2625 exponendum
3665 2552 3734 2602 est:

444 2658 603 2716 pere,
636 2642 707 2696 ad
740 2656 840 2697 eos
871 2641 1085 2698 referes
1117 2642 1316 2698 omnia
1356 2642 1456 2714 qui
1509 2642 1715 2697 dicunt
1763 2658 1825 2697 se
1872 2658 2000 2697 esse
2029 2642 2101 2697 de
2208 2644 2500 2715 quomodo
2530 2642 2589 2697 in
2620 2642 2813 2699 Exodo
2869 2642 3024 2713 (Cap.
3073 2643 3157 2714 ιιι)
3206 2642 3430 2715 quando
3458 2642 3735 2714 percussus

435 2729 718 2797 Ecclesia,
746 2734 937 2786 etnon
964 2730 1185 2786 habent
1222 2746 1398 2802 opera
1436 2730 1703 2801 justitiaa.
1752 2730 1823 2785 Et
1853 2730 2022 2797 ﬁcus,
2043 2746 2101 2796 et
2207 2734 2509 2805 Egyptus,
2534 2734 2591 2787 et
2617 2729 2908 2803 percussit
2927 2730 3083 2786 Deus
3117 2729 3323 2787 vineas
3366 2745 3561 2799 eorum,
3585 2732 3628 2783 et
3647 2726 3734 2780 ﬁcus

432 2819 605 2874 vinea
625 2823 682 2874 et
704 2818 877 2885 oliva,
925 2819 1274 2891 mysterium
1326 2818 1595 2873 videlicet
1623 2818 1950 2884 Trinitatis,
1982 2834 2099 2874 non
2208 2837 2434 2891 eorum,
2474 2824 2530 2875 et
2559 2819 2772 2875 occidit
2801 2819 3095 2892 primitiva
3126 2818 3516 2891 hominum,et
3533 2816 3733 2889 jumenta

437 2908 682 2963 afferent
700 2907 759 2962 in
778 2907 863 2963 eis
884 2908 1138 2963 fructum
1159 2924 1358 2973 suum,
1378 2913 1434 2962 et
1453 2924 1567 2962 non
1594 2906 1785 2961 solum
1807 2907 2101 2963 frumenta
2216 2925 2346 2965 rum
2378 2909 2439 2963 in
2468 2904 2772 2981 grandine,
2807 2911 2864 2962 et
2891 2907 3198 2980 Egyptias
3221 2908 3432 2979 fruges,
3453 2904 3668 2968 bruchus,
3687 2900 3738 2954 lo-

441 3000 499 3053 et
526 3013 691 3052 escas
724 2996 1160 3052 rationabilimn
1184 3013 1205 3059 ;
1240 2997 1341 3052 sed
1373 3012 1476 3051 nec
1509 2996 1704 3051 cibum
1738 2996 1977 3067 quidem
2000 2996 2102 3052 ha-
2207 3001 2487 3068 custaque
2513 2995 2912 3068 consumpsit:
2960 2996 3105 3052 ficus
3158 2996 3220 3051 in
3250 3000 3479 3069 Egypto
3506 3009 3597 3049 non
3615 2986 3736 3046 attulit

437 3084 578 3139 bent
607 3085 665 3138 in
698 3084 924 3156 campis
977 3084 1103 3140 suis
1160 3100 1436 3155 pecorum
1492 3088 1549 3139 et
1578 3085 2007 3155 jumentorum,
2041 3089 2100 3142 et
2138 3155 2168 3159 _
2210 3087 2489 3155 fructum,
2512 3102 2619 3141 nec
2641 3086 2805 3140 erant
2827 3083 3128 3158 genimina
3149 3085 3211 3140 in
3233 3084 3413 3141 vineis
3441 3092 3735 3147 eorum,men-
3824 3132 3825 3159 ι

442 3172 725 3244 prmsepia
753 3155 955 3227 eorum
990 3188 1175 3228 vacua
1204 3176 1362 3240 sunt,
1396 3176 1453 3227 et
1486 3189 1588 3244 pro
1614 3172 1858 3227 excelsis
1880 3175 2094 3230 monti-
2125 3155 2169 3222 C
2205 3174 2462 3231 tiebatur
2479 3174 2691 3243 (sicubi
2713 3155 2911 3229 tamen
2960 3177 3194 3244 poterat
3241 3171 3468 3245 reperiri
3490 3171 3538 3225 in
3561 3168 3731 3239 dignm.

406 3268 417 3279 ‘
440 3259 554 3316 bus
582 3260 643 3314 in
675 3259 866 3332 planis
897 3260 1343 3333 humilibusque
1371 3264 1700 3316 versantur.
2204 3281 2352 3335 opus
2374 3263 2555 3330 olivae,
2580 3267 2641 3319 et
2660 3263 2853 3334 campi
2887 3278 3093 3318 eorum
3118 3278 3241 3318 non
3293 3261 3497 3317 dabant
3526 3272 3648 3315 escas
3668 3250 3729 3323 [ll-

513 3350 700 3420 (Vers.
739 3352 823 3413 18,
860 3350 970 3422 l9.)
1003 3352 1114 3419 Ego
1157 3354 1342 3405 autem
1372 3352 1433 3405 in
1478 3351 1706 3406 Domino
1750 3349 2013 3421 gaudebo,
2043 3355 2096 3407 et
2205 3352 2521 3424 fructum]:
2564 3355 2621 3407 et
2650 3350 3020 3417 deficiebant,
3081 3366 3153 3406 eo
3211 3350 3366 3423 quod
3404 3365 3505 3405 non
3549 3342 3731 3400 haberent

439 3440 723 3496 exsultabo
755 3441 816 3495 in
846 3441 950 3495 Deo
978 3441 1105 3495 Jesu
1135 3456 1272 3496 meo.
1325 3439 1467 3493 Deus
1520 3439 1783 3493 Dominus
1832 3439 2094 3510 fortitudo
2204 3442 2366 3497 cibos
2388 3457 2597 3513 pecora
2627 3456 2853 3508 eorum,
2876 3443 2932 3495 et
2953 3455 3067 3494 non
3090 3444 3267 3494 erant
3286 3439 3451 3495 boves
3469 3437 3520 3492 in
3553 3428 3730 3507 praesepi-

437 3545 583 3595 mea,
611 3532 661 3583 et
685 3533 852 3601 ponet
900 3529 1057 3601 pedes
1084 3545 1230 3585 meos
1288 3530 1447 3599 quasi
1496 3542 1801 3583 cervorum.
1834 3530 1900 3582 Et
1928 3544 2097 3599 super
2203 3530 2334 3585 bus.
2357 3529 2613 3602 Populus
2635 3532 2829 3584 autem
2858 3527 3037 3583 Israel
3058 3526 3393 3583 exsultabat
3412 3526 3464 3581 in
3492 3520 3729 3579 Dominae!

438 3619 648 3674 excelsa
678 3634 798 3674 mea
823 3618 1042 3675 deducet
1069 3634 1156 3673 me
1203 3617 1357 3673 668
1403 3619 1577 3672 victor
1622 3617 1683 3671 in
1729 3618 1970 3672 Psalmis
1997 3634 2093 3671 ca-
2200 3618 2567 3691 gaudebatin
2589 3622 2701 3673 Deo
2723 3616 2962 3672 salutari
2988 3629 3094 3671 suo
3122 3634 3136 3672 :
3161 3615 3248 3672 sic
3271 3615 3330 3670 in
3352 3604 3731 3691 consummatione

434 3715 670 3763 nentem.
705 3706 837 3762 LXX
865 3724 878 3761 :
909 3709 1019 3776 Ego
1047 3708 1233 3761 autem
1263 3706 1322 3760 in
1352 3706 1580 3761 Domino
1610 3705 1899 3761 exsultabo
1920 3723 1939 3759 :
1960 3722 2093 3776 gau-
2202 3690 2430 3778 mundi,
2459 3707 2715 3780 quando,
2748 3704 3142 3778 multiplicata
3194 3704 3505 3776 iniquitate,
3542 3690 3729 3754 refrixeﬁt
3812 3708 3813 3715 ‘

435 3796 567 3853 debo
592 3812 755 3869 super
784 3801 894 3852 Deo
921 3796 1159 3851 salutari
1206 3794 1317 3861 [ΑΙ.
1382 3794 1680 3866 Saluatore]
1740 3810 1875 3862 meo,
1907 3794 2090 3850 Domi-
2200 3796 2457 3851 charitas
2479 3794 2688 3867 (Matth.
2713 3793 2890 3863 XXIV),
2914 3797 2972 3849 et
2993 3794 3143 3849 ficus
3179 3809 3296 3849 non
3329 3788 3558 3847 attulerit
3574 3786 3725 3875 {metut

434 3901 539 3939 nus
568 3886 705 3940 Deus
720 3883 994 3956 fortitudo
1040 3900 1184 3950 mea,
1234 3891 1285 3938 et
1324 3892 1490 3955 ponet
1509 3883 1674 3954 pedes
1696 3898 1839 3938 meos
1869 3885 1930 3938 in
1957 3899 2088 3938 con-
2198 3888 2256 3940 et
2283 3884 2461 3939 vineae
2492 3900 2605 3939 non
2647 3881 2960 3937 habuerint
2996 3898 3165 3950 uvas,
3229 3886 3287 3937 et
3342 3877 3603 3935 mentitum
3624 3871 3726 3925 fuerit

435 3974 1076 4043 summationemzsuper
1090 3973 1303 4027 excelsa
1325 3974 1565 4045 imponet
1584 3988 1690 4043 me,
1713 3976 1774 4027 ut
1793 3973 2012 4027 vincam
2029 3973 2090 4026 in
2199 3989 2347 4044 Opus
2386 3972 2571 4038 olivae,
2602 3975 2657 4026 et
2689 3971 2881 4042 campi
2924 3986 3040 4025 non
3099 3965 3534 4042 germinaverint
3562 3958 3725 4026 cibosti
3806 3984 3807 3995 ι

439 4061 665 4116 Cantica
697 4062 834 4131 ejus.
885 4060 1022 4115 Ficu
1073 4065 1129 4115 et
1148 4059 1316 4115 vinea
1351 4064 1406 4115 et
1427 4061 1593 4125 oliva,
1610 4060 1782 4132 juxta
1806 4061 1961 4131 quod
1992 4076 2087 4115 ex-
2197 4066 2402 4117 caetera
2422 4078 2547 4132 qum
2573 4064 2928 4131 sequuntur:
2950 4063 3092 4113 tunc
3111 4048 3723 4131 quicumqueﬂﬁjnsﬂﬁ

437 4148 630 4220 posui,
655 4164 770 4203 non
806 4148 1149 4203 facientibos
1171 4148 1423 4203 fructum
1453 4166 1649 4219 suum,
1674 4153 1731 4203 et
1750 4149 2085 4204 Judmorum
2196 4154 2254 4205 et
2283 4148 2563 4204 electione
2612 4147 2711 4203 Dei
2764 4147 2978 4220 dignus
3036 4146 3218 4203 fuerit
3263 4136 3723 4220 inventus,loqt1¢!ﬁIr

438 4218 597 4309 agris
643 4253 757 4292 non
807 4236 1182 4293 atl'erentibus
1231 4237 1411 4304 cibos,
1456 4218 1702 4293 obcissis
1742 4253 1977 4309 quoque
2015 4238 2087 4293 de
2195 4237 2514 4294 exsultans.
2558 4238 2672 4310 Ego
2701 4218 2887 4291 autem
2914 4237 2977 4291 in
3017 4237 3259 4292 Domino
3279 4218 3723 4311 exsultabaﬂawb‘?

436 4324 572 4382 ovili
598 4325 925 4399 pecoribus,
969 4330 1026 4381 et
1055 4326 1339 4382 armentis
1393 4326 1463 4381 de
1512 4325 1891 4398 praesepibus,
1924 4329 2084 4398 post-
2194 4329 2255 4382 in
2286 4327 2393 4382 Deo
2420 4326 2661 4380 salutari
2684 4341 2822 4394 meo,
2857 4325 3127 4380 Dominus
3143 4323 3407 4395 fortitudo
3425 4315 3723 4399 meathwl

436 4397 616 4488 quam
637 4416 998 4471 audierunta
1026 4414 1269 4471 Domino
1298 4432 1310 4469 :
1351 4397 1710 4488 Relingueturi
1728 4416 1877 4469 vobis
1896 4397 2085 4470 domus
2193 4414 2421 4488 positus
2452 4431 2486 4469 a
2524 4413 2638 4469 Deo
2697 4430 2874 4485 super
2933 4412 3495 4469 consummationem
3520 4398 3660 4488 sectili,
3683 4397 3723 4447 υτ

433 4486 613 4560 uestra
641 4504 859 4560 deserta
904 4503 1113 4576 (Matth.
1145 4521 1284 4558 χχιιι
1316 4504 1426 4575 38),
1478 4486 1690 4576 populo
1736 4503 1912 4558 etiam
1946 4519 2083 4574 cap-
2114 4518 2161 4583 ι)
2193 4486 2395 4575 postea
2423 4501 2494 4556 ad
2526 4500 2827 4573 superiora
2870 4502 3250 4570 conscendat,
3302 4505 3360 4556 et
3405 4517 3436 4554 a
3477 4496 3555 4552 Deo
3580 4486 3722 4583 φάασν

412 4592 640 4666 ,ιίνίιιιῐί
680 4593 915 4661 tradito,
948 4596 1006 4649 et
1032 4592 1093 4648 in
1123 4596 1244 4649 toto
1299 4594 1436 4649 orbe
1481 4591 1767 4664 disperso,
1801 4590 1968 4664 propl

2194 4597 2291 4646 tur
2318 4591 2389 4647 ad
2421 4606 2744 4655 summum,
2778 4589 2968 4644 dicet:
3002 4590 3068 4644 Et
3094 4597 3261 4661 ponet
3279 4588 3441 4661 pedes
3462 4595 3566 4640 meo:
3585 4577 3722 4666 ἱπωνξ·

430 4656 501 4739 de
531 4682 746 4755 populo
782 4656 1143 4749 Judmorum,
1174 4682 1272 4753 qui
1303 4656 1719 4753 interpretatur
1745 4656 2084 4752 amplexatio
2190 4681 2636 4746 summationem,
2661 4694 2826 4751 super
2846 4678 3062 4733 excelsa
3092 4656 3345 4750 imponet
3370 4674 3555 4730 munt
3576 4656 3719 4757 δυωῇ

426 4748 695 4846 (sequod
718 4771 997 4827 amaverit
1019 4748 1353 4838 Dominum,
1376 4774 1431 4826 et
1456 4748 1766 4826 adhmserit
1789 4748 1862 4837 ei,
1883 4768 2082 4840 illique
2192 4768 2502 4843 ἀγωνοθὲτῃ
2552 4748 2738 4837 ὄρεος
2766 4766 2872 4838 qui
2929 4748 3185 4838 primusi
3219 4765 3283 4822 in
3316 4778 3486 4839 agone
3510 4748 3717 4844 supeth

428 4878 492 4917 se
504 4861 788 4932 junxerit)
817 4878 885 4916 ex
922 4877 1172 4933 persona
1216 4858 1613 4931 apostolorum
1637 4863 1694 4914 et
1731 4857 1931 4931 populi
1957 4874 2077 4913 cre-
2191 4858 2498 4931 praemium
2521 4856 2695 4913 fuerit
2710 4855 3087 4911 cantantibus
3108 4846 3715 4933 ροείὶιιωςθεονὶηαωπ

428 4950 622 5006 dentis
643 4948 702 5004 in
724 4932 951 5004 Christo
972 4947 1266 5019 loquitur:
1297 4948 1403 5018 Ego
1440 4962 1565 5001 vero
1589 4948 1650 5001 in
1684 4947 1915 5002 Domino
1937 4963 2080 5017 gau-
2189 4947 2447 5003 carmine
2470 4947 2622 5016 ejus,
2664 4949 2721 5001 et
2750 4960 2961 5001 manus
2983 4960 3124 5000 meas
3160 4932 3712 5016 componantcithm

427 5038 585 5109 debo,
631 5044 682 5093 et
736 5036 995 5092 occultabo
1046 5037 1109 5090 in
1164 5036 1269 5091 Deo
1313 5037 1436 5090 Jesu
1482 5051 1619 5091 meo.
1651 5035 1760 5091 Pro
1794 5051 1910 5106 quo
1944 5034 2079 5090 LXX
2187 5042 2244 5094 et
2273 5033 2638 5109 psalterium,
2698 5038 2755 5089 et
2814 5049 2985 5088 omne
3036 5022 3395 5104 organorum
3443 5025 3710 5106 genus,

426 5124 857 5185 transtulerunt
886 5125 960 5198 (b)
987 5127 1066 5196 τῷ
1097 5121 1319 5198 Σωτῆρί
1355 5142 1477 5196 μον,
1537 5122 1595 5178 id
1643 5126 1751 5192 est,
1793 5123 2081 5180 Saluatore
2188 5124 2439 5196 bamque
2467 5120 2883 5195 panegyricum
2913 5119 3327 5193 triumphanti.
3357 5119 3420 5174 Et
3445 5113 3529 5189 qui
3551 5110 3600 5165 ίιι
3619 5111 3707 5176 P'm'

501 5324 579 5394 (a)
609 5322 859 5395 Corrigit
887 5321 1180 5395 Victorius
1211 5321 1280 5395 ad
1310 5319 1643 5395 vestiendum
1668 5319 1787 5395 :_sic
1818 5318 1973 5374 enim
1998 5319 2077 5395 le-
2185 5323 2332 5395 gunt
2363 5335 2466 5391 pro
2499 5317 2731 5395 habeas:
2766 5313 3009 5379 scilicet,
3042 5331 3179 5370 oves
3219 5315 3296 5370 ad
3342 5304 3633 5369 vescendum
3649 5290 3699 5344 li"

472 5384 591 5485 itur
620 5384 810 5449 ϐιωοὲ
832 5387 1376 5485 Ρνονςᾷᾟῖναέχῃς
1392 5384 1636 5485 πρεξξατα
1654 5388 1730 5474 ei;
1756 5389 2028 5485 3(11‘tt?(16'

2186 5384 2382 5455 beant;
2412 5393 2566 5445 recto
2596 5386 2801 5458 utique
2827 5402 3023 5441 sensu.
3600 5439 3611 5451 ,

2256 5463 2329 5485 IL\
2352 5460 2541 5485 (1-..-..
2564 5462 2735 5485 -.η-ι...
2786 5460 2863 5485 -3.
2888 5454 3094 5485 _.,...:.'-I
3148 5476 3258 5485 ..-η
3309 5460 3357 5485 ΑΙ
3414 5451 3468 5485 ελ
3483 5449 3548 5485 nd
3597 5430 3699 5485 mli?

484 5463 680 5535 ulgata
702 5465 1152 5535 quoqueeditio,
1174 5449 1545 5534 Sina'inq'uit,
1568 5463 1700 5532 agni
1715 5449 2078 5517 ad'vestimen-
2230 5463 2330 5535 ((b)
2352 5449 2547 5517 Graeca
2564 5449 2865 5535 verbium];
2887 5454 3094 5532 σωτῆρι
3147 5476 3283 5528 μου,
3308 5460 3384 5522 et,
3414 5451 3468 5507 id
3482 5449 3564 5511 est.
3597 5449 3635 5495 in

432 5533 744 5605 tum‘suum‘.
768 5533 1175 5605 Nostriautem
1202 5552 1344 5591 mss.
1372 5533 1792 5605 assentiuntur,
1816 5538 2075 5605 tantum-
2185 5534 2305 5605 gin.
2341 5549 2453 5605 ms.
2476 5548 2600 5605 non
2641 5533 2800 5585 sunt.

434 5576 548 5674 ἱῖιίἓ
565 5576 957 5674 magna;
968 5576 1541 5676 ιὲἓῖῖοἶίἔεὶὶἷίιᾶἷῖιῖέζ
1551 5576 1981 5676 ἒῇὖῦξῐιὶέιὲἓᾶἇῖ
1989 5576 2074 5659 ἱξ-
2185 5576 2323 5676 °"(}S)
2342 5576 2558 5676 satis:
2569 5576 2950 5658 ἶιιέῗὲῐὶιηαγη
2970 5598 3295 5671 editionem,
3306 5602 3367 5656 ut
3384 5594 3633 5660 adW
3645 5576 3699 5629 ον’
