3940 6166
213 301 389 372 ’1337

938 303 1684 374 COMMENTARIORUM
1725 304 1807 371 IN
1851 305 2308 372 SOPHONIAM
2352 306 2605 371 LIBER.
2644 307 2815 372 CAP.
2863 309 2912 371 Ι.

3482 311 3639 378 1338

227 441 381 514 cipio
406 440 641 498 locutus
671 455 802 498 sum
829 459 843 499 :
889 443 1162 516 Usquequo
1201 443 1462 510 clamabo,
1485 451 1536 497 et
1565 459 1672 497 non
1704 459 1875 497 exau-
1907 445 1960 510 Α
1988 441 2240 498 laudabo
2281 443 2611 514 aequitatem
2661 445 2809 516 ejus,
2859 446 2914 499 et
2944 447 3207 500 cantores
3238 447 3473 503 cateros
3503 464 3633 506 meo

230 531 737 601 dies?voci/erabor
782 532 854 588 ad
884 540 935 588 te
961 535 1073 588 vim
1099 534 1334 604 patiens,
1367 535 1416 586 et
1445 547 1555 587 non
1592 533 1834 587 salvebis
1859 535 1881 586 Ρ
1990 530 2246 618 capmine
2278 532 2587 604 superabo.

229 626 292 678 et
319 621 388 677 de
411 622 648 692 justitia
675 622 1158 694 ejusjudicioque
1181 625 1454 677 causatus
1477 637 1610 676 sum
1636 638 1648 675 :
1684 625 1880 692 postea

241 768 3639 800 ω

945 903 1072 1008 ε.
1159 903 1832 1007 ΕΠΒΕΒΠ
1915 905 2323 1006 ΕῙΗΗ

2062 905 2946 1008 [BRONYMI

1391 1104 1960 1189 STRIDONEIYSIS
2008 1104 2494 1163 PRESBYTERI

1141 1254 2750 1378 COMMENTARIORUM

363 1573 1828 1748 SOPHONIAM
1951 1440 3516 1745 recensum

1633 1827 1925 1901 LIBER
1975 1828 2246 1902 UNUS.

1506 2083 2389 2181 PROLOGUS.

317 2376 412 2432 07
421 2373 653 2430 1-672
677 2374 1001 2442 Antequam
1023 2367 1381 2441 Sophoniam
1431 2367 1756 2439 aggrediar,
1790 2368 1890 2440 qui
1920 2372 1968 2437 B
2001 2386 2152 2438 rum,
2187 2374 2243 2426 et
2272 2387 2399 2441 quas
2429 2370 2687 2442 integros
2713 2370 2894 2426 libros
2927 2371 3189 2443 ﬂagitent
3241 2372 3346 2440 [AL
3380 2371 3645 2444 ﬂagitet].

243 2481 441 2522 nonus
467 2467 555 2519 est
581 2462 642 2516 in
675 2460 876 2517 ordine
935 2457 1245 2514 duodecim
1277 2457 1715 2528 prophetarum,
1777 2473 1894 2512 res-

243 2553 623 2627 pondendum
636 2547 967 2605 videturhis
981 2548 1080 2619 qui
1100 2563 1192 2602 me
1206 2545 1566 2601 irridendum
1579 2547 1892 2616 mstimant,

240 2643 401 2716 quod
451 2643 556 2710 [AL
592 2637 904 2711 quomodo]
935 2635 1172 2691 omissis
1212 2635 1374 2701 viris,
1404 2635 1475 2689 ad
1505 2651 1607 2689 vos
1639 2634 1892 2690 scribam

239 2731 641 2806 potissimum,
673 2744 706 2783 o
739 2725 920 2781 Paula
950 2729 1007 2780 et
1025 2723 1426 2780 Eustochium.
1460 2723 1566 2788 Qui
1596 2723 1645 2778 si
1680 2724 1895 2779 scirent

240 2820 474 2890 Oldam,
499 2818 640 2872 viris
661 2815 1012 2880 tacentibus,
1044 2813 1446 2885 prophetasse,
1480 2819 1538 2867 et
1569 2813 1891 2868 Debboram

233 2909 502 2982 judicem
560 2905 777 2978 pariter
834 2903 1176 2976 propheten,
1238 2902 1438 2956 hostes
1481 2901 1680 2965 Israel,
1713 2906 1894 2956 Barac

237 2999 507 3063 timente,
540 3009 854 3067 superasse
872 2993 1075 3061 (ludio.
1110 2992 1187 3062 1v)
1212 3009 1225 3047 :
1251 2995 1309 3046 et
1343 2989 1547 3044 Judith
1579 2994 1635 3044 et
1665 2989 1890 3054 Esther,

213 3087 307 3141 .in
340 3090 473 3157 typo
512 3083 804 3148 Ecclesia,
835 3088 892 3136 et
913 3080 1196 3136 occidisse
1241 3079 1624 3144 adversarios,
1658 3083 1714 3132 et
1745 3078 1892 3150 peri-

239 3180 444 3230 turum
468 3173 645 3229 Israel
666 3173 738 3226 de
760 3169 1307 3243 periculoliberasse
1325 3184 1338 3221 :
1354 3168 1429 3239 (α)
1447 3183 1746 3238 nunquam
1763 3171 1893 3238 post

240 3268 472 3336 tergum
522 3277 722 3317 meum
754 3275 993 3314 manum
1025 3261 1334 3314 curvarent
1364 3255 1421 3310 in
1453 3256 1758 3310 ciconiam.
1790 3257 1893 3311 Ta-

242 3369 346 3409 ceo
377 3352 449 3407 de
469 3353 635 3406 Anna
673 3353 730 3404 et
752 3347 1064 3415 Elisabeth,
1098 3352 1154 3401 et
1182 3345 1404 3400 czsteris
1434 3345 1655 3400 sanctis
1689 3345 1892 3400 mulie-

240 3441 693 3512 ribus,quarum
723 3437 882 3492 velut
901 3436 1162 3491 siderum
1193 3433 1739 3506 igniculos,clarum
1771 3435 1890 3488 Ma-

240 3530 341 3586 riae
373 3529 573 3584 lumen
606 3525 930 3582 abscondit.
961 3524 1044 3579 Ad
1077 3521 1324 3594 gentiles
1354 3521 1607 3576 feminas
1636 3521 1890 3588 veniam,

240 3624 311 3674 ut
338 3622 398 3673 et
425 3617 580 3689 apud
614 3614 808 3671 saeculi
865 3611 1246 3686 philosophos
1292 3610 1528 3664 videant
1557 3609 1889 3664 animorum

239 3705 600 3762 differentias
630 3702 811 3775 quaari
843 3700 1052 3767 solere,
1096 3716 1211 3754 non
1245 3713 1573 3768 corporum.
1607 3697 1768 3752 Plato
1798 3697 1886 3751 in-

237 3795 408 3851 ducit
425 3792 730 3866 Aspasiam
749 3792 1183 3862 disputantem:
1207 3788 1439 3858 Sappho
1471 3802 1606 3840 cum
1639 3785 1888 3841 Pindaro

238 3884 607 3950 scribitur,et
636 3881 856 3936 Alcaeo:
890 3877 1191 3933 Themista
1219 3877 1374 3930 inter
1421 3873 1892 3946 sapientissimos

237 3973 476 4030 Graecia
499 3969 948 4042 philosoPhatur
972 3985 985 4020 :
1014 3964 1343 4021 Corneliam
1383 3963 1802 4029 Gracchorum,
1833 3964 1891 4018 id

237 4066 354 4127 est,
387 4065 659 4124 vestram,
692 4062 814 4113 tota
870 4057 1142 4111 Romanae
1200 4053 1363 4108 urbis
1393 4053 1568 4107 turba
1598 4053 1844 4108 miratur
1877 4070 1889 4109 :

237 4149 570 4207 Carneades
589 4145 1111 4218 eloquentissimus
1135 4141 1642 4214 philosophorum,
1676 4141 1892 4197 acutis-

239 4239 436 4296 simus
462 4237 784 4301 rhetorum,
819 4233 920 4304 qui
976 4232 1131 4304 apud
1189 4229 1526 4286 consulares
1563 4229 1717 4286 viros
1747 4238 1806 4286 et
1831 4230 1892 4284 in

237 4326 559 4384 Academia
578 4326 822 4397 plausus
853 4321 1101 4378 excitare
1121 4326 1520 4386 consueverat,
1552 4319 1894 4376 673-674

239 4431 364 4473 non
395 4415 632 4470 erubuit
652 4414 712 4468 in
731 4412 956 4485 privata
975 4411 1171 4474 domo,
1205 4408 1476 4463 audiente
1508 4412 1794 4476 matrona,
1824 4409 1894 4464 de

239 4503 621 4578 phiIOSOphia
635 4501 957 4573 disputare.
977 4497 1124 4562 Quid
1155 4497 1403 4552 referam
1426 4494 1658 4550 Catonis
1689 4495 1892 4564 ﬁliam,

242 4594 412 4651 Bruti
432 4593 764 4664 conjugem,
824 4589 994 4658 cujus
1023 4587 1208 4641 virtus
1241 4584 1378 4640 facit
1408 4600 1479 4638 ne
1510 4584 1693 4654 patris
1725 4585 1895 4639 mari-

237 4683 411 4755 tique
441 4678 832 4737 constantiam
893 4681 1189 4747 tantopere
1241 4672 1566 4728 miremur?
1597 4672 1777 4728 Plena
1805 4679 1896 4728 est
1939 4705 1948 4716 -

239 4771 496 4828 historia
523 4774 644 4826 tam
666 4767 864 4824 Graeca
882 4781 1062 4836 quam
1083 4762 1288 4818 Latina
1306 4760 1622 4816 virtutibus
1651 4760 1892 4816 femina-

321 4930 397 5000 (a)
427 4928 572 4984 Huic
603 4925 908 5000 simileest
937 4923 1089 5000 quod
1107 4921 1319 5000 legitur
1340 4919 1774 5000 apudPersium
1800 4920 1896 5000 Sa:

240 4991 886 5074 tira'1,_,lanum_nullo
941 4991 1166 5051 ciconia
1224 4991 1405 5074 pinsit
1434 5008 1467 5046 a
1500 4997 1682 5074 tergo.
1809 4997 1897 5074 est

241 5088 420 5128 nemo
436 5063 638 5144 digitis
695 5070 942 5144 dexterae
990 5063 1505 5144 manus_in_unum
1540 5063 1796 5144 collectis
1823 5063 1894 5117 ad

241 5145 438 5199 instar
467 5135 639 5199 rostri
660 5139 1040 5217 ciconiarum,
1075 5136 1239 5217 ridet.
1272 5135 1510 5217 lvi-anum
1541 5135 1740 5217 itaque
1766 5150 1897 5217 cur-

239 5231 381 5270 vare
402 5219 533 5284 post
554 5220 782 5284 tergum
828 5211 892 5284 in
914 5281 923 5284 _
945 5204 1250 5284 ciconiam,
1280 5206 1436 5260 idem
1469 5208 1576 5284 est,
1612 5204 1680 5284 ni.
1703 5204 1894 5284 l’allor,

237 5303 312 5342 ac
329 5277 517 5341 ridere
539 5277 795 5356 aliq'uem
809 5281 992 5354 digito
1021 5280 1145 5356 sive
1158 5294 1334 5332 manu
1359 5282 1594 5356 curvata
1613 5277 1684 5332 ad
1709 5277 1895 5356 instar

239 5356 379 5414 colli
403 5348 998 5412 ciconiarumJnuno
1020 5348 1216 5405 codice
1241 5365 1350 5404 ms.
1377 5349 1436 5404 S.
1468 5348 1740 5403 Germani
1765 5365 1893 5403 nos-

229 5429 319 5490 ptri
351 5445 388 5483 a
415 5427 603 5484 Pratis
633 5426 884 5490 legimus
923 5439 1154 5479 manum
1200 5421 1443 5475 mitteret
1494 5421 1553 5474 in
1593 5421 1890 5474 ciconeam.

237 5499 433 5557 Maar.
469 5530 506 5540 ο
565 5491 854 5554 Irridendi
887 5495 1151 5558 modum,
1181 5509 1353 5564 quem
1399 5496 1454 5546 et
1476 5491 1656 5562 Epist.
1684 5493 1786 5545 125
1818 5491 1890 5546 ad

237 5571 572 5640 Rusticum,
595 5585 758 5624 num.
794 5569 880 5636 18,
906 5570 1112 5640 notat:
1137 5564 1188 5640 si
1234 5564 1408 5640 suoito
1430 5565 1752 5640 respegmris,
1794 5567 1892 5640 aut

232 5634 587 5700 ciconiarum
605 5634 970 5714 deprehendes
987 5640 1106 5710 post
1125 5639 1176 5693 te
1203 5634 1350 5692 colla
1369 5634 1616 5705 curvari,
1630 5642 1747 5704 aut,
1778 5638 1886 5690 etc.

1925 5105 1972 5169 D

2005 2457 2144 2513 Mihi
2173 2459 2569 2530 tantum,quia
2588 2458 2744 2513 aliud
2769 2460 2960 2531 operis
2980 2459 3352 2528 incumbit,in
3376 2461 3490 2515 ﬁne
3512 2477 3644 2532 pro-

2003 2546 2119 2619 logi
2133 2547 2346 2603 dixisse
2361 2548 2631 2614 sufﬁciat,
2648 2549 2960 2603 Dominum
2976 2554 3372 2620 resurgentem
3388 2549 3646 2621 primum

2003 2637 2346 2708 apparuisse
2372 2637 2718 2691 mulieribus
2740 2641 3112 2704 (Matxxvm,
3134 2641 3184 2691 et
3216 2638 3387 2708 Luc.),
3421 2642 3478 2692 et
3506 2655 3643 2710 apo-

2004 2725 2288 2780 stolorum
2320 2725 2452 2780 illas
2483 2726 2664 2780 fuisse
2694 2725 3081 2796 apostolas,ut
3113 2727 3651 2783 erubescerentviri

2002 2831 2118 2868 non
2151 2831 2428 2884 quaerere,
2461 2831 2635 2885 quem
2676 2815 2802 2884 jam
2835 2814 3095 2886 fragilior
3125 2831 3296 2871 sexus
3327 2815 3646 2872 invenerat.

2073 2993 2232 3063 (Cap.
2271 2993 2313 3046 l.
2344 3021 2413 3031 -—
2441 2991 2605 3046 Vers.
2642 2993 2718 3063 1.)
2767 2993 2922 3047 673
2980 2993 3212 3048 Verbum
3253 2994 3473 3049 Domini
3501 2995 3650 3065 quod

2000 3085 2213 3151 factum
2241 3089 2317 3136 est
2341 3081 2410 3136 ad
2444 3081 2778 3152 Sophoniam
2802 3081 2983 3149 ﬁlium
3012 3081 3198 3149 Chusi,
3230 3082 3303 3153 (b)
3343 3084 3456 3152 ﬁlii
3479 3084 3648 3140 Gada-

2003 3171 2112 3240 ιίεε,
2145 3170 2256 3239 ﬁlii
2283 3170 2657 3240 Amarae/tui
2687 3170 2936 3227 Ezechiae
2965 3195 2978 3238 ;
3011 3173 3072 3226 in
3101 3171 3289 3226 diebus
3315 3174 3508 3242 Josiae,
3541 3174 3651 3242 ﬁlii

2001 3260 2226 3314 Ammon
2260 3262 2401 3330 regis
2429 3259 2594 3315 Iuda.
2634 3259 2772 3314 LXX
2803 3259 3093 3314 similiter.
3129 3261 3400 3316 Trudunt
3423 3261 3644 3317 Hebraai

2001 3348 2427 3418 cujuscumque
2488 3347 2784 3419 propheta:
2817 3353 2978 3418 pater
3008 3353 3108 3419 aut
3135 3365 3274 3404 avus
3305 3354 3556 3419 ponatur
3583 3350 3644 3405 in
3714 3365 3721 3372 ‘

2000 3417 2189 3504 titulo,
2250 3417 2408 3506 ipsos
2465 3417 2700 3506 quoque
2755 3417 3024 3506 prohetas
3080 3417 3276 3491 fuisse.
3308 3417 3321 3419 ἠ
3369 3437 3532 3492 Unde
3587 3443 3645 3494 et

2000 3529 2180 3578 Amos
2211 3524 2280 3594 (ε)
2309 3540 2462 3577 unus
2492 3524 2562 3578 de
2592 3523 2897 3578 duodecim
2932 3523 3356 3594 prophetis,qui
3389 3524 3642 3580 dixerat:

1999 3613 2115 3667 Non
2147 3629 2270 3666 sum
2321 3613 2618 3683 propheta,
2677 3628 2774 3666 nec
2819 3613 2972 3682 ﬁlius
2999 3611 3315 3682 praphelae:
3345 3613 3437 3666 sed
3458 3622 3645 3683 pastor

1998 3718 2315 3772 caprarum,
2346 3701 2608 3755 vellicans
2636 3702 2921 3770 sycamina
2965 3699 3144 3770 (Amos
3187 3715 3286 3768 vn,
3320 3701 3428 3771 14),
3463 3701 3647 3772 patris

2001 3807 2213 3845 nomen
2245 3791 2302 3845 in
2336 3789 2505 3844 titulo
2537 3806 2651 3843 non
2684 3789 2875 3843 habet.
2908 3787 3027 3842 Hoc
3077 3787 3125 3842 si
3173 3803 3374 3841 verum
3405 3794 3516 3854 est,
3544 3789 3643 3844 So-

2003 3878 2251 3950 phonias
2283 3878 2584 3949 propheta,
2608 3893 2780 3948 quem
2817 3893 2986 3931 nunc
3016 3891 3300 3930 conamur
3336 3892 3646 3948 exponere,

2003 3967 2077 4037 (d)
2102 3967 2425 4031 nomine,ut
2448 3967 2528 4021 ita
2559 3965 3205 4037 dicam,prophetico,et
3234 3964 3491 4036 gloriosa
3521 3983 3645 4021 ma-

1977 4058 2192 4127 ,jorum
2254 4071 2496 4110 suorum
2541 4053 2720 4125 stirpe
2750 4059 3063 4125 generatus
3095 4057 3220 4118 est;
3255 4053 3459 4108 habuit
3487 4054 3643 4109 enim

2003 4150 2226 4218 patrem
2258 4144 2454 4206 Chusi,
2475 4160 2646 4198 avum
2665 4143 2989 4212 Godoliam,
3023 4159 3300 4215 proavum
3326 4143 3647 4212 Amariam,

2003 4239 2236 4290 atavum
2268 4232 2609 4288 Ezechiam:
2644 4237 2700 4286 et
2727 4231 2903 4287 talem
2960 4232 3306 4304 quadrigam
3343 4232 3467 4303 ipse
3495 4233 3655 4288 velut

2003 4328 2301 4380 extremus
2333 4322 2539 4393 auriga
2568 4321 2895 4393 complevit.
2951 4322 3172 4376 Nomen
3215 4321 3523 4389 Sophonis:
3555 4321 3652 4377 alii

2002 4414 2296 4484 speculam,
2331 4411 2427 4466 alii
2457 4427 2722 4466 arcanum
2777 4411 2998 4465 Domini
3043 4408 3489 4464 transtulerunt.
3524 4409 3654 4464 Sive

2004 4502 2184 4572 igitur
2213 4499 2468 4572 specula,
2517 4501 2586 4571 (e)
2619 4499 2736 4553 sive
2767 4497 3177 4554 absconditum
3209 4495 3440 4549 Domini
3471 4495 3651 4551 inter-

2006 4595 2608 4664 pretetur,utrumque
2631 4587 2925 4658 propheta:
2947 4583 3466 4640 convenit.Dicitur
3495 4584 3652 4638 enim

2004 4685 2062 4734 et
2105 4681 2176 4734 ad
2211 4677 2467 4732 Ezechiel
2496 4694 2507 4730 :
2563 4677 2671 4730 Fili
2700 4676 2959 4742 hominis,
2990 4674 3386 4745 speculatorem
3415 4677 3468 4726 te
3495 4674 3656 4743 posui

2003 4768 2192 4823 domui
2235 4767 2411 4821 Israel
2471 4765 2683 4835 (Ezech.
2745 4781 2827 4832 Ill,
2860 4763 2969 4832 17).
3006 4764 3074 4818 Et
3103 4762 3162 4815 in
3197 4760 3309 4816 alio
3342 4759 3504 4816 loco:
3536 4761 3655 4816 Non.

2003 4929 2085 4982 Ex
2110 4925 2291 4981 Persii
2322 4924 2544 4978 Satiral
2572 4941 2584 4978 :

2098 4999 2137 5047 Ο
2165 4999 2318 5054 Jane,
2347 5010 2378 5044 a
2406 4999 2571 5057 tergo.
2631 5007 2792 5056 quem
2823 4993 2973 5042 nulla
3007 4993 3213 5042 ciconia

2078 5061 2150 5132 (ὁ)
2183 5054 2684 5132 ΡΘΟΟᾳζΑΜΑἱῘΓιὶΜί.
2737 5057 2832 5126 qui
2870 5057 3060 5125 verba,
3092 5057 3201 5132 ﬁlii
3228 5054 3650 5132 Godoliaehquaa

2007 5123 2319 5204 praeferunt
2348 5128 2481 5183 libri
2511 5146 2734 5204 omnes,
2757 5123 3149 5204 _suplne_sat;is
3169 5123 3576 5204 praetermittit.

2077 5205 2146 5275 (ε)
2177 5202 2380 5272 Regio.
2416 5217 2582 5275 mss.,
2615 5200 2771 5275 Amos
2785 5216 2954 5253 unum
2973 5198 3039 5252 de
3067 5198 3434 5261 duodecim,et
3455 5211 3652 5275 conse-

2003 5266 2404 5346 quentcrrnon
2434 5272 2650 5326 habere.
2704 5271 2810 5324 Pro
2842 5288 2947 5325 non
3006 5287 3146 5334 sum,
3202 5283 3432 5340 quoque
3463 5266 3646 5338 ponit,

2001 5363 2111 5402 12072
2143 5362 2316 5400 eram.

2076 5417 2149 5488 (ιί)
2185 5417 2384 5488 Ferme
2417 5413 2628 5469 rectius
2659 5412 2834 5468 habet
2864 5411 3394 5488 Rogin.ms.canone
3424 5425 3533 5488 pro
3547 5424 3648 5488 no-

1999 5480 2183 5544 mine:
2217 5485 2466 5558 pessime
2496 5490 2687 5540 autem
2723 5480 2984 5538 Μαι-(ἰτιηῖ
3019 5483 3238 5554 legerat
3266 5496 3400 5536 cum
3425 5480 3645 5548 addito,

1998 5563 2094 5632 qui
2124 5561 2369 5632 nomine.

2069 5632 2140 5703 (ε)
2160 5627 2466 5687 lnterserit
2499 5627 2654 5684 idem
2687 5644 2824 5697 ms.,
2858 5628 2970 5683 sive
3000 5641 3286 5684 arcanum.

3282 4991 3426 5048 insit,
3455 4993 3552 5040 etc.
