3940 6166
190 306 319 372 1λὲιῦ

870 311 1623 376 COMMENTARIORUM
1666 311 1745 373 IN
1792 307 2253 373 SOPHONIAM
2297 309 2553 371 LIBER.
2594 309 2764 372 CAP.
2811 310 2860 372 Ι.

3408 302 3564 378 1346

186 447 284 514 tus,
310 445 368 499 et
392 443 689 499 variorum
722 459 947 501 errores
979 446 1346 518 dogmatum,
1378 450 1436 502 et
1466 446 1804 503 servitutem
1836 446 1891 513 Α
1920 459 2084 515 super
2108 445 2407 515 principes,
2438 445 2495 498 et
2521 458 2687 515 super
2713 444 2858 514 ﬁlios
2895 446 3060 517 regis,
3102 453 3154 501 et
3190 462 3356 517 super
3382 465 3565 505 mnnes

184 531 238 587 in
266 536 433 588 Deum
466 532 686 604 pariter
703 537 761 589 et
790 534 1172 603 mundum,et
1191 551 1294 606 per
1314 534 1655 606 quotidiana
1676 550 1806 606 pec-

183 625 312 689 cata,
339 619 699 676 aversionem
731 639 765 677 a
794 621 1040 678 Domino
1070 626 1128 678 et
1156 622 1485 695 neglectum
1515 622 1574 677 in
1603 623 1803 678 Deum.

244 708 418 780 (Vere.
471 710 565 781 7.).
635 710 804 767 Silete
854 728 888 766 a
943 713 1095 782 facie
1168 712 1386 767 Domini
1466 712 1588 776 Dei,
1674 713 1808 783 quia

172 799 319 870 juxta
368 802 449 854 est
493 797 611 853 dies
656 800 899 866 Domini,
963 801 1094 872 quia
1142 802 1490 871 praeparavit
1539 801 1807 855 Dominus

179 886 311 943 081
373 888 647 942 hostiam:
725 888 1087 959 sanctiﬁcavit
1141 894 1357 959 vocatos
1430 904 1577 945 suos.
1638 887 1803 944 LXX:

179 975 359 1030 Timete
408 992 443 1030 a
497 976 643 1045 facie
696 976 917 1031 Domini
970 977 1084 1044 Dei,
1167 979 1298 1048 quia
1334 958 1514 1049 :iuxta
1559 979 1637 1033 est
1690 977 1807 1033 dies

176 1064 399 1134 Domni,
431 1065 559 1135 quia
599 1056 935 1135 praeparavit
981 1066 1241 1121 Dominus
1285 1066 1568 1120 victimam
1609 1081 1805 1120 suam:

176 1153 533 1223 sanctiﬁcavit
559 1156 776 1209 vocatos
797 1169 942 1209 suos.
976 1157 1086 1209 Pro
1112 1169 1178 1209 eo
1209 1153 1365 1224 quod
1388 1154 1527 1209 LXX
1555 1157 1809 1209 transtu-

179 1240 384 1307 lerunt,
415 1242 681 1305 timete,et
705 1258 813 1297 nos
842 1241 1172 1315 posuimus,
1189 1242 1363 1310 silete,
1385 1242 1461 1313 (a)
1488 1242 1547 1296 in
1571 1242 1810 1298 Hebraeo

176 1329 490 1401 interjectio
548 1333 638 1385 est
686 1330 1033 1401 imperantis
1104 1331 1427 1399 silentium,
1488 1347 1604 1401 qua
1660 1346 1810 1403 saepe

174 1421 411 1473 utuntur
437 1421 493 1473 et
521 1418 737 1473 Comici
768 1436 781 1485 ;
834 1419 935 1474 sed
967 1422 1025 1474 et
1071 1418 1337 1475 absolute
1368 1419 1706 1492 praecipitur
1748 1419 1809 1474 in

170 1506 390 1563 cunctis
418 1505 740 1572 silentium,
792 1507 944 1579 quod
977 1507 1103 1563 dies
1157 1512 1402 1563 ventura
1432 1508 1509 1563 sit
1555 1508 1806 1564 Domini.

169 1595 325 1651 Diem
355 1599 550 1650 autem
578 1595 829 1664 Domini,
853 1595 1009 1650 diem
1033 1594 1436 1669 intelligamus
1457 1596 1811 1669 captivitatis

169 1687 227 1740 et
252 1682 489 1738 ultionis
505 1682 563 1737 in
595 1682 877 1755 populum
892 1689 1277 1755 peccatorem,
1303 1689 1360 1738 et
1380 1684 1631 1739 hostiam
1672 1684 1810 1740 sub-

167 1771 806 1839 versionisJerusalem,
821 1776 879 1827 et
894 1772 1415 1828 sanctiﬁcationem
1437 1789 1640 1829 eorum
1663 1789 1812 1845 quos

170 1859 454 1916 dedicavit
480 1860 890 1931 interfectioni,
907 1862 1230 1916 secundum
1263 1860 1406 1916 illud
1424 1862 1577 1933 quod
1602 1862 1816 1917 dicitur

171 1949 229 2004 in
259 1949 548 2005 Jeremia:
587 1949 877 2019 Sanctiﬁca
920 1965 1008 2005 eos
1065 1951 1127 2005 in
1176 1949 1264 2005 die
1294 1952 1689 2020 interfectionis
1720 1966 1811 2006 eo-

171 2053 294 2093 rum
345 2039 561 2108 (Jerem.
593 2055 695 2104 xu,
726 2039 802 2110 3).
856 2042 924 2093 Et
948 2042 1038 2094 est
1084 2054 1330 2095 sensus:
1385 2039 1557 2094 Venit
1613 2044 1815 2095 contra

170 2127 415 2198 impium
445 2126 727 2199 populum
784 2126 923 2182 olim
983 2127 1254 2198 praedicta
1309 2127 1634 2199 captivitas,
1685 2129 1812 2199 jam

168 2230 342 2287 prope
370 2220 477 2270 est.
513 2215 827 2289 SubJosia
856 2215 1013 2270 enim
1048 2231 1182 2286 rege
1214 2214 1526 2287 prephetia
1556 2217 1811 2272 texitur:

167 2302 276 2359 hoc
303 2304 626 2369 interfecto,
660 2304 740 2375 (b)
773 2304 974 2359 timete
1004 2321 1037 2359 a
1069 2303 1217 2359 facie
1245 2304 1477 2359 Domini
1520 2305 1642 2372 Dei,
1678 2304 1816 2377 quia

157 2393 327 2463 juxta
355 2396 447 2448 est
479 2391 604 2448 dies
655 2391 913 2459 Domini,
966 2392 1105 2465 quia
1140 2392 1482 2465 praeparavit
1530 2393 1815 2450 Dominus

163 2480 461 2537 victimam
493 2496 683 2548 suam,
717 2480 1103 2536 sanctiﬁcavit
1126 2485 1359 2536 vocatos
1382 2497 1540 2536 suos.
1560 2481 1703 2537 Tota
1722 2498 1815 2537 va-

164 2570 332 2626 stitas
362 2569 541 2641 venit,
576 2570 646 2625 de
694 2586 809 2641 qua
838 2574 895 2625 et
941 2569 1001 2624 in
1032 2568 1294 2625 Ezechiel
1321 2586 1334 2623 :
1400 2571 1570 2637 Venit,
1603 2569 1813 2642 inquit,

166 2660 333 2731 ﬁnis:
365 2660 498 2728 ﬁnis
520 2660 667 2714 venit
687 2658 899 2727 (Ezech.
932 2675 1033 2723 vn,
1063 2657 1145 2725 2),
1178 2663 1236 2714 et
1264 2663 1487 2714 caetera.
1522 2659 1649 2713 Hazc
1671 2658 1818 2714 mihi

165 2746 406 2802 victima
436 2745 641 2819 placet,
676 2746 781 2802 has
804 2746 946 2801 mihi
980 2746 1202 2801 hostias
1223 2746 1598 2802 sanctiﬁcavi.
1624 2748 1821 2803 Potest

167 2840 364 2892 autem
378 2836 487 2891 hoc
509 2835 663 2907 quod
687 2835 769 2890 ait
784 2835 1149 2904 sanctiﬁcavit
1160 2844 1374 2891 vocatos
1393 2851 1538 2906 suos,
1553 2840 1608 2891 et
1630 2836 1700 2891 de
1715 2836 1819 2891 Ba-

169 2924 421 3007 byloniis
443 2923 649 2995 accipi,
665 2923 885 2995 quosin
905 2923 1186 2979 ultionem
1207 2923 1405 2996 pepuli
1422 2924 1598 2979 etiam
1621 2941 1819 2981 servos

167 3028 311 3069 suos
321 3017 504 3081 vocat,
518 3012 882 3069 vindicantes
897 3011 978 3084 inj
989 3013 1176 3067 uriam
1191 3029 1379 3068 suam.
1390 3013 1818 3086 Vocavi,inquit,

165 3101 669 3158 Nabuchodonosor
694 3116 913 3156 servum
927 3116 1114 3156 meum
1138 3105 1279 3170 (Jer.
1302 3118 1428 3170 xxv,
1451 3102 1527 3173 9).
1563 3102 1629 3156 Et
1649 3103 1705 3157 in
1725 3119 1820 3158 eo-

1843 1815 1890 1880 B

1917 535 2014 605 qui
2044 532 2226 588 induti
2251 535 2381 586 sunt
2407 540 2552 588 veste
2568 534 2883 604 peregrina.
2918 534 2981 588 Et
3002 535 3239 591 visitabo
3261 536 3334 607 (e)
3350 552 3567 593 omnem

1917 624 2015 693 qui
2038 625 2362 691 arroganter
2390 621 2702 691 ingreditur
2724 638 2889 693 super
2916 623 3085 677 limen
3114 625 3175 677 in
3199 624 3289 679 die
3310 626 3410 681 illa
3432 644 3451 679 :
3470 628 3567 697 qui

1913 711 2182 781 complent
2207 710 2427 765 domum
2461 712 2683 765 Domini
2726 712 2824 766 Dei
2868 712 2957 765 sui
2996 713 3289 783 iniquitate
3315 717 3370 769 et
3417 716 3561 771 dolo.
3640 760 3647 783 ,

1916 799 2057 855 LXX
2089 818 2107 854 :
2132 800 2196 853 Et
2225 802 2332 853 erit
2354 802 2413 852 in
2442 800 2535 854 die
2553 799 2751 856 hostiae
2777 800 3013 867 Domini,
3048 810 3101 857 et
3124 802 3362 859 ulciscar
3401 821 3567 876 super

1914 889 2208 959 principes,
2242 890 2291 941 et
2318 903 2484 958 super
2510 887 2725 942 domum
2758 889 2918 959 regis,
2964 898 3017 944 et
3046 907 3211 962 super
3256 908 3441 949 omnes
3469 895 3568 966 qui

1915 976 2100 1030 induti
2125 979 2252 1031 sunt
2280 978 2609 1031 vestimentis
2638 976 2847 1032 alienis
2866 996 2885 1031 :
2913 985 2965 1032 et
2989 981 3232 1035 ulciscar
3258 998 3424 1053 super
3449 1000 3563 1040 om-

1914 1081 2010 1119 nes
2036 1066 2358 1134 maai/‘este,
2390 1066 2487 1135 qui
2513 1069 2644 1119 sunt
2700 1066 2760 1119 in
2792 1066 3069 1124 vestibulis
3097 1071 3158 1124 in
3203 1069 3293 1125 die
3315 1072 3437 1144 illa,
3471 1075 3567 1144 qui

1915 1155 2184 1224 complent
2211 1152 2431 1207 domum
2459 1154 2679 1207 Dommi
2710 1156 2816 1208 Dei
2832 1157 2920 1209 sui
2950 1158 3225 1228 impietate
3252 1164 3305 1215 et
3334 1159 3475 1217 dolo.
3502 1163 3565 1218 In

1917 1240 2009 1296 die
2036 1240 2290 1296 Judaicaa
2321 1241 2687 1313 captivitatis,
2724 1244 2959 1313 quando
2990 1248 3147 1301 totus
3167 1247 3420 1319 populus
3450 1250 3561 1306 im-

1918 1329 2229 1385 molandos
2250 1334 2357 1396 est,
2379 1329 2639 1385 Visitabit
2659 1331 2962 1400 Dominus,
2994 1338 3049 1389 et
3072 1352 3249 1408 super
3268 1338 3565 1412 principes

1918 1418 2017 1490 qui
2036 1433 2206 1474 mane
2222 1419 2500 1474 bibebant
2517 1419 2786 1489 siceram,
2806 1425 2862 1476 et
2879 1437 3113 1495 semper
3131 1424 3282 1481 ﬁlios
3306 1428 3460 1500 regis
3478 1430 3567 1487 vel

1918 1524 2122 1563 omnes
2153 1508 2223 1562 de
2256 1507 2622 1580 stirperegia,
2652 1510 2738 1565 ve!
2758 1515 2914 1567 certe
2944 1513 3179 1585 proprie
3208 1513 3359 1571 ﬁlios
3373 1517 3563 1587 Josiee,

1919 1612 2067 1667 quos
2096 1596 2183 1651 vel
2214 1596 2435 1652 occisos
2464 1597 2549 1651 vel
2574 1602 2775 1668 captos
2791 1598 3063 1672 legimus,
3089 1606 3145 1657 et
3165 1620 3340 1675 super
3362 1623 3567 1667 omnes

1920 1685 2020 1756 qui
2053 1685 2240 1739 induti
2258 1690 2396 1739 sunt
2414 1691 2572 1741 veste
2602 1687 2927 1758 peregrina,
2960 1688 3069 1745 hoc
3082 1695 3193 1757 est,
3213 1693 3311 1765 qui
3338 1713 3439 1767 pro
3462 1698 3565 1754 Dei

1920 1770 2082 1825 cultu
2111 1771 2367 1825 venerati
2397 1778 2535 1826 sunt
2565 1771 2738 1827 idola.
2772 1774 2841 1828 Et
2865 1791 3042 1846 super
3060 1794 3261 1835 omnes
3289 1781 3388 1853 qui
3414 1800 3571 1841 arro-

1921 1864 2127 1931 ganter
2155 1859 2564 1931 ingrediuntur
2584 1877 2762 1932 super
2782 1858 2957 1919 limen
2980 1865 3039 1920 in
3064 1866 3155 1923 die
3180 1867 3298 1937 illa,
3327 1872 3432 1927 hoc
3454 1879 3563 1944 est,

1922 1948 2231 2003 adversum
2249 1949 2552 2020 superbos,
2574 1950 2673 2021 qui
2702 1967 2836 2006 cum
2869 1954 3121 2023 quodam
3138 1957 3293 2013 fastu
3309 1961 3566 2035 etdigni-

1921 2037 2059 2092 tatis
2089 2036 2419 2109 supercilio,
2454 2038 2672 2110 gradus
2704 2039 2905 2112 templi
2952 2046 3008 2097 et
3039 2048 3356 2103 sanctuarii
3390 2050 3567 2109 limen

1922 2126 2264 2182 ascendunt.
2295 2126 2470 2182 Porro
2503 2127 2640 2198 quia
2669 2128 2726 2182 in
2751 2143 2817 2183 eo
2838 2129 2938 2185 ubi
2957 2148 3062 2187 nos
3084 2132 3446 2209 interpretati
3470 2158 3569 2197 su-

1922 2230 2074 2275 mus,
2109 2216 2552 2302 quiarroganter
2564 2217 2960 2286 ingrediuntur
2978 2219 3056 2291 (ἀ)
3079 2238 3242 2294 super
3259 2225 3449 2295 limen,
3466 2246 3569 2302 po-

1921 2305 2036 2356 test
2063 2300 2307 2372 intelligi
2339 2304 2665 2358 secundum
2709 2304 3081 2379 Hebraicum,
3114 2314 3215 2381 qui
3238 2300 3573 2374 transiliunt

1924 2391 2132 2452 limen;
2180 2394 2236 2445 et
2264 2390 2373 2445 hoc
2432 2391 2707 2448 historice
2738 2395 3114 2452 sentiendum
3145 2404 3254 2466 est,
3287 2404 3570 2462 vindicabo

1922 2495 2084 2549 super
2111 2494 2220 2545 eos,
2252 2479 2352 2551 qui
2371 2479 2543 2549 juxta
2574 2480 2907 2553 Regnorum
2926 2483 3183 2555 primum
3206 2487 3423 2547 librum
3448 2510 3566 2551 non

1925 2566 2149 2623 calcant
2164 2566 2342 2623 limen
2364 2566 2675 2639 idolorum,
2692 2571 3208 2643 superstitionibus
3230 2580 3568 2656 servientes,

1926 2655 2026 2726 qui
2062 2656 2428 2728 repleverunt
2457 2657 2697 2713 domum
2734 2659 2835 2725 [AL
2869 2662 3180 2735 templum]
3214 2667 3442 2725 Domini
3470 2655 3568 2728 Dei

1926 2743 2018 2799 sui
2050 2761 2163 2799 non
2196 2743 2386 2799 solum
2403 2745 2693 2801 idolorum
2718 2746 2900 2816 cultu,
2920 2751 3021 2805 sed
3044 2750 3351 2825 iniquitate
3369 2764 3427 2814 et
3449 2777 3571 2818 sce-

1927 2832 2044 2888 lere
2073 2837 2131 2888 et
2159 2833 2317 2888 omni
2340 2835 2663 2906 mendacio,
2689 2841 2754 2891 ut
2773 2838 2844 2892 ad
2868 2854 3121 2896 errorem
3143 2842 3441 2917 religionis
3464 2849 3571 2906 ini-

1927 2921 2121 2992 quitas
2153 2937 2384 2993 quoque
2414 2923 2473 2977 in
2504 2924 2799 2995 subjectos
2830 2931 2886 2981 et
2914 2927 2972 2981 in
3004 2931 3298 3000 proximos
3330 2939 3571 2995 menda-

1928 3010 2083 3066 cium
2108 3011 2473 3083 jungeretur.
2510 3012 2618 3068 Sed
2653 3014 2794 3085 quia
2822 3017 3002 3072 semel
3033 3023 3089 3074 et
3109 3022 3459 3098 tropologice
3480 3045 3573 3086 ex-

1930 3116 2142 3172 ponere
2172 3101 2492 3170 coepimus:
2527 3101 2800 3157 Visitabit
2832 3105 3112 3163 Dominus
3142 3108 3201 3165 in
3232 3113 3485 3172 adventu
3517 3124 3574 3174 et

165 3190 303 3246 dem
317 3189 754 3259 volumine,non
768 3188 957 3245 solum
972 3206 1206 3246 servum
1225 3191 1322 3245 sed
1338 3190 1668 3247 columbam
1682 3206 1816 3247 eum
1849 3181 1891 3247 C
1930 3188 2199 3261 passione
2230 3188 2563 3257 Salvatoris,
2611 3189 2668 3245 id
2701 3195 2808 3259 est,
2842 3192 2900 3247 in
2950 3194 3043 3251 die
3072 3196 3274 3255 hostiae
3320 3203 3446 3259 Filii
3480 3206 3571 3263 sui

164 3283 583 3352 quoquevocat
603 3297 616 3335 :
636 3280 673 3333 Α
690 3279 1497 3350 Γαεὶερίαάἰίσοιωηὺίε(Ιὸἰά.,
1517 3282 1625 3352 30).
1644 3281 1816 3336 Porro

160 3369 499 3424 secundum
514 3367 921 3441 tr0pologiam,
938 3368 1077 3439 quia
1095 3368 1271 3424 facies
1288 3369 1510 3424 Domini
1534 3373 1621 3425 est
1642 3386 1819 3441 super

158 3457 447 3513 facientes
463 3454 639 3526 mala,
659 3461 724 3511 ut
746 3457 949 3529 perdat
970 3457 1040 3511 de
1059 3461 1210 3511 terra
1227 3457 1570 3512 memoriam
1590 3473 1814 3527 eorum,

157 3549 219 3601 et
242 3561 425 3618 prope
436 3544 877 3616 estdiesjudicii
890 3544 1053 3615 (quia
1065 3544 1134 3599 ad
1150 3545 1644 3616 comparationem
1660 3550 1817 3601 aeter-

154 3633 363 3689 nitatis
380 3650 552 3689 omne
567 3633 748 3705 hujus
766 3633 964 3688 saeculi
981 3637 1215 3704 tempus
1238 3634 1405 3688 breve
1427 3634 1535 3698 est)
1554 3634 1673 3688 sive
1694 3632 1812 3688 exi-

150 3726 259 3778 tus
285 3721 656 3794 singulorum
680 3740 696 3775 :
723 3722 968 3776 timeant
990 3738 1213 3788 omnes,
1238 3725 1294 3777 et
1306 3721 1543 3799 sileant,
1555 3738 1626 3777 ne
1640 3722 1816 3778 facies

150 3811 401 3867 Domini
422 3812 516 3884 (de
545 3827 663 3882 qua
691 3815 935 3866 sanctus
968 3810 1048 3865 ait
1072 3810 1183 3880 (Ps.
1220 3827 1294 3880 ιν,
1310 3810 1367 3880 7)
1398 3809 1719 3881 :Signatum
1734 3815 1818 3867 est

147 3914 328 3972 super
363 3915 460 3955 nos
489 3900 677 3955 lumen
708 3900 891 3955 vultus
921 3902 1021 3968 tui,
1055 3900 1306 3969 Domine)
1339 3905 1709 3970 peccatorum
1732 3899 1816 3955 fe-

150 4004 333 4055 num,
368 3987 670 4060 stipulam,
714 3987 877 4060 ligna
920 3993 1247 4043 consumat.
1284 3987 1632 4060 Praeparavit
1655 3987 1811 4043 enim

146 4077 452 4133 Dominus
467 4076 722 4132 hostiam
753 4091 945 4141 suam,
968 4078 1158 4131 totum
1184 4075 1420 4131 Levitici
1445 4075 1813 4148 mysterium,

144 4166 403 4239 quando
418 4181 521 4236 per
539 4165 735 4237 ignem
755 4164 1168 4220 eteﬁ‘usionem
1188 4164 1519 4237 sanguinis,
1541 4168 1598 4221 et
1615 4179 1812 4221 veram

1926 3295 2101 3349 super
2130 3279 2440 3335 Pontiﬁces
2460 3280 2868 3338 elSacerdotes
2899 3286 3097 3356 populi
3128 3288 3444 3362 Judaici,et
3466 3312 3567 3352 su-

1926 3384 2028 3439 per
2042 3368 2283 3423 domum
2302 3368 2542 3439 regiam.
2559 3368 2753 3439 Usque
2766 3371 2837 3424 ad
2858 3370 2999 3427 illud
3023 3375 3177 3431 enim
3195 3382 3425 3452 tempus
3443 3400 3571 3455 per-

1925 3461 2275 3509 sevavarunt
2312 3471 2479 3527 reges
2509 3455 2580 3526 (e)
2609 3457 2773 3511 Judae
2805 3458 2874 3512 de
2907 3459 3087 3532 stirpe
3120 3465 3315 3534 David,
3363 3485 3571 3526 secun-

1924 3543 2066 3597 dum
2117 3542 2481 3614 prophetiam
2529 3544 2757 3600 Jacob:
2818 3546 2931 3601 Non
2962 3548 3177 3617 deﬁciet
3202 3556 3455 3627 princeps
3502 3574 3573 3614 ea:

1922 3632 2084 3700 Iuda,
2142 3647 2315 3703 neque
2359 3632 2475 3686 dux
2514 3632 2581 3687 de
2621 3634 2925 3703 femoribus
2976 3640 3113 3708 ejus,
3165 3640 3333 3698 donec
3391 3649 3574 3703 veniat

1922 3721 2016 3774 cui
2070 3722 2377 3792 repositum
2432 3725 2530 3786 est,
2597 3724 2647 3775 et
2704 3725 2819 3792 ipse
2889 3725 2995 3780 erit
3052 3734 3383 3800 exspectatio
3439 3751 3568 3805 gen-

1923 3810 2060 3864 tium
2116 3808 2325 3878 (Cenes.
2357 3826 2506 3875 XLIX,
2552 3810 2658 3880 10).
2702 3811 2839 3866 Post
2892 3811 3150 3871 hostiam
3200 3820 3352 3876 enim
3414 3824 3569 3880 088

1923 3897 2155 3954 Domini
2229 3897 2489 3953 ablatum
2550 3902 2639 3953 est
2690 3915 2935 3972 regnum
2994 3919 3029 3957 a
3083 3904 3267 3961 Judzei
3367 3911 3432 3966 Et
3480 3927 3574 3970 su:

1917 4005 2019 4060 per
2041 4003 2244 4055 omnes,
2288 3987 2499 4058 inquit,
2533 3990 2631 4058 qui
2672 3989 2853 4043 iuduti
2880 3995 3009 4045 sunt
3058 3996 3398 4054 vestimentis
3431 4002 3569 4056 alie-

1921 4079 2030 4144 nis,
2075 4076 2175 4148 qui
2236 4082 2601 4131 recesserunt
2658 4093 2691 4132 a
2720 4081 3077 4149 protectione
3106 4088 3164 4138 et
3219 4084 3570 4147 indumento

1922 4165 2043 4233 Dei,
2078 4168 2135 4219 et
2176 4180 2284 4220 suo
2315 4180 2508 4220 errore
2560 4165 2812 4238 cooperti
2861 4173 3019 4224 sunt.
3066 4172 3132 4227 Et
3164 4174 3373 4231 ulcisar
3406 4194 3575 4250 super

139 4253 521 4312 oblationem
542 4253 688 4310 salvi
702 4253 859 4320 ﬁent,
882 4252 981 4325 qui
1004 4251 1265 4309 salvandi
1292 4258 1451 4325 sunt,
1476 4257 1533 4309 et
1552 4255 1812 4310 sanctifi-

134 4344 458 4399 cabuntur
484 4341 953 4406 vocati.Quidam
978 4341 1048 4396 de
1069 4341 1307 4413 nostris,
1332 4342 1485 4397 diem
1507 4342 1737 4397 Domini
1755 4345 1814 4398 et
1921 4342 2138 4414 egressi
2172 4346 2313 4397 sunt
2344 4343 2415 4397 de
2446 4342 2663 4415 templo
2695 4343 2794 4399 Dei
2821 4361 2832 4400 :
2885 4351 2941 4401 ct
2973 4364 3105 4403 cum
3135 4350 3413 4409 deberent
3442 4371 3571 4414 esse

133 4432 417 4488 hostiam
438 4431 587 4502 ejus,
612 4435 668 4487 et
697 4429 1220 4486 sanctiﬁcationem
1242 4434 1599 4500 vocatorum,
1624 4429 1685 4485 in
1706 4431 1809 4485 ad-
1921 4432 2295 4499 intrinsecus,
2329 4437 2565 4503 propter
2594 4437 2830 4503 peccata
2859 4450 2966 4489 sua
2988 4437 3206 4507 egressi
3236 4447 3374 4495 sunt
3390 4441 3566 4511 foras,

126 4524 331 4577 ventu
364 4518 681 4575 Salvatoris
712 4517 1070 4590 intelligunt,
1103 4519 1336 4591 quando
1360 4518 1702 4575 immolatus
1723 4524 1812 4575 est
1842 4547 1889 4612 D
1920 4524 1979 4575 et
2006 4520 2077 4575 de
2108 4518 2362 4575 Ecclesia
2419 4520 2512 4575 Dei
2544 4526 2930 4593 recesserunt,
2992 4523 3378 4596 adimplentes
3414 4532 3562 4586 tem-

129 4608 312 4667 σοι
330 4612 557 4679 Agnus,
572 4607 699 4663 etin
722 4606 1008 4680 sanguine
1023 4606 1809 4679 ejussanctiﬁcatisuntapo-
1842 4606 1881 4612 ’
1920 4608 2083 4680 plum
2114 4609 2241 4678 ejus
2271 4607 2568 4680 impietate
2599 4615 2655 4664 et
2678 4609 2830 4665 dolo.
2866 4610 2983 4665 Hoc
3007 4611 3366 4671 intellectum
3398 4617 3475 4672 sit
3506 4618 3566 4674 in

126 4697 313 4763 stoli,
349 4702 409 4753 et
438 4696 629 4752 caeteri
660 4696 760 4768 qui
792 4711 895 4768 per
923 4712 1022 4752 eos
1050 4695 1236 4751 vocati
1270 4699 1427 4751 sunt.
1921 4699 2108 4770 primo
2132 4696 2444 4752 Salvatoris
2475 4697 2751 4753 adventu.
2792 4699 2939 4764 Quia
2971 4704 3164 4756 autem
3199 4703 3269 4759 de
3292 4720 3568 4763 consum-

214 4784 418 4857 (Vers.
446 4787 501 4852 8,
530 4784 611 4854 9.)
640 4786 840 4840 Etterit
876 4786 937 4839 in
966 4785 1056 4840 die
1080 4784 1274 4841 hostiae
1301 4785 1541 4853 Domini,
1579 4785 1811 4841 visitabo
1921 4786 2177 4841 matione
2207 4784 2416 4840 mundi
2463 4789 2520 4841 et
2549 4784 2641 4841 die
2684 4785 2913 4857 judicii,
2948 4805 3119 4861 quem
3151 4806 3355 4850 omnes
3410 4794 3561 4853 diem

1922 4271 2111 4309 omnes
2154 4255 2443 4324 manifeste
2472 4256 2570 4327 qui
2612 4264 2741 4310 sunt
2772 4257 2830 4311 in
2863 4259 3157 4332 vestibulis,
3188 4262 3298 4320 hoc
3330 4271 3438 4333 est,
3470 4270 3571 4341 qui

216 4982 309 5053 (a)
335 4982 422 5036 Ita
438 4980 857 5054 leguntomnes
874 4979 1249 5054 codicessine
1273 4997 1412 5054 voce
1433 4981 1671 5038 Hebraea
1703 4995 1808 5049 an,

125 5052 519 5123 has,quam'
558 5052 944 5124 Hieronymus
1002 5052 1145 5107 dicit
1172 5068 1299 5107 esse
1346 5052 1807 5123 interiectionem

122 5126 518 5196 imperantis
544 5123 1069 5196 silentiu’m,etqua
1086 5139 1245 5196 istepe
1271 5129 1518 5196 utuntur
1537 5131 1594 5179 et
1610 5127 1809 5180 Comi-

121 5198 220 5253 ei.
242 5193 653 5268 Grammatici
687 5194 951 5268 hodierni
976 5193 979 5194 ⁷
1003 5193 1218 5268 Hebraéi
1250 5193 1454 5268 volunt
1497 5212 1625 5252 esse
1669 5213 1806 5268 apo-

123 5284 349 5340 copen
382 5265 539 5321 verbi
569 5278 700 5327 non
730 5267 896 5331 hissa,
928 5266 1083 5336 quod
1116 5265 1408 5340 signiﬁcat
1437 5268 1619 5340 siluit,
1652 5265 1804 5340 reve-

119 5336 365 5395 rentia:
391 5354 569 5393 causa
592 5362 611 5410 ;7
638 5343 696 5391 et
726 5339 977 5410 positum
1011 5351 1115 5410 Dn,
1148 5336 1265 5403 has,
1290 5354 1391 5410 pro
1420 5349 1566 5407 non,
1594 5338 1805 5395 hasseh.
1918 5336 2113 5410 ptum;
2132 5336 2361 5408 supplet
2392 5338 2607 5410 Victor.
2638 5336 2819 5409 super.

120 5416 344 5493 ξοπρ
376 5410 529 5493 quod
563 5409 643 5463 ait
672 5409 730 5463 S.
763 5409 1061 5493 doc-tonde
1093 5408 1499 5493 interjectione
1524 5410 1810 5493 imperan-
1990 5408 2286 5493 (d)Victor.
2315 5408 2895 5480 ingredianturlimen
2914 5430 2932 5466 :
2949 5416 3073 5468 tum
3092 5412 3562 5493 Regin.m8.,pa-

116 5482 221 5537 tis
259 5478 598 5547 silentium,
622 5496 737 5534 non
754 5478 1302 5551 estintelligendum
1332 5480 1502 5551 quasi
1523 5478 1687 5536 asvel
1705 5483 1811 5538 has
1920 5478 2019 5537 test
2048 5481 2176 5551 legi.

116 5551 605 5628 sitinterjectiq
625 5549 1074 5628 apudpomicos'
1095 5555 1334 5628 poetas;
1353 5549 1468 5628 sed
1500 5552 1654 5624 quod
1681 5553 1809 5628 ipsi
1990 5551 2062 5626 (e)
2093 5549 2314 5608 Nomen
2342 5549 2495 5610 lude
2522 5550 2744 5627 Regim.
2780 5569 2891 5612 me.
2921 5557 3093 5617 tacet.

116 5620 438 5689 habeant
452 5620 679 5684 similes
695 5622 756 5681 in
785 5620 989 5699 lingua
1009 5620 1119 5681 sua
1138 5620 1574 5705 interjeotionés
1594 5620 1812 5705 quibus

1919 4981 2229 5052 silentium,
2253 4979 2599 5052 imperatur.
2636 4985 2812 5039 Mmr.

1991 5054 2062 5124 (b)
2096 5052 2155 5106 In
2183 5051 2422 5127 Victorii
2454 5053 2728 5127 editione,
2763 5055 2860 5109 hoc
2889 5055 3193 5127 interfecto,
3222 5061 3449 5117 vastitas
3479 5077 3566 5117 ve-

1916 5125 2021 5195 nit,
2047 5127 2305 5203 quatuor
2336 5124 2535 5194 ferme,
2560 5125 2661 5195 qui
2688 5124 3118 5183 interseruntur
3153 5124 3267 5203 hic,
3300 5132 3564 5189 versibus

1919 5194 2350 5269 praetermissis.

1991 5268 2058 5338 (ε)
2092 5267 2169 5321 Ex
2188 5264 2648 5340 vulgatistrium
2677 5266 3014 5340 linguarum
3034 5270 3391 5330 editionibus
3413 5274 3566 5332 Scri-
