4022 6192
489 317 641 380 1347

1775 312 1840 372 S.
1888 307 2195 372 EUSEBII
2241 305 2683 372 HIERONYMI

3643 321 3750 382 1348

485 450 590 520 [ΑΙ.
627 449 684 502 in
717 447 831 518 die]
863 447 1320 518 interpretantur
1350 445 1602 513 Domini,
1635 444 1813 501 semel
1859 442 2129 514 exposui-
2161 443 2215 508 Α
2245 450 2294 496 et
2324 457 2471 496 seras
2497 451 2548 497 et
2581 447 2752 498 vectes
2784 442 2854 514 (II
2885 444 3101 500 Nehem.
3124 461 3206 514 III,
3237 446 3305 517 3).
3337 448 3479 514 Quod
3507 453 3657 504 autem
3679 456 3747 522 ait,

484 554 654 593 mus:
689 536 835 591 scire
865 535 1168 600 debemus,
1202 536 1356 606 quod
1390 534 1486 590 illo
1516 540 1775 606 tempore
1807 533 2003 588 visitet
2025 531 2131 585 Do-

487 626 686 680 minus
717 639 896 695 super
930 623 1242 695 principes,
1278 629 1334 679 et
1363 640 1540 694 super
1572 627 1857 694 pastores,
1908 621 2007 692 qui
2040 619 2130 674 lac

485 715 557 768 de
597 713 802 768 ovibus
833 712 1168 779 comedunt,
1199 712 1480 782 lanasque
1513 713 1841 776 tondentes,
1863 726 1976 764 non
2034 725 2128 762 cu-

476 806 608 857 rant
639 803 709 856 de
741 801 1085 856 contritione
1117 801 1330 873 gregis,
1369 805 1423 856 et
1451 817 1627 871 super
1659 798 1808 853 tilios
1841 797 1994 869 regis
2026 796 2125 867 qui

463 906 540 945 .se
563 891 792 959 jactant
822 889 1206 954 Christianos,
1241 896 1296 944 et
1319 891 1472 961 quod
1504 889 1659 960 regis
1687 887 1895 942 Christi
1921 887 2043 941 sint
2065 887 2128 939 fi-

471 978 556 1046 lii,
590 979 952 1051 gloriantur:
990 983 1045 1033 et
1077 995 1254 1048 super
1277 995 1483 1033 omnes
1515 978 1614 1049 qui
1664 976 1854 1030 induti
1881 980 2017 1029 sunt
2037 991 2129 1028 ve-

477 1069 669 1123 stibus
693 1067 921 1123 alienis.
944 1067 1135 1122 Vestis
1153 1067 1408 1121 ﬁliorum
1429 1067 1580 1138 regis
1607 1069 1662 1119 et
1685 1064 2014 1136 principum
2040 1063 2127 1115 in-

475 1158 849 1223 dumentum,
883 1155 1148 1210 Christus
1179 1161 1267 1210 est
1295 1157 1397 1221 [Αι.
1433 1154 1645 1209 Christi
1672 1156 1723 1208 et
1743 1152 2123 1223 accepimus],

474 1245 632 1316 quod
663 1245 982 1315 accipimus
1029 1245 1084 1298 in
1128 1245 1438 1316 baptismo,
1479 1245 1648 1313 juxta
1686 1241 1870 1296 illud:
1911 1240 2125 1296 lnduite

467 1351 558 1389 vos
591 1334 864 1388 Christum
893 1336 1077 1388 Jesum
1106 1334 1282 1405 (Rom.
1311 1351 1435 1397 XIII,
1475 1332 1582 1402 14).
1625 1332 1692 1385 Et
1718 1347 1729 1385 :
1783 1331 2002 1384 Induite
2032 1344 2123 1384 vos

467 1425 678 1477 viscera
698 1423 1112 1490 misericordiae,
1129 1423 1410 1486 bonitatis,
1426 1421 1786 1485 humilitatis,
1802 1423 2122 1474 mansuetu-

469 1511 635 1576 dinis,
669 1513 960 1578 patientiae
1011 1510 1151 1581 (Col.
1191 1529 1276 1576 III,
1312 1510 1419 1582 12),
1455 1515 1511 1565 et
1556 1515 1778 1564 catera.
1811 1508 1873 1562 In
1905 1507 2121 1577 quibus

469 1599 824 1670 praecipitur,
887 1605 949 1653 ut
1008 1599 1324 1654 induamur
1383 1616 1526 1654 novo
1587 1597 1822 1652 homine
1879 1595 2118 1660 coalesti,

463 1687 634 1759 juxta
665 1687 992 1742 Creatorem
1026 1693 1315 1753 nostrum,
1345 1692 1402 1742 et
1424 1685 2122 1758 projiciamusindumen-

2237 536 2288 586 et
2320 532 2564 586 ululatus
2593 548 2626 586 α
2670 533 2924 599 secunda,
2954 533 3188 588 secundi
3236 535 3377 590 muri
3405 535 3457 589 in
3501 537 3660 593 eodem
3680 539 3748 594 cli-

2239 624 2393 674 mate
2422 625 2647 691 portam
2671 621 2978 692 significat,
2994 623 3064 677 de
3093 639 3205 694 qua
3221 623 3337 678 etin
3353 624 3633 695 Regnorum
3648 626 3744 684 libro

2239 708 2521 779 scriptum
2548 714 2636 764 est
2660 725 2670 762 :
2704 710 2768 763 Et
2796 712 2895 765 ivit
2922 712 3165 766 Helchias
3216 711 3468 783 Sacerdos,
3502 723 3543 768 et
3568 715 3746 784 Ahiham,

2238 801 2288 851 et
2320 797 2559 851 Achabor
2613 797 2723 868 [AL
2779 799 3061 869 Achobor],
3111 809 3164 854 et
3210 800 3431 872 Saphad,
3459 809 3504 856 et
3541 804 3750 859 Asaiasad

2238 885 2428 939 Otdam
2461 886 2774 957 propheten,
2819 903 3049 942 uxorem
3101 887 3300 942 Sellum
3339 890 3438 958 ﬁlii
3468 889 3752 961 Thecuc,ﬁlii

2235 974 2428 1042 Horas,
2451 975 2694 1029 custodia
2723 978 2974 1044 vestium,
3006 980 3055 1031 et
3103 976 3216 1033 haec
3239 977 3492 1032 habitabat
3537 980 3751 1035 Jerusalem

2235 1063 2294 1116 in
2327 1063 2557 1117 secunda
2588 1063 2684 1133 (IV
2736 1066 2858 1134 Reg.
2911 1082 3049 1131 XXII,
3085 1066 3190 1135 14).
3224 1067 3597 1122 Contritionem
3622 1073 3753 1123 autem

2235 1167 2508 1222 magnam
2541 1168 2573 1205 a
2605 1151 2850 1206 collibus
2882 1152 2950 1208 de
2981 1157 3174 1208 monte
3193 1154 3319 1209 Sion
3341 1158 3394 1209 et
3418 1153 3671 1210 excelsiore
3691 1174 3753 1210 ur-

2233 1238 2324 1294 bis
2356 1243 2518 1310 parte
2538 1239 2836 1310 loquitur:
2868 1241 3006 1311 quia
3027 1258 3161 1297 cum
3191 1241 3385 1297 altiora
3413 1247 3561 1298 etarx
3577 1243 3753 1298 civitatis

2234 1328 2452 1382 fuerint
2483 1333 2785 1399 occupata,
2821 1328 3042 1384 facilior
3071 1334 3160 1385 est
3209 1331 3268 1384 in
3299 1347 3466 1401 prona
3503 1331 3754 1387 descensus;

2231 1415 2289 1469 Si
2321 1420 2513 1470 autem
2545 1416 2699 1471 diem
2731 1416 2890 1472 illam
2924 1412 3100 1488 quam
3133 1418 3401 1474 Dominus
3441 1418 3755 1484 comminatur,

2231 1503 2383 1560 diem
2407 1505 2615 1574 judicii
2646 1509 2710 1560 ut
2738 1523 2916 1577 supra
2944 1506 3297 1563 voluerimus
3318 1508 3566 1579 accipere,
3587 1523 3638 1562 eo
3659 1511 3758 1562 tem-

2230 1609 2367 1664 pore
2399 1592 2630 1663 quando
2661 1596 2940 1649 Vetustus
2962 1595 3188 1649 dierum
3210 1611 3462 1650 sessurus
3495 1599 3583 1664 est,
3601 1599 3644 1650 et
3666 1610 3756 1665 ape-

2231 1681 2414 1735 riendi
2446 1681 2602 1747 libri,
2631 1687 2687 1736 et
2716 1683 3038 1754 pandendae
3072 1684 3423 1739 conscientia
3448 1682 3758 1756 singulorum:

469 1780 594 1830 tum
627 1776 836 1832 veteris
859 1776 1116 1832 hominis
1147 1793 1282 1831 cum
1315 1775 1588 1848 operibus
1615 1776 1743 1845 ejus
1765 1775 1995 1844 (Ephes.
2023 1776 2116 1839 Iv).
2152 1806 2195 1868 Β
2231 1774 2369 1825 tunc
2401 1770 2740 1841 implebitur
2770 1788 2876 1826 vox
2917 1771 3191 1828 clamoris
3218 1790 3251 1827 a
3279 1776 3433 1844 porta
3450 1787 3759 1843 compungen-

469 1864 615 1919 Cum
647 1881 782 1936 ergo
815 1866 1133 1919 debeamus
1165 1864 1381 1918 talibus
1416 1864 1575 1918 indui
1606 1862 1990 1930 vestimentis,
2019 1878 2119 1932 pro

469 1951 870 2008 misericordia
901 1951 1202 2006 induimur
1233 1949 1612 2016 crudelitate;
1667 1966 1769 2020 pro
1815 1949 2118 2020 patientia,

469 2040 876 2111 impatientia;
937 2056 1038 2110 pro
1064 2039 1317 2109 justitia,
1373 2038 1695 2109 iniquitate.
1730 2039 1800 2092 Et
1845 2043 1908 2092 ut
1939 2037 2120 2092 semel

470 2128 681 2196 dicam,
703 2145 804 2199 pro
826 2128 1157 2194 virtutibus,
1182 2128 1334 2182 vitiis
1361 2146 1372 2195 ;
1401 2127 1455 2180 id
1482 2131 1588 2192 est,
1622 2143 1721 2196 pro
1743 2126 1992 2191 Christo,
2009 2127 2122 2180 An-

465 2215 754 2270 tichristo.
786 2216 946 2270 Unde
977 2216 1191 2270 dicitur
1221 2216 1291 2270 de
1322 2216 1495 2270 istius
1549 2217 1703 2270 modi
1739 2214 1975 2269 homine
2000 2217 2120 2282 :_Et

466 2304 691 2358 indutus
715 2312 792 2359 est
841 2305 1223 2359 matedictz‘one
1269 2306 1409 2358 sicut
1456 2305 1768 2358 vestimento
1800 2306 1910 2374 (Ps.
1961 2321 2118 2368 CVIII,

470 2393 578 2464 18).
602 2391 936 2446 Vindicabit
960 2409 1192 2463 quoque
1215 2392 1497 2446 Dominus
1530 2391 1857 2446 manifestis
1885 2392 2032 2446 sime
2059 2391 2118 2445 in

467 2481 718 2536 adventu
751 2497 877 2551 suo,
899 2480 1073 2535 etiam
1091 2498 1266 2551 super
1278 2497 1375 2536 eos
1395 2480 1637 2551 quicum
1658 2479 1824 2535 bonis
1844 2482 2118 2550 operibus

451 2568 524 2623 in
557 2568 816 2624 Ecclesia
845 2585 974 2624 esse
1025 2570 1322 2634 deberent,
1356 2571 1652 2639 ejecerunt
1681 2586 1742 2624 se
1774 2570 1846 2624 ob
1879 2586 2118 2624 conver-

469 2658 759 2713 sationem
793 2658 1134 2729 pessimam,
1161 2663 1219 2712 et
1248 2658 1446 2712 traditi
1480 2658 1706 2712 Satanze
1732 2661 2039 2712 versantur
2059 2657 2118 2711 in

470 2746 797 2812 vestibulis,
831 2747 1010 2801 immo
1061 2763 1164 2800 nec
1196 2745 1256 2799 in
1287 2746 1612 2811 vestibulis,
1647 2746 1745 2800 sed
1781 2751 1914 2800 ante
1943 2745 2117 2800 vesti-

467 2835 644 2890 bula:
670 2835 823 2906 quod
853 2834 1280 2907 signiﬁcantius
1314 2834 1506 2889 Graece
1537 2834 1750 2888 dicitur
1783 2831 1868 2885 ἐπὶ
1899 2833 1965 2885 τὰ
1986 2832 2117 2905 πρό-

465 2921 632 2979 πυλα.
667 2925 732 2978 Et
764 2941 941 2995 super
976 2939 1179 2978 omnes
1225 2923 1559 2988 vindicabit,
1595 2923 1695 2993 qui
1726 2923 1868 2976 varii
1904 2923 2119 2993 iniqui-

464 3012 688 3067 tatibus
721 3017 897 3082 atque
929 3011 1180 3082 peccatis
1211 3010 1454 3082 implent
1487 3010 1822 3076 Ecclesiam,
1848 3011 2122 3082 etimpie-

465 3100 686 3155 tatibus
711 3105 883 3168 atque
907 3099 1228 3169 mendacio,
1253 3105 1309 3154 et
1340 3099 1590 3154 miscent
1613 3099 1965 3170 sanguinem
1986 3116 2117 3154 san-

467 3187 651 3259 guini.
675 3188 835 3250 Quod
865 3188 913 3242 si
936 3187 1296 3242 voluerimus
1318 3187 1426 3242 hoc
1447 3187 1642 3258 ipsum
1667 3189 1926 3259 accipere
1943 3205 2120 3258 super
2148 3163 2190 3230 Π

468 3275 782 3331 animabus
803 3275 1491 3347 singulorum,principes
1512 3281 1568 3330 et
1591 3276 1830 3330 domum
1847 3277 2117 3348 regis,in-

461 3363 796 3435 telligamus
811 3361 1115 3437 λογισμούς
1144 3364 1248 3434 [ΑΙ.
1274 3363 1435 3418 addit
1467 3363 1555 3415 καὶ
1588 3362 1902 3435 diditione],
1927 3365 1983 3418 id
2006 3369 2115 3431 est,

465 3453 819 3520 cogitationes
850 3459 906 3506 et
936 3468 1168 3515 sensus,
1200 3457 1257 3506 et
1287 3451 1476 3522 ipsam
1497 3452 1775 3520 animam,
1800 3470 1928 3523 quae
1949 3453 2121 3508 debet

462 3557 590 3597 esse
620 3540 939 3612 hospitium
965 3539 1113 3595 68¢
1141 3541 1295 3611 regis
1324 3555 1336 3592 :
1364 3544 1421 3595 et
1443 3542 1613 3611 juxta
1635 3542 1994 3611 superiorem
2020 3558 2116 3596 ex-

464 3629 817 3701 positionem
843 3629 1185 3683 indumenta
1208 3643 1439 3698 quoque
1464 3627 1671 3694 aliena,
1693 3634 1750 3682 et
1772 3631 1970 3684 omnia
1991 3647 2114 3701 qua

462 3717 1131 3790 sequuntur,referamus
1148 3717 1215 3771 ad
1235 3732 1718 3787 unumquemque
1735 3718 2115 3785 credentium,

463 3808 563 3877 qui
591 3824 723 3862 cum
755 3807 1081 3861 debuerant
1108 3804 1297 3859 induti
1328 3821 1455 3860 esse
1501 3804 1750 3871 Christo,
1802 3810 1858 3859 et
1889 3821 2120 3877 semper

461 3897 676 3951 versari
691 3896 1066 3963 intrinsecus,
1091 3893 1269 3948 variis
1288 3910 1349 3948 se
1372 3898 1742 3964 peccatorum
1762 3900 2120 3964 operuerunt

461 3985 851 4050 vestimentis,
881 3987 938 4038 et
955 3982 1174 4054 egressi
1200 3983 1269 4035 de
1295 3981 1569 4049 Ecclesia,
1595 3981 1653 4034 id
1675 3986 1782 4046 est,
1807 3999 2118 4055 congrega-

461 4073 621 4128 tione
653 4075 1010 4136 sanctorum,
1047 4086 1148 4139 pro
1187 4069 1508 4124 virtutibus
1557 4069 1948 4140 impleverunt
1971 4076 2116 4126 tem-

464 4159 631 4230 plum
666 4157 928 4229 corporis
960 4158 1050 4212 sui
1083 4155 1391 4227 iniquitate
1422 4161 1477 4210 et
1507 4156 1662 4211 dolo.

537 4247 724 4316 (Vers.
760 4246 870 4314 10.)
901 4247 964 4300 Ει
994 4247 1099 4301 erit
1150 4247 1208 4301 in
1234 4245 1322 4300 die
1364 4247 1484 4311 illa,
1515 4245 1647 4300 dicit
1676 4247 1960 4313 Dominus,
2011 4265 2116 4304 v0.2:

465 4335 724 4391 clamoris
749 4352 779 4388 a
807 4343 965 4405 porta
1005 4335 1263 4404 piscium,
1295 4342 1345 4388 et
1406 4334 1656 4389 ululatus
1685 4353 1719 4390 a
1769 4336 2026 4403 secunda,
2061 4343 2118 4391 et

465 4426 727 4482 contritio
753 4441 953 4494 magna
988 4441 1020 4478 a
1044 4423 1290 4477 coitibus.
1327 4423 1501 4478 LXX:
1554 4424 1619 4478 Et
1647 4426 1753 4478 erit
1781 4441 1838 4479 in
1870 4425 1978 4479 illa
2006 4425 2134 4496 die,-

2228 1860 2376 1915 tium
2409 1860 2568 1927 (Dan.
2599 1861 2719 1930 v11).
2770 1860 2966 1915 Prima
2995 1862 3153 1916 enim
3203 1860 3358 1932 poria
3384 1859 3641 1916 oculorum
3673 1858 3758 1925 erit,

2231 1965 2345 2019 qua
2393 1949 2758 2019 [ALquando]
2819 1949 3210 2005 exibebuntur
3258 1949 3417 2005 nobis
3461 1953 3651 2021 peccata
3670 1953 3759 2001 ante

2231 2036 2430 2091 oculos
2464 2041 2714 2103 nostros,
2749 2042 2805 2092 et
2834 2037 3026 2092 omnis
3057 2054 3267 2109 pompa
3297 2042 3352 2092 et
3372 2038 3542 2109 imago
3569 2035 3760 2107 antiquo-

2230 2141 2358 2180 rum
2388 2124 2672 2179 scelerum
2702 2129 2758 2180 et
2804 2125 3079 2180 vitiorum
3112 2131 3285 2197 atque
3337 2125 3551 2181 luxurias
3577 2124 3760 2196 profere-

2227 2212 2393 2268 turin
2408 2213 2686 2268 medium.
2713 2215 2874 2268 Tunc
2897 2213 3039 2268 illud
3064 2215 3174 2269 erit
3190 2231 3382 2270 verum
3404 2214 3540 2285 quod
3559 2211 3760 2282 scriptum

2228 2307 2342 2358 est:
2393 2303 2527 2357 Ecce
2556 2303 2710 2356 homo
2739 2311 2789 2356 et
2835 2318 2997 2373 Opera
3026 2304 3145 2374 ejus
3175 2311 3299 2358 ante
3323 2304 3506 2371 faciem
3529 2305 3641 2369 eius.
3665 2299 3761 2352 Tor-

2229 2391 2429 2461 quebit
2449 2391 2625 2462 igitur
2645 2407 2779 2446 eum
2793 2391 3170 2459 conscientia,
3191 2397 3246 2446 et
3269 2397 3550 2462 postquam
3565 2401 3762 2457 compun-

2229 2484 2356 2534 ctus
2377 2479 2525 2536 685
2562 2479 2897 2535 clamaverit
2925 2496 2958 2534 a
2987 2481 3180 2551 prima
3208 2479 3492 2536 oculorum
3521 2472 3766 2550 porta,ulu-

2227 2567 2373 2622 labit
2405 2568 2579 2622 etiam
2612 2586 2645 2622 a
2671 2569 2949 2634 secunda,
3011 2586 3192 2640 quam
3224 2575 3282 2623 et
3337 2583 3494 2622 aures
3533 2562 3768 2632 intelligam

2229 2672 2564 2727 possumus.
2600 2656 2704 2709 Per
2722 2655 2828 2710 hos
2841 2657 3000 2711 enim
3023 2656 3110 2712 vel
3141 2657 3386 2712 maxime
3407 2670 3603 2719 sensus,
3619 2650 3768 2722 quibus

2227 2744 2365 2800 vitia
2397 2743 2605 2815 illapsa
2635 2746 2882 2812 fuerant,
2911 2761 3109 2800 eorum
3133 2763 3302 2817 pinna
3315 2743 3584 2808 sentiatur,
3608 2736 3768 2811 quando

2231 2849 2538 2888 cernemus
2557 2833 2711 2902 quod
2727 2833 2973 2889 fecimus
2998 2839 3056 2890 et
3081 2834 3158 2906 (α)
3179 2850 3434 2890 sermone
3455 2829 3608 2893 docti,
3627 2831 3770 2882 totum-

2231 2937 2346 2992 que
2382 2921 2684 2976 audientes
2719 2922 2987 2976 ordinem
3046 2927 3434 2993 peccatorum,
3487 2920 3537 2972 in
3565 2913 3770 2972 ululatum

2229 3008 2670 3080 compellemur,
2707 3014 2772 3064 ut
2829 3015 3164 3065 conteretur
3222 3011 3325 3083 [AL
3383 3004 3715 3079 compellimur
3740 3005 3772 3053 et

2229 3097 2596 3165 conteritur],
2634 3097 2693 3151 in
2727 3097 2896 3153 nobis
2928 3097 3219 3168 quidquid
3251 3098 3429 3153 fuerat
3454 3093 3703 3153 excelsum,
3737 3091 3772 3139 et

2230 3191 2463 3258 propter
2483 3186 2800 3240 caacitatem
2824 3191 2880 3241 et
2901 3188 3111 3242 surdas
3141 3203 3311 3242 aures
3331 3183 3658 3258 ignorabatur
3673 3190 3773 3232 ano~

2229 3275 2340 3330 bis.
2377 3273 2479 3328 Vel
2531 3279 2683 3329 certe
2714 3291 2848 3329 cum
2907 3275 3081 3330 verba
3112 3274 3393 3330 sublimia
3439 3277 3490 3328 et
3514 3267 3705 3326 eruditio
3727 3263 3770 3315 de

2227 3362 2452 3417 excelso
2484 3362 2736 3429 veniens,
2771 3367 3029 3418 conteret
3088 3381 3198 3419 nos
3227 3367 3397 3435 atque
3441 3357 3714 3426 confringet,
3735 3354 3772 3404 et

2228 3467 2399 3522 opere
2429 3449 2856 3522 complebitur:
2894 3451 3201 3521 Rugiebam
3225 3470 3258 3507 a
3313 3452 3504 3521 gemitu
3541 3437 3772 3502 corduma'

2228 3541 2342 3610 (Ps.
2376 3556 2566 3608 XXXIX,
2598 3539 2678 3609 9),
2712 3544 2775 3593 ut
2807 3539 2883 3594 sit
2917 3540 3276 3596 sacrificium
3310 3541 3415 3596 Deo
3460 3535 3660 3608 spiritus
3682 3542 3771 3585 oon.

2231 3628 2543 3684 tribulatus
2575 3628 2688 3698 (Ps.
2724 3629 2775 3699 ι.)
2804 3645 2816 3694 ;
2848 3627 2908 3681 in
2937 3628 3127 3696 nobis,
3153 3630 3254 3702 qui
3279 3627 3528 3684 homines
3552 3618 3774 3682 sumusel

2229 3734 2344 3771 non
2369 3721 2487 3771 tam
2509 3716 2751 3787 grandia
2773 3719 3008 3787 peccata
3029 3717 3306 3784 fecimus,
3330 3723 3391 3772 ut
3410 3713 3774 3771 montibusoom-

2228 3811 2528 3878 parentur,
2562 3804 2737 3860 colles
2767 3805 3002 3860 contriti
3032 3811 3195 3862 sunt.
3231 3807 3294 3862 In
3324 3803 3532 3861 diabolo
3555 3793 3772 3882 autem

2227 3877 2451 3966 angelis
2480 3895 2628 3964 ejus,
2663 3893 2889 3949 excelsa
2940 3895 3238 3950 montium
3289 3894 3634 3950 conterentur.
3658 3877 3771 3938 llzlulli

2229 3988 2436 4055 putant
2447 3983 2618 4053 juxta
2647 3981 2953 4038 historiam
2975 3983 3132 4053 quod
3159 3985 3231 4039 ad
3255 3979 3653 4054 Babyloniorum
3670 3977 3770 4024 tem-

2229 4089 2369 4144 pora
2398 4070 2726 4136 retulimus,
2759 4071 3209 4143 intelligendum
3240 4088 3366 4128 esse
3384 4071 3449 4124 de
3463 4067 3619 4141 primo
3633 4057 3765 4144 Salta-

2225 4143 2370 4214 toris
2393 4159 2664 4224 adventu,
2694 4159 2927 4229 quando
2953 4165 3191 4232 propter
3212 4164 3440 4233 peccata
3454 4155 3623 4218 nimia,
3637 4154 3680 4204 et
3693 4143 3768 4200 cla-

2227 4263 2447 4302 morem
2466 4247 2664 4318 populi
2689 4253 3156 4320 concrepantem:
3175 4250 3407 4320 Sanguis
3424 4250 3530 4320 ejus
3547 4253 3677 4313 super
3692 4245 3769 4293 ηοδν

2224 4345 2274 4392 et
2291 4352 2454 4407 super
2473 4335 2616 4404 ﬁlios
2632 4337 3040 4407 uostros(Matt.
3069 4355 3251 4408 xxvu,
3273 4338 3384 4408 25),
3407 4328 3700 4391 circumdata
3714 4320 3774 4373 est

2223 4425 2294 4480 ab
2326 4425 2580 4480 exercitu
2611 4424 3078 4492 Jerusalem,eta
3108 4427 3342 4481 duobus
3362 4408 3768 4488 ursis,Vaspasia-

465 4514 597 4570 dicit
626 4493 909 4578 Dominus;
934 4529 1036 4567 v0.1:
1058 4513 1314 4568 clamoris
1335 4512 1402 4567 de
1417 4518 1582 4584 porta
1608 4493 2111 4584 compungentium,
2148 4530 2190 4593 D
2224 4531 2296 4569 no
2354 4511 2620 4567 videlicet
2651 4515 2708 4567 et
2765 4513 2914 4582 Tito,
2949 4512 3326 4569 irridentium
3357 4493 3771 4593 puerorum-turba

466 4612 517 4658 et
557 4603 804 4658 ululatus
835 4618 868 4656 a
896 4601 1155 4670 secunda,
1208 4604 1259 4656 et
1287 4603 1542 4656 contritio
1572 4618 1773 4671 magna
1801 4619 1836 4654 a
1863 4602 2110 4658 collibus.

467 4689 531 4748 In
563 4693 657 4747 die
708 4691 907 4746 hostiae
957 4689 1188 4744 Domini
1223 4691 1458 4761 quando
1509 4691 1834 4745 extenderit
1874 4706 2115 4746 manum

470 4798 639 4836 suam
663 4795 840 4850 super
859 4779 1074 4834 Judam
1105 4783 1160 4833 et
1179 4795 1356 4849 super
1377 4795 1580 4833 omnes
1603 4778 1934 4834 habitantes
1955 4779 2118 4835 Jeru-

471 4868 678 4934 salem,
704 4872 762 4921 et
790 4866 1023 4921 hostilis
1045 4882 1174 4921 eam
1207 4866 1503 4922 vallaverit
1533 4866 1837 4937 exercitus,
1871 4868 1979 4922 erit
2012 4886 2119 4924 vox

469 4955 743 5012 clamoris
775 4973 808 5010 a
837 4959 1003 5026 porta
1025 4953 1274 5025 piscium
1307 4961 1363 5008 et
1394 4954 1654 5009 ululatus
1690 4973 1723 5009 a
1753 4957 2029 5026 secunda,
2063 4963 2119 5013 et

471 5045 745 5102 contritio
795 5060 1011 5115 magna
1042 5061 1076 5098 a
1132 5043 1399 5098 collibus.
1435 5047 1664 5098 Portam
1696 5045 1945 5116 piscium
1991 5063 2119 5102 eam

471 5135 758 5192 vocabant
788 5175 805 5203 ,
839 5149 962 5204 quae
996 5131 1317 5203 Diospolim
1351 5132 1510 5185 ducit
1537 5136 1594 5187 et
1621 5133 1868 5204 Joppen,
1901 5139 1958 5189 et
1978 5136 2116 5190 vici-

473 5223 604 5279 nior
633 5222 780 5277 mari
811 5220 1100 5276 eratinter
1127 5224 1366 5274 cunctas
1396 5219 1885 5289 viasJerusalem,
1910 5223 1980 5278 de
2005 5241 2120 5294 qua

474 5316 533 5368 et
561 5312 776 5368 Esdras
809 5310 1018 5365 refert:
1046 5314 1269 5364 Portam
1296 5325 1419 5364 vero
1447 5310 1683 5380 piscium
1712 5311 2119 5381 aediﬁcavcrunt

475 5401 583 5474 ﬁlii
611 5402 814 5467 Asnaa,
865 5399 973 5470 ipsi
1011 5406 1270 5454 texerunt
1307 5414 1451 5465 eam,
1512 5403 1562 5454 et
1590 5405 1903 5455 statuerunt
1932 5402 2120 5457 valvas

2226 4606 2575 4674 consumpta
2598 4605 2686 4657 est
2716 4601 2810 4672 (IV
2839 4604 2968 4670 Reg.
3004 4603 3087 4672 II).
3117 4604 3254 4668 Quae
3284 4603 3506 4674 quidem
3531 4587 3774 4656 intelligen-

2224 4693 2306 4746 tia
2338 4691 2525 4761 magis
2555 4689 2691 4744 fidei
2723 4693 2934 4745 nostra:
2964 4691 3255 4758 convenit,
3285 4691 3384 4746 sed
3413 4689 3487 4743 ita
3513 4688 3566 4740 nt
3588 4676 3773 4735 sciamus

2227 4784 2283 4835 et
2303 4779 2478 4851 priori
2500 4778 2758 4833 historias
2785 4795 2954 4849 posse
2975 4795 3316 4850 congruere,
3339 4777 3422 4834 vel
3443 4779 3572 4832 certe
3591 4766 3772 4840 priorem

2227 4868 2624 4939 captivitatem
2653 4871 2857 4939 typum
2889 4884 3017 4923 esse
3047 4869 3317 4924 secundae
3349 4872 3404 4922 et
3423 4862 3644 4937 perfecta:
3667 4861 3771 4939 ever:

2229 4938 2411 5013 sionis
2439 4938 2784 5010 Jerusalem.
2805 4955 2919 5009 Nec
2938 4972 3050 5010 non
3082 4956 3271 5011 ethoc
3286 4938 3769 5010 animadvertendum

2227 5046 2388 5117 (quia
2416 5061 2631 5098 ADAGIM
2682 5044 2910 5114 (nu-In)
2971 5044 3283 5100 manifeste
3339 5043 3396 5097 in
3450 5037 3666 5095 Hebreo,
3691 5035 3767 5117 I110.u

2224 5106 2437 5206 portam
2457 5106 2959 5202 compungendum;
2980 5131 3080 5186 sed
3100 5136 3318 5202 portam
3329 5129 3552 5201 piscium
3569 5106 3751 5180 seuall‘ll

2226 5221 2728 5293 legorice,portam
2743 5222 2992 5292 piscium
3007 5236 3134 5276 esse
3151 5219 3210 5274 in
3223 5216 3642 5282 Jerusalem,pel'
3653 5208 3769 5293 ρυεξξλ

2227 5286 2558 5366 inierunt-ur
2575 5309 2713 5365 boni
2741 5286 2928 5382 pisces
2960 5309 3059 5380 qui
3091 5325 3125 5363 a
3156 5307 3327 5363 malis
3358 5303 3557 5360 fuerint
3574 5286 3772 5365 separati:

2228 5403 2285 5456 et
2304 5399 2610 5471 lugebunt,
2641 5397 2860 5455 caeteris
2881 5397 3330 5470 introeuntibus,
3353 5393 3447 5468 qui
3469 5387 3592 5448 foris
3609 5384 3773 5440 remﬁn'

549 5614 632 5698 (α)
662 5613 775 5673 Alii
803 5612 964 5686 editi,
986 5621 1037 5674 et
1071 5612 1350 5673 audientes
1377 5628 1703 5686 sermonem,
1731 5615 1890 5692 docti,
1915 5624 2187 5696 totumque
2216 5613 2486 5692 ordinem,
2514 5617 2619 5676 etc.
