4022 6192
355 258 513 320 1353

1060 263 1812 358 COMMENTARIORUM
1862 266 1941 326 IN
1988 270 2443 334 SOPHONIAM
2491 274 2748 335 LIBER.
2795 277 2966 338 CAP.
3013 279 3062 340 Ι.

3607 288 3762 348 1354

349 391 586 448 radisus
609 392 790 458 Dei,et
815 409 929 448 non
952 394 1222 452 finissent
1244 397 1302 451 in
1331 396 1503 467 malo,
1527 401 1589 452 ut
1611 402 1807 454 essent
1827 401 1995 471 quasi
2028 404 2080 468 Α
2112 405 2381 459 stamenti
2415 405 2645 461 Domini
2679 407 2806 472 fuit,
2840 411 2932 464 vix
2962 409 3159 466 altaris
3182 412 3570 472 fundamenta
3600 434 3764 476 mon-.-

345 483 499 535 terra
516 481 1056 553 Egypti,plantatio
1074 500 1275 540 eorum
1299 486 1504 557 utique
1554 488 1995 558 permansisset.

345 568 483 624 Tale
505 569 724 641 quid'et
745 569 887 626 illud
908 589 1083 644 super
1103 573 1388 646 Egyptiis
1415 579 1585 630 sonat
1622 575 1681 630 in
1703 575 1955 631 Psalmis
1982 594 1995 632 :

350 657 560 714 Occidit
591 661 649 714 in
679 659 952 730 grandine
972 663 1158 717 vineas
1179 678 1388 733 eorum,
1421 673 1474 718 et
1503 679 1683 718 moros
1718 680 1908 719 eorum
1939 667 1996 720 in

344 747 552 814 pruina
572 748 684 818 (Ps.
712 766 919 813 Lxxvn,
954 750 1244 821 47).Quasi
1269 750 1765 807 clementissimus
1780 753 1996 825 quippe

345 835 520 902 Deus,
554 852 786 892 omnem
820 840 1145 911 onyptiam
1177 840 1601 911 plantationem
1633 846 1690 895 et
1719 843 1998 898 arbuscu-

341 923 447 994 las,
483 941 610 996 quze
642 924 700 980 in
732 927 792 981 in
813 926 1057 1000 Egypto
1081 929 1351 984 radicatze
1380 929 1734 1002 sanguineos
1779 930 1996 987 habent

341 1014 487 1068 691
525 1015 774 1079 fructus,
807 1015 1100 1072 interfecit
1131 1023 1184 1072 et
1217 1019 1523 1086 subvertit,
1558 1036 1630 1073 ne
1655 1019 1859 1074 bibant
1889 1021 1988 1092 qui

340 1101 492 1158 male
523 1101 952 1174 plantavernnt,
1013 1109 1070 1160 et
1127 1107 1435 1162 comedant
1486 1123 1554 1162 ex
1580 1107 1666 1164 eis
1712 1108 1987 1164 fructum.

341 1195 525 1263 Prope
556 1196 646 1247 est
674 1191 797 1248 dies
828 1193 1055 1249 Domini
1089 1211 1338 1268 magnus
1383 1199 1439 1251 et
1470 1195 1634 1251 velox
1665 1196 1864 1264 nimis,
1897 1198 1989 1253 cui

339 1280 610 1336 resistere
643 1297 812 1336 nemo
847 1287 1072 1354 potest:
1109 1300 1287 1356 prope
1319 1288 1515 1340 autem
1539 1288 1627 1341 est
1643 1284 1730 1340 vel
1755 1289 1991 1358 propter

340 1369 743 1435 aeternitatem,
769 1370 910 1441 quia
941 1370 1083 1424 nihil
1111 1371 1161 1426 ei
1187 1371 1426 1444 longum
1458 1377 1568 1438 est,
1624 1371 1712 1428 vel
1755 1378 1989 1445 propter

337 1474 518 1529 poenae
543 1458 1035 1530 magnitudinem,
1067 1461 1204 1532 quia
1249 1461 1489 1533 patienti
1541 1479 1864 1534 numquam
1907 1464 1985 1536 (a)

333 1545 504 1619 longe
535 1547 766 1602 videtur
787 1547 1143 1620 supplicium
1168 1551 1324 1623 quod
1352 1550 1719 1606 inferendum
1744 1553 1984 1608 est.Sive

335 1651 534 1708 prope,
568 1641 634 1691 ut
665 1653 844 1709 supra
873 1637 1154 1706 diximus,
1189 1655 1324 1694 cum
1349 1639 1662 1696 exierimus
1684 1657 1718 1695 a
1749 1641 1980 1710 sarculo,

333 1726 390 1778 et
419 1722 887 1797 uniuscujusque
943 1743 1102 1783 mors
1158 1729 1726 1784 consummationem
1777 1730 1982 1784 mundi
2016 1767 2062 1831 Β

334 1811 533 1868 fecerit
562 1831 574 1881 ;
603 1818 659 1869 et
683 1830 798 1869 non
823 1813 1012 1869 solum
1046 1832 1246 1887 prope,
1267 1817 1368 1872 sed
1391 1817 1566 1872 etiam
1591 1817 1751 1873 velox
1781 1817 1982 1890 nimis,

329 1905 396 1955 ut
422 1901 696 1958 velocitas
717 1904 1005 1959 adventus
1070 1905 1206 1975 ejus
1231 1905 1291 1960 in
1323 1922 1390 1960 eo
1423 1907 1576 1977 quod
1611 1906 1862 1972 additur,
1893 1909 1982 1962 ni-

329 1992 454 2056 mis,
490 1991 855 2048 ostendatur.
1596 1979 1608 1988 ’

401 2082 587 2150 (Vers.
622 2082 710 2149 15,
747 2082 856 2152 16.)
895 2082 1004 2137 Vox
1031 2082 1149 2137 diei
1175 2084 1396 2138 Domini
1423 2099 1646 2138 amara:
1687 2084 1981 2139 trib-ulabi-

329 2173 424 2223 tur
449 2170 531 2224 ibi
557 2171 758 2240 fortis:
780 2170 895 2225 dies
918 2172 1018 2225 ire
1046 2171 1160 2226 dies
1190 2172 1309 2237 illa,
1356 2171 1473 2226 dies
1525 2173 1903 2228 tribulationis
1932 2176 1982 2229 et

328 2259 618 2328 angustia},
646 2258 761 2314 dies
787 2259 1120 2315 calamitatis
1140 2265 1190 2315 et
1211 2263 1473 2327 miseriae,
1497 2261 1611 2315 dies
1629 2263 1978 2316 tcnebaarum

327 2349 381 2401 et
408 2347 684 2416 caliginis,
713 2348 832 2403 dies
851 2349 1070 2406 nebulae
1097 2353 1147 2404 et
1175 2350 1436 2416 turbinis,
1461 2350 1576 2405 dies
1600 2351 1744 2406 tubw
1762 2359 1813 2406 et
1832 2351 1979 2406 clan-

325 2437 472 2503 goris
500 2453 663 2508 super
690 2439 943 2493 civitates
969 2441 1231 2509 munitas,
1266 2443 1316 2494 et
1345 2455 1515 2509 super
1534 2440 1768 2508 angulos
1797 2441 1976 2494 excel-

323 2541 426 2580 sos.
460 2524 637 2581 LXX:
669 2520 786 2584 Vox
812 2527 925 2582 diei
954 2527 1175 2583 Domini
1193 2544 1385 2583 amara
1411 2534 1464 2582 et
1511 2527 1650 2583 dura
1669 2530 1847 2599 posita
1875 2535 1972 2596 est,

323 2616 504 2684 fortis,
539 2616 657 2670 dies
687 2618 811 2682 irae,
843 2615 960 2672 dies
988 2618 1109 2688 illa,
1131 2617 1248 2673 dies
1280 2618 1654 2672 tribulationis
1675 2621 1725 2672 et
1745 2619 1974 2674 necessi-

321 2705 469 2767 tatis,
502 2703 617 2759 dies
646 2707 889 2760 miseriae
912 2713 963 2760 et
986 2705 1337 2778 perditionis,
1373 2705 1485 2761 dies
1542 2707 1891 2761 tenebrarum
1925 2715 1976 2763 et

323 2793 583 2860 turbinis,
617 2793 736 2850 dies
757 2794 1042 2852 nebulaeet
1062 2796 1348 2868 caliginis,
1370 2795 1484 2851 dies
1512 2795 1655 2850 tubae
1686 2800 1736 2850 et
1764 2796 1973 2851 clamo-

321 2883 402 2936 ris
431 2897 596 2953 super
624 2885 878 2938 civitates
906 2886 1168 2950 munitas,
1193 2892 1244 2939 et
1271 2900 1435 2954 super
1453 2885 1682 2955 angulos
1710 2885 1968 2940 excelsos.

320 2971 497 3025 Juxta
527 2972 848 3044 superiora,
883 2972 972 3027 vel
1003 2974 1075 3027 de
1098 2971 1455 3045 Babylonica
1477 2973 1808 3044 captivitate
1829 2973 1973 3028 acci-

323 3058 507 3132 pe,vel
535 3061 605 3116 de
628 3066 885 3117 extrema
911 3078 1087 3133 quam
1111 3061 1267 3133 passi
1303 3066 1444 3117 sunt
1475 3080 1507 3117 a
1537 3062 1832 3132 Romanis,
1866 3079 1969 3118 su-

2110 495 2390 547 strantur.
2424 496 2619 550 Gabaa
2651 494 2750 550 illa
2782 497 2985 553 civitas
3017 500 3209 556 Saulis
3241 519 3429 574 usque
3461 505 3532 559 ad
3563 505 3765 564 funda-

2107 587 2308 636 menta
2327 583 2524 638 diruta
2545 589 2633 640 est
2656 586 2848 658 (Josue
2868 588 3049 649 xvm).
3085 590 3268 647 Rama
3303 597 3360 647 et
3380 593 3668 651 Bethoron
3703 601 3762 653 et

2109 668 2342 740 reliquae
2378 673 2549 728 urbes
2582 674 2807 730 nobiles
2838 693 2871 730 a
2898 676 3209 735 Salomone
3239 687 3759 756 constructae,par-

2106 759 2156 812 vi
2176 759 2346 814 viculi
2381 761 3177 838 demonstrantur.Legamus
3197 769 3522 842 Josephum
3539 777 3595 827 et
3623 790 3754 845 pro-

2107 847 2362 919 phe‘tiam
2395 850 2722 921 Sophoniaz,
2755 852 2912 909 illius
2942 871 3248 912 cernemus
3280 859 3386 929 [Αἱ.
3430 860 3751 933 cernimus]

2105 934 2411 992 historiam
2440 957 2452 994 :
2487 945 2544 995 et
2571 940 2679 996 hoc
2710 958 2822 998 non
2857 948 3083 999 tantum
3116 946 3186 1001 de
3205 946 3534 1018 captivitate
3555 950 3752 1006 dicen-

2103 1025 2244 1080 dum
2277 1031 2383 1093 est,
2417 1029 2516 1083 sed
2554 1046 2738 1101 usque
2763 1032 2832 1085 ad
2858 1037 3201 1103 praesentem
3225 1034 3403 1106 diem,
3424 1038 3630 1108 perﬁdi
3655 1057 3756 1095 co-

2102 1112 2218 1168 loni
2245 1120 2376 1186 post
2396 1117 2858 1175 interfectionem
2890 1137 3214 1190 servorum,
3239 1124 3389 1179 et'ad
3419 1129 3744 1184 extremum
3834 1159 3838 1164 λ

2101 1202 2620 1277 FiliiDei,excepto
2642 1205 2899 1279 planctu,
2933 1209 3321 1280 prohibentur
3378 1211 3605 1286 ingredi
3659 1216 3753 1272 Je-

2099 1291 2379 1356 rusalem,
2409 1299 2466 1349 et
2497 1299 2560 1348 ut
2592 1295 2823 1352 ruinam
2857 1315 2974 1352 suae
3006 1298 3090 1354 eis
3123 1300 3449 1356 ﬂereliceat
3478 1302 3749 1374 civitatis,

2098 1382 2282 1451 pretio
2315 1383 2632 1454 redimunt,
2657 1389 2715 1440 at
2746 1387 2846 1457 qui
2879 1388 3177 1459 quondam
3208 1394 3473 1446 emerant
3503 1394 3747 1464 sangui-

2096 1485 2226 1524 nem
2259 1469 2702 1543 Christi,emant
2731 1473 3018 1548 lacrymas
3049 1495 3188 1534 suas
3214 1482 3303 1534 :et
3319 1495 3390 1534 ne
3422 1480 3592 1536 ﬂetus
3615 1482 3750 1553 qui-

2095 1559 2225 1613 dem
2258 1560 2344 1614 eis
2375 1562 2668 1632 gratuitas
2701 1563 2794 1619 sit.
2829 1564 3113 1621 Videasin
3145 1567 3238 1624 die
3259 1584 3375 1640 quo
3401 1573 3572 1641 capta
3591 1577 3681 1625 est
3705 1588 3740 1627 a

2095 1647 2374 1704 Romanis
2392 1653 2446 1705 et
2469 1650 2660 1707 diruta
2682 1651 3029 1723 Jerusalem,
3052 1655 3246 1712 venire
3269 1656 3552 1729 populum
3575 1659 3739 1732 lugu-

2093 1737 2277 1798 brem.
2313 1739 2603 1795 confluere
2660 1742 2981 1814 decrepitas
3041 1744 3438 1812 mulierculas,
3471 1751 3527 1802 et
3574 1765 3745 1804 senes

2096 1827 2304 1897 pannis
2328 1830 2616 1900 annisque
2642 1830 2884 1902 obsitos,
2919 1831 2979 1886 in
3011 1834 3350 1905 corporibus
3373 1835 3509 1890 etin
3541 1837 3743 1893 habitu

2095 1932 2202 1970 suo
2226 1915 2368 1970 iram
2395 1916 2621 1972 Domini
2645 1919 3133 1978 demonstrantes.
3155 1922 3630 1996 Cougregaturtu
3642 1926 3745 1981 rba

2094 2003 2464 2071 miscrorum,
2499 2010 2556 2060 et
2584 2007 2846 2078 patibulo
2879 2009 3106 2064 Domini
3139 2017 3505 2080 coruscante,
3558 2031 3625 2070 ac
3655 2032 3744 2069 ra-

2093 2091 2289 2147 diante
2312 2091 2590 2146 ἀναστάσει
2617 2096 2765 2164 ejus,
2799 2096 2870 2151 de
2901 2096 3108 2153 Oliveti
3133 2081 3330 2155 monte
3352 2117 3587 2174 quoque
3618 2119 3746 2158 cru-

2092 2179 2174 2236 cis
2205 2179 2463 2252 fulgente
2494 2183 2720 2251 vexillo,
2754 2183 3030 2258 plangere
3059 2188 3261 2243 ruinas
3284 2188 3489 2261 templi
3521 2190 3614 2246 sui
3649 2208 3745 2262 po-

2091 2267 2292 2340 pulum
2327 2271 2632 2336 miserum,
2665 2276 2721 2328 et
2753 2282 2943 2329 tamen
2978 2292 3090 2330 non
3123 2293 3253 2331 esse
3302 2277 3738 2335 miserabilem:

2088 2357 2280 2412 adhuc
2299 2358 2470 2413 fletus
2504 2359 2562 2414 in
2593 2360 2758 2432 genis
2789 2366 2844 2416 et
2872 2361 3050 2418 livida
3072 2363 3394 2433 brachia,et
3413 2365 3606 2437 sparsi
3627 2367 3738 2421 cri-

2086 2463 2205 2513 nes,
2227 2451 2282 2499 et
2305 2446 2473 2503 miles
2521 2451 2845 2505 mercedem
2878 2451 3156 2521 postulat,
3191 2457 3255 2506 ut
3285 2451 3403 2508 illis
3437 2453 3571 2509 ﬂere
3600 2454 3738 2525 plus

2086 2533 2289 2602 liceat;
2323 2540 2380 2590 et
2410 2537 2637 2592 dubitat
2680 2537 2914 2609 aliquis,
2952 2556 3085 2594 cum
3116 2540 3239 2596 haec
3296 2541 3507 2605 videat,
3540 2543 3610 2598 de
3641 2545 3734 2600 die

2087 2623 2477 2680 tribulationis
2501 2630 2556 2681 et
2576 2628 2860 2699 angustiae
2891 2628 2961 2683 de
2993 2628 3087 2684 die
3110 2629 3461 2686 calamitatis
3481 2636 3538 2686 et
3559 2632 3734 2688 mise-

2084 2710 2202 2778 riae,
2236 2712 2305 2767 de
2337 2713 2430 2768 die
2461 2715 2837 2771 tenebrarum
2869 2720 2924 2771 et
2955 2715 3246 2789 caliginis,
3280 2719 3352 2773 de
3383 2718 3476 2774 die
3509 2720 3731 2776 nebulas

2082 2803 2137 2853 et
2165 2800 2517 2868 turbinis,de
2539 2803 2631 2857 die
2660 2805 2812 2859 tubae
2843 2809 2898 2859 et
2928 2804 3218 2877 clangoris
3245 2806 3272 2861 ‘2
3307 2807 3529 2863 Habent
3558 2809 3716 2865 enim

2081 2892 2137 2943 et
2165 2888 2223 2943 in
2257 2887 2420 2944 luctu
2451 2891 2642 2956 tubas,
2679 2897 2752 2957 et,
2789 2893 2950 2962 juxta
2969 2894 3354 2966 prephetiam,
3379 2913 3487 2952 vox
3521 2897 3732 2952 solem-
3839 2937 3844 2947 .

2083 2977 2284 3032 uitatis
2317 2995 2480 3034 versa
2508 2984 2596 3035 est
2625 2981 2684 3035 in
2705 2980 3025 3053 planctum.
3045 2983 3286 3039 Ululant
3306 3001 3483 3056 super
3504 2985 3728 3042 cineres

2081 3067 2429 3132 Sanctuarii,
2448 3072 2505 3123 et
2536 3085 2712 3140 super
2740 3069 2920 3126 altare
2950 3072 3337 3143 destructum,
3363 3077 3422 3128 et
3447 3091 3626 3146 super
3655 3076 3731 3131 ci-

323 3165 428 3222 per
458 3166 576 3220 qua
605 3155 661 3206 et
693 3150 973 3207 Dominus
1005 3151 1162 3206 flevit
1185 3150 1752 3220 Jerusalem,diccns
1779 3167 1791 3206 :
1823 3153 1973 3207 Jeru-
2003 3133 2045 3199 (ἶ
2084 3153 2289 3209 vitates
2320 3155 2615 3226 quondam
2641 3157 2919 3224 munitas,
2952 3162 3008 3213 et
3037 3175 3214 3230 super
3244 3159 3503 3216 excelsos
3537 3177 3728 3232 angu-

320 3243 513 3312 salem,
546 3241 879 3307 Jerusalem,
934 3254 1060 3311 quae
1108 3240 1306 3294 occidis
1332 3240 1638 3311 prophetas,
1671 3243 1722 3294 et
1753 3241 1970 3310 lepidas

323 3346 414 3386 eos
443 3332 540 3401 qui
573 3329 642 3384 ad
670 3333 720 3384 te
748 3330 908 3383 missi
927 3336 1056 3384 sunt
1079 3329 1288 3397 (Matth.
1332 3346 1494 3397 xxm,
1517 3329 1629 3399 37),
1652 3333 1708 3384 et
1738 3335 1963 3384 caetera.

318 3417 464 3475 Vere
493 3417 650 3474 enim
682 3417 934 3489 expetita
953 3416 1208 3473 vindicta
1228 3421 1316 3472 est
1346 3434 1379 3471 a
1408 3417 1694 3489 sanguine
1724 3417 1966 3488 Abelju-

316 3507 392 3563 sti
415 3524 603 3580 usque
627 3507 698 3561 ad
721 3505 1069 3578 sanguinem
1094 3505 1403 3572 Zachariae,
1422 3521 1596 3577 quem
1628 3506 1966 3561 occiderunt

311 3597 466 3652 inter
495 3594 781 3668 templum
813 3599 869 3650 et
899 3594 1079 3650 altare
1110 3594 1177 3666 (ΙΙ
1208 3595 1510 3660 Par.xx1v)
1539 3611 1550 3648 :
1584 3599 1639 3648 et
1671 3594 1742 3648 ad
1775 3597 1964 3649 extre-

318 3702 484 3740 mum
507 3685 577 3740 de
599 3684 700 3739 Dei
723 3682 888 3748 Filio,
921 3683 1179 3738 dicentes
1204 3698 1217 3737 :
1241 3684 1483 3750 Sanguis
1502 3683 1622 3752 ejus
1649 3698 1811 3753 super
1839 3698 1959 3752 nos,

316 3779 368 3830 et
396 3791 561 3846 super
589 3775 734 3844 ﬁlios
765 3781 998 3841 nostros,
1030 3772 1246 3844 experti
1283 3775 1421 3826 sunt
1451 3771 1605 3827 diem
1653 3787 1920 3826 amarum
1947 3787 1959 3825 :

317 3863 457 3935 quia
486 3863 558 3918 ad
597 3860 1049 3918 amaritudinem
1111 3859 1426 3915 Dominum
1475 3866 1960 3932 provocaverant:

314 3951 470 4007 diem
504 3968 536 4007 a
566 3950 816 4006 Domino
849 3948 1314 4013 constitutam,in
1347 3965 1463 4020 qua
1495 3965 1609 4003 non
1651 3946 1962 4004 imbecillis

315 4041 580 4113 quilibet,
608 4041 708 4096 sed
742 4035 1048 4094 fortissimi
1078 4038 1185 4092 viri
1217 4038 1641 4110 deprimentur,
1673 4042 1729 4093 et
1773 4036 1964 4092 veniet

313 4146 494 4203 super
517 4146 616 4185 eos
649 4129 735 4184 ira
763 4129 823 4183 in
859 4128 1056 4182 ﬁnem.
1088 4128 1253 4199 Saepe
1283 4127 1501 4198 quippe
1541 4131 1598 4182 et
1653 4131 1784 4182 ante
1813 4127 1961 4181 iram

315 4217 541 4273 Domini
573 4217 983 4273 sustinuerunt
1016 4235 1028 4284 ;
1062 4216 1160 4271 sed
1196 4216 1282 4270 ira
1311 4214 1411 4270 illa
1437 4233 1552 4272 non
1583 4215 1770 4271 fuerat
1821 4232 1962 4271 con-

315 4305 730 4363 summationis
750 4310 809 4361 et
829 4305 963 4360 ﬁnis
983 4305 1192 4376 (Matth.
1216 4321 1392 4374 xxvn,
1418 4305 1530 4375 '25).
1552 4305 1698 4369 Quid
1728 4321 1964 4360 necesse

317 4401 406 4451 est
435 4412 591 4451 nunc
623 4395 950 4450 describere
982 4397 1232 4467 quantas
1263 4393 1322 4448 in
1356 4398 1602 4464 utraque
1632 4393 1963 4466 captivitate

2079 3240 2166 3297 los
2196 3243 2422 3315 templi,
2456 3244 2527 3298 de
2557 3245 2771 3316 quibus
2803 3247 3100 3317 quondam
3160 3247 3447 3304 Jacobum
3485 3249 3724 3305 fratrem

2076 3331 2304 3387 Domini
2339 3333 2863 3405 praecipitaverunt.
2898 3339 3028 3390 Hinc
3077 3336 3147 3390 de
3195 3337 3529 3408 captivitate
3567 3337 3724 3395 dicta

2077 3421 2194 3474 sint
2225 3422 2580 3476 Judzeorum.
2614 3422 2894 3477 Caeterum
2928 3423 3149 3479 sidiam
3175 3425 3421 3494 Domini,
3445 3430 3721 3497 utsupra,

2077 3509 2396 3564 referamus
2409 3511 2480 3564 ad
2494 3510 3058 3565 consummationem
3076 3512 3426 3577 mundi,sive
3438 3515 3509 3567 ad
3527 3515 3733 3570 unius-

2073 3597 2358 3668 cujusque
2379 3597 2598 3652 exitum
2623 3597 3091 3662 vitae,manifesta
3108 3600 3261 3654 693
3296 3601 3406 3653 erit
3430 3599 3722 3671 interpre-

2074 3685 2234 3751 tatio,
2270 3686 2424 3757 quod
2455 3703 2563 3741 vox
2586 3685 2698 3740 diei
2730 3687 2962 3742 Domini
2995 3705 3196 3743 amara
3229 3687 3326 3752 sit,
3375 3693 3430 3743 et
3460 3689 3717 3744 necessi-

2072 3778 2190 3829 tate
2218 3773 2389 3846 plena
2411 3779 2468 3828 et
2490 3775 2595 3843 ira,
2626 3778 2681 3828 et
2709 3773 3021 3829 tribuletur
3050 3775 3131 3829 ibi
3151 3775 3316 3830 fortis
3340 3791 3353 3830 :
3387 3793 3520 3830 cum
3543 3776 3718 3832 etiam

2073 3861 2172 3934 qui
2187 3863 2369 3918 sancti
2387 3862 2846 3928 sunt,salventur
2859 3863 3226 3934 quidem,sed
3241 3868 3436 3920 tamen
3451 3865 3535 3920 sic
3553 3865 3724 3936 quasi

2073 3968 2175 4022 per
2205 3951 2420 4024 ignem.
2459 3951 2587 4008 Dies
2617 3951 2716 4006 illa
2742 3952 2865 4006 dies
2900 3952 3315 4019 tribulationis,
3348 3957 3404 4008 et
3435 3953 3720 4025 angustiae

2072 4044 2128 4095 et
2159 4039 2533 4106 calamitatis,
2563 4046 2619 4096 et
2645 4041 2914 4110 miserias,
2937 4040 2993 4096 in
3026 4059 3146 4113 qua
3166 4041 3386 4098 dicent:
3412 4041 3508 4096 Va:
3532 4041 3721 4112 nobis,

2075 4129 2173 4201 qui
2207 4129 2402 4184 miseri
2428 4130 2564 4184 facti
2623 4120 2850 4186 sumus.
2910 4130 3042 4185 Dies
3102 4131 3478 4186 tenebrarum
3513 4131 3716 4187 Ominis

2071 4220 2220 4274 enim
2251 4221 2346 4289 qui
2373 4220 2516 4273 male
2544 4227 2818 4290 operatur,
2851 4218 2962 4274 odit
2993 4221 3200 4285 lumen,
3232 4223 3284 4274 et
3311 4235 3422 4276 non
3459 4221 3605 4275 venit
3652 4217 3722 4274 ad

2074 4307 2247 4362 lucem
2277 4307 2454 4379 (Joan.
2491 4325 2572 4374 ιιι,
2605 4307 2696 4378 20)
2724 4325 2736 4375 ;
2771 4311 2826 4362 ct
2857 4323 3096 4364 necesse
3127 4312 3215 4363 est
3265 4312 3328 4362 ut
3375 4309 3475 4379 qui
3522 4308 3719 4363 lumen

2074 4395 2281 4466 oderit,
2316 4413 2447 4451 eum
2467 4396 2715 4452 tenebrae
2735 4403 3187 4467 consequantur.
3219 4396 3346 4451 Dies
3368 4396 3480 4451 erit
3499 4396 3721 4451 nebula:

320 4484 712 4540 sustinuerint
740 4482 1189 4547 calamitates,et
1209 4483 1502 4554 quomodo
1525 4481 1624 4552 qui
1651 4481 1839 4536 lucem
1867 4487 1964 4537 Do-
1999 4502 2043 4566 Β
2075 4489 2130 4540 et
2154 4483 2410 4556 turbinis
2435 4503 2447 4552 ;
2482 4484 2670 4540 veniet
2701 4485 2855 4539 enim
2890 4500 3067 4554 super
3095 4500 3229 4538 eum
3261 4487 3579 4555 tempestas
3609 4483 3723 4538 Do-

316 4573 463 4629 mini
495 4576 869 4646 respuerunt,
893 4572 953 4626 in
987 4571 1246 4627 tenebris
1276 4575 1332 4625 et
1362 4570 1418 4624 in
1453 4570 1700 4642 caligine
1757 4571 1967 4626 versati

317 4662 460 4729 sint,
493 4667 547 4718 et
569 4662 666 4735 qui
692 4661 1006 4717 noluerunt
1031 4660 1383 4716 solemnium
1407 4659 1634 4713 dierum
1658 4659 1859 4713 audire
1883 4663 1969 4714 tu-

317 4751 761 4819 bas,audierunt
778 4748 1566 4822 clamorem[.‘ll.clangorcm]
1582 4747 1970 4803 bellantium?

315 4840 395 4896 De
416 4839 748 4895 civitatibus
773 4844 970 4894 autem
998 4837 1242 4892 munitis
1262 4842 1319 4892 et
1340 4835 1582 4892 excelsis
1605 4836 1837 4908 angulis
1868 4836 1968 4892 Ju-

315 4929 470 4995 daeae,
506 4929 604 5000 qui
632 4927 740 4999 [AL
785 4925 964 4999 quod]
992 4926 1062 4981 ad
1091 4925 1243 4980 692
1277 4923 1469 4980 solum
1492 4940 1679 4996 usque
1711 4930 1849 4979 sunt
1878 4924 1965 4979 di-

316 5018 454 5084 ruti,
487 5021 630 5088 puto
653 5015 956 5072 oculorum
981 5014 1170 5086 magis
1192 5029 1320 5069 esse
1355 5029 1532 5084 quam
1553 5011 1783 5067 aurium
1805 5012 1966 5083 judi-

315 5106 472 5162 cium
498 5123 511 5160 :
547 5105 718 5162 nobis
745 5103 1068 5177 praesertim
1095 5103 1192 5175 qui
1216 5119 1371 5158 nunc
1396 5101 1456 5156 in
1478 5103 1594 5157 ista
1609 5118 1820 5157 sumus
1841 5118 1968 5173 pro-

316 5194 508 5249 vincia
539 5193 672 5249 licet
700 5193 914 5258 videre,
947 5191 1081 5247 licet
1122 5191 1366 5263 probare
1396 5206 1524 5262 quae
1556 5191 1776 5262 scripta
1807 5194 1964 5246 sunt.

313 5283 426 5338 Vix
442 5283 743 5339 ruinarum
761 5297 936 5354 parva
957 5280 1202 5352 vestigia
1223 5279 1280 5334 in
1304 5279 1535 5351 magnis
1557 5280 1852 5350 quondam
1871 5297 1964 5334 ur-

316 5372 496 5431 bibus
527 5371 843 5428 cernimus.
879 5369 1019 5440 Silo,
1046 5368 1144 5424 ubi
1167 5367 1611 5424 tabernaculum
1632 5373 1688 5423 et
1714 5385 1848 5422 arca
1867 5369 1967 5424 Te-

2078 4573 2246 4639 mini,
2280 4578 2335 4627 et
2365 4573 2603 4645 clangor
2633 4574 2785 4627 tuba:
2819 4589 2994 4643 quam
3040 4571 3350 4644 Apostolus
3404 4571 3723 4644 significat,

2077 4662 2316 4718 dicens:
2351 4663 2412 4716 In
2435 4664 2732 4718 novissima
2763 4661 2892 4716 tuba
2927 4661 2971 4728 (Ι
3006 4661 3134 4716 Cor.
3168 4677 3261 4724 xv,
3289 4660 3402 4731 52).
3428 4659 3545 4714 Erit
3568 4659 3726 4714 enim

2077 4751 2203 4804 dies
2235 4751 2384 4805 tuba:
2417 4755 2473 4804 et
2504 4749 2792 4821 clangoris
2807 4765 2982 4819 super
3001 4747 3264 4802 civitates
3286 4746 3725 4818 munitas,quas

2079 4835 2190 4890 sibi
2221 4835 2277 4889 in
2303 4824 2677 4890 multitudine
2692 4839 3061 4907 peccatorum
3081 4851 3212 4890 cum
3237 4833 3376 4890 Cain
3398 4834 3723 4888 aediﬁcave—

2080 4929 2228 4978 rant.
2265 4925 2333 4978 Et
2363 4941 2539 4995 super
2567 4923 2817 4996 angulos
2847 4922 3126 4988 excelsos,
3159 4939 3335 4994 opera
3373 4940 3644 4995 perversa
3672 4931 3729 4978 et

2081 5029 2114 5066 a
2135 5017 2290 5067 recta
2305 5013 2396 5066 via
2417 5013 2641 5068 Domini
2662 5012 3016 5068 declinantia
3035 5013 3183 5080 (ALa
3201 5016 3357 5068 recta
3375 5013 3467 5067 via
3489 5011 3728 5067 devian-

2080 5100 2204 5172 tia).
2233 5102 2397 5157 Unde
2417 5107 2474 5156 et
2495 5119 2529 5157 a
2550 5100 2843 5157 Salvatore
2865 5108 3194 5173 arguuntur
3221 5098 3503 5174 ὑποκριται
3528 5099 3730 5155 Phari-

2077 5191 2203 5257 smi,
2240 5192 2394 5262 quod
2422 5191 2665 5246 adorent
2696 5192 2801 5261 (At.
2841 5193 3025 5261 orent)
3047 5190 3106 5244 in
3130 5189 3358 5261 angulis
3402 5189 3726 5274 platearum

2077 5279 2284 5349 (Matth.
2318 5282 2417 5352 vx).
2451 5280 2560 5335 Via
2579 5281 2734 5336 enim
2763 5285 2918 5335 recta
2939 5285 2994 5334 et
3014 5279 3260 5335 tendens
3281 5279 3353 5334 ad
3377 5279 3719 5351 paradisum

2079 5375 2258 5435 arcta,
2283 5375 2339 5424 et
2357 5374 2608 5442 angusta
2629 5374 2716 5425 est
2739 5386 2866 5441 quae
2888 5367 3048 5423 ducit
3067 5367 3139 5424 ad
3156 5367 3354 5423 vitam.
3385 5365 3492 5424 Via
3527 5371 3726 5423 autem

393 5585 471 5662 (a)
503 5584 717 5646 Vitiosa
747 5587 872 5642 erat
900 5599 1078 5659 penes
1108 5581 1528 5654 Martianmum,
1559 5582 1802 5659 longum.
1828 5585 1968 5646 Mss.
2008 5583 2190 5644 nostri
2221 5587 2355 5660 post
2382 5583 2706 5644 Victorium
2736 5581 3050 5657 castigant.

640 5711 907 5778 Ριτιιοι..
936 5709 1122 5777 XXV.

3322 5711 3404 5775 43
