4022 6192
386 181 545 245 1355
1638 183 1702 242 S.
1746 178 2058 243 EUSEBII
2102 176 2541 242 HIERONYMI
3577 186 3695 252 1356

387 318 571 371 fracta
595 314 817 371 habens
845 314 1088 387 angulos
1115 318 1169 370 et
1196 316 1481 383 tortuosa,
1516 312 1657 381 lata,
1689 316 1746 369 et
1776 313 2037 385 spatiosa
2064 316 2117 380 Α
2150 312 2313 367 fundi
2345 313 2693 385 sanguinem
2726 316 2783 369 et
2806 329 3047 386 corpora
3065 313 3255 384 jacere
3282 314 3437 385 quasi
3484 318 3699 375 stercora.

390 408 499 472 est,
535 420 661 475 quae
695 403 854 458 ducit
887 403 956 458 ad
992 406 1237 459 mortem
1299 402 1508 472 (Matth.
1566 402 1686 474 vn).
1733 401 2041 474 Simulque
2150 401 2332 474 Igitur
2363 401 2506 457 illud
2525 402 2682 473 quod
2707 402 2778 457 ad
2803 401 2923 458 Noe
2944 402 3271 458 dicitur:Et
3298 404 3587 472 sanguinem
3608 409 3707 461 ani-

386 491 541 547 inter
570 491 747 546 verba
775 490 1103 546 severitatis
1136 490 1365 546 Domini
1428 505 1598 546 cerne
1638 490 2036 559 clementiam,
2148 507 2365 545 marum
2387 494 2688 546 vestrarum
2708 493 2996 562 requiram
3024 490 3090 546 de
3117 507 3282 545 manu
3310 492 3534 546 omnium
3559 492 3705 549 bestia-

388 579 542 651 quod
573 584 880 651 propterea
907 596 1108 636 amara
1138 580 1216 635 sit
1251 580 1394 646 dies,
1422 584 1479 635 et
1505 580 1631 635 dies
1688 580 1807 646 irae,
1839 583 1896 635 et
1915 579 2040 634 dies
2148 597 2291 648 rum,
2325 588 2375 634 et
2405 579 2469 636 de
2499 596 2670 635 manu
2697 579 2963 645 hominis,
2991 588 3043 635 et
3072 579 3137 634 de
3163 596 3329 634 manu
3378 580 3550 651 fratris
3568 583 3710 653 requi-

386 666 807 738 tribulationis,
831 672 888 724 et
917 668 1041 725 dies
1063 668 1217 724 tuba:
1249 673 1306 724 et
1331 666 1649 741 clangoris,
1681 672 1746 723 ut
1778 668 2040 724 civitates
2149 686 2271 723 ram
2292 669 2537 724 animam
2552 668 2916 741 hominis,qui
2929 668 3712 740 eﬂ‘uderitsanguinemhominis:

391 754 545 812 male
571 756 811 812 munita:
842 762 900 812 et
927 757 1185 829 perversi
1217 756 1415 830 anguli
1450 757 1846 812 destruantur.
2149 774 2247 830 pro
2277 760 2553 829 sanguine
2579 760 2699 828 eius
2746 758 3065 830 eﬁundetur
3118 759 3345 827 sanguis
3392 758 3531 813 illius
3555 757 3713 830 (Gates.

465 845 652 916 (Vers.
688 846 775 914 17,
807 846 910 917 18.)
941 847 1005 900 Et
1027 847 1304 902 tribulabo
1321 846 1650 913 homines,et
1678 845 2043 901 ambulabunt
2153 865 2227 914 ιι,
2257 850 2311 914 5,
2343 847 2421 917 6),
2454 851 2511 903 et
2540 847 2598 901 in
2633 847 3056 902 resurrectione
3086 846 3315 902 credere
3344 844 3713 917 ridiculumest,

391 937 453 989 ut
478 936 633 1001 caci,
665 936 798 1006 quia
826 936 1052 990 Domtno
1079 942 1481 1006 peccaverunt:
1506 940 1559 990 et
1580 934 1893 990 effundetur
1907 949 2041 988 san-
2151 942 2209 992 et
2237 935 2294 990 in
2327 936 2448 991 vita
2464 936 2588 991 haec
2612 940 2765 991 stare
2782 953 2898 991 non
2913 936 3126 991 Potest.
3148 935 3224 1008 (a)
3244 934 3444 999 Quanti
3463 934 3594 991 enim
3610 936 3717 991 ellu-

391 1024 517 1093 guis
545 1038 734 1079 eorum
757 1024 900 1079 sicut
924 1023 1137 1088 humus,
1170 1026 1221 1079 et
1246 1039 1477 1095 corpora
1505 1039 1703 1079 eorum
1732 1025 1873 1079 sicut
1900 1029 2041 1077 ster-
2153 1026 2365 1079 derunt
2393 1024 2766 1097 sanguinem,
2797 1028 2853 1079 et
2882 1023 3122 1095 sanguis
3146 1039 3342 1079 eorum
3396 1023 3590 1079 eﬂ'usus
3633 1039 3717 1078 non

393 1128 521 1169 cora
542 1130 561 1169 :
589 1111 680 1167 sed
708 1121 758 1168 et
787 1115 1091 1184 argentum
1118 1128 1307 1167 eorum
1337 1116 1391 1167 et
1415 1128 1619 1167 aurum
1649 1110 1845 1185 [Vulg
1882 1110 2045 1166 addit
2153 1117 2241 1168 est
2264 1113 2291 1167 ?
2320 1117 2378 1167 et
2408 1111 2505 1167 alii
2527 1112 2870 1168 occiderunt
2900 1110 3203 1171 hominem
3233 1127 3463 1180 veneno,
3507 1109 3583 1166 vel
3624 1126 3720 1167 sus-

394 1201 606 1271 eorum]
626 1217 743 1256 non
756 1202 957 1273 poterit
978 1201 1213 1257 liberare
1241 1216 1328 1257 eos
1358 1203 1422 1257 in
1451 1200 1541 1256 die
1569 1203 1676 1257 irae
1702 1201 1945 1269 Domini,
1993 1204 2047 1256 et
2155 1200 2386 1272 pendio,
2428 1204 2483 1256 et
2521 1205 2717 1256 tamen
2757 1217 2892 1256 cum
2959 1199 3134 1256 homo
3203 1205 3456 1256 mortuus
3504 1199 3589 1265 sit,
3636 1214 3720 1254 non

395 1290 454 1345 in
467 1291 593 1362 igne
610 1291 751 1345 zelis
771 1292 888 1363 ejus
907 1290 1447 1346 devorabituromnis
1460 1293 1607 1347 terra
1620 1307 1637 1344 :
1657 1291 1787 1361 quia
1799 1305 2046 1346 consum—
2153 1293 2242 1345 est
2272 1289 2517 1362 sanguis
2548 1288 2771 1345 effusus
2792 1289 2820 1345 ‘2
2850 1289 3152 1355 Quomodo
3206 1304 3340 1362 ergo
3395 1287 3639 1345 Dominus
3661 1290 3725 1343 est

402 1380 699 1434 motionem
727 1395 849 1434 mm
876 1379 1227 1449 festinatione
1252 1380 1423 1451 faciet
1442 1379 1651 1435 cunctis
1671 1378 2046 1434 habitantibus
2155 1379 2449 1433 eﬂ‘usurus
2480 1377 2830 1450 sanguinem
2862 1394 3064 1433 eorum
3096 1378 3157 1432 in
3188 1377 3472 1444 talionem,
3517 1391 3627 1431 cum
3653 1373 3725 1430 ille

399 1472 624 1523 terram.
650 1468 826 1523 LXX:
852 1468 913 1522 Et
927 1467 1199 1523 tribulabo
1228 1469 1493 1539 homines,
1514 1477 1564 1524 et
1594 1467 1955 1523 ambulabunt
1985 1471 2047 1522 ut
2078 1451 2089 1460 ’
2156 1467 2304 1524 695
2340 1466 2441 1538 qui
2473 1467 2704 1536 occidit,
2738 1467 3087 1539 sanguinem
3110 1483 3229 1523 non
3250 1463 3726 1536 eﬁ‘uderit?(b)San-

399 1557 552 1627 caeci,
574 1557 705 1626 quia
726 1557 952 1611 Domino
968 1562 1351 1628 peccaverunt,
1376 1565 1426 1613 et
1444 1557 1690 1629 eﬂ'undet
1719 1557 2047 1629 sanguinem
2155 1556 2287 1629 guis
2316 1556 2498 1628 igitur
2529 1556 2788 1612 hominis
2813 1554 2875 1608 τὸ
2909 1554 3134 1623 ζωτικὸν
3168 1553 3335 1625 αἶτος,
3366 1554 3420 1609 id
3447 1557 3543 1621 est,
3578 1549 3726 1619 vitale,

382 1658 589 1701 eorum
614 1646 756 1700 sicut
774 1646 1084 1716 pulverem,
1116 1654 1167 1701 et
1195 1663 1385 1702 carnes
1415 1662 1607 1702 eorum
1662 1648 1805 1701 sicut
1842 1655 2047 1701 stercus
2081 1687 2128 1752 B
2159 1662 2273 1717 quo
2305 1648 2605 1717 vegetatur
2632 1650 2689 1700 ct
2741 1648 3126 1713 sustentatur,
3159 1648 3218 1700 et
3242 1644 3379 1699 vivit
3418 1642 3569 1697 debet
3588 1638 3729 1695 intel-

412 1733 557 1752 ιμΑη
597 1732 682 1752 ΡΑΙ
749 1734 903 1752 ιγιγι
970 1734 1021 1752 ,1
1094 1744 1126 1752 ,.
1352 1740 1364 1752 ι
1574 1751 1579 1752 ,
1803 1739 1815 1752 ι
2161 1733 2299 1752 |'_,!_
2342 1749 2435 1752 mw,
2473 1734 2486 1752 ι
2534 1734 2620 1752 ηηξ
2666 1733 2737 1752 ,ω
2790 1734 2839 1752 ,1-
2887 1733 2921 1752 91
2992 1733 3095 1752 κεῖ--
3140 1749 3237 1752 HA“
3292 1728 3593 1752 ____J_‘__...
3644 1728 3727 1752 Α..-

406 1733 566 1789 boum
596 1732 707 1802 [ΑΙ.
743 1734 1042 1805 bubulum],
1075 1744 1128 1791 et
1164 1740 1461 1809 argentum
1528 1751 1717 1791 eorum
1765 1739 1817 1790 et
1853 1750 2051 1789 aurum
2081 1728 2128 1752 "
2161 1733 2301 1806 ligi:
2334 1734 2489 1805 quod
2523 1734 2623 1805 qui
2656 1733 2950 1805 elfuderit,
2985 1733 3104 1789 sive
3138 1749 3241 1806 per
3288 1728 3619 1799 scandalum,
3644 1728 3730 1783 sive

403 1838 595 1879 eorum
621 1839 729 1878 non
758 1825 958 1894 poterit
985 1839 1178 1878 eruere
1204 1840 1290 1879 eos
1319 1826 1380 1878 in
1409 1824 1495 1878 die
1544 1826 1650 1881 ira
1703 1824 1951 1891 Domini,
1999 1826 2052 1877 et
2158 1822 2535 1895 perversitate
2578 1823 2878 1887 doctrinae,
2912 1823 2970 1877 in
3003 1823 3096 1878 die
3118 1821 3327 1894 judicii
3380 1818 3665 1876 effundatur
3678 1818 3728 1872 ab

403 1913 465 1967 in
493 1913 620 1984 igne
646 1912 755 1967 zeli
781 1912 901 1983 ejus
931 1921 1279 1967 consumetur
1298 1914 1475 1967 omnis
1494 1914 1643 1967 terra
1668 1931 1685 1966 :
1707 1927 2051 1966 consumma-
2161 1927 2249 1978 eo,
2274 1911 2342 1982 (c)
2366 1911 2423 1965 id
2444 1915 2553 1975 est,
2578 1912 2732 1983 quod
2766 1911 2883 1967 sibi
2904 1911 3212 1967 videbatur
3232 1910 3437 1966 habere
3475 1906 3638 1974 vitale,
3662 1921 3729 1960 co-

405 2003 607 2056 tionem
635 2002 784 2056 enim
810 2002 860 2055 et
887 2002 1293 2071 festinationem
1311 2002 1479 2072 faciet
1507 2016 1671 2072 super
1692 2016 1875 2055 omnes
1900 1999 2053 2054 habi-
2161 2004 2331 2074 getur
2351 2001 2641 2056 amittere.
2676 2002 2850 2057 Juxta
2882 1999 3293 2071 hujuscemodi
3342 1996 3662 2070 sanguinem,
3690 1999 3731 2049 et

332 2084 335 2089 “
404 2092 951 2144 tantcsterram.Non
977 2093 1065 2143 est
1084 2087 1504 2159 difﬁcilejuxta
1528 2087 1779 2160 priorem
1813 2104 2052 2143 sensum
2161 2106 2294 2145 caro
2325 2088 2692 2162 intelligitur,
2725 2090 2796 2144 de
2831 2106 2947 2157 qua
2976 2094 3035 2145 et
3069 2091 3252 2146 Isaias
3281 2089 3393 2144 ait:
3427 2087 3591 2143 Omnis
3623 2098 3728 2149 caro,

407 2177 528 2233 haec
546 2176 727 2233 fuisse
748 2192 1083 2249 perpessam
1104 2177 1295 2232 dicere
1314 2176 1799 2248 Jerusalem,quae
1817 2180 2055 2248 propter
2158 2180 2349 2250 fenum
2380 2180 2533 2250 (lsai.
2567 2197 2655 2249 χι,
2687 2180 2765 2248 6).
2826 2176 2894 2234 Et
2916 2221 2923 2224 .
2949 2178 3005 2233 in
3065 2178 3275 2234 Genesi
3332 2175 3616 2233 Dominus:
3646 2172 3733 2228 Non

407 2283 640 2323 crucem
666 2266 897 2322 Domini
930 2266 1214 2321 sustinuit
1243 2283 1255 2320 :
1291 2266 1533 2321 recessit
1551 2266 1792 2321 enimab
1826 2282 1893 2320 ea
1921 2264 2057 2320 visi-
2160 2268 2501 2340 permanebit
2524 2270 2761 2339 spiritus
2790 2284 2942 2323 meus
2975 2270 3033 2322 in
3064 2267 3377 2323 hominibus
3392 2267 3503 2321 istis
3521 2265 3734 2336 quiem

407 2355 548 2412 tatio
576 2355 830 2423 Domini,
864 2359 921 2410 et
948 2354 1210 2410 tribulati
1229 2358 1369 2411 sunt
1386 2371 1591 2411 omnes
1613 2355 1770 2410 694
1788 2348 2056 2410 homines
2161 2357 2309 2428 sunt)
2345 2356 2471 2412 Gen.
2504 2374 2581 2427 v1,
2614 2356 2687 2425 3).
2723 2356 2789 2412 Et
2817 2355 3155 2428 Apostolus,
3180 2356 3250 2412 de
3277 2361 3547 2426 utroque:
3573 2350 3679 2406 Caro
3699 2351 3736 2403 et

411 2445 471 2500 in
504 2448 626 2500 tota
654 2444 878 2512 Judaaa,
913 2447 971 2500 et
1001 2448 1239 2516 propter
1267 2444 1735 2517 magnitudinem
1770 2460 2056 2515 pressurae
2162 2447 2388 2516 sanguis
2419 2463 2610 2515 regum
2667 2446 2765 2501 Dei
2814 2446 3090 2518 possidere
3145 2461 3255 2501 non
3309 2447 3582 2516 poterunt:
3610 2452 3738 2509 neque

412 2531 859 2589 ambulaverunt
889 2536 953 2587 ut
977 2532 1133 2603 caeci,
1166 2532 1306 2604 quid
1338 2537 1577 2604 agerent
1606 2533 1966 2605 ignorantes.
1990 2532 2060 2587 Et
2164 2536 2440 2606 corruptio
2472 2536 2930 2608 incorruptiovem
2957 2536 3055 2590 Dei
3076 2534 3189 2603 [ΑΙ.
3222 2537 3370 2588 tacet
3420 2532 3537 2603 υθέ)
3557 2526 3738 2586 heredi-

412 2621 533 2677 hsec
556 2620 715 2694 passi
744 2625 904 2687 sunt,
934 2621 1074 2692 quia
1104 2621 1372 2690 Domino,
1404 2622 1463 2676 id
1497 2626 1604 2689 est,
1628 2622 1730 2677 Dei
1755 2621 1898 2677 Filio
1921 2638 2057 2693 pec-
2164 2625 2301 2678 tabit
2331 2624 2375 2695 (Ι
2411 2623 2530 2679 Cor.
2563 2641 2658 2695 xv,
2687 2623 2801 2695 50).
2835 2624 2898 2677 In
2933 2623 3025 2678 die
3081 2638 3223 2695 ergo
3264 2614 3734 2679 consummationis,

413 2715 710 2779 caverunt.
741 2709 887 2765 Nam
920 2709 1059 2781 quia
1074 2709 1355 2765 fuderunt
1376 2710 1721 2782 sanguinem
1756 2710 2059 2783 propheta-
2165 2711 2251 2767 vel
2284 2710 2595 2783 generalis,
2628 2711 2718 2767 vel
2746 2709 3040 2783 specialis,
3064 2710 3261 2766 omnis
3277 2709 3505 2782 sanguis
3530 2706 3616 2779 qui
3631 2703 3736 2760 elin-

413 2815 545 2856 rum
567 2804 625 2855 et
653 2798 1001 2871 sanguinem
1032 2798 1270 2866 Christi,
1300 2799 1469 2855 fusus
1485 2804 1574 2854 est
1591 2798 1832 2872 sanguis
1854 2815 2057 2855 eorum
2168 2818 2270 2856 sus
2300 2805 2388 2856 est
2443 2799 2720 2855 clamabit
2777 2800 2849 2855 ad
2916 2799 3254 2856 Dominum.
3312 2804 3367 2855 et
3417 2794 3673 2870 apparebit
3691 2792 3732 2846 in

412 2889 565 2945 sicut
590 2889 811 2944 humus
838 2887 895 2941 in
930 2892 1053 2942 tota
1082 2887 1337 2960 regione,
1370 2892 1426 2943 et
1445 2904 1704 2960 .corpora
1735 2904 1937 2943 eorum
1971 2903 2058 2942 re-
2168 2889 2381 2957 medio,
2406 2892 2463 2945 et
2483 2905 2657 2961 opera
2679 2888 2987 2961 sanguinis
3008 2894 3187 2961 atque
3205 2894 3429 2945 terrena
3443 2887 3578 2943 sicut
3593 2879 3733 2956 pulvis

412 2981 758 3034 manserunt
789 2975 1099 3048 insepulta,
1138 2976 1292 3030 sicut
1322 2980 1578 3032 stercora
1622 2992 1798 3048 super
1848 2975 2055 3032 faciem
2108 3050 2113 3051 ί
2158 2978 2435 3050 jacebant
2459 2983 2517 3034 et
2546 2982 2821 3043 stercora,
2854 2981 2911 3033 et
2940 2983 3253 3051 argentum
3284 2985 3341 3033 et
3366 2991 3557 3033 aurum
3582 2970 3735 3028 divites

413 3065 822 3123 terrae.Divites
840 3080 1073 3136 quoque
1094 3080 1298 3119 eorum
1317 3064 1417 3135 qui
1437 3067 1747 3136 argentum
1773 3069 2056 3120 etaurum
2087 3050 2240 3122 C~de
2270 3067 2362 3122 die
2391 3066 2487 3121 irae
2522 3083 2636 3121 non
2668 3070 2943 3138 poterunt
2972 3050 3249 3138 liberare,
3280 3066 3534 3122 audiente
3573 3076 3645 3127 eo,
3668 3055 3739 3129 qui

416 3154 727 3227 iniquitate
748 3152 932 3208 nimia
948 3156 1463 3224 congregaverunt,
1499 3151 1710 3224 opibus
1726 3152 1849 3208 suis
1879 3153 1948 3209 de
1971 3153 2064 3209 die
2097 3206 2116 3217 ,
2174 3156 2452 3211 moritur:
2485 3156 2684 3222 Stulte,
2715 3156 2818 3211 hac
2844 3164 2998 3212 nocte
3027 3156 3258 3212 tolletur
3303 3156 3487 3211 anima
3529 3160 3611 3208 tua
3632 3165 3659 3203 α
3680 3154 3739 3205 te:

418 3243 517 3298 iraa
539 3240 771 3297 Domini
790 3257 904 3296 non
935 3244 1255 3312 potuerunt
1286 3239 1554 3295 liberari:
1594 3241 1749 3314 ignis
1777 3241 1931 3297 enim
1954 3243 2063 3298 zeli
2174 3262 2290 3315 qum
2321 3253 2505 3301 autem
2529 3247 2769 3316 parasti,
2801 3246 2958 3318 cujus
2987 3248 3153 3300 erunt
3184 3246 3335 3318 (Luc.
3383 3260 3496 3308 xm,
3522 3238 3629 3309 20)?
3650 3235 3740 3290 Non

416 3330 647 3392 Domini
679 3346 998 3385 succensus
1029 3329 1309 3385 adversus
1341 3345 1459 3398 eos,
1502 3329 1796 3386 devoravit
1827 3347 2063 3386 omnem
2174 3334 2326 3405 quod
2363 3347 2643 3406 negemus
2675 3350 2886 3390 aurum
2914 3338 2972 3390 et
3002 3339 3316 3406 argentum
3344 3330 3534 3387 divites
3555 3327 3743 3383 liberare

417 3421 799 3500 provinciam.
822 3419 937 3475 Nec
963 3418 1182 3491 grande
1203 3418 1316 3473 fuit
1337 3425 1569 3491 tempus
1588 3419 1645 3473 in
1666 3419 1856 3476 medio
1885 3437 1898 3476 :
1926 3437 2061 3475 nam
2166 3423 2243 3477 de
2264 3427 2446 3479 morte
2474 3439 2487 3480 :
2513 3424 2828 3496 Redemptio
2856 3424 3003 3480 enim
3024 3425 3138 3479 viri
3170 3423 3395 3487 animae,
3410 3419 3621 3493 propriae
3635 3412 3740 3468 diri-

417 3516 551 3588 post
580 3507 971 3585 quadraginta
1001 3510 1057 3579 et
1085 3507 1235 3563 duos
1267 3524 1454 3563 annos
1507 3508 1818 3563 Dominicze
1847 3510 2062 3579 crucis,
2172 3512 2267 3568 tim
2297 3512 2481 3583 (Prov,
2511 3529 2634 3579 x111,
2666 3513 2760 3581 8):
2809 3513 2912 3568 sed
2971 3512 3126 3585 quod
3163 3528 3230 3568 eo
3286 3517 3528 3583 tempore
3552 3504 3741 3561 liberare

417 3599 781 3661 circumdata
810 3601 899 3652 est
927 3596 998 3651 ab
1029 3596 1279 3651 exercitu
1311 3596 1665 3665 Jerusalem,
1707 3602 1763 3653 et
1786 3615 2064 3654 consum-
2175 3617 2289 3655 non
2318 3601 2565 3672 possint,
2598 3601 2834 3672 quando
2865 3600 3096 3657 divitias
3117 3600 3465 3657 necessitate
3483 3590 3736 3652 dimittunt.

416 3690 598 3749 matio
618 3688 779 3744 illius
799 3687 946 3742 facta
963 3690 1197 3742 estcum
1221 3685 1624 3753 festinatione,
1658 3692 1715 3742 et
1736 3704 1851 3743 non
1870 3687 2065 3743 solum
2174 3688 2379 3744 Omnis
2408 3691 2561 3744 enim
2594 3694 2748 3745 terra
2779 3693 2836 3744 et
2879 3690 3157 3745 universa
3214 3706 3340 3761 quas
3396 3691 3600 3743 terrena
3622 3679 3737 3743 sunt,

417 3781 600 3850 illius,
632 3778 734 3835 sed
761 3776 987 3833 cunctis
1019 3778 1184 3830 terra:
1243 3775 1456 3831 Judaeae
1510 3775 1962 3833 habitatoribus.
2001 3778 2064 3834 In
2175 3776 2296 3833 zelo
2340 3777 2563 3834 Domini
2593 3777 3042 3849 devorabantur.
3075 3779 3149 3834 Et
3182 3779 3336 3851 quod
3363 3777 3458 3843 ait,
3486 3765 3741 3842 zelo(d),in°

417 3866 923 3928 consummatione
941 3868 1135 3920 autem
1160 3863 1247 3920 vel
1267 3865 1473 3919 mundi
1493 3865 1578 3920 vel
1601 3866 2067 3938 uniuscujusque
2174 3865 2370 3939 tellige
2389 3866 2580 3922 adhuc
2602 3871 2898 3923 amantem
2920 3867 3264 3924 Dominum.
3289 3863 3556 3922 Nisienim
3576 3853 3743 3914 amaret

420 3957 783 4015 tribulantur
812 3970 1017 4011 omnes
1046 3953 1337 4015 homines,
1370 3954 1469 4025 qui
1502 3954 1769 4011 homines
1791 3972 2066 4027 perman-
2174 3955 2495 4010 humanam
2528 3956 2809 4023 animam,
2836 3971 3167 4028 numquam
3189 3956 3466 4013 zelaretur
3487 3940 3743 4007 eumnam

417 4050 642 4113 serunt,
675 4048 729 4100 et
759 4043 974 4098 mortui
1006 4046 1146 4097 sunt
1174 4041 1341 4113 quasi
1375 4042 1665 4098 homines.
1699 4047 1766 4097 Et
1793 4043 2065 4099 ambula-
2176 4043 2620 4102 similitudinem
2644 4044 3191 4118 mariti,peccatum
3215 4044 3566 4101 ulcisceretur
3579 4028 3740 4093 uxoris,

417 4135 567 4191 bunt
598 4136 664 4188 ut
693 4130 847 4198 caeci,
883 4130 1022 4203 quia
1073 4129 1270 4185 lumen
1324 4130 1626 4202 perdidere
1672 4130 1978 4200 virtutum,
2012 4136 2071 4188 et
2177 4131 2354 4203 qui,si
2376 4149 2491 4187 non
2514 4137 2758 4203 amaret,
2783 4149 2889 4189 nec
2911 4134 2981 4189 de
3001 4131 3295 4190 adulterio
3316 4123 3742 4204 ejusirasceretur.

413 4221 608 4278 locum
644 4218 995 4292 poenitentiae
1032 4234 1147 4273 non
1179 4217 1481 4273 habebunt
1505 4236 1517 4274 ε
1551 4223 1606 4274 et
1628 4219 1748 4275 haec
1775 4220 2069 4293 patientur
2176 4222 2246 4276 Et
2268 4221 2376 4275 hoc
2400 4220 2571 4276 faciet
2589 4221 2871 4277 Dominus
2896 4237 3033 4277 cum
3064 4222 3434 4278 festinatione
3459 4211 3645 4273 cunctis
3668 4205 3742 4261 ha-

422 4309 565 4383 quia
592 4306 839 4364 Domino
872 4310 1276 4380 peccaverunt.
1328 4307 1388 4361 Si
1436 4308 1593 4362 enim
1647 4307 1930 4365 Dominus
1961 4309 2067 4380 [Αι.
2180 4309 2504 4365 bitantibus
2536 4313 2773 4381 terram,
2805 4310 2898 4367 his
2930 4309 3120 4383 quise
3172 4311 3406 4384 penitus
3450 4313 3590 4364 terra
3614 4294 3737 4354 dedo:

419 4398 674 4485 Domini]
699 4397 939 4468 justitia
968 4399 1073 4485 est,
1106 4395 1340 4463 veritas,
1401 4396 1702 4465 sanctitas,
1735 4403 2070 4470 craterasque
2103 4420 2149 4485 ι)
2181 4399 2779 4464 runt,etnonfuerunt
2794 4399 3029 4456 advenas
3046 4399 3428 4473 etperegrini,
3451 4386 3737 4485 sicutjuttllf

420 4484 689 4555 virtutes,
723 4485 994 4559 quisquis
1026 4484 1249 4556 injuste
1280 4485 1432 4552 fecit,
1467 4490 1525 4540 et
1554 4487 1836 4542 mentitus
1877 4490 1984 4555 est,
2018 4493 2075 4543 et
2103 4474 2144 4485 ”
2184 4488 2283 4560 qui
2314 4486 2574 4559 loquitur
2596 4506 2610 4546 :
2632 4489 2853 4544 Advena
2880 4504 3004 4545 sum
3029 4506 3125 4558 ego
3152 4490 3214 4545 in
3237 4498 3405 4555 terra,
3434 4494 3483 4541 et
3498 4474 3738 4555 ρενηνάικι

424 4581 616 4634 scorta
649 4575 902 4647 vitisque
933 4578 1188 4630 sectatus
1221 4577 1329 4638 est,
1366 4576 1606 4631 Domino
1654 4576 1931 4648 peccavit.
1963 4577 2072 4632 Sed
2181 4578 2325 4632 sicut
2353 4593 2543 4632 omnes
2570 4579 2757 4649 patrss
2786 4580 2894 4634 mei
2925 4579 3035 4645 (Ps.
3060 4595 3302 4646 xxxvm,
3338 4578 3440 4648 12).
3469 4573 3531 4630 Et
3566 4570 3738 4622 rursum

421 4665 578 4738 quod
612 4665 915 4737 sequitur:
951 4664 1015 4719 Et
1042 4663 1359 4736 effundetur
1385 4666 1620 4737 sanguis
1675 4680 1872 4720 eorum
1930 4666 2075 4720 sicut
2185 4664 2321 4720 alibi
2356 4666 2558 4722 nolens
2581 4667 2878 4722 diutiusin
2912 4667 3292 4724 tabernaculo
3325 4663 3507 4723 carnis
3524 4652 3741 4715 habitare.

420 4753 640 4818 humus,
673 4756 725 4809 et
753 4768 980 4825 corpora
1010 4768 1196 4808 eorum
1210 4753 1353 4807 sicut
1372 4755 1610 4808 stercora
1642 4753 1817 4821 boum,
1844 4753 2078 4809 videtur
2186 4753 2545 4827 lacrymabili
2576 4772 2712 4811 voce
2734 4760 3002 4821 testatur,
3026 4757 3267 4813 dicens:
3293 4757 3401 4810 Heu
3417 4739 3749 4833 utillimum.”

422 4842 776 4911 absurdum,
815 4845 879 4896 ut
910 4840 967 4896 in
1003 4840 1426 4913 resurrectione
1483 4845 1869 4911 mortuorum,
1930 4847 1987 4897 et
2015 4842 2075 4897 in
2184 4843 2486 4915 regrinatio
2516 4861 2638 4900 mea
2662 4845 2988 4915 prolongata
3016 4849 3095 4901 est
3126 4846 3238 4918 (Ps,
3290 4859 3433 4908 cxix,
3486 4836 3555 4908 5).
3580 4831 3747 4923 Εῐθηξω

420 4931 930 4989 consummatione
964 4928 1170 4985 mundi
1206 4934 1380 5002 atque
1404 4930 1652 5002 judicio,
1698 4930 1963 4987 dicamus
1994 4933 2073 4987 ef-
2187 4933 2287 5004 qui
2319 4950 2530 4989 sumus
2560 4932 2619 4988 in
2651 4934 3031 4990 tabernaculo
3054 4934 3317 5011 corporis
3336 4924 3749 5000 bujus,ingem13‘

495 5074 574 5146 (a)
604 5072 933 5148 Recolenda
970 5072 1212 5148 haecest
1243 5072 1579 5148 Hieronymi
1605 5074 1946 5148 enarratioa
1975 5077 2077 5129 Pa-
2187 5075 2365 5148 guine
2383 5074 2674 5148 diciturin
2697 5075 3000 5148 Scriptura
3025 5093 3039 5131 :
3064 5074 3427 5148 Animaenim
3444 5066 3599 5128 01mm
3616 5064 3752 5116 Cum”

422 5143 935 5217 tribusTrosleani
957 5143 1227 5217 conciliiL
1247 5144 1464 5215 quibus
1497 5159 1623 5217 cap.
1686 5146 1753 5217 i3
1781 5144 2076 5217 laudatur.
2186 5143 2249 5201 in
2277 5147 2546 5217 sanguine
2565 5143 2869 5217 est(Levit,
2900 5164 3037 5211 xvn,
3072 5148 3182 5214 44).
3218 5146 3402 5202 MART.
3485 5209 3524 5217 __
3645 5195 3711 5217 ,Α

495 5192 949 5288 (ἱῖοῖιίἷιῖἷιῖἱῖ)
959 5192 1230 5271 ὀὲῑὸἕὸἘ
1238 5192 1390 5270 es};
1397 5192 1468 5270 ῖιὲ
1487 5192 1878 5271 efﬂari-£1133“
1885 5192 2081 5272 asa;
2187 5192 2412 5344 δὶῖῖιί
2420 5192 2642 5290 "saga:
2665 5192 3202 5290 Ξὲᾼὲῇιὶὶιᾶὲὶυῖἇὶ)
3217 5192 3460 5274 ἓέἆὲἀπι
3473 5209 3525 5268 id
3536 5199 3657 5281 quod
3671 5192 3747 5254 είδι

495 5305 541 5342 ιο
554 5288 729 5343 verba
747 5285 810 5339 τὸ
828 5292 885 5343 et
906 5289 1211 5344 αῖτος.αυω
1235 5286 1613 5342 mss.codices
1634 5286 1887 5343 retinent
1902 5285 2078 5344 etiam
2189 5290 2247 5344 ci
2281 5289 2491 5344 ebatur.
2524 5293 2632 5344 etc.
3730 5338 3739 5344 .

425 5285 541 5343 duo
554 5285 729 5343 verba
747 5285 810 5339 τὸ
828 5292 885 5343 et
906 5289 1211 5357 airoq,quaa
1235 5286 1613 5342 mss.codices
1634 5286 1887 5343 retinent
1902 5285 2078 5344 etiam
2189 5285 2491 5357 videbatur,
2523 5285 2632 5344 étc.

425 5338 885 5433 assesasses;
909 5338 1215 5433 magna;
1236 5338 1409 5433 eis:
1426 5338 1610 5424 599i;
1634 5338 2078 5433 asseasse;
2191 5338 2916 5433 ""(zzjsap’pisiviaoaus
2939 5361 3192 5433 Domini,_
3215 5364 3273 5417 et
3293 5375 3391 5433 pro
3411 5352 3614 5416 amaret,
3631 5338 3751 5401 amt.

425 5432 549 5499 guis
602 5431 779 5507 igitur
833 5428 1103 5507 hominis
1132 5428 1721 5507 tomticonaitoss‘E'st
1777 5428 1975 5507 autem
2014 5428 2077 5485 τὸ
2190 5436 2246 5488 et
2270 5428 2383 5506 pra
2411 5428 2761 5501 irasceretur,
2790 5433 3056 5491 irascitur
3083 5431 3244 5507 legit.

428 5499 653 5599 ζωτικὸῦ
672 5505 846 5578 αῖτος,
867 5500 1256 5561 habitaculum
1277 5504 1333 5560 et
1354 5500 1504 5561 sedes
1523 5502 1834 5579 vitu,quod
1858 5502 1928 5566 de
1948 5517 2079 5563 san-
