4022 6192
307 303 446 364 135⁸1

982 304 1730 369 COMMENTARIORUM
1777 305 1855 368 IN
1903 304 2358 368 SOPHONIAM
2405 306 2662 368 LIBER.
2706 305 2878 368 CAP.
2923 306 3002 370 Il.

3545 308 3704 372 1358

313 436 493 492 cimus
521 437 946 506 conquerentes
973 451 986 490 :
1012 438 1180 492 Miser
1199 436 1316 508 ego'
1346 438 1520 506 homo,
1553 441 1676 509 quis
1697 453 1783 492 me
1812 437 1938 494 libe-
1969 441 2024 504 Α
2053 442 2103 493 et
2131 440 2230 508 ﬂos
2259 438 2464 494 decidit
2496 457 2508 494 :
2544 439 2768 494 verbum
2795 445 2982 495 autem
3000 439 3220 496 Domini
3237 445 3424 496 manet
3443 443 3505 495 in
3526 450 3697 498 aeter-

313 525 453 579 rabit
481 523 546 578 de
574 539 794 594 corpore
815 525 1006 580 mortis
1033 526 1197 596 hujus
1228 526 1402 596 (Rom.
1435 543 1532 591 vn,
1563 526 1654 594 24)
1677 526 1704 579 ‘l

359 613 522 684 (Cap.
560 613 626 667 ΙΙ.
662 643 729 653 —
757 612 923 668 Vers.
958 614 1008 682 1,
1032 615 1130 684 2):
1183 615 1338 669 696
1361 616 1672 681 Convenite,
1720 630 1944 685 congre-

297 702 525 776 gamini,
557 717 690 771 gens
711 717 822 756 non
851 703 1110 757 amabilis
1137 720 1154 756 :
1185 719 1515 774 priusquam
1539 705 1728 774 pariat
1764 704 1942 773 jussio

301 792 446 864 quasi
481 790 765 860 pulverem
793 794 1168 846 transeuntem
1195 793 1382 846 diem:
1408 799 1701 862 antequam
1757 793 1943 846 veniat

297 895 444 950 super
471 895 562 934 vos
583 880 672 932 ira
698 877 916 950 furoris
946 880 1186 944 Domini,
1218 884 1516 950 antequam
1551 881 1736 934 veniat
1778 896 1941 950 super

297 984 375 1024 vos
394 970 483 1023 ira
506 966 914 1036 indignationis
931 966 1126 1040 [Vu1g.
1156 968 1272 1022 dies
1283 970 1508 1038 furoris]
1527 969 1764 1022 Domini.
1777 967 1934 1022 LXX:

299 1056 709 1128 Congregamini
735 1061 790 1110 et
819 1056 1188 1125 colligamini,
1212 1072 1342 1126 gens
1363 1057 1440 1128 (α)
1463 1055 1742 1112 inerudita
1769 1064 1939 1111 :ante-

296 1162 445 1217 quam
476 1145 597 1199 sitis
625 1145 765 1199 sicut
793 1145 897 1213 ﬂos
931 1147 1308 1215 pertransiens
1332 1144 1473 1199 diem
1496 1161 1508 1200 :
1531 1148 1825 1215 antequam
1847 1161 1937 1200 ve-

294 1236 400 1290 niat
423 1235 514 1288 ira
531 1234 754 1287 Domini
779 1249 943 1304 super
957 1248 1049 1288 vos
1070 1251 1089 1286 :
1112 1242 1404 1304 antequam
1432 1249 1594 1304 super
1623 1249 1714 1289 vos
1755 1235 1936 1289 irruat

299 1322 401 1378 dies
421 1322 746 1392 irzfuroris
757 1322 999 1377 Domini.
1021 1326 1156 1377 Post
1177 1323 1629 1394 descriptionem
1645 1321 1930 1378 malorum

307 1428 420 1484 qua:
439 1411 499 1466 in
517 1409 610 1465 die
629 1414 874 1466 ventura
886 1415 1026 1465 sunt
1038 1410 1622 1479 Domini(secundum
1641 1409 1932 1481 duplicem

301 1498 643 1572 captivitatis
660 1499 1291 1571 expositionem,quam
1326 1516 1508 1571 supra
1528 1499 1806 1571 diximus)
1831 1516 1931 1570 po-

294 1588 460 1661 pulus
490 1589 561 1644 ad
591 1588 992 1660 paenitentiam
1036 1595 1402 1659 provocatur,
1465 1595 1521 1642 et
1579 1588 1795 1643 dicitur
1843 1590 1927 1643 ei:

293 1677 595 1744 Convenite,
617 1680 669 1732 et
688 1667 1134 1750 congregamim,
1162 1677 1376 1743 sive,ut
1395 1676 1451 1731 in
1478 1677 1622 1732 LXX
1644 1677 1927 1749 scriptum

290 1767 471 1837 est,(b)
501 1765 927 1836 colligamini,id
947 1771 1054 1832 est,
1079 1771 1262 1821 estote
1283 1766 1448 1821 vobis
1473 1766 1660 1836 (juxta
1677 1769 1926 1837 Aposto-

288 1854 426 1926 lum)
455 1853 758 1910 charitatis
779 1853 1010 1910 vinculo
1041 1853 1296 1926 copulati
1324 1871 1337 1908 :
1363 1871 1492 1924 gens
1511 1871 1621 1910 non
1640 1855 1923 1921 amabilis,

287 1959 403 2014 quae
436 1959 638 1999 amore
669 1942 768 1998 Dei
803 1943 1040 2015 indigna
1068 1960 1130 1998 es
1152 1961 1170 1996 :
1203 1943 1323 1998 sive
1348 1958 1480 2012 gens
1510 1943 1808 2010 inerudito,
1855 1944 1927 1999 de

287 2049 396 2106 qua
425 2031 714 2088 diciturin
744 2031 1192 2086 Deuteronomio
1217 2032 1478 2102 :Populus
1502 2033 1720 2100 stultus,
1739 2041 1789 2088 et
1816 2048 1925 2086 non

284 2122 496 2193 sapiens
525 2121 706 2191 (Deut.
738 2137 913 2187 χχχιι,
946 2120 1023 2188 6).
1059 2124 1125 2173 Et
1148 2120 1203 2173 in
1234 2119 1526 2176 Jeremia:
1577 2120 1708 2176 Sine
1757 2137 1923 2175 causa

280 2211 518 2283 percussi
544 2209 688 2279 ﬁlios
717 2217 936 2273 vestros,
969 2208 1322 2280 disciplinam
1350 2224 1458 2264 non
1491 2211 1772 2280 recepistis
1789 2211 1918 2277 (Jer.

285 2315 344 2366 η,
374 2298 486 2370 30),
519 2302 836 2369 antequam
869 2298 972 2352 fiat
1002 2298 1156 2369 quod
1181 2297 1590 2368 prophetatum
1627 2302 1733 2367 est,
1769 2303 1923 2352 ante-

284 2404 455 2460 quam
487 2392 844 2460 praeceptum
875 2391 1160 2458 sequatur
1189 2386 1431 2441 effectus
1464 2386 1601 2458 (qod
1645 2385 1727 2440 ita
1758 2385 1923 2441 facile

280 2476 462 2532 veniet
492 2474 662 2548 quasi
694 2474 888 2548 pulvis
920 2474 1362 2546 pertransiens),
1397 2480 1716 2546 antequam
1748 2490 1925 2545 super

278 2581 378 2622 vos
406 2566 569 2621 furor
597 2564 831 2620 Domini
863 2562 1242 2635 compleatur.
1277 2563 1584 2634 Simulque
1619 2579 1788 2618 cerne
1821 2563 1921 2619 Dei

278 2647 642 2710 clementiam
671 2671 683 2708 :
719 2654 1028 2709 suffecerat
1057 2652 1448 2724 prudentibus
1480 2651 1773 2707 malorum
1827 2668 1920 2707 ve-

279 2744 564 2800 nientium
599 2743 886 2814 impetum
919 2740 1557 2812 descripsisse;verum
1615 2742 1752 2812 quia
1806 2758 1920 2796 non

274 2832 398 2889 vult
425 2831 642 2887 inferre
670 2829 1084 2902 supplicia,sed
1116 2834 1344 2884 tantum
1377 2835 1592 2884 terrere
1622 2847 1919 2901 passuros,

283 2923 411 2993 ipse
437 2921 508 2977 ad
544 2919 943 2992 paenitentiam
977 2924 1273 2990 provocat,
1307 2935 1379 2973 ne
1411 2918 1584 2974 faciat
1613 2920 1766 2990 quod
1813 2919 1921 2974 mi-

275 3016 450 3066 natus
479 3013 588 3065 est.
613 3008 1179 3065 Generaliterautem
1205 3011 1327 3062 tota
1350 3007 1660 3063 multitudo
1684 3009 1920 3063 creden-

273 3099 444 3166 tium,
475 3103 761 3153 eteorum
796 3097 897 3170 qui
926 3096 1026 3151 Dei
1086 3095 1340 3167 populus
1397 3101 1798 3168 nuncupatur,
1858 3097 1918 3153 in

2055 544 2206 582 num.
2243 527 2564 583 Possumus
2598 528 2706 583 hoc
2735 526 2989 599 capitulo
3021 528 3106 584 uti
3139 545 3240 600 pro
3285 532 3582 599 tempore:
3641 529 3693 584 si

2052 617 2286 686 quando
2317 617 2637 671 viderimus
2669 615 2922 688 aliquem
2953 617 3274 673 honoribus
3326 617 3519 672 saeculi
3577 619 3688 686 [ΑΙ.

2049 704 2224 759 addit.
2255 705 2601 771 deditum]et
2630 706 3056 776 congregandis
3077 705 3298 761 divitiis
3320 710 3694 778 occupatum,

2050 793 2121 846 ad
2154 792 2472 847 Ecclesiam
2494 792 2581 847 vel
2605 810 2754 859 raro,
2782 794 2868 848 vel
2895 810 3223 866 numquam
3266 793 3483 860 venire,
3517 799 3576 849 et
3605 794 3694 850 di-

2049 897 2174 936 cere
2203 882 2273 936 ad
2304 897 2460 953 eum,
2481 898 2830 953 congregare
2861 887 2918 936 et
2947 884 3299 954 coniungere
3321 882 3534 955 populo
3568 882 3693 950 Dei,

2047 970 2142 1040 qui
2178 969 2413 1025 Domini
2447 976 2733 1042 praecepta
2761 987 2878 1025 non
2910 971 3100 1039 audis,
3155 976 3470 1042 antequam
3494 959 3696 1043 gloria

2044 1062 2147 1113 tua
2173 1063 2566 1130 pertranseat,
2601 1063 2911 1129 antequam
2944 1060 3069 1114 dies
3089 1059 3194 1114 tibi
3218 1060 3432 1115 furoris
3461 1060 3696 1116 Domini

2051 1148 2340 1202 adveniat.

2117 1236 2303 1306 (Vers.
2342 1237 2394 1302 3,
2426 1237 2505 1307 4.)
2537 1239 2780 1305 Quaerite
2809 1239 3131 1301 Dominum,
3179 1253 3364 1294 omnes
3419 1239 3695 1294 mansueti

2048 1328 2267 1396 terram
2277 1327 2335 1379 ui
2342 1326 2631 1398 judicium
2651 1327 2770 1397 ejus
2791 1329 2920 1382 estis
2940 1327 3152 1398 operati
3171 1347 3192 1393 ;
3209 1328 3443 1398 quaerite
3452 1327 3691 1398 justum,

2043 1415 2279 1484 quaerite
2303 1419 2670 1482 mansuetum,
2702 1418 2754 1470 si
2780 1415 3043 1486 quomodo
3073 1413 3488 1469 abscondamini
3515 1417 3576 1469 in
3606 1415 3698 1471 die

2037 1502 2249 1570 furoris
2271 1503 2506 1558 Domini.
2533 1505 2678 1572 Quia
2701 1503 2848 1559 Gaza
2863 1504 3132 1559 destructa
3152 1505 3335 1573 erit,et
3355 1503 3586 1558 Ascalon
3633 1505 3694 1558 in

2035 1589 2328 1646 desertum.
2363 1593 2586 1646 Aeolum
2609 1594 2670 1646 in
2697 1592 2931 1648 meridie
2950 1593 3190 1662 ejicient,
3235 1599 3286 1646 et
3310 1593 3548 1646 Accaron
3567 1607 3691 1646 era-

2038 1678 2329 1734 dicabilur.
2367 1680 2504 1735 LXX
2535 1698 2547 1735 :
2581 1682 2821 1748 Quaerite
2850 1682 3165 1747 Dominum,
3218 1695 3405 1736 omnes
3457 1680 3694 1735 humiles

2040 1777 2244 1824 terrae:
2270 1769 2547 1840 judicium
2576 1771 2904 1840 Operamini,
2937 1773 2989 1824 et
3017 1770 3293 1832 iustitiam
3325 1771 3580 1839 quaerite,
3637 1777 3694 1825 et

2037 1860 2356 1927 respondete
2384 1873 2469 1919 ea,
2499 1866 2558 1912 ut
2586 1859 2958 1928 protegamini
2979 1859 3039 1912 in
3069 1858 3159 1913 die
3175 1858 3282 1914 ἰνικ
3309 1858 3687 1928 Domim,quia

2040 1944 2182 1999 Gaza
2204 1946 2429 2015 direpta
2456 1947 2581 2015 erit,
2615 1950 2664 2000 et
2694 1946 2923 2000 Ascaton
2948 1948 3007 2000 in
3026 1947 3299 2001 desertum
3323 1961 3337 2000 :
3388 1953 3439 2000 et
3491 1946 3688 2001 Azotus

2037 2033 2340 2088 inmeridie
2351 2035 2756 2105 projicietur,et
2779 2036 3019 2089 Aecaron
3039 2033 3688 2089 eradicabitur.Humilis

2039 2127 2198 2178 terrae
2239 2122 2588 2193 appellatur,
2623 2123 2723 2193 qui
2747 2140 2860 2178 non
2884 2122 3236 2190 humilitate,
3261 2139 3388 2193 quas
3411 2123 3684 2177 virtutem

2037 2216 2226 2278 sonat,
2259 2211 2358 2266 sed
2393 2211 2644 2282 peccatis
2674 2210 3022 2266 humiliatus
3052 2215 3158 2282 est,
3193 2227 3298 2266 nec
3329 2215 3520 2281 potest
3551 2227 3684 2265 cum

2034 2299 2260 2354 Christo
2283 2299 2474 2354 dicere
2505 2302 2734 2355 :Discite
2755 2317 2786 2354 a
2815 2301 3055 2371 me,quia
3078 2301 3235 2354 mitis
3254 2315 3398 2362 sum,
3422 2304 3473 2353 et
3503 2300 3683 2353 humi-

2034 2388 2272 2443 liscorde
2295 2388 2520 2456 (Matth.
2547 2389 2743 2459 x1,29).
2771 2388 2979 2444 Omnis
2999 2387 3155 2442 enim
3179 2387 3278 2457 qui
3301 2402 3362 2442 se
3385 2386 3680 2453 humiliat,

2033 2475 2402 2531 exaltabitur.
2439 2477 2504 2530 Et
2531 2494 2589 2530 1n
2623 2476 2735 2532 alio
2766 2476 2890 2531 loco
2921 2492 3112 2532 sermo
3135 2476 3202 2530 ad
3234 2480 3503 2530 sanctum
3536 2475 3681 2529 diri-

2031 2566 2190 2636 gitur
2215 2582 2227 2618 :
2249 2570 2467 2636 quanto
2499 2567 2686 2636 major
2708 2565 2907 2633 fueris,
2931 2570 3094 2620 tanto
3117 2564 3306 2636 magis
3327 2563 3576 2619 humilia
3594 2568 3680 2619 te-

2032 2654 2251 2726 ipsum,
2283 2659 2340 2708 et
2370 2671 2565 2709 coram
2597 2655 2712 2709 Deo
2742 2653 3002 2708 invenies
3054 2653 3304 2725 gratiam
3365 2653 3529 2722 (Eccl.
3566 2653 3675 2722 Ill).

2031 2742 2138 2808 Qui
2169 2747 2362 2799 autem
2387 2742 2638 2814 peccatis
2660 2742 3004 2797 humiliatus
3025 2746 3199 2808 est,et
3219 2746 3571 2813 aggravatus
3586 2747 3674 2796 est

2032 2832 2381 2887 conscientia
2405 2831 2772 2898 delictorum,
2805 2847 2870 2886 ac
2893 2830 3186 2902 loquitur:
3215 2830 3366 2885 Sicut
3384 2845 3520 2885 onus
3544 2847 3675 2901 gra-

2032 2937 2112 2976 ve.
2144 2924 2382 2992 gravata:
2405 2925 2531 2976 sunt
2551 2937 2713 2991 super
2741 2936 2824 2975 me
2854 2920 3337 2990 (Psal.xxxvn,5),
3371 2919 3482 2974 iste
3504 2919 3675 2976 debet

2032 3011 2236 3066 audire
2261 3028 2273 3065 :
2314 3011 2495 3066 Venite
2521 3009 2590 3064 ad
2620 3027 2707 3064 me
2727 3025 2912 3064 omnes
2942 3010 3038 3079 qui
3084 3009 3347 3063 laboratis
3379 3017 3432 3063 et
3459 3011 3674 3064 onerati

2029 3102 2180 3165 estis,
2213 3104 2264 3154 et
2283 3115 2378 3167 ego
2407 3098 2651 3167 reﬁciam
2672 3114 2760 3154 vos
2785 3098 2934 3168 (Mat.
2967 3114 3044 3164 x1,
3076 3098 3186 3168 28).
3210 3101 3329 3152 Hoc
3352 3097 3573 3152 dictum
3597 3098 3676 3152 sit

272 3187 586 3244 Ecclesium
618 3190 1025 3258 congregatur,
1067 3190 1125 3240 et
1154 3185 1367 3241 dicitur
1390 3186 1442 3240 ei
1476 3201 1488 3240 :
1522 3185 1830 3241 Convenite
1851 3186 1909 3242 in
1944 3171 1987 3237 C
2025 3188 2083 3242 iu
2119 3187 2404 3260 principio
2436 3187 2768 3243 secundum
2801 3186 2940 3242 LXX
2969 3186 3335 3256 interpretes.
3384 3185 3669 3242 Caeterum

270 3275 611 3343 Ecclesiam,
642 3273 951 3330 sociamini
979 3273 1144 3328 vobis
1178 3272 1283 3346 [ΑΙ.
1317 3274 1508 3344 nobis]
1545 3274 1826 3330 charitate
1858 3280 1915 3330 et
2015 3278 2185 3348 juxta
2205 3277 2552 3332 Hebraicum
2583 3276 2730 3331 alter
2758 3292 2969 3331 sensus
3000 3280 3108 3331 est.
3140 3274 3363 3330 Dicitur
3392 3274 3548 3330 enim
3591 3275 3662 3330 ad

269 3380 431 3437 pace,
464 3381 497 3420 ο
535 3379 682 3436 gens
713 3363 1026 3428 inerudite,
1058 3379 1185 3434 quas
1219 3379 1332 3418 non
1362 3362 1450 3418 vis
1501 3363 1603 3418 Dei
1661 3364 1916 3436 recipere

272 3452 783 3524 disciplinam,nec
795 3451 1009 3508 habere
1021 3451 1327 3507 scientiam
1344 3453 1752 3507 mandaturum
1765 3454 1913 3522 ejus;

271 3543 378 3599 sed
410 3541 630 3598 divitiis
661 3545 718 3597 et
755 3540 1016 3613 corporis
1072 3539 1321 3595 sanitate
1368 3545 1426 3595 et
1482 3539 1918 3611 pulchritudine

267 3631 455 3701 hujus
506 3629 732 3694 saeculi,
787 3629 983 3684 carnis
1030 3645 1264 3700 quoque
1316 3627 1714 3698 voluptatibus
1769 3627 1918 3684 dele-

275 3719 479 3785 ctaris,
512 3734 638 3789 quas
665 3717 879 3773 transit
931 3716 1100 3789 quasi
1160 3716 1266 3772 ﬂos
1321 3715 1420 3786 qui
1477 3716 1536 3770 in
1590 3732 1708 3770 una
1763 3732 1917 3771 mar-

271 3807 456 3864 cescit
481 3806 596 3862 die.
630 3810 942 3878 Propterea
961 3811 1159 3861 autem
1191 3804 1318 3860 dico
1374 3804 1560 3871 vobis,
1594 3805 1916 3871 convenite,

271 3895 606 3966 sociamini,
638 3912 712 3951 ne
743 3911 876 3950 cum
901 3894 1361 3965 judiciitempus
1392 3894 1634 3962 venerit,
1656 3897 1712 3948 et
1728 3894 1922 3950 omnis

272 3985 464 4059 gloria
492 3989 688 4040 vestra
716 3984 1014 4040 transierit
1042 4000 1055 4039 :
1078 3988 1220 4038 tunc
1239 3981 1428 4039 velitis
1449 3997 1619 4054 agere
1638 3983 1920 4052 pceniten-

266 4073 441 4139 tiam,
474 4073 712 4144 quando
744 4071 908 4128 locus
939 4089 1056 4127 non
1079 4071 1188 4127 erit
1216 4071 1698 4143 pcsnitentiae,sed
1723 4088 1920 4142 poena-

266 4179 431 4218 rum.
463 4161 692 4226 Quzerat
721 4160 961 4234 aliquis,
995 4161 1296 4232 quomodo
1327 4160 1436 4215 hoc
1495 4161 1690 4232 ipsum
1749 4176 1926 4231 super

265 4267 630 4323 unoquoque
663 4251 952 4323 migrante
979 4250 1052 4304 de
1083 4247 1297 4304 saaculo
1335 4249 1519 4322 possit
1552 4248 1923 4321 intelligi.Di-

263 4341 430 4396 citur
445 4340 592 4396 097
629 4355 766 4410 ergo
792 4339 864 4395 ad
887 4337 1153 4410 singulos
1177 4357 1190 4393 :
1221 4339 1264 4393 Ο
1287 4343 1370 4404 tu,
1391 4339 1491 4409 qui
1511 4337 1706 4393 saeculi
1741 4354 1924 4410 nego-

259 4429 374 4485 tiis
402 4433 742 4500 occupatus,
784 4443 887 4499 per
934 4427 1163 4482 diversa
1213 4427 1517 4495 discurris,
1547 4430 1831 4482 revertere
1864 4426 1920 4481 in

2025 3373 2255 3422 sanctos
2284 3382 2296 3419 :
2332 3365 2375 3419 0
2406 3381 2526 3430 vos,
2559 3365 2659 3435 qui
2691 3380 2822 3418 mea
2853 3369 3145 3434 praecepta
3175 3363 3505 3428 custoditis,
3565 3364 3666 3434 qui

2025 3454 2180 3510 698
2212 3454 2272 3507 in
2303 3457 2458 3506 terra
2485 3451 2681 3523 positi,
2711 3457 2768 3506 et
2807 3453 3076 3520 scientes,
3137 3451 3416 3520 quoniam
3472 3451 3666 3506 omnis

2026 3543 2124 3614 qui
2157 3558 2219 3596 se
2245 3539 2519 3595 humiliat
2538 3538 3127 3606 exaltabitur,imitati
3158 3538 3300 3593 estis
3330 3541 3669 3592 mansuetu-

2027 3631 2222 3686 dinem
2252 3645 2463 3694 meam,
2506 3633 2560 3682 et
2574 3626 2866 3698 judicium
2883 3626 3025 3681 estis
3048 3624 3537 3697 operati,qua3rite
3553 3625 3668 3680 Do-

2028 3719 2254 3776 minum
2278 3716 2337 3770 in
2360 3715 2810 3770 mansuetudine
2822 3715 3105 3769 vestra.Et
3119 3713 3167 3768 si
3181 3713 3357 3768 vultis
3373 3713 3520 3768 scire
3536 3713 3670 3785 quis

2029 3809 2138 3863 iste
2155 3807 2233 3862 sit
2261 3805 2564 3867 Dominus,
2588 3801 3092 3874 quasritejustum,
3135 3801 3374 3872 quaerite
3401 3817 3674 3856 mansue-

2027 3903 2153 3952 tum
2180 3911 2192 3949 :
2225 3900 2394 3950 Pater
2422 3895 2567 3947 enim
2590 3908 2749 3947 omne
2769 3889 3046 3963 judicium
3065 3889 3213 3946 dedit
3243 3891 3384 3945 Filio
3405 3889 3581 3961 (Joan.
3608 3906 3668 3957 v,

2028 3986 2140 4056 22),
2175 3984 2272 4055 qui
2305 3983 2372 4054 (ο)
2398 3983 2558 4052 juste
2580 3981 2955 4051 judicaturus
2985 3983 3094 4034 est.
3119 3980 3189 4034 Et
3218 3979 3356 4050 quia
3379 3979 3485 4050 [Αι.
3548 3978 3674 4050 qui]

2033 4071 2325 4128 mansueti
2355 4071 2517 4135 estis,
2552 4074 2857 4141 propterea
2885 4068 3126 4139 quaerite
3157 4071 3555 4135 mansuetum,
3607 4072 3674 4122 ut

2034 4161 2320 4234 quidquid
2353 4159 2412 4214 in
2439 4163 2634 4213 vestra
2664 4156 3121 4212 mansuetudine
3143 4157 3340 4211 minus
3361 4161 3473 4223 est,
3505 4155 3580 4211 ab
3605 4171 3673 4212 eo

2035 4250 2284 4323 quifons
2320 4252 2410 4304 est
2439 4245 2940 4312 mansuetudinis,
2969 4244 3306 4317 impleatur.
3330 4245 3448 4301 Hoc
3477 4250 3673 4300 autem

2035 4338 2338 4396 dicovobis
2363 4337 2438 4391 :Si
2455 4335 2747 4407 quomodo
2763 4333 3207 4390 abscondamini
3225 4334 3283 4387 in
3317 4333 3411 4388 die
3463 4332 3677 4387 furoris

2037 4427 2289 4491 Domini,
2323 4423 2432 4480 hoc
2463 4429 2571 4491 est,
2605 4423 2651 4478 si
2684 4423 2828 4478 forte
2854 4422 3090 4494 possitis
3119 4438 3188 4476 ex
3217 4437 3303 4488 eo,
3338 4421 3493 4492 quod
3523 4436 3679 4491 qure-

259 4522 614 4573 sanctorum
645 4515 989 4582 Ecclesiam,
1020 4521 1077 4571 et
1109 4517 1290 4587 junge
1329 4520 1384 4570 te
1433 4531 1645 4570 eorum
1681 4515 1812 4569 vitae
1871 4518 1929 4570 et
1960 4528 2002 4591 [)
2034 4511 2892 4582 sistisDominum,etjustitiam
2912 4509 3266 4581 ejus(d)estis
3283 4509 3676 4580 operati,iram

263 4605 448 4662 coetui
475 4621 625 4678 quos
656 4605 818 4660 vides
849 4604 1076 4677 placere
1112 4605 1244 4674 Deo,
1275 4609 1334 4659 et
1354 4602 1642 4658 dissoluta
1662 4604 1928 4659 membra

263 4694 487 4750 animai
525 4699 639 4748 tuae
673 4709 778 4748 nec
807 4693 918 4748 sibi
945 4692 1296 4747 cohaerentia
1325 4692 1383 4746 in
1417 4708 1594 4747 unam
1627 4692 1926 4764 sapientiae

262 4799 419 4856 coge
449 4799 816 4855 compagem,
838 4787 896 4836 et
923 4780 1085 4836 illius
1116 4781 1270 4837 hiare
1301 4781 1650 4852 complexui,
1685 4786 1744 4836 et
1789 4781 1926 4836 audi

264 4872 563 4944 mystice:
603 4869 1033 4940 Confortamini,
1065 4887 1263 4924 manus
1292 4870 1607 4926 dissolutae:
1640 4886 1823 4938 genua
1841 4870 1930 4926 de-

263 4962 442 5031 bilia,
474 4959 795 5015 solidamini
823 4959 972 5028 (Isai.
1010 4976 1096 5025 XL,
1133 4960 1228 5028 7):
1264 4975 1367 5014 nec
1389 4957 1654 5031 glorieris
1685 4959 1745 5013 in
1761 4959 1927 5015 bonis

264 5049 562 5115 carnis,et
591 5049 720 5119 ejus
751 5047 891 5103 ﬂore
943 5048 1042 5119 qui
1075 5047 1359 5119 praeterit:
1389 5050 1591 5104 Omnis
1621 5049 1771 5103 enim
1801 5064 1928 5104 caro

254 5139 555 5211 fenum,et
573 5138 750 5192 omnis
760 5138 941 5206 gloria
962 5137 1082 5208 ejus
1101 5137 1260 5208 quasi
1269 5139 1368 5208 ﬂos
1387 5137 1689 5208 [eni.Aruit
1708 5137 1930 5210 fenum,

350 5334 438 5406 (α)
462 5333 571 5390 Ms.
605 5333 860 5406 Regium,
893 5349 1026 5400 gens
1048 5349 1160 5390 non
1191 5334 1494 5406 inerudita,
1545 5334 1932 5392 dissentiente

262 5405 508 5475 Graec,
541 5410 599 5460 et
628 5405 782 5469 mox,
814 5407 1188 5475 pertransiens
1217 5405 1345 5461 diei.

357 5477 554 5549 (b)P_ro
573 5475 1103 5549 colligamini,idem
1127 5477 1930 5549 ms.habetsociamini,quam

357 5493 554 5549 (omo
573 5493 702 5532 com
743 5493 1103 5542 ammz,1aem
1127 5493 1742 5540 ms.naoetsoczammi,
1792 5493 1930 5533 nam

260 5549 418 5624 ipse
445 5493 1067 5624 videturlfieronymus
1086 5547 1394 5606 lectionem
1407 5550 1652 5622 probare
1672 5548 1732 5604 in
1749 5495 1894 5606 (Dom
1907 5579 1933 5594 -

268 5619 608 5683 mental-io.

2031 4606 2144 4662 diei
2166 4605 2348 4659 vitare
2376 4600 2674 4656 venientis
2703 4603 2761 4654 et
2789 4599 3037 4666 effugere
3092 4597 3508 4668 captivitatem,
3550 4611 3681 4667 qua:

2034 4695 2173 4751 vela
2203 4690 2753 4751 Nabuchodonosor,
2784 4685 2873 4740 vel
2898 4702 2932 4740 a
2953 4685 3234 4740 Romanis
3256 4685 3559 4740 inferenda
3593 4689 3683 4739 est

2037 4781 2250 4857 populo
2279 4779 2640 4844 Judaeorum,
2665 4775 2722 4830 Si
2757 4779 2952 4829 autem
2985 4774 3056 4828 de
3085 4773 3178 4829 his
3209 4773 3441 4829 dubitat
3463 4773 3683 4839 [Al.du-

2037 4869 2268 4940 bitantJ,
2301 4866 2399 4938 qui
2429 4862 2799 4935 ejusjudicia
2821 4863 3082 4928 fecerint,
3112 4862 3314 4918 dicens
3336 4861 3449 4930 [Αι.
3485 4861 3679 4916 dicen-

2039 4961 2170 5029 tes].
2202 4957 2262 5012 Si
2282 4954 2543 5026 quomodo
2563 4952 2982 5007 abscondamini
3011 4953 3070 5005 in
3090 4951 3184 5006 die
3203 4953 3416 5022 furoris
3434 4951 3680 5016 Domini,

2039 5049 2178 5122 quid
2195 5045 2373 5100 ﬁetde
2395 5041 2796 5114 peccatoribus
2810 5039 3025 5095 ‘I'I‘anta
3037 5039 3192 5096 enim
3215 5040 3455 5096 vastitas
3469 5040 3500 5094 J
3511 5039 3684 5094 udam

2040 5145 2205 5195 terra:
2236 5132 2515 5201 veniet,et
2545 5136 2666 5186 tam
2699 5129 2975 5184 sublimis
3001 5129 3182 5185 victor
3201 5129 3316 5185 huc
3333 5127 3687 5202 Babylonius

2110 5337 2180 5404 (c)
2196 5331 2409 5387 Vocem
2430 5328 2598 5404 juste,
2623 5343 2800 5398 quam
2835 5342 2902 5382 ex
2935 5325 3152 5404 nostris
3183 5341 3327 5381 mss.
3361 5341 3427 5379 ac
3461 5323 3687 5404 pridem

2039 5397 2334 5480 Victorius
2355 5417 2386 5456 e
2408 5397 2554 5480 suis,
2586 5397 2794 5480 utpote
2845 5397 3256 5463 necessariam,
3318 5399 3686 5467 reposuerat,

2043 5475 2310 5545 Martian.
2346 5470 2737 5545 praetermisit.

2112 5549 2188 5618 (d)
2211 5538 2419 5618 Verba,
2439 5542 2566 5618 estis
2587 5542 2799 5612 operati
2806 5581 2821 5618 ._
2838 5539 3297 5618 _Re_gin._ms.non
3320 5538 3521 5599 habet:
3545 5542 3672 5598 tum

2041 5610 2159 5696 Dei,
2173 5610 2320 5678 'cum
2340 5610 2747 5694 Viotodoﬁiro
2779 5612 2906 5673 diei
2925 5610 3082 5688 legit.
