4022 6192
299 430 455 503 1861

1007 439 1761 507 COMMENTARIORUM
1805 438 1886 504 IN
1930 426 2359 508 SOPHINIAM
2404 442 2661 509 LIBER.
2704 440 2879 510 CAP.
2924 440 3003 511 II.

3547 420 3702 510 ista?

300 572 691 649 Symmachus
708 578 941 649 quoque
962 570 1110 637 ἔθνος
1144 573 1586 650 ὀλεθρευόμενον,
1604 593 1729 648 quae
1748 575 1946 631 omnia

2062 580 2244 648 pterea
2272 578 2391 634 vivo
2416 594 2534 647 ego,
2557 580 2693 635 dicit
2711 579 2970 636 Dominus
2990 578 3130 636 Deus
3150 574 3342 652 [Vulg
3371 577 3524 634 tacet
3544 578 3703 648 Deus]

300 681 435 722 cum
456 664 939 738 interpretatione
958 671 1155 722 nostra
1172 667 1412 722 faciunt.
1428 667 1709 733 Rursum,
1724 666 1825 721 ubi
1842 682 1950 722 nos

298 754 575 821 diximus,
612 755 677 809 Et
703 756 809 810 erit
825 756 1112 826 [uniculus
1132 758 1303 811 maris
1324 758 1543 828 requies
1559 761 1847 827 pastorum
1861 799 1875 823 ,
1894 758 1951 810 et

296 859 501 900 omnes
558 843 903 916 interpretes
949 844 1087 899 huic
1128 844 1497 901 translationi
1531 847 1947 916 congruerunt,

293 931 572 988 scribitur
626 931 689 986 in
749 932 936 988 LXX:
986 935 1053 988 Et
1096 935 1203 989 erit
1234 934 1395 989 Creta
1437 950 1641 1005 pascua
1671 933 1865 1005 gregis,
1898 936 1950 987 et

295 1021 438 1077 ovile
451 1036 725 1091 pecorum.
743 1020 927 1093 Igitur
946 1022 1352 1093 spiritualihus
1370 1022 1699 1094 spiritualia
1718 1039 1949 1093 compa-

296 1113 515 1176 rantes,
541 1114 598 1165 et
622 1108 882 1181 Vulgatas
909 1111 1180 1166 editionis
1202 1115 1452 1184 coeptam
1479 1110 1657 1167 semel
1681 1115 1946 1167 tenentes

296 1198 591 1267 semitam,
607 1199 926 1270 quaerimus
945 1217 1019 1256 an
1037 1200 1177 1256 alibi
1196 1202 1253 1256 in
1274 1200 1591 1273 Scripturis
1613 1199 1832 1257 sanctis
1851 1216 1948 1254 no—

298 1303 433 1344 men
453 1287 633 1343 Cretae
658 1287 995 1361 legerimus.
1020 1289 1109 1355 Et,
1136 1289 1193 1343 ni
1218 1289 1404 1359 fallor,
1426 1290 1565 1345 illud
1594 1291 1651 1344 in
1673 1293 1946 1362 promptu

295 1381 425 1433 est:
470 1376 750 1432 Cretenses
778 1394 989 1449 semper
1014 1379 1299 1434 mendaces
1332 1397 1345 1434 :
1379 1381 1550 1436 malae
1580 1380 1784 1447 bestiae,
1818 1396 1945 1434 ven-

295 1458 405 1521 ires
428 1466 585 1537 pigri
609 1482 628 1519 :
658 1467 1033 1522 testimonium
1062 1466 1160 1523 hoc
1188 1485 1376 1523 verum
1404 1477 1483 1524 est
1510 1469 1633 1541 (Tit.
1660 1485 1694 1539 ι,
1722 1469 1807 1532 12,
1834 1469 1941 1536 13).

295 1553 404 1620 Qui
431 1554 721 1610 ﬂuctuant
749 1560 804 1610 et
836 1556 1332 1613 circumferuntur
1360 1557 1520 1613 omni
1546 1561 1717 1613 vento
1738 1555 1945 1612 doctri-

294 1660 381 1699 nae
402 1644 462 1699 in
487 1644 826 1716 deceptione
849 1644 1181 1717 hominum,
1204 1646 1264 1701 in
1286 1648 1541 1702 versutia
1562 1647 1775 1702 erroris
1802 1662 1813 1701 :
1846 1645 1945 1701 isti

293 1747 431 1787 cum
462 1732 772 1788 debuerint
793 1734 852 1788 in
874 1741 1029 1789 terra
1052 1734 1458 1806 confessionis,
1485 1736 1592 1791 hoc
1613 1739 1721 1799 est,
1751 1734 1807 1788 in
1828 1738 1940 1789 ter-

292 1826 361 1876 r'a
406 1821 668 1877 habitare
704 1823 936 1887 Iudam,
994 1822 1304 1879 voluerunt
1333 1824 1522 1896 magis
1554 1824 1783 1879 advenae
1815 1839 1951 1879 esse

293 1910 661 1967 Cretensium
707 1911 806 1983 qui
848 1911 1093 1967 diversis
1123 1912 1303 1983 maris
1332 1913 1610 1968 ﬂuctibus
1642 1912 1776 1967 hinc
1807 1912 1942 1967 inde

292 2000 650 2068 tunduntur,
664 2000 741 2071 (a)
760 2004 819 2056 et
840 2004 1051 2056 sonant
1068 2017 1177 2056 aere
1189 2000 1553 2074 Corybantio,
1569 2006 1627 2057 et
1648 2001 1946 2071 sunt,jux-

295 2091 359 2144 ta
378 2087 744 2161 Apostolum,
758 2092 920 2161 quasi
937 2090 1250 2162 cymbalum
1269 2092 1517 2147 tinniens
1534 2091 1578 2163 (I
1594 2091 1713 2147 Cor.
1727 2107 1852 2161 xm,
1869 2091 1941 2161 1).

295 2177 368 2233 Et
398 2176 537 2250 quia
567 2177 799 2233 advenae
829 2182 968 2234 sunt
997 2178 1378 2245 Cretensium,
1430 2179 1559 2235 ideo
1601 2196 1791 2235 sermo
1826 2179 1943 2251 Dei,

296 2265 409 2322 hoc
438 2268 551 2331 est;
581 2265 959 2322 comminatio
991 2265 1056 2320 fit
1086 2268 1158 2323 ad
1192 2266 1324 2322 illos
1357 2286 1369 2323 :
1402 2276 1458 2323 et
1487 2269 1763 2323 dicuntur
1790 2272 1947 2323 terra

296 2354 573 2410 Chanaan
597 2370 830 2427 semper
850 2355 908 2409 in
935 2355 1138 2423 ﬂuctu,
1164 2372 1398 2429 semper
1416 2356 1474 2411 in
1499 2362 1679 2419 motu.
1706 2362 1762 2413 et
1781 2362 1945 2412 terra:

292 2441 735 2515 Allophylorum
762 2460 775 2498 :
804 2442 976 2500 alieni
1005 2445 1159 2499 enim
1184 2462 1218 2500 a
1239 2449 1372 2510 Deo,
1400 2446 1457 2500 in
1483 2445 1744 2501 funiculo
1768 2446 1947 2501 maris

292 2531 429 2588 etin
458 2534 640 2589 Creta:
663 2533 897 2605 regione
915 2538 1243 2589 versantur.
1274 2534 1364 2590 Fit
1389 2524 1585 2606 itaque
1607 2536 1677 2590 ad
1702 2552 1798 2591 eos
1822 2551 1945 2590 ser-

290 2637 389 2677 mo
430 2621 547 2688 Dei,
600 2620 684 2677 vel
734 2622 793 2677 in
826 2623 1336 2679 consummatione
1366 2628 1423 2678 et
1452 2623 1566 2678 ﬁne
1598 2624 1824 2695 mundi,
1856 2623 1944 2679 vel

292 2709 556 2781 quotidie
577 2721 681 2781 per
698 2709 1127 2767 ecclesiasticos
1150 2710 1328 2777 viros,
1343 2716 1400 2767 et
1421 2713 1518 2783 qui
1543 2717 1793 2783 possunt
1814 2727 1946 2766 cum

295 2798 562 2871 apostolo
590 2799 783 2855 dicere
807 2817 819 2855 :
855 2800 938 2855 An
967 2803 1405 2872 experimentum
1435 2804 1686 2871 quaeritis
1709 2803 1826 2872 ejus
1854 2801 1953 2873 qui

297 2889 363 2943 in
386 2904 473 2944 me
495 2889 736 2960 loquitur
757 2888 998 2945 Christus
1026 2890 1099 2962 (II
1122 2890 1242 2945 Cor.
1265 2907 1389 2957 xm,
1417 2889 1519 2961 3)?
1549 2894 1614 2944 ut
1643 2889 1952 2959 cjiciantur

301 2977 376 3033 de
403 2978 591 3044 Creta,
647 2981 706 3033 et
749 2978 1070 3050 perdantur
1099 2979 1169 3034 de
1202 2979 1460 3051 pristinis
1491 2979 1951 3035 habitationibus

303 3066 450 3133 suis,
473 3071 531 3121 et
548 3064 650 3121 illa
674 3067 829 3139 regio
851 3084 978 3139 qua:
1001 3067 1166 3139 prius
1191 3085 1425 3140 gregem
1451 3069 1746 3140 perditum
1768 3067 1950 3123 conti-

303 3155 501 3226 nebat,
525 3155 768 3227 incipiat
788 3172 916 3212 esse
934 3156 1082 3211 ovile
1103 3174 1377 3228 pecorum
1401 3157 1616 3213 Christi
1638 3176 1650 3213 :
1676 3162 1731 3213 et
1744 3158 1775 3213 J
1785 3157 1949 3224 udas,

302 3244 364 3299 id
412 3249 520 3311 est,
570 3260 705 3300 vera
751 3245 1062 3314 confessio,
1098 3245 1319 3301 habitet
1349 3246 1406 3301 in
1439 3246 1716 3302 funiculis
1748 3245 1948 3301 maris.

303 3332 573 3404 Cumque
595 3333 721 3403 jam
753 3334 988 3405 cmperit
1016 3350 1143 3389 esse
1169 3335 1427 3390 mundus
1448 3336 1521 3391 ad
1544 3352 1867 3408 vesperam,
1893 3340 1951 3391 et
1980 3319 2022 3386 C

302 3421 377 3478 de
397 3421 605 3477 multis
626 3422 846 3478 vocatis
869 3421 1037 3494 pauci
1056 3422 1243 3489 electi,
1257 3428 1313 3478 et
1333 3423 1433 3495 qui
1458 3441 1611 3479 nunc
1628 3424 1837 3496 reliqui
1856 3440 1949 3479 vo-

303 3514 516 3567 cantur
543 3512 615 3567 de
644 3511 817 3566 domo
844 3511 1019 3578 Juda,
1055 3511 1320 3584 paverint
1339 3529 1437 3568 eos
1472 3513 1570 3584 qui
1603 3513 1859 3585 primum
1888 3513 1949 3568 in

302 3600 479 3669 mari,
508 3604 565 3655 et
593 3599 653 3655 in
684 3604 870 3669 Creta,
891 3604 960 3655 et
982 3601 1039 3655 in
1064 3600 1366 3656 mendacio
1398 3601 1820 3672 pascebantur:
1853 3602 1949 3657 de-

303 3687 609 3744 clinabunt
624 3688 683 3743 in
705 3688 978 3744 domibus
990 3689 1313 3756 Ascalonis,
1327 3689 1382 3743 id
1399 3694 1487 3744 est
1501 3690 1596 3743 ubi
1622 3690 1784 3761 prius
1798 3690 1951 3762 ignis

305 3776 527 3833 diaboli
579 3781 636 3832 et
684 3777 1121 3833 interfectorum
1154 3779 1432 3833 manabat
1457 3795 1628 3833 cruor
1661 3794 1673 3834 :
1723 3779 1950 3834 Ascalon

306 3866 467 3921 enim
498 3866 911 3937 interpretatur
940 3868 1085 3938 ignis
1116 3867 1410 3923 homicida.
1455 3871 1519 3921 Et
1549 3867 1657 3922 hoc
1688 3868 1787 3922 ﬁet
1815 3866 1956 3938 quia

305 3954 568 4011 visitabit
586 3954 871 4011 Dominus
893 3955 1173 4028 populum
1201 3973 1398 4022 suum,
1431 3960 1488 4011 et
1514 3956 1573 4010 hi
1597 3955 1847 4028 quiante
1872 3957 1953 4011 fa~

307 4042 420 4099 cile
441 4044 821 4115 capiebantur
841 4044 1305 4115 sophismatibus
1337 4044 1761 4115 hzereticorum,
1788 4045 1955 4117 quasi

309 4122 387 4188 de
398 4132 730 4205 captivitate
751 4133 1068 4201 venientes,
1092 4133 1324 4189 vincent
1348 4134 1711 4190 adversarios
1727 4151 1887 4201 suos,
1903 4137 1959 4188 et

307 4210 662 4278 habitabunt
677 4223 899 4278 102m
923 4222 1315 4279 tabernaculis
1335 4240 1560 4280 eorum.
1576 4224 1737 4288 Quod
1762 4229 1956 4279 autem

308 4309 527 4383 legitur
556 4312 616 4366 in
649 4310 803 4381 LXX,
833 4312 870 4366 Α
902 4313 1046 4378 facie
1072 4313 1321 4382 ﬁliorum
1346 4312 1507 4382 Iuda,
1542 4312 1707 4368 ohelo
1732 4330 1957 4384 praeno-

306 4397 587 4470 t'avimus,
622 4415 729 4455 nec
760 4400 817 4454 in
852 4401 1089 4455 Hebraeo
1119 4399 1297 4466 enim,
1328 4401 1437 4455 ned
1460 4401 1611 4472 apud
1638 4400 1825 4455 ullum
1850 4403 1958 4456 fer-

308 4492 408 4542 tur
436 4488 843 4561 interpretum,
879 4494 935 4545 et
964 4492 1298 4545 contextum
1335 4490 1573 4562 capituli
1602 4505 1960 4562 sensumque

309 4572 621 4633 conturbat
658 4594 773 4632 non
822 4578 972 4649 quod
1007 4577 1244 4633 difficile
1295 4577 1470 4633 fuerit
1500 4579 1959 4649 quomodocum-

2056 666 2415 733 exercituum,
2448 668 2587 724 Deus
2615 669 2788 724 Israel
2819 687 2836 722 :
2882 671 3011 741 quia
3041 668 3198 726 Moab
3227 675 3289 724 ut
3317 666 3547 723 Sodoma
3578 667 3707 737 erit,

2057 757 2108 811 et
2137 756 2249 826 ﬁlii
2276 761 2507 811 Ammon
2536 759 2696 828 quasi
2728 758 3034 813 Gomorrha
3055 775 3073 812 :
3105 759 3326 813 siccitas
3347 758 3636 829 spinarum
3657 762 3711 812 et
3757 785 3762 789 -

2057 845 2245 900 acervi
2270 847 2425 911 satis,
2459 851 2511 901 et
2535 847 2805 902 desertum
2840 864 3011 921 usque
3035 848 3095 901 in
3122 856 3419 913 aeternum,
3451 845 3708 918 reliquiz

2054 935 2249 1006 populi
2278 938 2392 990 mei
2418 934 2689 1007 diripiant
2712 951 2800 990 eos
2822 954 2839 989 :
2871 936 3080 991 residui
3106 935 3286 1004 gentis
3304 951 3436 991 mese
3460 934 3708 1007 posside-

2058 1024 2192 1078 bunt
2220 1024 2363 1078 illos.
2399 1026 2504 1079 Hoc
2534 1026 2613 1080 eis
2642 1027 2844 1080 eveniet
2860 1040 2957 1096 pro
2977 1026 3234 1097 superbia
3255 1041 3375 1091 sua,
3400 1027 3531 1096 quia
3553 1024 3707 1079 blas-

2052 1112 2467 1183 phemaverunt,
2508 1121 2560 1168 et
2588 1114 2932 1183 magniﬁcati
2959 1122 3089 1169 sunt
3116 1130 3282 1185 super
3304 1115 3570 1186 populum
3601 1114 3707 1168 Do-

2055 1203 2200 1255 mini
2218 1203 2577 1257 exercituum.
2604 1202 2900 1258 Horribilis
2928 1204 3199 1258 Dominus
3220 1219 3385 1274 super
3408 1217 3498 1258 eos
3515 1218 3535 1256 :
3557 1210 3607 1257 et
3626 1204 3711 1257 at-

2053 1292 2300 1347 tenuabit
2328 1308 2512 1347 omnes
2532 1295 2661 1347 deos
2689 1297 2866 1361 terrm,
2894 1296 2943 1347 et
2967 1294 3286 1348 adorabunt
3314 1308 3441 1347 eum
3462 1289 3705 1362 viri[A1.

2055 1380 2163 1449 uir]
2195 1380 2260 1434 de
2294 1382 2405 1436 loco
2434 1397 2551 1448 suo,
2579 1398 2767 1436 omnes
2792 1383 2994 1439 insula:
3013 1384 3279 1451 gentium.
3304 1380 3475 1438 LXX:
3509 1380 3710 1436 Audivi

2054 1472 2405 1540 Opprobrium
2434 1470 2608 1537 Moab,
2635 1478 2684 1526 et
2704 1472 3061 1527 contumelias
3088 1472 3330 1541 ﬁliorum
3350 1472 3616 1526 Ammon:
3647 1469 3707 1525 in

2054 1559 2249 1629 quibus
2275 1560 2742 1631 exprobrauerunt
2759 1562 2967 1633 populo
2986 1576 3128 1626 meo,
3149 1568 3199 1616 et
3222 1561 3562 1631 magniﬁcati
3577 1564 3708 1615 sunt

2051 1663 2183 1720 sape
2212 1651 2470 1704 terminos
2504 1665 2665 1705 meos.
2704 1653 2994 1721 Propterea
3032 1651 3155 1705 vivo
3186 1666 3307 1719 ego,
3340 1649 3486 1706 dicit
3514 1649 3703 1703 Domi-

2052 1753 2155 1790 nus
2186 1736 2297 1808 [ΑΙ.
2334 1739 2594 1793 Dominus
2623 1739 2806 1809 Deus],
2837 1740 3129 1804 virtutum,
3166 1738 3306 1793 Deus
3334 1738 3505 1793 Israel
3528 1755 3541 1793 :
3575 1738 3707 1808 quia

2054 1827 2214 1882 Moab
2243 1828 2382 1881 sicut
2414 1826 2641 1881 Sodoma
2672 1828 2796 1892 erit,
2826 1831 2878 1881 et
2901 1826 3010 1897 ﬁlii
3028 1828 3256 1881 Ammon
3290 1827 3449 1897 quasi
3477 1824 3703 1881 Gomor-

2053 1915 2181 1985 rha,
2210 1918 2261 1969 et
2292 1915 2588 1969 Damascus
2617 1914 2878 1971 derelicta
2898 1916 3059 1987 quasi
3080 1931 3305 1970 acervus
3332 1922 3562 1984 arew,et
3584 1914 3699 1969 dis-

2051 2003 2232 2074 sipata
2259 2019 2426 2075 usque
2457 2005 2514 2057 in
2546 2005 2958 2075 sempiternum,
2985 2010 3036 2058 et
3066 2004 3163 2075 qui
3190 2004 3397 2074 reliqui
3416 2003 3629 2072 fuerint
3646 2002 3712 2058 de
3732 1988 3749 1997 ’

2050 2093 2248 2164 populo
2277 2107 2393 2147 meo
2422 2091 2685 2163 diripient
2713 2102 2821 2158 eas,
2853 2095 2908 2147 et
2933 2089 3142 2147 residui
3168 2093 3344 2162 gentis
3371 2104 3512 2148 mem
3535 2088 3712 2163 possi-

2054 2181 2263 2237 debunt
2290 2196 2413 2236 eos:
2445 2181 2543 2235 hoc
2574 2181 2683 2235 erit
2713 2183 2792 2235 eis
2819 2196 2919 2251 pro
2944 2180 3278 2236 contumelia
3307 2195 3431 2251 sua,
3456 2181 3591 2251 quia
3618 2193 3711 2234 ex-

2049 2270 2448 2341 probrauerunt
2468 2278 2518 2323 et
2536 2271 2879 2339 magni/icali
2907 2277 3036 2324 sunt
3062 2284 3228 2339 super
3256 2269 3552 2324 Dominum
3580 2282 3706 2322 om-

2038 2360 2433 2434 nipotentem:
2484 2359 2820 2427 manifestus
2865 2359 2971 2412 erit
3020 2358 3277 2411 Dominus
3325 2372 3489 2427 super
3515 2370 3625 2421 eos,
3657 2362 3709 2409 et

2054 2446 2322 2518 disperdat
2347 2462 2531 2501 omnes
2561 2444 2688 2501 deos
2708 2447 2957 2514 gentium
2979 2453 3162 2515 terra},
3183 2449 3237 2499 et
3257 2444 3563 2499 adorabunt
3581 2459 3708 2499 eum

2053 2536 2264 2606 singuli
2294 2535 2367 2590 de
2396 2535 2510 2590 loco
2539 2551 2657 2601 suo,
2682 2550 2866 2590 omnes
2896 2535 3100 2590 insulae
3126 2534 3394 2604 gentium.
3421 2531 3583 2599 Quod
3610 2534 3705 2588 ex-

2056 2629 2221 2696 cepto
2255 2622 2485 2678 Daniele
2517 2622 2818 2695 propheta,
2848 2622 2948 2695 qui
2982 2626 3237 2693 quatuor
3261 2616 3576 2694 regnorum
3600 2628 3709 2676 sae-

2057 2713 2189 2784 pius
2219 2711 2404 2768 cernit
2430 2711 2707 2778 visiones,
2740 2716 2798 2766 et
2828 2726 3031 2765 eorum
3054 2708 3412 2765 differentias
3438 2710 3547 2764 sub
3571 2707 3705 2764 aliis

2058 2807 2232 2874 atque
2262 2801 2392 2856 aliis
2423 2800 2783 2873 imaginibus
2817 2799 3054 2872 exponit
3102 2799 3263 2871 (Dan.
3309 2798 3459 2868 VIII),
3505 2797 3707 2874 Isaias,

2058 2889 2361 2958 Jeremias,
2396 2888 2656 2945 Ezechiel
2690 2888 2928 2959 faciunt,
2963 2893 3028 2943 ut
3071 2892 3202 2959 post
3229 2886 3515 2942 visionem
3545 2880 3711 2941 Jude

2060 2980 2370 3035 adversum
2425 2984 2662 3033 caeteras
2713 2979 3004 3041 nationes,
3056 2993 3184 3048 quae
3213 2975 3273 3030 in
3306 2975 3553 3031 circuitu
3585 2975 3713 3045 ejus

2060 3071 2218 3139 sunt,
2241 3071 2473 3123 vertant
2502 3066 2870 3134 vaticinium,
2892 3070 2949 3120 et
2969 3065 3142 3137 juxta
3164 3060 3435 3135 ἰδιώματα
3455 3063 3715 3136 singula-

2062 3173 2215 3223 rum,
2249 3173 2373 3228 qucc
2405 3155 2489 3211 eis
2520 3160 2764 3210 ventura
2796 3158 2955 3225 sunt,
2990 3154 3284 3221 nuntient,
3317 3154 3493 3224 atque
3525 3153 3583 3206 in
3617 3152 3712 3206 de-
3748 3214 3755 3225 λ

2062 3247 2376 3318 scriptione
2396 3262 2597 3301 earum
2613 3243 2836 3299 diutius
2856 3243 3270 3298 immorentur:
3292 3241 3401 3297 hoc
3415 3258 3569 3297 nunc
3585 3256 3714 3314 pro-

2061 3335 2236 3407 pheta
2256 3335 2598 3406 Sophonias,
2615 3349 2974 3404 quamquam
3000 3330 3484 3397 breviter,eodem
3506 3334 3701 3385 tamen

2058 3418 2259 3480 ordine
2290 3423 2445 3478 facit.
2478 3423 2614 3477 Post
2642 3420 3001 3476 Philisthiim
3028 3419 3183 3475 enim
3211 3423 3412 3474 contra
3434 3434 3583 3490 quos
3605 3434 3701 3473 su-

2059 3529 2164 3585 pra
2214 3510 2590 3566 comminatio
2639 3508 3035 3581 prascucurrit,
3088 3509 3237 3563 103
3277 3507 3449 3571 Gaza,
3480 3505 3696 3579 inquit,

2060 3601 2358 3655 destructa
2386 3598 2514 3666 erit,
2549 3603 2605 3653 et
2633 3596 2878 3653 Ascalon
2912 3597 2969 3650 in
3004 3596 3323 3663 desertum,
3365 3596 3607 3650 Azotum
3640 3594 3697 3647 in

2062 3688 2303 3744 meridie
2333 3687 2581 3757 cjicient,
2614 3692 2669 3740 et
2697 3688 2951 3740 Accaron
2980 3683 3392 3740 eradicabitur.
3412 3682 3579 3737 Nunc
3600 3680 3702 3737 ad-

2060 3794 2264 3833 versus
2294 3778 2483 3840 Moab,
2513 3780 2569 3831 et
2597 3774 2749 3829 filios
2770 3776 3040 3839 Ammon,
3066 3771 3185 3827 sive
3207 3776 3273 3825 ut
3291 3770 3351 3825 in
3378 3771 3520 3826 LXX
3539 3766 3703 3825 addi-

2063 3871 2188 3922 tum
2215 3871 2324 3931 est,
2357 3871 2559 3920 contra
2584 3866 2956 3930 Damascum,
2983 3878 3107 3934 quae
3129 3860 3188 3915 in
3215 3859 3364 3915 Isaia
3383 3859 3538 3931 (Cap.
3568 3858 3707 3929 xvu)

2064 3955 2278 4010 dicitur
2304 3956 2489 4020 Aram,
2521 3953 2739 4009 texitur
2767 3950 3089 4023 prophetia,
3113 3965 3180 4005 eo
3201 3948 3356 4020 quod
3386 3948 3711 4021 praebentes

2065 4043 2280 4100 auxilia
2300 4036 3465 4107 Nabuchodonosor,vastaverintJudam,
3481 4033 3715 4091 concul-

2067 4134 2321 4189 caverint
2341 4131 2739 4188 sanctuarium
2763 4131 2911 4200 ejus,
2926 4126 3211 4200 templum
3232 4141 3465 4199 quoque
3481 4124 3715 4181 subver-

2066 4223 2260 4293 terint,
2296 4230 2347 4277 et
2388 4221 2700 4293 subjugato
2734 4217 2948 4291 populo
2984 4215 3178 4284 Israel,
3216 4215 3526 4272 Dominum
3558 4213 3717 4270 blas-

2068 4310 2491 4384 phemaverint.
2524 4308 3063 4365 Nabuchodonosor
3091 4305 3308 4377 quippe
3338 4310 3513 4375 atque
3545 4300 3719 4358 Chal-

2069 4401 2200 4464 daei,
2230 4399 2568 4455 Judarorum
2600 4398 2847 4452 urbibus
2896 4393 3182 4463 subrutis,
3233 4396 3469 4447 cateras
3515 4394 3719 4463 gentes

2070 4492 2509 4563 oppresserunt,
2530 4497 2588 4542 et
2608 4486 2689 4541 ita
2711 4486 2925 4540 factum
2952 4486 3060 4549 est,
3085 4485 3147 4536 ut
3168 4479 3268 4551 qui
3289 4478 3723 4534 insultavernnt

2072 4578 2288 4651 populo
2321 4578 2442 4644 Dei,
2477 4575 2588 4647 ipsi
2619 4589 2853 4647 quoque
2885 4572 3088 4627 eadem
3129 4569 3418 4624 malorum
3449 4565 3723 4639 angustia

310 4674 425 4737 que
456 4669 515 4720 et
539 4664 647 4721 hoc
670 4665 859 4737 posito
881 4665 1227 4721 sententiam
1249 4669 1479 4733 texere;
1515 4667 1615 4721 sed
1648 4666 1828 4721 semel
1859 4667 1957 4721 de—
1989 4687 2037 4751 D
2073 4670 2495 4740 premerentur,
2528 4669 2587 4719 et
2618 4663 2899 4751 haberent
2918 4656 3519 4751 conservumtludam,
3544 4668 3719 4726 quem

310 4753 604 4809 crevimus
622 4754 925 4809 veritatem
948 4753 1468 4826 interpretationis,
1494 4758 1552 4809 et
1573 4754 1804 4811 lectoris
1840 4771 1960 4810 ma-

312 4842 409 4915 gis
437 4842 675 4911 eruditi,
708 4859 886 4914 quam
915 4842 1072 4915 vulgi
1097 4842 1386 4913 judicium
1419 4843 1605 4915 sequi.

385 4931 575 5001 (Vera,
616 4931 651 4985 8
694 4936 885 5004 seqq.)
915 4931 1115 4987 Audivi
1141 4931 1500 5003 opprobrium
1529 4930 1702 5003 Moab,
1734 4937 1787 4987 ct
1820 4933 1962 4988 blas-

309 5020 565 5092 phemia:
577 5020 829 5090 ﬁliorum
854 5025 1108 5091 Ammon,
1131 5035 1256 5092 quae
1275 5021 1750 5091 exprobrauerunt
1770 5022 1965 5093 p0pulo

318 5124 460 5177 meo,
492 5117 543 5165 et
571 5111 918 5180 magniﬁcati
945 5116 1071 5165 sunt
1096 5124 1264 5180 super
1301 5111 1560 5165 terminos
1589 5125 1797 5165 eorum.
1830 5116 1966 5165 Pro-

322 5268 482 5325 idem
514 5266 822 5342 signiticet,
855 5285 969 5342 non
1002 5273 1123 5342 erat
1155 5274 1350 5342 tamen
1380 5267 1621 5342 verbum
1654 5267 1726 5342 ab
1766 5268 1969 5342 Hiero-

321 5356 503 5413 nymo
522 5337 965 5427 ppsitum’qulla
988 5340 1207 5427 ratione
1236 5337 1653 5427 abjicien’dum.
1670 5339 1972 5427 Significat

322 5408 498 5485 porro
526 5408 678 5473 ἔθνος
713 5409 982 5485 ὀλέθριον,
1013 5408 1652 5485 nqtionempestiferam
1674 5408 1972 5485 etgenteni

313 5478 707 5561 perniciosam.
739 5478 931 5561 Manu.
963 5478 1030 5523 l—
1063 5483 1168 5538 Pro
1204 5478 1473 5561 etcapta;
1507 5478 1967 5561 prtefertRegin.

318 5550 455 5636 cod,
479 5550 935 5636 bl§0piuaﬁp-3&i~t,
966 5571 1035 5636 ex
1056 5550 1364 5636 quo'yerblo
1388 5550 1523 5608 boni
1547 5550 1767 5636 aliquid
1801 5550 1972 5636 excu-

321 5618 778 5727 dereiqte'grum'
811 5618 1010 5681 lectori
1042 5618 1136 5680 sit.
1170 5625 1279 5679 Pro
1311 5618 1428 5683 ἔνος
1461 5618 1798 5679 constanter
1826 5624 1973 5681 alias

326 5703 457 5756 erat
479 5703 657 5756 γένος.

399 5716 690 5841 afﬂigit
716 5768 1071 5841 Corybantes
1100 5766 1431 5823 sacerdotes
1465 5766 1632 5823 Rheae
1656 5766 1773 5824 sive
1794 5767 1972 5840 Cybe-

2075 4760 2421 4827 putaverunt
2450 4769 2511 4808 se
2541 4753 2755 4806 habere
2784 4750 3136 4821 subjectum.
3192 4745 3374 4818 Igitur
3401 4748 3720 4815 antequam

2071 4843 2262 4899 veniat
2309 4841 2615 4912 captivitas
2662 4840 2771 4894 sub
2818 4838 2975 4893 .losia
3025 4835 3217 4891 adhuc
3278 4848 3435 4904 rege,
3468 4831 3720 4887 necdum

2072 4931 2455 5002 Jerosolymis
2489 4929 2826 5002 temploque
2858 4924 3176 4989 subversis,
3210 4920 3483 4993 dirigitur
3523 4919 3719 4974 adver-

2075 5037 2207 5076 sum
2229 5018 2579 5074 insultantes
2602 5017 2926 5089 prophetia,
2942 5019 3007 5069 ut
3030 5012 3184 5068 mala
3206 5009 3501 5083 quondam
3525 5004 3727 5081 populi

2076 5109 2196 5176 Dei,
2211 5112 2551 5164 ceterarum
2576 5106 2836 5179 gentium
2860 5104 3190 5160 levarentur
3205 5098 3358 5155 malo
3378 5098 3485 5170 [AL
3507 5095 3723 5165 malis].

2080 5268 2184 5335 les,
2204 5267 2305 5339 qui
2334 5283 2501 5340 sacro
2523 5264 2774 5340 correpti
2798 5265 2990 5319 furore
3006 5256 3635 5340 cymbalapulsabant.
3661 5254 3728 5309 Hi

2080 5328 2337 5413 primum
2372 5328 2827 5413 Idam_Ph_r$'gize
2858 5328 3116 5413 montem
3139 5328 3400 5413 tenuisse
3422 5328 3725 5393 dicuntur;

2080 5400 2283 5483 postea
2313 5416 2510 5483 autem
2543 5408 2601 5462 in
2636 5400 2866 5483 Cretam
2895 5400 3395 5483 navigassehquod
3422 5414 3730 5483 nu.nc_con-

2082 5469 2315 5537 iirmare
2346 5480 2577 5534 videtur
2607 5469 3145 5549 Hieronymusfqui
3172 5469 3343 5550 etiam
3370 5469 3599 5550 legebat
3613 5485 3731 5550 gere

2084 5552 2431 5625 Corybantia,
2467 5567 2597 5605 non
2616 5541 2981 5625 corybaiztino
3001 5541 3587 5625 ’ut'retinentuveteres
3606 5541 3728 5625 edi-

2082 5612 2292 5679 tiones.
2326 5612 2469 5677 Vide
2497 5637 2615 5678 mra
2648 5612 2979 5693 Corybantia
3016 5618 3173 5690 apud
3205 5613 3514 5687 Virgilium
3543 5629 3607 5668 III
3637 5612 3727 5667 ZE-

2085 5695 2239 5753 neid.
2274 5697 2455 5750 MART.
