4022 6192
413 408 568 475 1363

1660 411 1726 474 S.
1770 409 2082 475 EUSEBII
2127 408 2566 475 HIERONYMI

3596 417 3714 482 {36!

411 543 641 615 Audivi,
676 543 890 616 inquit,
923 547 1300 619 opprobrium
1334 545 1520 612 Moab,
1545 561 1672 618 qua:
1704 561 1860 600 nunc
1882 546 2056 600 Areo-
2091 546 2146 612 Α
2173 545 2228 598 vi
2253 542 2414 612 salis,
2443 548 2500 601 et
2519 545 2760 602 desertae
2786 561 2970 618 usque
2991 545 3050 602 in
3071 552 3369 602 zelernum:
3400 546 3580 605 debent
3596 566 3715 608 mon-

413 632 563 704 polis
593 634 937 706 appellatur,
987 640 1044 692 et
1075 635 1473 708 blasphemias
1506 635 1760 690 ﬁliorum
1796 637 2062 704 Ammon,

413 738 539 794 quae
571 728 627 777 et
655 723 786 795 ipsa
814 725 956 780 urbs
977 725 1200 781 Arabiae
1233 726 1491 781 secunda
1515 728 1646 797 post
1665 725 1906 779 Bosram
1931 724 2062 778 Phi-

411 807 710 882 ladelphia
730 812 944 868 dicitur
969 831 980 868 :
1016 815 1075 868 in
1099 814 1315 886 quibus
1337 814 1830 886 exprobraverunt
1850 811 2064 884 populo

415 913 563 968 meo,
597 904 656 955 et
685 901 886 972 ejectis
914 902 1155 967 Judaeis,
1189 902 1577 957 dilataverunt
1604 901 1660 956 in
1684 906 1836 955 terra
1859 917 2064 956 eorum

419 987 564 1042 fines
586 1005 748 1044 suos.
781 991 1084 1064 Pr0pterea
1119 991 1255 1062 quia
1286 989 1840 1062 blasphemaverunt
1873 1006 1984 1055 me,
2009 992 2066 1043 et

414 1077 911 1148 exprobraverunt
941 1079 1157 1151 populo
1193 1096 1339 1147 meo,
1395 1094 1499 1150 ego
1525 1078 1812 1134 Dominus
1850 1077 2064 1132 exerci-

413 1168 604 1232 tuum,
643 1167 741 1237 qui
765 1185 1006 1238 possum
1029 1167 1269 1238 implere
1291 1167 1444 1238 quod
1467 1166 1810 1232 comminor,
1834 1172 1890 1221 et
1911 1167 2066 1221 Deus

417 1254 614 1326 Israel,
648 1256 746 1326 qui
778 1257 838 1310 in
870 1256 1085 1328 populo
1118 1273 1246 1310 meo
1279 1256 1402 1327 ipse
1435 1255 1623 1327 patior
1653 1255 1953 1325 injuriam,
1983 1255 2063 1310 fa-

417 1342 568 1397 ciam
593 1347 655 1397 ut
679 1344 725 1398 si
749 1344 915 1399 Moab
940 1343 1108 1416 quasi
1132 1345 1408 1412 Sodoma,
1429 1349 1486 1399 et
1509 1343 1611 1399 filii
1637 1348 1885 1400 Ammon
1919 1361 2062 1416 qua-

417 1431 469 1487 si
492 1430 830 1488 Gomorrha.
858 1434 1147 1504 Legamus
1169 1433 1520 1503 ejuscemodi
1545 1433 1797 1489 visiones
1830 1434 1887 1488 in
1919 1433 2066 1489 Isaia

417 1524 473 1576 et
498 1521 772 1588 Jeremia,
805 1526 861 1576 et
889 1523 1090 1577 eadem
1125 1539 1249 1593 qua
1283 1538 1437 1576 nunc
1469 1521 1562 1577 hic
1595 1521 1867 1594 legimus,
1900 1538 2062 1593 repe-

417 1609 658 1666 riemus.
688 1611 913 1666 Siccitas
933 1614 1227 1682 spinarum
1245 1615 1296 1666 et
1323 1613 1513 1666 acervi
1538 1613 1692 1678 salis,
1712 1622 1764 1666 et
1794 1611 2065 1666 desertum

415 1716 588 1771 usque
611 1703 669 1754 in
691 1704 982 1772 aeternum,
1008 1717 1110 1772 pro
1141 1717 1254 1771 quo
1286 1700 1481 1755 nescio
1509 1701 1648 1770 quid
1672 1700 1786 1755 sibi
1805 1700 2064 1756 volentes

417 1787 560 1844 LXX
586 1789 914 1845 Damascum
941 1790 1181 1845 evulsam
1224 1793 1278 1842 et
1331 1789 1652 1845 derelictam
1701 1788 2063 1860 interpretati

2175 637 2360 689 strare
2391 634 2740 707 sulphureas
2771 634 3018 707 pluvias,
3048 636 3118 707 (c)
3146 635 3355 706 vineas,
3376 640 3562 693 terram
3586 639 3633 694 in
3657 641 3716 695 ci-

2175 737 2341 777 neres
2365 723 2739 795 favillamque
2769 740 3129 790 conversam,
3157 740 3305 779 mare
3325 741 3485 796 supra
3501 726 3560 782 de
3580 729 3719 799 puteis

2174 813 2472 882 quondam
2503 812 2666 880 salis,
2699 815 2851 884 quod
2887 830 3042 868 nunc
3064 817 3346 868 Mortuum
3369 814 3572 885 dicitur,
3593 817 3720 871 inun-

2173 900 2381 955 dasse:
2417 903 2648 972 quando
2679 919 2776 958 eos
2807 902 3153 974 diripuerint
3181 902 3376 968 Judzei,
3406 905 3606 975 quando
3623 906 3721 960 resi-

2175 990 2300 1043 dua:
2323 995 2525 1062 gentes
2553 991 2878 1046 Israeliticae
2901 991 3254 1064 possiderint
3277 1008 3387 1047 eos.
3416 995 3515 1047 Aut
3536 1011 3636 1065 quae
3660 995 3720 1048 in-

2175 1077 2432 1149 dignatio
2465 1079 2690 1134 Domini
2723 1085 2813 1136 est
2845 1097 2945 1151 pro
2977 1079 3337 1152 blasphemia
3357 1085 3409 1136 et
3430 1081 3724 1138 contumeliis

2174 1172 2477 1223 attenuare
2506 1172 2561 1222 et
2593 1168 2924 1240 disperdere
2955 1185 3054 1225 eos
3074 1169 3101 1223 ?
3132 1187 3242 1225 non
3271 1170 3428 1224 Moab
3446 1176 3496 1225 et
3513 1173 3722 1238 Ammon,

2174 1257 2274 1310 sed
2293 1257 2620 1311 universam
2639 1262 2945 1326 terram,ut
2963 1259 3203 1313 adorent
3218 1275 3345 1314 eum
3363 1258 3622 1331 singulijdo
3636 1258 3724 1315 loco

2174 1361 2302 1410 suo,
2321 1362 2524 1401 omnes
2546 1345 2748 1402 insulae
2769 1347 3029 1418 gentium
3047 1347 3074 1402 ?
3095 1347 3248 1420 quod
3271 1346 3446 1419 magis
3465 1364 3552 1418 pro
3569 1348 3727 1403 beneﬁ-

2173 1433 2260 1488 cio
2283 1435 2498 1490 tribuet
2519 1435 3088 1507 blasphemantibus,
3103 1441 3167 1491 ut
3186 1436 3257 1491 ab
3270 1453 3449 1491 errore
3472 1437 3727 1492 redeantad

2175 1521 2444 1577 salutem.
2469 1523 2630 1588 Quod
2654 1522 2703 1578 si
2730 1523 2976 1578 voluerit
2998 1523 3207 1593 dicere,
3232 1529 3361 1596 post
3382 1524 3730 1597 regressionem

2173 1610 2243 1665 de
2257 1609 2545 1683 Babylone
2560 1611 2664 1666 has
2678 1629 2784 1684 gen
2797 1620 2880 1667 tes
2895 1612 3108 1685 populo
3125 1613 3296 1668 Israel
3311 1613 3479 1669 fuisse
3490 1614 3729 1685 subjectae

2178 1701 2322 1756 705
2361 1700 2616 1771 primum
2648 1701 3052 1757 auctoritatem
3093 1701 3506 1774 postulabimus
3529 1702 3733 1774 Scriptu-

2173 1789 2680 1856 rarum,undehoc
2694 1789 2909 1844 factum
2924 1791 3194 1862 probent:
3209 1790 3409 1847 deinde
3421 1807 3538 1845 cum
3552 1791 3734 1845 minime

419 1882 579 1944 sunt,
605 1878 718 1933 nisi
741 1877 927 1945 fallor,
951 1879 1109 1933 verbi
1134 1877 1512 1949 ambiguitate
1535 1879 1759 1950 decepti
1787 1895 1799 1932 :
1835 1878 2065 1934 siccitas
2095 1919 2142 1984 B
2175 1877 2473 1948 potuerint
2490 1878 3303 1947 demonstrare,concedemus
3315 1879 3394 1934 eis
3407 1895 3469 1934 ex
3484 1878 3732 1952 superﬂuo,

419 1965 576 2022 enim
608 1967 761 2038 quod
792 1967 1070 2022 Hebraice
1100 1966 1316 2020 dicitur
1345 1983 1614 2021 MAMASAC
1645 1966 1923 2053 (penis),
1966 1983 2066 2021 ex-

422 2060 588 2127 cepta
607 2055 799 2126 prima
818 2054 1012 2110 littera
1042 2073 1167 2109 MEM
1200 2054 1248 2110 si
1280 2059 1554 2121 mutetut,
1579 2059 1636 2110 et
1665 2072 1878 2110 DALETII
1910 2056 2066 2110 accia

422 2143 637 2217 piatur,
671 2144 905 2199 easdem
933 2143 1158 2199 litteras
1189 2142 1445 2214 reliquas
1475 2143 1650 2198 habet
1680 2160 1827 2215 quas
1870 2149 1926 2199 et
1956 2144 2064 2198 Da-

422 2248 681 2303 mascus,
705 2236 762 2288 et
782 2236 974 2305 potest
993 2231 1104 2305 legi
1132 2249 1234 2303 pro
1259 2231 1544 2303 superiori
1580 2232 1751 2287 verbo
1782 2249 2063 2287 DAMASEC.

422 2319 935 2387 Quaeritur'autem
958 2321 1248 2392 quomodo
1273 2320 1398 2375 istae
1422 2320 1616 2390 urbes,
1641 2320 1750 2375 hoc
1771 2325 1877 2387 est,
1902 2321 2065 2376 Moab

422 2412 478 2465 et
501 2408 603 2463 filii
628 2411 901 2476 Ammon,
925 2409 1167 2464 redacta
1191 2409 1309 2463 sint
1328 2407 1383 2461 in
1409 2408 1723 2463 Sodomam
1747 2414 1804 2463 et
1827 2408 2066 2464 Gomor-

422 2497 612 2568 rham,
664 2502 721 2553 et
767 2499 935 2569 quasi
987 2496 1290 2569 spinarum
1336 2497 1578 2553 ariditas
1607 2501 1665 2553 et
1694 2498 1880 2553 acervi
1917 2500 2068 2554 704

423 2585 587 2653 salis,
621 2601 808 2657 usque
839 2585 896 2639 in
929 2588 1209 2640 aeternum
1242 2602 1357 2640 non
1379 2585 1789 2641 zediﬁcentur?
1822 2588 1889 2642 Et
1912 2588 2065 2658 quod

424 2675 662 2746 quidem
714 2679 947 2730 vastatas
1001 2674 1120 2729 sint
1157 2674 1323 2746 quasi
1357 2675 1609 2730 Sodoma
1638 2679 1695 2730 et
1723 2676 2066 2741 Gomorrha,

424 2763 749 2836 exponendi
770 2762 933 2818 nulla
953 2768 1043 2819 est
1064 2762 1398 2819 difficultas.
1431 2763 1646 2819 Verum
1669 2764 1776 2820 hoc
1799 2765 1952 2836 quod
1978 2781 2067 2820 se-

425 2853 670 2924 quitur:
721 2853 950 2907 Desertae
977 2856 1139 2907 erunt
1181 2868 1349 2922 usque
1394 2854 1455 2906 in
1495 2860 1785 2918 aeternum,
1829 2857 1929 2908 aut
1969 2853 2068 2908 de-

425 2940 809 2997 structionem
823 2939 987 3011 regni
1000 2956 1199 2996 earum
1216 2940 1904 3012 interpretabimur(quia
1917 2945 2070 3013 post-

424 3045 494 3086 ea.
513 3031 802 3085 subversae
825 3047 859 3084 a
879 3028 1184 3093 Chaldaeis,
1200 3045 1443 3101 regnum
1468 3047 1643 3085 suum
1669 3031 2066 3102 perdiderunt,

426 3122 483 3174 et
514 3118 788 3190 deinceps
815 3117 902 3174 vel
936 3118 1006 3173 ab
1039 3117 1362 3184 Antiochia,
1393 3117 1480 3172 vel
1521 3135 1554 3172 a
1585 3118 1910 3174 Ptolemaeis
1942 3124 2069 3175 ten-

424 3210 516 3276 ιω,
532 3208 846 3264 novissime
877 3207 1138 3262 Romano
1169 3205 1412 3278 imperio
1458 3206 1606 3261 colla
1637 3207 2064 3277 submiserint),

2175 1969 2349 2036 atque
2380 1965 2645 2021 dicemus
2679 1984 2691 2020 :
2726 1967 2861 2022 Esto
2896 1967 3183 2024 accidisse
3213 1968 3364 2040 quod
3392 1967 3565 2023 dicitis
3593 1985 3605 2022 :
3645 1982 3733 2038 qua

2165 2053 2401 2125 justitia
2426 2054 2524 2110 Dei
2547 2059 2701 2111 esset
2720 2055 3168 2128 blasphemasse
3192 2073 3344 2128 avos,
3362 2060 3416 2112 et
3433 2055 3737 2128 exprobrasse

2175 2145 2393 2210 atavos,
2427 2147 2481 2198 et
2512 2147 2712 2215 postea
2743 2144 3056 2217 nepotibus
3084 2144 3376 2200 redditum
3395 2143 3422 2198 ‘I
3451 2161 3566 2199 cum
3589 2145 3737 2214 utique

2176 2229 2276 2284 illa
2306 2232 2617 2300 sententia,
2651 2250 2767 2304 qua
2793 2237 2962 2288 antea
2983 2233 3287 2290 dicebatur
3311 2233 3368 2288 in
3391 2233 3542 2306 Lege,
3563 2235 3740 2305 pec-cata

2175 2325 2407 2391 patrum
2445 2321 2499 2374 in
2535 2321 2685 2377 filios
2716 2322 2775 2376 in
2805 2322 2978 2377 tertia
3007 2327 3063 2378 et
3091 2323 3152 2378 in
3203 2327 3406 2394 quarta
3448 2321 3740 2394 generatione

2177 2408 2407 2464 restitui
2435 2411 2624 2481 (Exod.
2658 2412 2772 2483 xx),
2806 2427 2909 2483 per
2936 2410 3296 2467 Ezechielem
3332 2411 3508 2467 soluta
3524 2410 3622 2466 sit:
3655 2411 3741 2465 Viro

2176 2513 2294 2568 ego,
2326 2498 2460 2553 dicit
2490 2501 2753 2554 Dominus
2778 2517 2790 2555 :
2825 2517 3183 2572 nequaquam
3209 2502 3419 2557 dicetur
3446 2501 3550 2558 haec
3571 2499 3743 2571 parabo-

2178 2589 2275 2649 ta;
2307 2587 2398 2642 sed
2428 2589 2621 2642 anima
2650 2605 2770 2661 qua
2795 2591 3122 2661 peccaverit,
3177 2592 3297 2661 ipsa
3333 2590 3576 2645 morietur
3611 2589 3740 2657 (Ezec.

2176 2692 2335 2745 xvm,
2384 2677 2496 2747 20).
2550 2677 2619 2731 Et
2657 2676 2836 2732 simul
2870 2678 3290 2747 animadverte,
3324 2676 3625 2750 parabolam
3655 2690 3746 2731 esse

2178 2764 2331 2836 quod
2364 2765 2587 2820 dictum
2627 2771 2736 2833 est,
2775 2782 2881 2821 nec
2912 2767 2968 2821 id
3003 2784 3214 2823 sonare
3247 2768 3394 2837 quod
3425 2768 3481 2822 in
3506 2763 3744 2839 superﬁcie

2178 2851 2384 2908 litterae
2425 2855 2749 2925 proferunt.
2802 2856 2965 2920 Quod
2997 2856 3044 2911 si
3076 2855 3365 2928 injustam
3395 2862 3479 2912 est
3505 2855 3744 2928 nepotibus

2178 2943 2418 2998 reddere
2441 2944 2594 3015 quod
2618 2943 2972 3016 deliquerint
2998 2944 3087 3001 avi
3114 2963 3127 3000 :
3165 2951 3382 3018 quanto
3411 2945 3651 3016 injustius
3673 2957 3744 3014 pro

2179 3029 2431 3086 stultitia
2459 3032 2489 3087 J
2498 3032 2729 3088 udaaoru
2741 3049 2794 3088 m
2809 3033 2918 3088 hoc
2930 3032 3127 3105 ipsum
3144 3051 3376 3106 sperare
3391 3034 3445 3089 in
3459 3047 3745 3090 consumma-

2177 3120 2332 3175 tione
2367 3121 2570 3176 mundi
2606 3121 2750 3188 fieri,
2795 3122 3027 3190 quando
3060 3140 3180 3179 non
3212 3123 3470 3179 Christus
3495 3137 3677 3186 eorum,
3701 3123 3746 3171 ut

2179 3214 2389 3280 putant
2413 3227 2427 3275 ;
2460 3211 2560 3264 sed
2593 3215 2684 3266 est
2706 3215 2987 3266 venturus
3010 3212 3426 3269 Antichristus.
3447 3210 3618 3268 Sicubi
3635 3208 3745 3264 enim

425 3300 529 3352 aut
557 3300 708 3351 certe
739 3289 1116 3370 ὑπερϐολικῶς
1147 3295 1262 3350 dici
1283 3294 1685 3367 accipiendum
1709 3301 1836 3351 est:
1872 3297 1945 3368 (a)
1969 3315 2063 3352 Lo-
2099 3285 2141 3351 C
2181 3297 2387 3352 arctati
2420 3297 2635 3353 fuerint
2662 3298 2720 3353 in
2755 3299 3018 3369 historia,
3071 3305 3138 3355 ut
3191 3302 3432 3357 doceant
3467 3297 3746 3370 completum

429 3401 542 3441 una
565 3369 790 3457 (ωίππντπ)
808 3384 1025 3457 quippe
1047 3390 1104 3440 et
1121 3386 1489 3442 aeternitatem
1508 3390 1678 3440 sonat
1703 3389 1760 3440 et
1779 3387 2070 3443 swculum:

426 3490 495 3530 ex
515 3491 630 3546 quo
658 3480 713 3529 et
735 3491 838 3546 pro
863 3491 977 3530 uno
999 3474 1228 3539 saeculo,
1263 3477 1321 3528 et
1342 3491 1445 3545 pro
1470 3469 1768 3546 aliquanto
1791 3479 2072 3548 tempore,

429 3567 486 3620 et
514 3580 632 3618 una
660 3569 823 3618 aetate
853 3563 1032 3634 accipi
1067 3567 1275 3636 potest.
1309 3564 1379 3618 Et
1401 3563 1501 3634 qui
1533 3563 1740 3634 reliqui
1766 3564 1982 3619 fuerint
2004 3565 2075 3620 de

427 3651 644 3726 populo
689 3652 887 3720 Israel,
939 3652 1255 3707 vastabunt
1313 3668 1432 3720 eos,
1491 3657 1549 3707 et
1604 3651 2078 3723 blasphemantia

429 3742 726 3815 quondam
748 3740 1148 3797 Chaldaeorum
1173 3740 1388 3795 auxilia
1410 3740 1814 3812 possidebunt.
1836 3743 1948 3796 Hoc
1971 3759 2073 3798 au-

425 3834 544 3887 tem
577 3830 801 3886 eveniet
829 3831 916 3887 eis
945 3847 1050 3903 pro
1081 3829 1356 3901 superbia
1385 3845 1608 3896 eorum,
1643 3830 1781 3901 quia
1805 3829 2072 3903 blasphe-

424 3925 749 3988 maverunt,
781 3923 838 3974 et
870 3918 1224 3992 magniﬁcati
1260 3921 1400 3972 sunt
1428 3921 1631 3972 contra
1651 3919 1933 3990 populum
1965 3925 2071 3975 Do-

422 4008 570 4065 mini
585 4008 967 4075 exercituum,
983 4007 1124 4078 quia
1135 4006 1420 4061 Dominus
1439 4006 1796 4062 exercituum
1817 4009 1927 4062 erit
1945 4008 2075 4064 hor-

421 4097 611 4152 ribilis
642 4112 820 4168 super
849 4111 969 4163 eos,
1004 4099 1060 4150 et
1089 4095 1296 4150 horror
1325 4095 1454 4166 ejus
1486 4111 1599 4151 non
1633 4095 1940 4152 interﬁciat
1970 4114 2068 4153 su-

420 4185 670 4258 perbos:
725 4201 839 4239 non
869 4182 1405 4255 blasphemantium
1439 4184 1785 4256 sanguinem
1819 4186 2024 4242 fundet
2056 4204 2068 4254 ;

421 4272 523 4328 sed
557 4272 856 4344 disperdat
883 4276 940 4327 et
971 4273 1296 4328 attenuabit
1327 4273 1526 4327 omnia
1563 4272 1720 4328 idola
1748 4291 1972 4341 eorum,
2007 4282 2072 4330 ut

420 4360 520 4434 qui
550 4362 715 4434 prius
736 4363 1086 4418 tenebantur
1109 4378 1322 4425 errore,
1347 4366 1403 4416 et
1425 4362 1653 4416 Domini
1677 4365 1755 4431 (ὁ)
1789 4363 2072 4421 beneficia

421 4467 539 4507 non
569 4451 918 4520 sentiebant,
953 4450 1241 4507 malorum
1274 4450 1619 4506 necessitate
1644 4453 1853 4523 pressi,
1878 4453 2070 4509 sciant

417 4539 576 4596 idola
595 4540 739 4595 nihil
766 4542 1061 4614 prodesse,
1076 4544 1133 4595 et
1153 4540 1396 4595 adorent
1414 4557 1545 4596 eum
1567 4543 1976 4614 unusquisque
1997 4543 2068 4598 de

417 4628 544 4686 loco
571 4646 676 4686 suo
710 4646 915 4686 omnes
963 4629 1169 4685 insulae
1216 4629 1500 4701 gentium.
1554 4628 1865 4700 Hucusque
1901 4631 2069 4701 juxta
2095 4655 2145 4718 ι)

418 4719 793 4776 Hebraicum.
827 4719 991 4774 Nunc
1023 4719 1093 4774 ad
1126 4718 1264 4772 LXX
1309 4718 1652 4789 interpretes
1683 4727 2063 4791 revertamur,

418 4823 820 4881 cogamusque
851 4808 1106 4878 Judaeos,
1139 4807 1240 4878 qui
1270 4811 1499 4862 tantum
1532 4816 1860 4880 sequunlur
1889 4809 2068 4865 histo-

417 4895 590 4967 riam,
621 4913 906 4970 exponere
937 4896 1105 4951 nobis
1138 4895 1373 4967 quando
1403 4895 1570 4950 Moab
1603 4901 1659 4952 et
1687 4896 1790 4952 ﬁlii
1815 4900 2065 4954 Ammon

415 4985 552 5042 facti
577 4985 697 5042 sint
717 4984 885 5058 quasi
908 4986 1163 5041 Sodoma
1191 4988 1248 5040 et
1269 4984 1615 5054 Gomorrha,
1637 4990 1694 5041 et
1714 4987 1882 5057 quasi
1905 5003 2063 5044 acer-

487 5219 563 5290 (a)
597 5220 681 5275 Ita
712 5218 914 5290 legunt
941 5234 1145 5274 omnes
1178 5233 1320 5272 mss.
1348 5215 1577 5290 codices
1599 5232 1733 5290 cum
1754 5219 1809 5290 7L,
1832 5217 2061 5290 initiali,

413 5287 522 5345 hoc
548 5287 661 5359 est,
696 5287 928 5351 Laium;
961 5307 1075 5344 non
1104 5290 1256 5345 olam
1289 5292 1352 5342 ut
1381 5287 1440 5341 in
1473 5293 1644 5343 antea
1673 5289 1849 5344 editis
1874 5287 2059 5345 libris.

412 5362 640 5433 Exquo
670 5363 990 5418 variantem
1026 5362 1083 5415 in
1110 5360 1220 5433 hoc
1240 5359 1364 5433 loco
1394 5359 1731 5433 Ilegbraioam
1758 5360 2063 5416 lectionem

414 5430 747 5505 colligimus
773 5453 786 5500 ;
821 5449 1009 5505 neque
1031 5433 1186 5488 enim
1209 5430 1436 5504 legebat
1462 5431 1849 5504 Hieronymus
1871 5433 1926 5486 in
1957 5450 2062 5488 suo

415 5520 729 5601 exemplari
762 5521 1053 5601 Hebraicq
1074 5504 1254 5601 0513415
1285 5532 1356 5584 Ἣ
1369 5519 1650 5601 adytum
1674 5539 1699 5601 ;⁸
1739 5521 1840 5576 sed
1866 5506 2063 5601 ΔΕΙιῖἶῖίῖ

416 5591 655 5662 Leolain,
690 5611 821 5648 cum
846 5594 1056 5649 Lamed
1083 5593 1332 5664 przelixo.
1369 5591 1492 5645 Nisi
1521 5591 1842 5647 dixerimus
1864 5593 1922 5647 S.
1953 5594 2059 5649 Do-

416 5664 632 5717 ctorem
667 5681 778 5719 non
811 5663 1131 5719 attendisSe
1163 5663 1420 5718 animum
1453 5663 1524 5717 ad
1560 5669 1918 5730 contextum,
1962 5666 2062 5720 sed

415 5733 488 5790 ad
510 5732 667 5790 vocis
691 5735 908 5790 Leotam
927 5734 1416 5807 signiﬁcationem
1438 5750 1451 5800 ;
1480 5749 1594 5789 non
1618 5734 1742 5805 ipse
1764 5735 2062 5792 transtulit

2181 3401 2310 3440 esse
2341 3387 2496 3457 quod
2527 3386 2748 3443 dictum
2778 3393 2885 3460 est,
2928 3389 3129 3444 statim
3163 3389 3495 3446 transiliunt
3521 3388 3581 3444 ad
3609 3387 3751 3441 futura

2183 3473 2396 3530 Christi
2427 3479 2708 3546 tempora,
2757 3481 2812 3532 et
2841 3479 3041 3533 omnia
3071 3495 3202 3550 quae
3236 3496 3350 3534 non
3384 3482 3603 3551 possunt
3625 3488 3748 3544 expo-

2184 3578 2341 3632 nere,
2356 3569 2490 3636 post
2513 3564 2698 3621 multa
2714 3565 2925 3621 szncula
2944 3566 3056 3622 sibi
3083 3567 3511 3640 repromittunt,
3524 3568 3574 3621 et
3585 3563 3750 3625 dicunt,

2183 3656 2240 3706 et
2270 3653 2457 3720 Moab,
2509 3659 2566 3708 et
2613 3654 2764 3710 filios
2809 3658 3079 3728 Ammon,
3113 3661 3176 3712 et
3204 3657 3523 3730 Egyptum,
3551 3657 3599 3708 et
3621 3647 3747 3706 Phili-

2183 3739 2408 3808 sthiim,
2429 3745 2484 3797 et
2507 3741 2843 3814 Idumaeam,
2868 3761 2994 3816 quae
3017 3761 3180 3801 nunc
3201 3743 3480 3801 insultant
3495 3739 3748 3805 Judaeis,eo

2184 3833 2446 3901 tempore
2476 3832 2822 3902 puniendas.
2869 3834 3305 3906 Interrogemus
3335 3850 3464 3908 ergo
3491 3848 3593 3901 eos,
3620 3839 3750 3900 quare

2182 3917 2289 3973 has
2319 3920 2692 3991 potissimum
2725 3927 2926 3993 gentes
2959 3926 3106 3978 Deus
3143 3923 3372 3996 puniat,
3410 3927 3464 3978 et
3489 3937 3586 3976 non
3612 3921 3748 3973 totum

2181 4008 2380 4063 orbem
2413 4008 2472 4062 in
2504 4026 2618 4081 quo
2646 4010 2833 4066 Judaei
2865 4012 3036 4084 longe
3066 4011 3305 4084 lateque
3333 4010 3536 4084 dipersi
3561 4009 3686 4063 sunt.
3708 4001 3747 4055 Si

2181 4094 2338 4150 enim
2357 4103 2612 4152 meretur
2631 4099 2798 4154 Moab
2817 4099 3048 4172 corripi,
3066 4100 3292 4156 Judaeis
3314 4099 3600 4166 insultans,
3618 4097 3663 4150 et
3678 4087 3750 4146 ﬁlii

2177 4187 2424 4240 Ammon
2458 4192 2515 4240 et
2544 4186 2780 4259 reliqua:
2811 4193 3014 4261 gentes
3045 4189 3103 4243 in
3139 4189 3410 4255 circuitu,
3439 4201 3596 4261 quare
3615 4177 3750 4238 Gallia

2182 4290 2294 4328 non
2327 4276 2683 4346 corripitur?
2715 4294 2895 4349 quare
2926 4277 3263 4335 Britannias
3287 4279 3346 4334 in
3379 4269 3748 4335 comminatione

2179 4378 2294 4418 non
2348 4362 2558 4435 ponit?
2606 4381 2711 4419 cur
2755 4365 3044 4438 Hispania
3094 4383 3130 4422 a
3181 4384 3354 4439 pznna
3393 4366 3571 4423 aliene
3610 4351 3750 4414 sunt?

2179 4467 2354 4522 quam
2388 4452 2460 4506 ob
2495 4469 2734 4509 causam
2766 4455 2835 4508 de
2868 4453 3032 4510 Italia
3062 4453 3213 4510 nihil
3245 4452 3499 4512 dicitur?
3527 4451 3585 4506 de
3605 4443 3746 4502 Africa

2178 4556 2280 4593 cur
2299 4545 2525 4596 tacetur
2543 4541 2570 4595 ‘?
2600 4547 2658 4597 et
2682 4546 2746 4597 ut
2767 4543 2947 4598 semel
2969 4544 3189 4612 dicam,
3215 4561 3351 4600 cum
3374 4548 3523 4599 totus
3537 4536 3653 4596 orbis
3669 4531 3745 4586 Ju-

2177 4627 2329 4683 daeos
2351 4629 2610 4701 captivos
2633 4635 2844 4697 teneat,
2871 4630 3010 4702 quid
3035 4629 3174 4687 sola:
3196 4637 3402 4704 gentes
3423 4633 3615 4687 tantum
3627 4632 3745 4676 00m-

2177 4715 2389 4772 misere
2453 4717 2680 4790 ﬂagitii,
2714 4735 2840 4790 qua:
2875 4719 2930 4773 in
2964 4719 3216 4775 circuitu
3249 4722 3380 4792 ejus
3411 4721 3552 4785 sunt,
3576 4718 3628 4770 ut
3650 4706 3747 4764 8018

2175 4804 2516 4876 potisimum
2607 4807 3026 4863 nominentur?
3074 4809 3208 4866 Haec
3258 4814 3456 4865 contra
3481 4798 3749 4864 Judmos,et

2174 4895 2504 4967 generalem
2527 4894 2602 4968 (ἀ)
2624 4895 2682 4951 in
2716 4896 3320 4970 omnibuspropbetis
3346 4897 3661 4962 ubicumque
3677 4883 3748 4941 ad-

2172 4999 2403 5040 versum
2435 4989 2637 5057 gentes
2659 4984 2857 5057 aliqua
2880 4985 3190 5058 prophetia
3211 4986 3442 5056 dicitur,
3462 4973 3745 5054 explanatio-

2173 5229 2344 5286 usque
2368 5215 2448 5295 .in
2493 5219 2769 5297 ¢meritum
2817 5219 2969 5289 quod
3004 5220 3207 5344 uitligue
3235 5219 3452 5274 indicat
3477 5213 3544 5270 ad
3569 5202 3744 5294 qlamil!

2173 5284 2455 5340 Hebraico
2486 5286 2718 5344 legisse.
2753 5295 2855 5343 aut
2878 5289 3019 5344 forte
3137 5290 3328 5344 lotam.
3361 5292 3430 5343 At
3454 5287 3518 5342 de
3541 5285 3620 5340 his
3639 5288 3742 5344 εφη

2173 5284 2455 5372 βόξπιθὶοο
2486 5286 2718 5372 legisse,
2753 5284 2855 5372 aut
2878 5284 3328 5372 fortendlloiam.
3361 5292 3430 5372 At
3454 5287 3518 5342 de
3541 5284 3620 5340 his
3639 5288 3742 5347 aqu!

2172 5355 2414 5411 lectores
2444 5355 2773 5430 eruditique
2807 5361 3331 5432 ferantjudicium.
3365 5364 3533 5413 MART.

2174 5518 2218 5571 to
2247 5446 2319 5570 (b0)
2352 5445 2556 5570 Iitegin.
2591 5463 2701 5503 ms.
2733 5457 2784 5503 et
2816 5449 3106 5505 Dominum
3129 5465 3234 5520 per
3265 5448 3512 5517 beneﬁcia
3538 5456 3630 5497 non
3656 5449 3740 5492 m-

2197 5533 2247 5571 ze
2287 5534 2358 5570 an
2388 5560 2400 5571 .

2197 5533 2400 5572 τροαηι.

2244 5588 2500 5663 ((ῖρΑΙιὶρω
2535 5605 2667 5657 ms.,
2699 5591 2981 5662 sul/arcas
3005 5589 3245 5663 pluvias,
3278 5586 3546 5646 tcrramin
3566 5583 3743 5640 σξησακ

2171 5659 2501 5736 [nautasque
2527 5659 2868 5736 conversam,
2901 5659 3122 5736 absque
3150 5664 3363 5732 vineas,
3392 5675 3563 5716 voce..

2245 5730 2325 5802 (d)
2358 5731 2659 5788 Interserit
2687 5730 2901 5791 Victor.
2933 5730 3137 5793 eorum.
