  <div class='ocr_page' id='page_1' title='image "/cluster/home/n/w/nwhite01/storage/ocr_20150623/25/hvd.32044096580493/691.png"; bbox 0 0 4022 6192; ppageno 0'>
   <div class='ocr_carea' id='block_1_1' title="bbox 485 406 631 474">
    <p class='ocr_par' dir='ltr' id='par_1_1' title="bbox 485 406 631 474">
     <span class='ocr_line' id='line_1_1' title="bbox 485 406 631 474; baseline 0 -4"><span class='ocrx_word' id='word_1_1' title='bbox 485 406 631 474; x_wconf 75' lang='grc'>13⁵71</span> 
     </span>
    </p>
   </div>
   <div class='ocr_carea' id='block_1_2' title="bbox 1735 410 2647 479">
    <p class='ocr_par' dir='ltr' id='par_1_2' title="bbox 1735 410 2647 479">
     <span class='ocr_line' id='line_1_2' title="bbox 1735 410 2647 479; baseline 0 -3"><span class='ocrx_word' id='word_1_2' title='bbox 1735 412 1801 476; x_wconf 88' lang='lat' dir='ltr'>S.</span> <span class='ocrx_word' id='word_1_3' title='bbox 1846 410 2158 476; x_wconf 83' lang='lat' dir='ltr'>EUSEBII</span> <span class='ocrx_word' id='word_1_4' title='bbox 2204 411 2647 479; x_wconf 76' lang='lat' dir='ltr'>HIERONYMI</span> 
     </span>
    </p>
   </div>
   <div class='ocr_carea' id='block_1_3' title="bbox 3655 426 3761 490">
    <p class='ocr_par' dir='ltr' id='par_1_3' title="bbox 3655 426 3761 490">
     <span class='ocr_line' id='line_1_3' title="bbox 3655 426 3761 490; baseline 0.028 -3"><span class='ocrx_word' id='word_1_5' title='bbox 3655 426 3761 490; x_wconf 76' lang='lat' dir='ltr'>l3&#39;l!</span> 
     </span>
    </p>
   </div>
   <div class='ocr_carea' id='block_1_4' title="bbox 469 542 3759 629">
    <p class='ocr_par' dir='ltr' id='par_1_4' title="bbox 469 542 3759 629">
     <span class='ocr_line' id='line_1_4' title="bbox 469 542 3759 629; baseline 0.005 -31"><span class='ocrx_word' id='word_1_6' title='bbox 469 557 720 615; x_wconf 87' lang='lat' dir='ltr'>cumque</span> <span class='ocrx_word' id='word_1_7' title='bbox 764 558 919 598; x_wconf 91' lang='lat' dir='ltr'>nunc</span> <span class='ocrx_word' id='word_1_8' title='bbox 975 542 1258 615; x_wconf 81' lang='lat' dir='ltr'>propheta</span> <span class='ocrx_word' id='word_1_9' title='bbox 1313 542 1609 600; x_wconf 84' lang='lat' dir='ltr'>describit.</span> <span class='ocrx_word' id='word_1_10' title='bbox 1668 544 1727 601; x_wconf 89' lang='lat' dir='ltr'>Si</span> <span class='ocrx_word' id='word_1_11' title='bbox 1786 545 1942 601; x_wconf 89' lang='lat' dir='ltr'>enim</span> <span class='ocrx_word' id='word_1_12' title='bbox 1976 546 2129 602; x_wconf 83' lang='lat' dir='ltr'>Deus</span> <span class='ocrx_word' id='word_1_13' title='bbox 2158 548 2212 614; x_wconf 81' lang='grc' dir='ltr'><strong>Α</strong></span> <span class='ocrx_word' id='word_1_14' title='bbox 2243 547 2779 604; x_wconf 68' lang='lat' dir='ltr'>nenasuaimalitits</span> <span class='ocrx_word' id='word_1_15' title='bbox 2800 555 3178 607; x_wconf 87' lang='lat' dir='ltr'>evomere:et</span> <span class='ocrx_word' id='word_1_16' title='bbox 3195 567 3305 608; x_wconf 91' lang='lat' dir='ltr'>non</span> <span class='ocrx_word' id='word_1_17' title='bbox 3322 549 3497 609; x_wconf 88' lang='lat' dir='ltr'>solum</span> <span class='ocrx_word' id='word_1_18' title='bbox 3515 551 3759 629; x_wconf 80' lang='lat' dir='ltr'>hoolacere,</span> 
     </span>
    </p>
   </div>
   <div class='ocr_carea' id='block_1_5' title="bbox 466 632 2126 708">
    <p class='ocr_par' dir='ltr' id='par_1_5' title="bbox 466 632 2126 708">
     <span class='ocr_line' id='line_1_5' title="bbox 466 632 2126 708; baseline 0.003 -22"><span class='ocrx_word' id='word_1_19' title='bbox 466 637 702 705; x_wconf 83' lang='lat' dir='ltr'>propter</span> <span class='ocrx_word' id='word_1_20' title='bbox 722 632 1126 689; x_wconf 79' lang='lat' dir='ltr'>infidelitatem</span> <span class='ocrx_word' id='word_1_21' title='bbox 1143 633 1322 689; x_wconf 90' lang='lat' dir='ltr'>ramis</span> <span class='ocrx_word' id='word_1_22' title='bbox 1338 633 1704 690; x_wconf 77' lang='lat' dir='ltr'>naturalibus</span> <span class='ocrx_word' id='word_1_23' title='bbox 1722 652 1835 689; x_wconf 89' lang='lat' dir='ltr'>non</span> <span class='ocrx_word' id='word_1_24' title='bbox 1850 636 2126 708; x_wconf 80' lang='lat' dir='ltr'>pepercit,</span> 
     </span>
    </p>
   </div>
   <div class='ocr_carea' id='block_1_6' title="bbox 474 721 2127 794">
    <p class='ocr_par' dir='ltr' id='par_1_6' title="bbox 474 721 2127 794">
     <span class='ocr_line' id='line_1_6' title="bbox 474 721 2127 794; baseline 0.002 -18"><span class='ocrx_word' id='word_1_25' title='bbox 474 722 574 777; x_wconf 91' lang='lat' dir='ltr'>sed</span> <span class='ocrx_word' id='word_1_26' title='bbox 610 721 780 794; x_wconf 83' lang='lat' dir='ltr'>fregit</span> <span class='ocrx_word' id='word_1_27' title='bbox 809 739 928 794; x_wconf 90' lang='lat' dir='ltr'>eos,</span> <span class='ocrx_word' id='word_1_28' title='bbox 970 727 1027 778; x_wconf 90' lang='lat' dir='ltr'>et</span> <span class='ocrx_word' id='word_1_29' title='bbox 1071 724 1265 794; x_wconf 86' lang='lat' dir='ltr'>posuit</span> <span class='ocrx_word' id='word_1_30' title='bbox 1317 723 1562 779; x_wconf 85' lang='lat' dir='ltr'>ﬂumina</span> <span class='ocrx_word' id='word_1_31' title='bbox 1611 725 1667 777; x_wconf 89' lang='lat' dir='ltr'>in</span> <span class='ocrx_word' id='word_1_32' title='bbox 1718 725 2035 791; x_wconf 86' lang='lat' dir='ltr'>desertum,</span> <span class='ocrx_word' id='word_1_33' title='bbox 2071 730 2127 780; x_wconf 92' lang='lat' dir='ltr'>et</span> 
     </span>
    </p>
   </div>
   <div class='ocr_carea' id='block_1_7' title="bbox 465 811 2125 882">
    <p class='ocr_par' dir='ltr' id='par_1_7' title="bbox 465 811 2125 882">
     <span class='ocr_line' id='line_1_7' title="bbox 465 811 2125 882; baseline 0.001 -16"><span class='ocrx_word' id='word_1_34' title='bbox 465 811 654 867; x_wconf 87' lang='lat' dir='ltr'>fontes</span> <span class='ocrx_word' id='word_1_35' title='bbox 690 829 979 882; x_wconf 87' lang='lat' dir='ltr'>aquarum</span> <span class='ocrx_word' id='word_1_36' title='bbox 1013 812 1073 868; x_wconf 89' lang='lat' dir='ltr'>in</span> <span class='ocrx_word' id='word_1_37' title='bbox 1106 813 1288 878; x_wconf 84' lang='lat' dir='ltr'>sitim,</span> <span class='ocrx_word' id='word_1_38' title='bbox 1320 817 1533 868; x_wconf 88' lang='lat' dir='ltr'>terram</span> <span class='ocrx_word' id='word_1_39' title='bbox 1553 812 1989 868; x_wconf 88' lang='lat' dir='ltr'>fructiferamin</span> <span class='ocrx_word' id='word_1_40' title='bbox 2019 815 2125 869; x_wconf 87' lang='lat' dir='ltr'>sal-</span> 
     </span>
    </p>
   </div>
   <div class='ocr_carea' id='block_1_8' title="bbox 470 899 2124 973">
    <p class='ocr_par' dir='ltr' id='par_1_8' title="bbox 470 899 2124 973">
     <span class='ocr_line' id='line_1_8' title="bbox 470 899 2124 973; baseline 0.001 -16"><span class='ocrx_word' id='word_1_41' title='bbox 470 899 764 973; x_wconf 88' lang='lat' dir='ltr'>suginem,</span> <span class='ocrx_word' id='word_1_42' title='bbox 798 907 1034 973; x_wconf 82' lang='lat' dir='ltr'>propter</span> <span class='ocrx_word' id='word_1_43' title='bbox 1065 901 1348 957; x_wconf 82' lang='lat' dir='ltr'>malitiam</span> <span class='ocrx_word' id='word_1_44' title='bbox 1379 903 1777 958; x_wconf 88' lang='lat' dir='ltr'>habitatorum</span> <span class='ocrx_word' id='word_1_45' title='bbox 1821 904 1986 973; x_wconf 86' lang='lat' dir='ltr'>ejus;</span> <span class='ocrx_word' id='word_1_46' title='bbox 2022 920 2124 959; x_wconf 90' lang='lat' dir='ltr'>cur</span> 
     </span>
    </p>
   </div>
   <div class='ocr_carea' id='block_1_9' title="bbox 351 990 2122 1063">
    <p class='ocr_par' dir='ltr' id='par_1_9' title="bbox 351 990 2122 1063">
     <span class='ocr_line' id='line_1_9' title="bbox 351 990 2122 1063; baseline 0.001 -19"><span class='ocrx_word' id='word_1_47' title='bbox 351 991 358 998; x_wconf 84' lang='grc'><em>’</em></span> <span class='ocrx_word' id='word_1_48' title='bbox 461 1007 584 1045; x_wconf 90' lang='lat' dir='ltr'>non</span> <span class='ocrx_word' id='word_1_49' title='bbox 609 990 934 1046; x_wconf 86' lang='lat' dir='ltr'>econtrario</span> <span class='ocrx_word' id='word_1_50' title='bbox 957 1007 1056 1046; x_wconf 90' lang='lat' dir='ltr'>eos</span> <span class='ocrx_word' id='word_1_51' title='bbox 1078 993 1148 1047; x_wconf 91' lang='lat' dir='ltr'>de</span> <span class='ocrx_word' id='word_1_52' title='bbox 1174 992 1390 1063; x_wconf 84' lang='lat' dir='ltr'>quibus</span> <span class='ocrx_word' id='word_1_53' title='bbox 1412 991 1633 1047; x_wconf 84' lang='lat' dir='ltr'>dixerat</span> <span class='ocrx_word' id='word_1_54' title='bbox 1657 1009 1669 1046; x_wconf 89' lang='lat'><strong>:</strong></span> <span class='ocrx_word' id='word_1_55' title='bbox 1721 993 1908 1046; x_wconf 78' lang='lat' dir='ltr'>Posuit</span> <span class='ocrx_word' id='word_1_56' title='bbox 1937 992 2122 1048; x_wconf 86' lang='lat' dir='ltr'>deser-</span> 
     </span>
    </p>
   </div>
   <div class='ocr_carea' id='block_1_10' title="bbox 457 1079 2121 1152">
    <p class='ocr_par' dir='ltr' id='par_1_10' title="bbox 457 1079 2121 1152">
     <span class='ocr_line' id='line_1_10' title="bbox 457 1079 2121 1152; baseline 0.002 -18"><span class='ocrx_word' id='word_1_57' title='bbox 457 1086 574 1134; x_wconf 90' lang='lat' dir='ltr'>tum</span> <span class='ocrx_word' id='word_1_58' title='bbox 605 1081 669 1134; x_wconf 88' lang='lat' dir='ltr'>in</span> <span class='ocrx_word' id='word_1_59' title='bbox 688 1079 917 1150; x_wconf 81' lang='lat' dir='ltr'>paludes</span> <span class='ocrx_word' id='word_1_60' title='bbox 934 1097 1223 1150; x_wconf 86' lang='lat' dir='ltr'>aquarum,</span> <span class='ocrx_word' id='word_1_61' title='bbox 1249 1085 1298 1134; x_wconf 86' lang='lat' dir='ltr'>ct</span> <span class='ocrx_word' id='word_1_62' title='bbox 1322 1089 1526 1134; x_wconf 84' lang='lat' dir='ltr'>terram</span> <span class='ocrx_word' id='word_1_63' title='bbox 1542 1081 1661 1136; x_wconf 86' lang='lat' dir='ltr'>sine</span> <span class='ocrx_word' id='word_1_64' title='bbox 1677 1097 1819 1152; x_wconf 90' lang='lat' dir='ltr'>aqua</span> <span class='ocrx_word' id='word_1_65' title='bbox 1868 1083 1927 1134; x_wconf 91' lang='lat' dir='ltr'>in</span> <span class='ocrx_word' id='word_1_66' title='bbox 1946 1083 2121 1151; x_wconf 82' lang='lat' dir='ltr'>fontes</span> 
     </span>
    </p>
   </div>
   <div class='ocr_carea' id='block_1_11' title="bbox 459 1171 2119 1240">
    <p class='ocr_par' dir='ltr' id='par_1_11' title="bbox 459 1171 2119 1240">
     <span class='ocr_line' id='line_1_11' title="bbox 459 1171 2119 1240; baseline 0.001 -17"><span class='ocrx_word' id='word_1_67' title='bbox 459 1185 731 1240; x_wconf 87' lang='lat' dir='ltr'>aquarum</span> <span class='ocrx_word' id='word_1_68' title='bbox 757 1178 809 1224; x_wconf 89' lang='lat' dir='ltr'>et</span> <span class='ocrx_word' id='word_1_69' title='bbox 827 1171 1084 1224; x_wconf 88' lang='lat' dir='ltr'>habitare</span> <span class='ocrx_word' id='word_1_70' title='bbox 1099 1171 1235 1239; x_wconf 85' lang='lat' dir='ltr'>fecit</span> <span class='ocrx_word' id='word_1_71' title='bbox 1256 1171 1336 1224; x_wconf 89' lang='lat' dir='ltr'>ibi</span> <span class='ocrx_word' id='word_1_72' title='bbox 1355 1172 1682 1236; x_wconf 77' lang='lat' dir='ltr'>esurientes,</span> <span class='ocrx_word' id='word_1_73' title='bbox 1707 1175 1763 1224; x_wconf 91' lang='lat' dir='ltr'>et</span> <span class='ocrx_word' id='word_1_74' title='bbox 1803 1175 2028 1232; x_wconf 69' lang='lat' dir='ltr'>caetera,</span> <span class='ocrx_word' id='word_1_75' title='bbox 2061 1175 2119 1226; x_wconf 89' lang='lat' dir='ltr'>et</span> 
     </span>
    </p>
   </div>
   <div class='ocr_carea' id='block_1_12' title="bbox 459 1257 2113 1328">
    <p class='ocr_par' dir='ltr' id='par_1_12' title="bbox 459 1257 2113 1328">
     <span class='ocr_line' id='line_1_12' title="bbox 459 1257 2113 1328; baseline 0.002 -17"><span class='ocrx_word' id='word_1_76' title='bbox 459 1272 611 1328; x_wconf 88' lang='lat' dir='ltr'>quos</span> <span class='ocrx_word' id='word_1_77' title='bbox 643 1257 894 1312; x_wconf 86' lang='lat' dir='ltr'>inseruit</span> <span class='ocrx_word' id='word_1_78' title='bbox 915 1258 984 1312; x_wconf 91' lang='lat' dir='ltr'>de</span> <span class='ocrx_word' id='word_1_79' title='bbox 1007 1257 1257 1313; x_wconf 90' lang='lat' dir='ltr'>oleastro</span> <span class='ocrx_word' id='word_1_80' title='bbox 1281 1258 1335 1311; x_wconf 89' lang='lat' dir='ltr'>in</span> <span class='ocrx_word' id='word_1_81' title='bbox 1366 1259 1620 1313; x_wconf 88' lang='lat' dir='ltr'>radicem</span> <span class='ocrx_word' id='word_1_82' title='bbox 1669 1259 1834 1313; x_wconf 79' lang='lat' dir='ltr'>bonas</span> <span class='ocrx_word' id='word_1_83' title='bbox 1857 1257 2039 1324; x_wconf 65' lang='lat' dir='ltr'>olivae,</span> <span class='ocrx_word' id='word_1_84' title='bbox 2065 1259 2113 1314; x_wconf 91' lang='lat' dir='ltr'>si</span> 
     </span>
    </p>
   </div>
   <div class='ocr_carea' id='block_1_13' title="bbox 460 1345 2115 1415">
    <p class='ocr_par' dir='ltr' id='par_1_13' title="bbox 460 1345 2115 1415">
     <span class='ocr_line' id='line_1_13' title="bbox 460 1345 2115 1415; baseline 0.002 -15"><span class='ocrx_word' id='word_1_85' title='bbox 460 1345 838 1402; x_wconf 87' lang='lat' dir='ltr'>immemores</span> <span class='ocrx_word' id='word_1_86' title='bbox 867 1347 1128 1402; x_wconf 84' lang='lat' dir='ltr'>beneficii</span> <span class='ocrx_word' id='word_1_87' title='bbox 1163 1348 1509 1403; x_wconf 84' lang='lat' dir='ltr'>recesserint</span> <span class='ocrx_word' id='word_1_88' title='bbox 1529 1364 1561 1402; x_wconf 88' lang='lat' dir='ltr'>a</span> <span class='ocrx_word' id='word_1_89' title='bbox 1585 1348 1881 1403; x_wconf 88' lang='lat' dir='ltr'>conditore</span> <span class='ocrx_word' id='word_1_90' title='bbox 1903 1365 2031 1415; x_wconf 93' lang='lat' dir='ltr'>suo,</span> <span class='ocrx_word' id='word_1_91' title='bbox 2059 1353 2115 1404; x_wconf 89' lang='lat' dir='ltr'>et</span> 
     </span>
    </p>
   </div>
   <div class='ocr_carea' id='block_1_14' title="bbox 456 1434 2110 1508">
    <p class='ocr_par' dir='ltr' id='par_1_14' title="bbox 456 1434 2110 1508">
     <span class='ocr_line' id='line_1_14' title="bbox 456 1434 2110 1508; baseline 0.001 -19"><span class='ocrx_word' id='word_1_92' title='bbox 456 1434 824 1490; x_wconf 86' lang='lat' dir='ltr'>adoraverint</span> <span class='ocrx_word' id='word_1_93' title='bbox 855 1435 1180 1508; x_wconf 78' lang='lat' dir='ltr'>Assyrium,</span> <span class='ocrx_word' id='word_1_94' title='bbox 1231 1441 1450 1492; x_wconf 86' lang='lat' dir='ltr'>evertat</span> <span class='ocrx_word' id='word_1_95' title='bbox 1478 1441 1534 1492; x_wconf 90' lang='lat' dir='ltr'>et</span> <span class='ocrx_word' id='word_1_96' title='bbox 1559 1437 1631 1492; x_wconf 88' lang='lat' dir='ltr'>ad</span> <span class='ocrx_word' id='word_1_97' title='bbox 1662 1437 1924 1492; x_wconf 87' lang='lat' dir='ltr'>eamdem</span> <span class='ocrx_word' id='word_1_98' title='bbox 1950 1436 2110 1491; x_wconf 87' lang='lat' dir='ltr'>sitim</span> 
     </span>
    </p>
   </div>
   <div class='ocr_carea' id='block_1_15' title="bbox 455 1524 2112 1597">
    <p class='ocr_par' dir='ltr' id='par_1_15' title="bbox 455 1524 2112 1597">
     <span class='ocr_line' id='line_1_15' title="bbox 455 1524 2112 1597; baseline 0.002 -20"><span class='ocrx_word' id='word_1_99' title='bbox 455 1525 714 1590; x_wconf 86' lang='lat' dir='ltr'>reducat,</span> <span class='ocrx_word' id='word_1_100' title='bbox 739 1525 797 1579; x_wconf 91' lang='lat' dir='ltr'>in</span> <span class='ocrx_word' id='word_1_101' title='bbox 823 1542 939 1597; x_wconf 90' lang='lat' dir='ltr'>qua</span> <span class='ocrx_word' id='word_1_102' title='bbox 957 1526 1120 1596; x_wconf 90' lang='lat' dir='ltr'>prius</span> <span class='ocrx_word' id='word_1_103' title='bbox 1141 1525 1411 1581; x_wconf 84' lang='lat' dir='ltr'>fuerant?</span> <span class='ocrx_word' id='word_1_104' title='bbox 1430 1526 1591 1589; x_wconf 88' lang='lat' dir='ltr'>Quod</span> <span class='ocrx_word' id='word_1_105' title='bbox 1615 1542 1748 1580; x_wconf 91' lang='lat' dir='ltr'>cum</span> <span class='ocrx_word' id='word_1_106' title='bbox 1764 1524 2112 1597; x_wconf 85' lang='lat' dir='ltr'>generaliter</span> 
     </span>
    </p>
   </div>
   <div class='ocr_carea' id='block_1_16' title="bbox 453 1611 2108 1687">
    <p class='ocr_par' dir='ltr' id='par_1_16' title="bbox 453 1611 2108 1687">
     <span class='ocr_line' id='line_1_16' title="bbox 453 1611 2108 1687; baseline 0.001 -21"><span class='ocrx_word' id='word_1_107' title='bbox 453 1611 512 1666; x_wconf 89' lang='lat' dir='ltr'>in</span> <span class='ocrx_word' id='word_1_108' title='bbox 536 1613 785 1668; x_wconf 88' lang='lat' dir='ltr'>adventu</span> <span class='ocrx_word' id='word_1_109' title='bbox 809 1613 1175 1680; x_wconf 87' lang='lat' dir='ltr'>Antichristi,</span> <span class='ocrx_word' id='word_1_110' title='bbox 1203 1616 1322 1671; x_wconf 88' lang='lat' dir='ltr'>sive</span> <span class='ocrx_word' id='word_1_111' title='bbox 1342 1615 1399 1668; x_wconf 91' lang='lat' dir='ltr'>in</span> <span class='ocrx_word' id='word_1_112' title='bbox 1429 1615 1543 1670; x_wconf 84' lang='lat' dir='ltr'>fine</span> <span class='ocrx_word' id='word_1_113' title='bbox 1569 1615 1775 1669; x_wconf 89' lang='lat' dir='ltr'>mundi</span> <span class='ocrx_word' id='word_1_114' title='bbox 1810 1615 1995 1687; x_wconf 89' lang='lat' dir='ltr'>possit</span> <span class='ocrx_word' id='word_1_115' title='bbox 2016 1615 2108 1669; x_wconf 86' lang='lat' dir='ltr'>in-</span> 
     </span>
    </p>
   </div>
   <div class='ocr_carea' id='block_1_17' title="bbox 451 1700 2107 1776">
    <p class='ocr_par' dir='ltr' id='par_1_17' title="bbox 451 1700 2107 1776">
     <span class='ocr_line' id='line_1_17' title="bbox 451 1700 2107 1776; baseline 0.001 -20"><span class='ocrx_word' id='word_1_116' title='bbox 451 1700 670 1773; x_wconf 84' lang='lat' dir='ltr'>telligi:</span> <span class='ocrx_word' id='word_1_117' title='bbox 704 1707 899 1758; x_wconf 89' lang='lat' dir='ltr'>tamen</span> <span class='ocrx_word' id='word_1_118' title='bbox 933 1703 1192 1776; x_wconf 90' lang='lat' dir='ltr'>quotidie</span> <span class='ocrx_word' id='word_1_119' title='bbox 1224 1703 1284 1758; x_wconf 88' lang='lat' dir='ltr'>in</span> <span class='ocrx_word' id='word_1_120' title='bbox 1313 1704 1405 1759; x_wconf 91' lang='lat' dir='ltr'>his</span> <span class='ocrx_word' id='word_1_121' title='bbox 1439 1704 1535 1775; x_wconf 91' lang='lat' dir='ltr'>qui</span> <span class='ocrx_word' id='word_1_122' title='bbox 1573 1703 1858 1759; x_wconf 88' lang='lat' dir='ltr'>simulant</span> <span class='ocrx_word' id='word_1_123' title='bbox 1888 1720 1950 1758; x_wconf 90' lang='lat' dir='ltr'>se</span> <span class='ocrx_word' id='word_1_124' title='bbox 1979 1719 2107 1759; x_wconf 90' lang='lat' dir='ltr'>esse</span> 
     </span>
    </p>
   </div>
   <div class='ocr_carea' id='block_1_18' title="bbox 451 1790 2106 1865">
    <p class='ocr_par' dir='ltr' id='par_1_18' title="bbox 451 1790 2106 1865">
     <span class='ocr_line' id='line_1_18' title="bbox 451 1790 2106 1865; baseline 0.001 -19"><span class='ocrx_word' id='word_1_125' title='bbox 451 1790 522 1846; x_wconf 90' lang='lat' dir='ltr'>de</span> <span class='ocrx_word' id='word_1_126' title='bbox 554 1790 807 1847; x_wconf 88' lang='lat' dir='ltr'>Ecclesia</span> <span class='ocrx_word' id='word_1_127' title='bbox 840 1792 962 1860; x_wconf 90' lang='lat' dir='ltr'>Dei,</span> <span class='ocrx_word' id='word_1_128' title='bbox 995 1797 1052 1848; x_wconf 93' lang='lat' dir='ltr'>et</span> <span class='ocrx_word' id='word_1_129' title='bbox 1080 1792 1356 1864; x_wconf 89' lang='lat' dir='ltr'>operibus</span> <span class='ocrx_word' id='word_1_130' title='bbox 1412 1797 1647 1865; x_wconf 88' lang='lat' dir='ltr'>negant,</span> <span class='ocrx_word' id='word_1_131' title='bbox 1695 1793 2106 1864; x_wconf 89' lang='lat' dir='ltr'>auditoresque</span> 
     </span>
    </p>
   </div>
   <div class='ocr_carea' id='block_1_19' title="bbox 450 1877 2097 1952">
    <p class='ocr_par' dir='ltr' id='par_1_19' title="bbox 450 1877 2097 1952">
     <span class='ocr_line' id='line_1_19' title="bbox 450 1877 2097 1952; baseline 0.001 -18"><span class='ocrx_word' id='word_1_132' title='bbox 450 1877 598 1951; x_wconf 84' lang='lat' dir='ltr'>legis</span> <span class='ocrx_word' id='word_1_133' title='bbox 620 1884 778 1948; x_wconf 89' lang='lat' dir='ltr'>sunt,</span> <span class='ocrx_word' id='word_1_134' title='bbox 803 1885 860 1936; x_wconf 91' lang='lat' dir='ltr'>et</span> <span class='ocrx_word' id='word_1_135' title='bbox 882 1897 995 1936; x_wconf 89' lang='lat' dir='ltr'>non</span> <span class='ocrx_word' id='word_1_136' title='bbox 1021 1882 1289 1948; x_wconf 87' lang='lat' dir='ltr'>factores,</span> <span class='ocrx_word' id='word_1_137' title='bbox 1321 1881 1504 1952; x_wconf 90' lang='lat' dir='ltr'>accipi</span> <span class='ocrx_word' id='word_1_138' title='bbox 1530 1885 1739 1952; x_wconf 88' lang='lat' dir='ltr'>potest,</span> <span class='ocrx_word' id='word_1_139' title='bbox 1761 1881 1837 1952; x_wconf 84' lang='grc' dir='ltr'>(α)</span> <span class='ocrx_word' id='word_1_140' title='bbox 1858 1880 1954 1952; x_wconf 88' lang='lat' dir='ltr'>qui</span> <span class='ocrx_word' id='word_1_141' title='bbox 1979 1882 2097 1935; x_wconf 83' lang='lat' dir='ltr'>l&#39;ru-</span> 
     </span>
    </p>
   </div>
   <div class='ocr_carea' id='block_1_20' title="bbox 451 1969 2107 2041">
    <p class='ocr_par' dir='ltr' id='par_1_20' title="bbox 451 1969 2107 2041">
     <span class='ocr_line' id='line_1_20' title="bbox 451 1969 2107 2041; baseline 0.002 -19"><span class='ocrx_word' id='word_1_142' title='bbox 451 1970 574 2022; x_wconf 88' lang='lat' dir='ltr'>stra</span> <span class='ocrx_word' id='word_1_143' title='bbox 604 1970 898 2041; x_wconf 90' lang='lat' dir='ltr'>speciosos</span> <span class='ocrx_word' id='word_1_144' title='bbox 927 1987 988 2025; x_wconf 92' lang='lat' dir='ltr'>se</span> <span class='ocrx_word' id='word_1_145' title='bbox 1018 1987 1144 2026; x_wconf 93' lang='lat' dir='ltr'>esse</span> <span class='ocrx_word' id='word_1_146' title='bbox 1172 1972 1416 2041; x_wconf 89' lang='lat' dir='ltr'>jactent,</span> <span class='ocrx_word' id='word_1_147' title='bbox 1451 1986 1586 2024; x_wconf 91' lang='lat' dir='ltr'>cum</span> <span class='ocrx_word' id='word_1_148' title='bbox 1638 1970 1904 2025; x_wconf 89' lang='lat' dir='ltr'>habitent</span> <span class='ocrx_word' id='word_1_149' title='bbox 1935 1970 1993 2023; x_wconf 89' lang='lat' dir='ltr'>in</span> <span class='ocrx_word' id='word_1_150' title='bbox 2025 1969 2107 2025; x_wconf 92' lang='lat' dir='ltr'>eis</span> 
     </span>
    </p>
   </div>
   <div class='ocr_carea' id='block_1_21' title="bbox 449 2058 2107 2129">
    <p class='ocr_par' dir='ltr' id='par_1_21' title="bbox 449 2058 2107 2129">
     <span class='ocr_line' id='line_1_21' title="bbox 449 2058 2107 2129; baseline 0.002 -19"><span class='ocrx_word' id='word_1_151' title='bbox 449 2071 676 2129; x_wconf 87' lang='lat' dir='ltr'>greges,</span> <span class='ocrx_word' id='word_1_152' title='bbox 703 2058 977 2114; x_wconf 89' lang='lat' dir='ltr'>vitiorum</span> <span class='ocrx_word' id='word_1_153' title='bbox 1004 2060 1228 2115; x_wconf 87' lang='lat' dir='ltr'>scilicet</span> <span class='ocrx_word' id='word_1_154' title='bbox 1249 2058 1586 2124; x_wconf 90' lang='lat' dir='ltr'>multitudo,</span> <span class='ocrx_word' id='word_1_155' title='bbox 1611 2063 1668 2114; x_wconf 92' lang='lat' dir='ltr'>et</span> <span class='ocrx_word' id='word_1_156' title='bbox 1691 2059 1862 2114; x_wconf 90' lang='lat' dir='ltr'>bruta</span> <span class='ocrx_word' id='word_1_157' title='bbox 1883 2059 2107 2113; x_wconf 82' lang='lat' dir='ltr'>anima-</span> 
     </span>
    </p>
   </div>
   <div class='ocr_carea' id='block_1_22' title="bbox 455 2143 2106 2218">
    <p class='ocr_par' dir='ltr' id='par_1_22' title="bbox 455 2143 2106 2218">
     <span class='ocr_line' id='line_1_22' title="bbox 455 2143 2106 2218; baseline 0.001 -19"><span class='ocrx_word' id='word_1_158' title='bbox 455 2143 533 2200; x_wconf 90' lang='lat' dir='ltr'>lia</span> <span class='ocrx_word' id='word_1_159' title='bbox 563 2147 789 2218; x_wconf 89' lang='lat' dir='ltr'>corpori</span> <span class='ocrx_word' id='word_1_160' title='bbox 823 2146 1152 2214; x_wconf 77' lang='lat' dir='ltr'>servientia,</span> <span class='ocrx_word' id='word_1_161' title='bbox 1187 2151 1245 2202; x_wconf 92' lang='lat' dir='ltr'>et</span> <span class='ocrx_word' id='word_1_162' title='bbox 1273 2162 1478 2202; x_wconf 91' lang='lat' dir='ltr'>omnes</span> <span class='ocrx_word' id='word_1_163' title='bbox 1531 2145 1726 2201; x_wconf 65' lang='lat' dir='ltr'>bestiae</span> <span class='ocrx_word' id='word_1_164' title='bbox 1767 2151 1951 2211; x_wconf 80' lang='lat' dir='ltr'>terrae,</span> <span class='ocrx_word' id='word_1_165' title='bbox 1980 2163 2106 2216; x_wconf 66' lang='lat' dir='ltr'>quae</span> 
     </span>
    </p>
   </div>
   <div class='ocr_carea' id='block_1_23' title="bbox 455 2233 2106 2306">
    <p class='ocr_par' dir='ltr' id='par_1_23' title="bbox 455 2233 2106 2306">
     <span class='ocr_line' id='line_1_23' title="bbox 455 2233 2106 2306; baseline -0.001 -17"><span class='ocrx_word' id='word_1_166' title='bbox 455 2235 631 2289; x_wconf 90' lang='lat' dir='ltr'>corda</span> <span class='ocrx_word' id='word_1_167' title='bbox 663 2251 864 2290; x_wconf 90' lang='lat' dir='ltr'>eorum</span> <span class='ocrx_word' id='word_1_168' title='bbox 899 2236 1230 2302; x_wconf 88' lang='lat' dir='ltr'>comedunt,</span> <span class='ocrx_word' id='word_1_169' title='bbox 1264 2239 1342 2290; x_wconf 86' lang='lat' dir='ltr'>et</span> <span class='ocrx_word' id='word_1_170' title='bbox 1367 2233 1813 2290; x_wconf 71' lang='lat' dir='ltr'>chamaeleontes</span> <span class='ocrx_word' id='word_1_171' title='bbox 1860 2235 1959 2306; x_wconf 91' lang='lat' dir='ltr'>qui</span> <span class='ocrx_word' id='word_1_172' title='bbox 1991 2251 2106 2289; x_wconf 90' lang='lat' dir='ltr'>non</span> 
     </span>
    </p>
   </div>
   <div class='ocr_carea' id='block_1_24' title="bbox 453 2322 2106 2394">
    <p class='ocr_par' dir='ltr' id='par_1_24' title="bbox 453 2322 2106 2394">
     <span class='ocr_line' id='line_1_24' title="bbox 453 2322 2106 2394; baseline 0 -16"><span class='ocrx_word' id='word_1_173' title='bbox 453 2322 672 2378; x_wconf 85' lang='lat' dir='ltr'>habent</span> <span class='ocrx_word' id='word_1_174' title='bbox 702 2341 883 2379; x_wconf 91' lang='lat' dir='ltr'>unum</span> <span class='ocrx_word' id='word_1_175' title='bbox 917 2324 1166 2380; x_wconf 90' lang='lat' dir='ltr'>colorem</span> <span class='ocrx_word' id='word_1_176' title='bbox 1196 2342 1208 2391; x_wconf 93' lang='lat'><strong>;</strong></span> <span class='ocrx_word' id='word_1_177' title='bbox 1243 2324 1342 2380; x_wconf 91' lang='lat' dir='ltr'>sed</span> <span class='ocrx_word' id='word_1_178' title='bbox 1366 2323 1612 2378; x_wconf 89' lang='lat' dir='ltr'>diversis</span> <span class='ocrx_word' id='word_1_179' title='bbox 1643 2323 1917 2394; x_wconf 86' lang='lat' dir='ltr'>peccatis,</span> <span class='ocrx_word' id='word_1_180' title='bbox 1950 2340 2106 2378; x_wconf 90' lang='lat' dir='ltr'>nunc</span> 
     </span>
    </p>
   </div>
   <div class='ocr_carea' id='block_1_25' title="bbox 450 2411 2108 2484">
    <p class='ocr_par' dir='ltr' id='par_1_25' title="bbox 450 2411 2108 2484">
     <span class='ocr_line' id='line_1_25' title="bbox 450 2411 2108 2484; baseline -0.001 -17"><span class='ocrx_word' id='word_1_181' title='bbox 450 2412 717 2479; x_wconf 88' lang='lat' dir='ltr'>avaritia,</span> <span class='ocrx_word' id='word_1_182' title='bbox 749 2431 905 2469; x_wconf 89' lang='lat' dir='ltr'>nunc</span> <span class='ocrx_word' id='word_1_183' title='bbox 936 2413 1188 2484; x_wconf 90' lang='lat' dir='ltr'>luxuria,</span> <span class='ocrx_word' id='word_1_184' title='bbox 1223 2429 1379 2468; x_wconf 89' lang='lat' dir='ltr'>nunc</span> <span class='ocrx_word' id='word_1_185' title='bbox 1410 2412 1775 2479; x_wconf 87' lang='lat' dir='ltr'>crudelitate,</span> <span class='ocrx_word' id='word_1_186' title='bbox 1802 2428 1958 2467; x_wconf 89' lang='lat' dir='ltr'>nunc</span> <span class='ocrx_word' id='word_1_187' title='bbox 1982 2411 2108 2466; x_wconf 92' lang='lat' dir='ltr'>libi-</span> 
     </span>
    </p>
   </div>
   <div class='ocr_carea' id='block_1_26' title="bbox 447 2500 2105 2574">
    <p class='ocr_par' dir='ltr' id='par_1_26' title="bbox 447 2500 2105 2574">
     <span class='ocr_line' id='line_1_26' title="bbox 447 2500 2105 2574; baseline 0.001 -19"><span class='ocrx_word' id='word_1_188' title='bbox 447 2500 604 2566; x_wconf 88' lang='lat' dir='ltr'>dine,</span> <span class='ocrx_word' id='word_1_189' title='bbox 629 2518 786 2557; x_wconf 91' lang='lat' dir='ltr'>nunc</span> <span class='ocrx_word' id='word_1_190' title='bbox 809 2502 1067 2572; x_wconf 88' lang='lat' dir='ltr'>tristitia,</span> <span class='ocrx_word' id='word_1_191' title='bbox 1093 2519 1250 2556; x_wconf 89' lang='lat' dir='ltr'>nunc</span> <span class='ocrx_word' id='word_1_192' title='bbox 1269 2500 1656 2557; x_wconf 87' lang='lat' dir='ltr'>exsultatione</span> <span class='ocrx_word' id='word_1_193' title='bbox 1683 2517 1784 2574; x_wconf 89' lang='lat' dir='ltr'>per</span> <span class='ocrx_word' id='word_1_194' title='bbox 1806 2505 2105 2556; x_wconf 87' lang='lat' dir='ltr'>momenta</span> 
     </span>
    </p>
   </div>
   <div class='ocr_carea' id='block_1_27' title="bbox 445 2589 2102 2662">
    <p class='ocr_par' dir='ltr' id='par_1_27' title="bbox 445 2589 2102 2662">
     <span class='ocr_line' id='line_1_27' title="bbox 445 2589 2102 2662; baseline -0.001 -17"><span class='ocrx_word' id='word_1_195' title='bbox 445 2595 773 2646; x_wconf 87' lang='lat' dir='ltr'>mutantur.</span> <span class='ocrx_word' id='word_1_196' title='bbox 808 2593 880 2647; x_wconf 85' lang='lat' dir='ltr'>Et</span> <span class='ocrx_word' id='word_1_197' title='bbox 911 2590 1111 2646; x_wconf 89' lang='lat' dir='ltr'>bericii</span> <span class='ocrx_word' id='word_1_198' title='bbox 1143 2591 1201 2645; x_wconf 86' lang='lat' dir='ltr'>in</span> <span class='ocrx_word' id='word_1_199' title='bbox 1235 2590 1601 2662; x_wconf 70' lang='lat' dir='ltr'>praesepibus</span> <span class='ocrx_word' id='word_1_200' title='bbox 1625 2607 1854 2655; x_wconf 91' lang='lat' dir='ltr'>eorum,</span> <span class='ocrx_word' id='word_1_201' title='bbox 1884 2589 2102 2644; x_wconf 89' lang='lat' dir='ltr'>animal</span> 
     </span>
    </p>
   </div>
   <div class='ocr_carea' id='block_1_28' title="bbox 443 2678 2100 2752">
    <p class='ocr_par' dir='ltr' id='par_1_28' title="bbox 443 2678 2100 2752">
     <span class='ocr_line' id='line_1_28' title="bbox 443 2678 2100 2752; baseline -0.002 -17"><span class='ocrx_word' id='word_1_202' title='bbox 443 2679 750 2752; x_wconf 87' lang='lat' dir='ltr'>spinosum</span> <span class='ocrx_word' id='word_1_203' title='bbox 781 2686 840 2735; x_wconf 88' lang='lat' dir='ltr'>et</span> <span class='ocrx_word' id='word_1_204' title='bbox 869 2680 1108 2752; x_wconf 90' lang='lat' dir='ltr'>plenum</span> <span class='ocrx_word' id='word_1_205' title='bbox 1141 2679 1429 2746; x_wconf 89' lang='lat' dir='ltr'>sentibus,</span> <span class='ocrx_word' id='word_1_206' title='bbox 1478 2685 1534 2734; x_wconf 90' lang='lat' dir='ltr'>et</span> <span class='ocrx_word' id='word_1_207' title='bbox 1580 2678 1896 2734; x_wconf 89' lang='lat' dir='ltr'>vulnerans</span> <span class='ocrx_word' id='word_1_208' title='bbox 1927 2678 2100 2750; x_wconf 85' lang='lat' dir='ltr'>quid-</span> 
     </span>
    </p>
   </div>
   <div class='ocr_carea' id='block_1_29' title="bbox 443 2762 2097 2842">
    <p class='ocr_par' dir='ltr' id='par_1_29' title="bbox 443 2762 2097 2842">
     <span class='ocr_line' id='line_1_29' title="bbox 443 2762 2097 2842; baseline -0.001 -18"><span class='ocrx_word' id='word_1_209' title='bbox 443 2768 582 2842; x_wconf 88' lang='lat' dir='ltr'>quid</span> <span class='ocrx_word' id='word_1_210' title='bbox 607 2769 933 2842; x_wconf 89' lang='lat' dir='ltr'>contigerit.</span> <span class='ocrx_word' id='word_1_211' title='bbox 959 2769 1071 2824; x_wconf 90' lang='lat' dir='ltr'>Sed</span> <span class='ocrx_word' id='word_1_212' title='bbox 1095 2762 1157 2824; x_wconf 88' lang='lat' dir='ltr'>et</span> <span class='ocrx_word' id='word_1_213' title='bbox 1173 2769 1374 2824; x_wconf 75' lang='lat' dir='ltr'>bestiis</span> <span class='ocrx_word' id='word_1_214' title='bbox 1423 2769 1724 2824; x_wconf 90' lang='lat' dir='ltr'>cubabunt</span> <span class='ocrx_word' id='word_1_215' title='bbox 1765 2768 1824 2822; x_wconf 88' lang='lat' dir='ltr'>in</span> <span class='ocrx_word' id='word_1_216' title='bbox 1857 2768 2097 2822; x_wconf 87' lang='lat' dir='ltr'>forami-</span> 
     </span>
    </p>
   </div>
   <div class='ocr_carea' id='block_1_30' title="bbox 443 2856 2098 2924">
    <p class='ocr_par' dir='ltr' id='par_1_30' title="bbox 443 2856 2098 2924">
     <span class='ocr_line' id='line_1_30' title="bbox 443 2856 2098 2924; baseline -0.001 -12"><span class='ocrx_word' id='word_1_217' title='bbox 443 2857 637 2924; x_wconf 90' lang='lat' dir='ltr'>nibus,</span> <span class='ocrx_word' id='word_1_218' title='bbox 673 2857 728 2912; x_wconf 93' lang='lat' dir='ltr'>id</span> <span class='ocrx_word' id='word_1_219' title='bbox 753 2862 860 2924; x_wconf 91' lang='lat' dir='ltr'>est,</span> <span class='ocrx_word' id='word_1_220' title='bbox 886 2860 944 2912; x_wconf 91' lang='lat' dir='ltr'>in</span> <span class='ocrx_word' id='word_1_221' title='bbox 973 2858 1248 2913; x_wconf 89' lang='lat' dir='ltr'>cordibus</span> <span class='ocrx_word' id='word_1_222' title='bbox 1269 2873 1496 2924; x_wconf 89' lang='lat' dir='ltr'>eorum,</span> <span class='ocrx_word' id='word_1_223' title='bbox 1524 2862 1583 2912; x_wconf 91' lang='lat' dir='ltr'>et</span> <span class='ocrx_word' id='word_1_224' title='bbox 1602 2857 1755 2912; x_wconf 86' lang='lat' dir='ltr'>corvi</span> <span class='ocrx_word' id='word_1_225' title='bbox 1779 2856 2098 2912; x_wconf 68' lang='lat' dir='ltr'>immunda:</span> 
     </span>
    </p>
   </div>
   <div class='ocr_carea' id='block_1_31' title="bbox 446 2943 2098 3018">
    <p class='ocr_par' dir='ltr' id='par_1_31' title="bbox 446 2943 2098 3018">
     <span class='ocr_line' id='line_1_31' title="bbox 446 2943 2098 3018; baseline -0.001 -18"><span class='ocrx_word' id='word_1_226' title='bbox 446 2947 598 3001; x_wconf 78' lang='grc'>714</span> <span class='ocrx_word' id='word_1_227' title='bbox 627 2962 760 3001; x_wconf 89' lang='lat' dir='ltr'>aves</span> <span class='ocrx_word' id='word_1_228' title='bbox 793 2947 851 3001; x_wconf 89' lang='lat' dir='ltr'>in</span> <span class='ocrx_word' id='word_1_229' title='bbox 883 2947 1068 3018; x_wconf 90' lang='lat' dir='ltr'>portis</span> <span class='ocrx_word' id='word_1_230' title='bbox 1099 2963 1322 3015; x_wconf 90' lang='lat' dir='ltr'>eorum,</span> <span class='ocrx_word' id='word_1_231' title='bbox 1354 2946 1441 3002; x_wconf 89' lang='lat' dir='ltr'>vel</span> <span class='ocrx_word' id='word_1_232' title='bbox 1473 2947 1529 3000; x_wconf 90' lang='lat' dir='ltr'>in</span> <span class='ocrx_word' id='word_1_233' title='bbox 1567 2963 1681 3011; x_wconf 91' lang='lat' dir='ltr'>ore,</span> <span class='ocrx_word' id='word_1_234' title='bbox 1710 2943 1796 3000; x_wconf 90' lang='lat' dir='ltr'>vel</span> <span class='ocrx_word' id='word_1_235' title='bbox 1849 2945 1907 2998; x_wconf 91' lang='lat' dir='ltr'>in</span> <span class='ocrx_word' id='word_1_236' title='bbox 1940 2944 2098 2999; x_wconf 88' lang='lat' dir='ltr'>auri-</span> 
     </span>
    </p>
   </div>
   <div class='ocr_carea' id='block_1_32' title="bbox 442 3032 2094 3107">
    <p class='ocr_par' dir='ltr' id='par_1_32' title="bbox 442 3032 2094 3107">
     <span class='ocr_line' id='line_1_32' title="bbox 442 3032 2094 3107; baseline -0.002 -17"><span class='ocrx_word' id='word_1_237' title='bbox 442 3035 577 3104; x_wconf 87' lang='lat' dir='ltr'>bus,</span> <span class='ocrx_word' id='word_1_238' title='bbox 605 3051 720 3106; x_wconf 93' lang='lat' dir='ltr'>quo</span> <span class='ocrx_word' id='word_1_239' title='bbox 752 3039 853 3090; x_wconf 92' lang='lat' dir='ltr'>aut</span> <span class='ocrx_word' id='word_1_240' title='bbox 881 3035 1199 3106; x_wconf 88' lang='lat' dir='ltr'>loquantur</span> <span class='ocrx_word' id='word_1_241' title='bbox 1229 3051 1480 3107; x_wconf 86' lang='lat' dir='ltr'>semper,</span> <span class='ocrx_word' id='word_1_242' title='bbox 1522 3039 1623 3090; x_wconf 88' lang='lat' dir='ltr'>aut</span> <span class='ocrx_word' id='word_1_243' title='bbox 1644 3033 1889 3089; x_wconf 86' lang='lat' dir='ltr'>audiant</span> <span class='ocrx_word' id='word_1_244' title='bbox 1921 3032 2094 3088; x_wconf 90' lang='lat' dir='ltr'>mala.</span> 
     </span>
    </p>
   </div>
   <div class='ocr_carea' id='block_1_33' title="bbox 444 3122 2096 3194">
    <p class='ocr_par' dir='ltr' id='par_1_33' title="bbox 444 3122 2096 3194">
     <span class='ocr_line' id='line_1_33' title="bbox 444 3122 2096 3194; baseline -0.001 -17"><span class='ocrx_word' id='word_1_245' title='bbox 444 3126 582 3178; x_wconf 89' lang='lat' dir='ltr'>Post</span> <span class='ocrx_word' id='word_1_246' title='bbox 604 3141 730 3194; x_wconf 78' lang='lat' dir='ltr'>quae</span> <span class='ocrx_word' id='word_1_247' title='bbox 777 3123 1026 3178; x_wconf 87' lang='lat' dir='ltr'>infertur</span> <span class='ocrx_word' id='word_1_248' title='bbox 1046 3128 1102 3179; x_wconf 91' lang='lat' dir='ltr'>et</span> <span class='ocrx_word' id='word_1_249' title='bbox 1140 3123 1391 3178; x_wconf 87' lang='lat' dir='ltr'>dicitur:</span> <span class='ocrx_word' id='word_1_250' title='bbox 1451 3124 1576 3178; x_wconf 88' lang='lat' dir='ltr'>ideo</span> <span class='ocrx_word' id='word_1_251' title='bbox 1626 3122 1940 3178; x_wconf 89' lang='lat' dir='ltr'>Ecclesiam</span> <span class='ocrx_word' id='word_1_252' title='bbox 1976 3122 2096 3177; x_wconf 82' lang='lat' dir='ltr'>haec</span> 
     </span>
    </p>
   </div>
   <div class='ocr_carea' id='block_1_34' title="bbox 439 3211 2091 3284">
    <p class='ocr_par' dir='ltr' id='par_1_34' title="bbox 439 3211 2091 3284">
     <span class='ocr_line' id='line_1_34' title="bbox 439 3211 2091 3284; baseline -0.001 -18"><span class='ocrx_word' id='word_1_253' title='bbox 439 3227 748 3283; x_wconf 87' lang='lat' dir='ltr'>passuram</span> <span class='ocrx_word' id='word_1_254' title='bbox 772 3211 913 3277; x_wconf 89' lang='lat' dir='ltr'>fore,</span> <span class='ocrx_word' id='word_1_255' title='bbox 937 3211 1026 3267; x_wconf 88' lang='lat' dir='ltr'>vel</span> <span class='ocrx_word' id='word_1_256' title='bbox 1052 3228 1181 3267; x_wconf 91' lang='lat' dir='ltr'>esse</span> <span class='ocrx_word' id='word_1_257' title='bbox 1210 3228 1569 3284; x_wconf 83' lang='lat' dir='ltr'>perpessam,</span> <span class='ocrx_word' id='word_1_258' title='bbox 1605 3211 1760 3283; x_wconf 92' lang='lat' dir='ltr'>quod</span> <span class='ocrx_word' id='word_1_259' title='bbox 1791 3211 1849 3264; x_wconf 90' lang='lat' dir='ltr'>in</span> <span class='ocrx_word' id='word_1_260' title='bbox 1882 3227 2091 3282; x_wconf 87' lang='lat' dir='ltr'>super-</span> 
     </span>
    </p>
   </div>
   <div class='ocr_carea' id='block_1_35' title="bbox 2240 637 3758 716">
    <p class='ocr_par' dir='ltr' id='par_1_35' title="bbox 2240 637 3758 716">
     <span class='ocr_line' id='line_1_35' title="bbox 2240 637 3758 716; baseline 0.008 -26"><span class='ocrx_word' id='word_1_261' title='bbox 2240 637 2338 691; x_wconf 91' lang='lat' dir='ltr'>sed</span> <span class='ocrx_word' id='word_1_262' title='bbox 2356 654 2531 709; x_wconf 89' lang='lat' dir='ltr'>opera</span> <span class='ocrx_word' id='word_1_263' title='bbox 2544 654 2774 710; x_wconf 90' lang='lat' dir='ltr'>quoque</span> <span class='ocrx_word' id='word_1_264' title='bbox 2793 656 2899 694; x_wconf 89' lang='lat' dir='ltr'>sua</span> <span class='ocrx_word' id='word_1_265' title='bbox 2925 643 3332 714; x_wconf 66' lang='lat' dir='ltr'>quasi-poniuth</span> <span class='ocrx_word' id='word_1_266' title='bbox 3349 656 3535 698; x_wconf 90' lang='lat' dir='ltr'>manus</span> <span class='ocrx_word' id='word_1_267' title='bbox 3548 653 3758 716; x_wconf 82' lang='lat' dir='ltr'>vocantur,</span> 
     </span>
    </p>
   </div>
   <div class='ocr_carea' id='block_1_36' title="bbox 2238 728 3758 800">
    <p class='ocr_par' dir='ltr' id='par_1_36' title="bbox 2238 728 3758 800">
     <span class='ocr_line' id='line_1_36' title="bbox 2238 728 3758 800; baseline 0.007 -21"><span class='ocrx_word' id='word_1_268' title='bbox 2238 741 2487 781; x_wconf 89' lang='lat' dir='ltr'>movere.</span> <span class='ocrx_word' id='word_1_269' title='bbox 2522 728 2600 782; x_wconf 84' lang='lat' dir='ltr'>Ac</span> <span class='ocrx_word' id='word_1_270' title='bbox 2632 743 2703 782; x_wconf 91' lang='lat' dir='ltr'>ne</span> <span class='ocrx_word' id='word_1_271' title='bbox 2735 733 2904 800; x_wconf 87' lang='lat' dir='ltr'>putes</span> <span class='ocrx_word' id='word_1_272' title='bbox 2931 729 3068 800; x_wconf 87' lang='lat' dir='ltr'>quia</span> <span class='ocrx_word' id='word_1_273' title='bbox 3101 729 3391 784; x_wconf 89' lang='lat' dir='ltr'>colubrum</span> <span class='ocrx_word' id='word_1_274' title='bbox 3412 732 3758 799; x_wconf 83' lang='lat' dir='ltr'>nominavimus,</span> 
     </span>
    </p>
   </div>
   <div class='ocr_carea' id='block_1_37' title="bbox 2234 813 3759 893">
    <p class='ocr_par' dir='ltr' id='par_1_37' title="bbox 2234 813 3759 893">
     <span class='ocr_line' id='line_1_37' title="bbox 2234 813 3759 893; baseline 0.008 -28"><span class='ocrx_word' id='word_1_275' title='bbox 2234 813 2514 869; x_wconf 87' lang='lat' dir='ltr'>violenter</span> <span class='ocrx_word' id='word_1_276' title='bbox 2545 832 2651 870; x_wconf 88' lang='lat' dir='ltr'>nos</span> <span class='ocrx_word' id='word_1_277' title='bbox 2683 832 2896 872; x_wconf 88' lang='lat' dir='ltr'>manus</span> <span class='ocrx_word' id='word_1_278' title='bbox 2927 815 3170 883; x_wconf 85' lang='lat' dir='ltr'>colubri,</span> <span class='ocrx_word' id='word_1_279' title='bbox 3201 835 3300 890; x_wconf 92' lang='lat' dir='ltr'>pro</span> <span class='ocrx_word' id='word_1_280' title='bbox 3331 834 3488 890; x_wconf 90' lang='lat' dir='ltr'>opere</span> <span class='ocrx_word' id='word_1_281' title='bbox 3514 819 3759 893; x_wconf 73' lang='lat' dir='ltr'>intelligam,</span> 
     </span>
    </p>
   </div>
   <div class='ocr_carea' id='block_1_38' title="bbox 2234 902 3760 974">
    <p class='ocr_par' dir='ltr' id='par_1_38' title="bbox 2234 902 3760 974">
     <span class='ocr_line' id='line_1_38' title="bbox 2234 902 3760 974; baseline 0.005 -18"><span class='ocrx_word' id='word_1_282' title='bbox 2234 902 2430 974; x_wconf 90' lang='lat' dir='ltr'>accipe</span> <span class='ocrx_word' id='word_1_283' title='bbox 2452 904 2857 960; x_wconf 89' lang='lat' dir='ltr'>testimonium</span> <span class='ocrx_word' id='word_1_284' title='bbox 2881 906 3236 962; x_wconf 89' lang='lat' dir='ltr'>Salomonis:</span> <span class='ocrx_word' id='word_1_285' title='bbox 3281 906 3480 972; x_wconf 84' lang='lat' dir='ltr'>Mors,et</span> <span class='ocrx_word' id='word_1_286' title='bbox 3506 910 3601 964; x_wconf 88' lang='lat' dir='ltr'>vita</span> <span class='ocrx_word' id='word_1_287' title='bbox 3624 912 3668 963; x_wconf 87' lang='lat' dir='ltr'>in</span> <span class='ocrx_word' id='word_1_288' title='bbox 3687 928 3760 965; x_wconf 82' lang='lat' dir='ltr'>ma-</span> 
     </span>
    </p>
   </div>
   <div class='ocr_carea' id='block_1_39' title="bbox 2230 991 3758 1068">
    <p class='ocr_par' dir='ltr' id='par_1_39' title="bbox 2230 991 3758 1068">
     <span class='ocr_line' id='line_1_39' title="bbox 2230 991 3758 1068; baseline 0.006 -25"><span class='ocrx_word' id='word_1_289' title='bbox 2230 991 2395 1045; x_wconf 87' lang='lat' dir='ltr'>nibus</span> <span class='ocrx_word' id='word_1_290' title='bbox 2415 992 2623 1063; x_wconf 68' lang='lat' dir='ltr'>lingua?</span> <span class='ocrx_word' id='word_1_291' title='bbox 2645 993 2824 1062; x_wconf 88' lang='lat' dir='ltr'>(Prov.</span> <span class='ocrx_word' id='word_1_292' title='bbox 2859 1010 3020 1058; x_wconf 83' lang='lat' dir='ltr'>xvni,</span> <span class='ocrx_word' id='word_1_293' title='bbox 3049 995 3162 1062; x_wconf 82' lang='lat'>21).</span> <span class='ocrx_word' id='word_1_294' title='bbox 3197 998 3323 1049; x_wconf 71' lang='lat' dir='ltr'>Huic</span> <span class='ocrx_word' id='word_1_295' title='bbox 3369 995 3610 1062; x_wconf 79' lang='lat' dir='ltr'>diximus,</span> <span class='ocrx_word' id='word_1_296' title='bbox 3633 1003 3681 1051; x_wconf 90' lang='lat' dir='ltr'>ut</span> <span class='ocrx_word' id='word_1_297' title='bbox 3700 1015 3758 1068; x_wconf 85' lang='lat' dir='ltr'>po-</span> 
     </span>
    </p>
   </div>
   <div class='ocr_carea' id='block_1_40' title="bbox 2231 1078 3762 1156">
    <p class='ocr_par' dir='ltr' id='par_1_40' title="bbox 2231 1078 3762 1156">
     <span class='ocr_line' id='line_1_40' title="bbox 2231 1078 3762 1156; baseline 0.005 -24"><span class='ocrx_word' id='word_1_298' title='bbox 2231 1078 2456 1134; x_wconf 89' lang='lat' dir='ltr'>tuimus</span> <span class='ocrx_word' id='word_1_299' title='bbox 2479 1081 2947 1153; x_wconf 84' lang='lat' dir='ltr'>interpretationi</span> <span class='ocrx_word' id='word_1_300' title='bbox 2978 1082 3263 1155; x_wconf 69' lang='lat' dir='ltr'>allegoriae</span> <span class='ocrx_word' id='word_1_301' title='bbox 3287 1083 3588 1138; x_wconf 83' lang='lat' dir='ltr'>servientes.</span> <span class='ocrx_word' id='word_1_302' title='bbox 3615 1085 3762 1156; x_wconf 75' lang='lat' dir='ltr'>Siquis</span> 
     </span>
    </p>
   </div>
   <div class='ocr_carea' id='block_1_41' title="bbox 2228 1169 3763 1245">
    <p class='ocr_par' dir='ltr' id='par_1_41' title="bbox 2228 1169 3763 1245">
     <span class='ocr_line' id='line_1_41' title="bbox 2228 1169 3763 1245; baseline 0.005 -23"><span class='ocrx_word' id='word_1_303' title='bbox 2228 1173 2422 1223; x_wconf 89' lang='lat' dir='ltr'>autem</span> <span class='ocrx_word' id='word_1_304' title='bbox 2449 1171 2637 1242; x_wconf 90' lang='lat' dir='ltr'>magis</span> <span class='ocrx_word' id='word_1_305' title='bbox 2653 1169 3075 1240; x_wconf 88' lang='lat' dir='ltr'>verisimilia,et</span> <span class='ocrx_word' id='word_1_306' title='bbox 3096 1171 3363 1227; x_wconf 87' lang='lat' dir='ltr'>habentia</span> <span class='ocrx_word' id='word_1_307' title='bbox 3384 1173 3629 1228; x_wconf 89' lang='lat' dir='ltr'>rationem</span> <span class='ocrx_word' id='word_1_308' title='bbox 3647 1190 3763 1245; x_wconf 82' lang='lat' dir='ltr'>quam</span> 
     </span>
    </p>
   </div>
   <div class='ocr_carea' id='block_1_42' title="bbox 2225 1258 3764 1333">
    <p class='ocr_par' dir='ltr' id='par_1_42' title="bbox 2225 1258 3764 1333">
     <span class='ocr_line' id='line_1_42' title="bbox 2225 1258 3764 1333; baseline 0.005 -23"><span class='ocrx_word' id='word_1_309' title='bbox 2225 1274 2258 1310; x_wconf 92' lang='lat' dir='ltr'>a</span> <span class='ocrx_word' id='word_1_310' title='bbox 2289 1258 2458 1313; x_wconf 90' lang='lat' dir='ltr'>nobis</span> <span class='ocrx_word' id='word_1_311' title='bbox 2490 1262 2629 1314; x_wconf 89' lang='lat' dir='ltr'>sunt</span> <span class='ocrx_word' id='word_1_312' title='bbox 2675 1259 2924 1314; x_wconf 89' lang='lat' dir='ltr'>disserta</span> <span class='ocrx_word' id='word_1_313' title='bbox 2955 1261 3251 1332; x_wconf 88' lang='lat' dir='ltr'>repererit,</span> <span class='ocrx_word' id='word_1_314' title='bbox 3286 1260 3438 1316; x_wconf 89' lang='lat' dir='ltr'>illius</span> <span class='ocrx_word' id='word_1_315' title='bbox 3467 1262 3623 1333; x_wconf 87' lang='lat' dir='ltr'>magis</span> <span class='ocrx_word' id='word_1_316' title='bbox 3645 1261 3764 1317; x_wconf 80' lang='lat' dir='ltr'>lector</span> 
     </span>
    </p>
   </div>
   <div class='ocr_carea' id='block_1_43' title="bbox 2223 1347 2859 1403">
    <p class='ocr_par' dir='ltr' id='par_1_43' title="bbox 2223 1347 2859 1403">
     <span class='ocr_line' id='line_1_43' title="bbox 2223 1347 2859 1403; baseline 0.005 -4"><span class='ocrx_word' id='word_1_317' title='bbox 2223 1348 2570 1402; x_wconf 87' lang='lat' dir='ltr'>auctoritate</span> <span class='ocrx_word' id='word_1_318' title='bbox 2593 1347 2859 1403; x_wconf 87' lang='lat' dir='ltr'>ducatur.</span> 
     </span>
    </p>
   </div>
   <div class='ocr_carea' id='block_1_44' title="bbox 2290 1434 3763 1509">
    <p class='ocr_par' dir='ltr' id='par_1_44' title="bbox 2290 1434 3763 1509">
     <span class='ocr_line' id='line_1_44' title="bbox 2290 1434 3763 1509; baseline 0.003 -21"><span class='ocrx_word' id='word_1_319' title='bbox 2290 1434 2451 1506; x_wconf 87' lang='lat' dir='ltr'>(Cap.</span> <span class='ocrx_word' id='word_1_320' title='bbox 2487 1435 2581 1491; x_wconf 82' lang='lat' dir='ltr'>IlI.</span> <span class='ocrx_word' id='word_1_321' title='bbox 2619 1462 2682 1482; x_wconf 86' lang='lat'>=-</span> <span class='ocrx_word' id='word_1_322' title='bbox 2714 1435 2876 1492; x_wconf 89' lang='lat' dir='ltr'>Vers.</span> <span class='ocrx_word' id='word_1_323' title='bbox 2915 1438 2937 1491; x_wconf 89' lang='grc'><strong>1</strong></span> <span class='ocrx_word' id='word_1_324' title='bbox 2973 1439 3162 1509; x_wconf 90' lang='lat' dir='ltr'>seqq.)</span> <span class='ocrx_word' id='word_1_325' title='bbox 3200 1439 3289 1496; x_wconf 70' lang='lat' dir='ltr'>Vae</span> <span class='ocrx_word' id='word_1_326' title='bbox 3312 1441 3624 1509; x_wconf 68' lang='lat' dir='ltr'>provocabis</span> <span class='ocrx_word' id='word_1_327' title='bbox 3648 1448 3687 1493; x_wconf 84' lang='lat' dir='ltr'>et</span> <span class='ocrx_word' id='word_1_328' title='bbox 3708 1455 3763 1493; x_wconf 77' lang='lat' dir='ltr'>re-</span> 
     </span>
    </p>
   </div>
   <div class='ocr_carea' id='block_1_45' title="bbox 2218 1523 3767 1595">
    <p class='ocr_par' dir='ltr' id='par_1_45' title="bbox 2218 1523 3767 1595">
     <span class='ocr_line' id='line_1_45' title="bbox 2218 1523 3767 1595; baseline 0.004 -18"><span class='ocrx_word' id='word_1_329' title='bbox 2218 1523 2432 1594; x_wconf 88' lang='lat' dir='ltr'>dempta</span> <span class='ocrx_word' id='word_1_330' title='bbox 2460 1526 2654 1580; x_wconf 79' lang='lat' dir='ltr'>civitas</span> <span class='ocrx_word' id='word_1_331' title='bbox 2675 1543 2694 1580; x_wconf 89' lang='lat'><em>:</em></span> <span class='ocrx_word' id='word_1_332' title='bbox 2723 1524 2981 1580; x_wconf 88' lang='lat' dir='ltr'>columba</span> <span class='ocrx_word' id='word_1_333' title='bbox 3036 1542 3145 1582; x_wconf 88' lang='lat' dir='ltr'>non</span> <span class='ocrx_word' id='word_1_334' title='bbox 3202 1527 3408 1582; x_wconf 82' lang='lat' dir='ltr'>audivit</span> <span class='ocrx_word' id='word_1_335' title='bbox 3450 1543 3620 1595; x_wconf 83' lang='lat' dir='ltr'>vocem,</span> <span class='ocrx_word' id='word_1_336' title='bbox 3643 1536 3767 1583; x_wconf 72' lang='lat' dir='ltr'>etnon</span> 
     </span>
    </p>
   </div>
   <div class='ocr_carea' id='block_1_46' title="bbox 2217 1613 3768 1686">
    <p class='ocr_par' dir='ltr' id='par_1_46' title="bbox 2217 1613 3768 1686">
     <span class='ocr_line' id='line_1_46' title="bbox 2217 1613 3768 1686; baseline 0.003 -20"><span class='ocrx_word' id='word_1_337' title='bbox 2217 1614 2453 1683; x_wconf 75' lang='lat' dir='ltr'>suscepit</span> <span class='ocrx_word' id='word_1_338' title='bbox 2482 1613 2838 1685; x_wconf 87' lang='lat' dir='ltr'>disciplinam</span> <span class='ocrx_word' id='word_1_339' title='bbox 2862 1632 2881 1668; x_wconf 86' lang='lat'><strong><em>:</em></strong></span> <span class='ocrx_word' id='word_1_340' title='bbox 2938 1614 2997 1670; x_wconf 87' lang='lat' dir='ltr'>in</span> <span class='ocrx_word' id='word_1_341' title='bbox 3044 1616 3278 1671; x_wconf 89' lang='lat' dir='ltr'>Domino</span> <span class='ocrx_word' id='word_1_342' title='bbox 3306 1632 3411 1671; x_wconf 87' lang='lat' dir='ltr'>non</span> <span class='ocrx_word' id='word_1_343' title='bbox 3437 1625 3508 1671; x_wconf 87' lang='lat' dir='ltr'>est</span> <span class='ocrx_word' id='word_1_344' title='bbox 3531 1617 3704 1686; x_wconf 79' lang='lat' dir='ltr'>conﬁsa,</span> <span class='ocrx_word' id='word_1_345' title='bbox 3723 1616 3768 1671; x_wconf 76' lang='lat' dir='ltr'>ad</span> 
     </span>
    </p>
   </div>
   <div class='ocr_carea' id='block_1_47' title="bbox 2218 1702 3766 1776">
    <p class='ocr_par' dir='ltr' id='par_1_47' title="bbox 2218 1702 3766 1776">
     <span class='ocr_line' id='line_1_47' title="bbox 2218 1702 3766 1776; baseline 0.002 -21"><span class='ocrx_word' id='word_1_346' title='bbox 2218 1702 2509 1756; x_wconf 90' lang='lat' dir='ltr'>Dominum</span> <span class='ocrx_word' id='word_1_347' title='bbox 2565 1703 2758 1774; x_wconf 67' lang='lat' dir='ltr'>[Vulg</span> <span class='ocrx_word' id='word_1_348' title='bbox 2820 1704 3011 1774; x_wconf 88' lang='lat' dir='ltr'>Deum]</span> <span class='ocrx_word' id='word_1_349' title='bbox 3044 1721 3209 1758; x_wconf 89' lang='lat' dir='ltr'>suum</span> <span class='ocrx_word' id='word_1_350' title='bbox 3240 1720 3349 1759; x_wconf 86' lang='lat' dir='ltr'>non</span> <span class='ocrx_word' id='word_1_351' title='bbox 3377 1707 3766 1776; x_wconf 79' lang='lat' dir='ltr'>apprOpinquavit.</span> 
     </span>
    </p>
   </div>
   <div class='ocr_carea' id='block_1_48' title="bbox 2215 1789 3766 1863">
    <p class='ocr_par' dir='ltr' id='par_1_48' title="bbox 2215 1789 3766 1863">
     <span class='ocr_line' id='line_1_48' title="bbox 2215 1789 3766 1863; baseline 0.003 -21"><span class='ocrx_word' id='word_1_352' title='bbox 2215 1789 2502 1860; x_wconf 82' lang='lat' dir='ltr'>Principes</span> <span class='ocrx_word' id='word_1_353' title='bbox 2551 1791 2669 1860; x_wconf 83' lang='lat' dir='ltr'>ejus</span> <span class='ocrx_word' id='word_1_354' title='bbox 2719 1793 2780 1846; x_wconf 90' lang='lat' dir='ltr'>in</span> <span class='ocrx_word' id='word_1_355' title='bbox 2809 1791 2987 1847; x_wconf 88' lang='lat' dir='ltr'>medio</span> <span class='ocrx_word' id='word_1_356' title='bbox 3033 1793 3168 1862; x_wconf 85' lang='lat' dir='ltr'>ejus,</span> <span class='ocrx_word' id='word_1_357' title='bbox 3204 1795 3362 1863; x_wconf 88' lang='lat' dir='ltr'>quasi</span> <span class='ocrx_word' id='word_1_358' title='bbox 3385 1793 3516 1850; x_wconf 75' lang='lat'>715</span> <span class='ocrx_word' id='word_1_359' title='bbox 3547 1793 3684 1848; x_wconf 82' lang='lat' dir='ltr'>leones</span> <span class='ocrx_word' id='word_1_360' title='bbox 3705 1810 3766 1846; x_wconf 83' lang='lat' dir='ltr'>rii-</span> 
     </span>
    </p>
   </div>
   <div class='ocr_carea' id='block_1_49' title="bbox 2214 1879 3768 1952">
    <p class='ocr_par' dir='ltr' id='par_1_49' title="bbox 2214 1879 3768 1952">
     <span class='ocr_line' id='line_1_49' title="bbox 2214 1879 3768 1952; baseline 0.001 -20"><span class='ocrx_word' id='word_1_361' title='bbox 2214 1879 2464 1948; x_wconf 80' lang='lat' dir='ltr'>gientes:</span> <span class='ocrx_word' id='word_1_362' title='bbox 2494 1879 2710 1950; x_wconf 84' lang='lat' dir='ltr'>judices</span> <span class='ocrx_word' id='word_1_363' title='bbox 2757 1881 2875 1950; x_wconf 89' lang='lat' dir='ltr'>ejus</span> <span class='ocrx_word' id='word_1_364' title='bbox 2910 1881 3030 1952; x_wconf 85' lang='lat' dir='ltr'>lupi</span> <span class='ocrx_word' id='word_1_365' title='bbox 3066 1896 3319 1951; x_wconf 57' lang='lat' dir='ltr'>vespera,</span> <span class='ocrx_word' id='word_1_366' title='bbox 3347 1897 3453 1936; x_wconf 85' lang='lat' dir='ltr'>non</span> <span class='ocrx_word' id='word_1_367' title='bbox 3478 1881 3768 1951; x_wconf 82' lang='lat' dir='ltr'>relinquebant</span> 
     </span>
    </p>
   </div>
   <div class='ocr_carea' id='block_1_50' title="bbox 2220 1969 3765 2040">
    <p class='ocr_par' dir='ltr' id='par_1_50' title="bbox 2220 1969 3765 2040">
     <span class='ocr_line' id='line_1_50' title="bbox 2220 1969 3765 2040; baseline 0.003 -20"><span class='ocrx_word' id='word_1_368' title='bbox 2220 1969 2281 2020; x_wconf 90' lang='lat' dir='ltr'>in</span> <span class='ocrx_word' id='word_1_369' title='bbox 2308 1984 2491 2022; x_wconf 88' lang='lat' dir='ltr'>mane.</span> <span class='ocrx_word' id='word_1_370' title='bbox 2524 1970 2821 2040; x_wconf 56' lang='lat' dir='ltr'>PvOphetw</span> <span class='ocrx_word' id='word_1_371' title='bbox 2847 1970 2966 2040; x_wconf 83' lang='lat' dir='ltr'>ejus</span> <span class='ocrx_word' id='word_1_372' title='bbox 2995 1972 3326 2036; x_wconf 87' lang='lat' dir='ltr'>vesani,viri</span> <span class='ocrx_word' id='word_1_373' title='bbox 3355 1969 3577 2040; x_wconf 76' lang='lat' dir='ltr'>inﬁdeles</span> <span class='ocrx_word' id='word_1_374' title='bbox 3599 1988 3615 2024; x_wconf 93' lang='lat'><strong><em>:</em></strong></span> <span class='ocrx_word' id='word_1_375' title='bbox 3639 1971 3765 2025; x_wconf 82' lang='lat' dir='ltr'>Sacer-</span> 
     </span>
    </p>
   </div>
   <div class='ocr_carea' id='block_1_51' title="bbox 2217 2055 3768 2128">
    <p class='ocr_par' dir='ltr' id='par_1_51' title="bbox 2217 2055 3768 2128">
     <span class='ocr_line' id='line_1_51' title="bbox 2217 2055 3768 2128; baseline 0.003 -19"><span class='ocrx_word' id='word_1_376' title='bbox 2217 2055 2362 2111; x_wconf 84' lang='lat' dir='ltr'>dotes</span> <span class='ocrx_word' id='word_1_377' title='bbox 2381 2058 2500 2124; x_wconf 83' lang='lat' dir='ltr'>ejus</span> <span class='ocrx_word' id='word_1_378' title='bbox 2522 2058 2840 2128; x_wconf 85' lang='lat' dir='ltr'>polluerunt</span> <span class='ocrx_word' id='word_1_379' title='bbox 2867 2067 3139 2123; x_wconf 87' lang='lat' dir='ltr'>sanctum,</span> <span class='ocrx_word' id='word_1_380' title='bbox 3175 2060 3380 2128; x_wconf 84' lang='lat' dir='ltr'>injuste</span> <span class='ocrx_word' id='word_1_381' title='bbox 3419 2067 3619 2128; x_wconf 83' lang='lat' dir='ltr'>egerunt</span> <span class='ocrx_word' id='word_1_382' title='bbox 3637 2063 3768 2114; x_wconf 81' lang='lat' dir='ltr'>contra</span> 
     </span>
    </p>
   </div>
   <div class='ocr_carea' id='block_1_52' title="bbox 2218 2144 3767 2221">
    <p class='ocr_par' dir='ltr' id='par_1_52' title="bbox 2218 2144 3767 2221">
     <span class='ocr_line' id='line_1_52' title="bbox 2218 2144 3767 2221; baseline 0.002 -23"><span class='ocrx_word' id='word_1_383' title='bbox 2218 2144 2408 2215; x_wconf 86' lang='lat' dir='ltr'>legem.</span> <span class='ocrx_word' id='word_1_384' title='bbox 2443 2147 2705 2202; x_wconf 87' lang='lat' dir='ltr'>Dominus</span> <span class='ocrx_word' id='word_1_385' title='bbox 2715 2149 2897 2218; x_wconf 87' lang='lat' dir='ltr'>justus</span> <span class='ocrx_word' id='word_1_386' title='bbox 2915 2149 2976 2203; x_wconf 87' lang='lat' dir='ltr'>in</span> <span class='ocrx_word' id='word_1_387' title='bbox 3003 2148 3183 2204; x_wconf 81' lang='lat' dir='ltr'>medio</span> <span class='ocrx_word' id='word_1_388' title='bbox 3209 2149 3324 2219; x_wconf 87' lang='lat' dir='ltr'>ejus</span> <span class='ocrx_word' id='word_1_389' title='bbox 3346 2165 3452 2203; x_wconf 89' lang='lat' dir='ltr'>non</span> <span class='ocrx_word' id='word_1_390' title='bbox 3468 2148 3614 2221; x_wconf 78' lang='lat' dir='ltr'>faciet</span> <span class='ocrx_word' id='word_1_391' title='bbox 3629 2148 3767 2217; x_wconf 75' lang='lat' dir='ltr'>iniqui-</span> 
     </span>
    </p>
   </div>
   <div class='ocr_carea' id='block_1_53' title="bbox 2215 2234 3766 2306">
    <p class='ocr_par' dir='ltr' id='par_1_53' title="bbox 2215 2234 3766 2306">
     <span class='ocr_line' id='line_1_53' title="bbox 2215 2234 3766 2306; baseline 0.001 -19"><span class='ocrx_word' id='word_1_392' title='bbox 2215 2234 2569 2288; x_wconf 83' lang='lat' dir='ltr'>tatem.Mane</span> <span class='ocrx_word' id='word_1_393' title='bbox 2588 2250 2754 2290; x_wconf 86' lang='lat' dir='ltr'>mane</span> <span class='ocrx_word' id='word_1_394' title='bbox 2759 2235 3037 2306; x_wconf 80' lang='lat' dir='ltr'>judicium</span> <span class='ocrx_word' id='word_1_395' title='bbox 3054 2252 3220 2291; x_wconf 89' lang='lat' dir='ltr'>suum</span> <span class='ocrx_word' id='word_1_396' title='bbox 3239 2235 3385 2292; x_wconf 84' lang='lat' dir='ltr'>dabit</span> <span class='ocrx_word' id='word_1_397' title='bbox 3413 2237 3466 2290; x_wconf 84' lang='lat' dir='ltr'>in</span> <span class='ocrx_word' id='word_1_398' title='bbox 3495 2236 3616 2300; x_wconf 84' lang='lat' dir='ltr'>luce,</span> <span class='ocrx_word' id='word_1_399' title='bbox 3638 2239 3676 2291; x_wconf 85' lang='lat' dir='ltr'>et</span> <span class='ocrx_word' id='word_1_400' title='bbox 3695 2249 3766 2288; x_wconf 75' lang='lat' dir='ltr'>nos</span> 
     </span>
    </p>
   </div>
   <div class='ocr_carea' id='block_1_54' title="bbox 2188 2323 3767 2397">
    <p class='ocr_par' dir='ltr' id='par_1_54' title="bbox 2188 2323 3767 2397">
     <span class='ocr_line' id='line_1_54' title="bbox 2188 2323 3767 2397; baseline 0 -20"><span class='ocrx_word' id='word_1_401' title='bbox 2188 2323 2610 2378; x_wconf 87' lang='lat' dir='ltr'>&#39;abscondetur:</span> <span class='ocrx_word' id='word_1_402' title='bbox 2634 2326 2861 2379; x_wconf 85' lang='lat' dir='ltr'>nescivit</span> <span class='ocrx_word' id='word_1_403' title='bbox 2882 2328 3065 2380; x_wconf 88' lang='lat' dir='ltr'>autem</span> <span class='ocrx_word' id='word_1_404' title='bbox 3087 2326 3315 2396; x_wconf 86' lang='lat' dir='ltr'>iniquus</span> <span class='ocrx_word' id='word_1_405' title='bbox 3335 2327 3659 2397; x_wconf 80' lang='lat' dir='ltr'>confusionem</span> <span class='ocrx_word' id='word_1_406' title='bbox 3676 2323 3767 2378; x_wconf 77' lang='lat' dir='ltr'>:tlit-</span> 
     </span>
    </p>
   </div>
   <div class='ocr_carea' id='block_1_55' title="bbox 2209 2411 3764 2486">
    <p class='ocr_par' dir='ltr' id='par_1_55' title="bbox 2209 2411 3764 2486">
     <span class='ocr_line' id='line_1_55' title="bbox 2209 2411 3764 2486; baseline 0.001 -21"><span class='ocrx_word' id='word_1_407' title='bbox 2209 2411 2650 2482; x_wconf 49' lang='lat' dir='ltr'>perdidzjgentes,</span> <span class='ocrx_word' id='word_1_408' title='bbox 2683 2417 2738 2468; x_wconf 87' lang='lat' dir='ltr'>et</span> <span class='ocrx_word' id='word_1_409' title='bbox 2767 2413 3020 2486; x_wconf 82' lang='lat' dir='ltr'>dissipati</span> <span class='ocrx_word' id='word_1_410' title='bbox 3043 2424 3176 2469; x_wconf 85' lang='lat' dir='ltr'>sunt</span> <span class='ocrx_word' id='word_1_411' title='bbox 3199 2415 3393 2484; x_wconf 87' lang='lat' dir='ltr'>anguli</span> <span class='ocrx_word' id='word_1_412' title='bbox 3417 2430 3616 2470; x_wconf 87' lang='lat' dir='ltr'>earum:</span> <span class='ocrx_word' id='word_1_413' title='bbox 3639 2413 3764 2468; x_wconf 77' lang='lat' dir='ltr'>deser-</span> 
     </span>
    </p>
   </div>
   <div class='ocr_carea' id='block_1_56' title="bbox 2212 2501 3767 2576">
    <p class='ocr_par' dir='ltr' id='par_1_56' title="bbox 2212 2501 3767 2576">
     <span class='ocr_line' id='line_1_56' title="bbox 2212 2501 3767 2576; baseline -0.001 -22"><span class='ocrx_word' id='word_1_414' title='bbox 2212 2503 2294 2555; x_wconf 88' lang='lat' dir='ltr'>tas</span> <span class='ocrx_word' id='word_1_415' title='bbox 2321 2501 2430 2570; x_wconf 83' lang='lat' dir='ltr'>feci</span> <span class='ocrx_word' id='word_1_416' title='bbox 2460 2503 2575 2557; x_wconf 74' lang='lat' dir='ltr'>vias</span> <span class='ocrx_word' id='word_1_417' title='bbox 2606 2518 2884 2570; x_wconf 88' lang='lat' dir='ltr'>eorum,eo</span> <span class='ocrx_word' id='word_1_418' title='bbox 2914 2502 3056 2574; x_wconf 89' lang='lat' dir='ltr'>quod</span> <span class='ocrx_word' id='word_1_419' title='bbox 3082 2518 3195 2558; x_wconf 89' lang='lat' dir='ltr'>non</span> <span class='ocrx_word' id='word_1_420' title='bbox 3231 2503 3418 2576; x_wconf 84' lang='lat' dir='ltr'>[Vulg.</span> <span class='ocrx_word' id='word_1_421' title='bbox 3447 2504 3568 2559; x_wconf 87' lang='lat' dir='ltr'>dum</span> <span class='ocrx_word' id='word_1_422' title='bbox 3591 2502 3691 2572; x_wconf 81' lang='lat' dir='ltr'>non]</span> <span class='ocrx_word' id='word_1_423' title='bbox 3717 2505 3767 2554; x_wconf 74' lang='lat' dir='ltr'>est</span> 
     </span>
    </p>
   </div>
   <div class='ocr_carea' id='block_1_57' title="bbox 2212 2591 3768 2660">
    <p class='ocr_par' dir='ltr' id='par_1_57' title="bbox 2212 2591 3768 2660">
     <span class='ocr_line' id='line_1_57' title="bbox 2212 2591 3768 2660; baseline -0.001 -17"><span class='ocrx_word' id='word_1_424' title='bbox 2212 2591 2311 2659; x_wconf 88' lang='lat' dir='ltr'>qui</span> <span class='ocrx_word' id='word_1_425' title='bbox 2339 2592 2625 2645; x_wconf 87' lang='lat' dir='ltr'>transeat:</span> <span class='ocrx_word' id='word_1_426' title='bbox 2655 2591 2906 2646; x_wconf 67' lang='lat' dir='ltr'>desolata:</span> <span class='ocrx_word' id='word_1_427' title='bbox 2961 2595 3090 2647; x_wconf 80' lang='lat' dir='ltr'>sunt</span> <span class='ocrx_word' id='word_1_428' title='bbox 3116 2593 3367 2648; x_wconf 79' lang='lat' dir='ltr'>civitates</span> <span class='ocrx_word' id='word_1_429' title='bbox 3394 2608 3582 2660; x_wconf 87' lang='lat' dir='ltr'>eorum,</span> <span class='ocrx_word' id='word_1_430' title='bbox 3605 2606 3688 2645; x_wconf 83' lang='lat' dir='ltr'>non</span> <span class='ocrx_word' id='word_1_431' title='bbox 3709 2603 3768 2642; x_wconf 82' lang='lat' dir='ltr'>re-</span> 
     </span>
    </p>
   </div>
   <div class='ocr_carea' id='block_1_58' title="bbox 2209 2679 3766 2752">
    <p class='ocr_par' dir='ltr' id='par_1_58' title="bbox 2209 2679 3766 2752">
     <span class='ocr_line' id='line_1_58' title="bbox 2209 2679 3766 2752; baseline -0.001 -20"><span class='ocrx_word' id='word_1_432' title='bbox 2209 2683 2464 2734; x_wconf 87' lang='lat' dir='ltr'>manente</span> <span class='ocrx_word' id='word_1_433' title='bbox 2486 2682 2623 2749; x_wconf 88' lang='lat' dir='ltr'>viro,</span> <span class='ocrx_word' id='word_1_434' title='bbox 2655 2697 2828 2752; x_wconf 87' lang='lat' dir='ltr'>neque</span> <span class='ocrx_word' id='word_1_435' title='bbox 2847 2682 2962 2736; x_wconf 87' lang='lat' dir='ltr'>ullo</span> <span class='ocrx_word' id='word_1_436' title='bbox 2982 2681 3311 2738; x_wconf 78' lang='lat' dir='ltr'>habitatore.</span> <span class='ocrx_word' id='word_1_437' title='bbox 3343 2683 3485 2751; x_wconf 68' lang='lat' dir='ltr'>Dixi,</span> <span class='ocrx_word' id='word_1_438' title='bbox 3514 2683 3701 2736; x_wconf 79' lang='lat' dir='ltr'>attamen</span> <span class='ocrx_word' id='word_1_439' title='bbox 3722 2679 3766 2731; x_wconf 86' lang='lat' dir='ltr'>ti-</span> 
     </span>
    </p>
   </div>
   <div class='ocr_carea' id='block_1_59' title="bbox 2211 2768 3765 2842">
    <p class='ocr_par' dir='ltr' id='par_1_59' title="bbox 2211 2768 3765 2842">
     <span class='ocr_line' id='line_1_59' title="bbox 2211 2768 3765 2842; baseline 0.001 -22"><span class='ocrx_word' id='word_1_440' title='bbox 2211 2768 2377 2822; x_wconf 88' lang='lat' dir='ltr'>mebis</span> <span class='ocrx_word' id='word_1_441' title='bbox 2405 2770 2784 2840; x_wconf 89' lang='lat' dir='ltr'>me,suscipies</span> <span class='ocrx_word' id='word_1_442' title='bbox 2809 2769 3246 2842; x_wconf 89' lang='lat' dir='ltr'>disciplinam,et</span> <span class='ocrx_word' id='word_1_443' title='bbox 3273 2788 3380 2827; x_wconf 86' lang='lat' dir='ltr'>non</span> <span class='ocrx_word' id='word_1_444' title='bbox 3409 2771 3592 2842; x_wconf 83' lang='lat' dir='ltr'>peribit</span> <span class='ocrx_word' id='word_1_445' title='bbox 3611 2768 3765 2824; x_wconf 84' lang='lat' dir='ltr'>habita-</span> 
     </span>
    </p>
   </div>
   <div class='ocr_carea' id='block_1_60' title="bbox 2207 2857 3765 2930">
    <p class='ocr_par' dir='ltr' id='par_1_60' title="bbox 2207 2857 3765 2930">
     <span class='ocr_line' id='line_1_60' title="bbox 2207 2857 3765 2930; baseline -0.001 -20"><span class='ocrx_word' id='word_1_446' title='bbox 2207 2857 2396 2912; x_wconf 88' lang='lat' dir='ltr'>culum</span> <span class='ocrx_word' id='word_1_447' title='bbox 2415 2859 2535 2925; x_wconf 81' lang='lat' dir='ltr'>eius</span> <span class='ocrx_word' id='word_1_448' title='bbox 2558 2867 2781 2930; x_wconf 84' lang='lat' dir='ltr'>propter</span> <span class='ocrx_word' id='word_1_449' title='bbox 2800 2860 2990 2914; x_wconf 86' lang='lat' dir='ltr'>omnia</span> <span class='ocrx_word' id='word_1_450' title='bbox 3017 2860 3078 2914; x_wconf 89' lang='lat' dir='ltr'>in</span> <span class='ocrx_word' id='word_1_451' title='bbox 3105 2860 3308 2930; x_wconf 88' lang='lat' dir='ltr'>quibus</span> <span class='ocrx_word' id='word_1_452' title='bbox 3335 2861 3541 2917; x_wconf 87' lang='lat' dir='ltr'>visitavi</span> <span class='ocrx_word' id='word_1_453' title='bbox 3561 2874 3676 2914; x_wconf 84' lang='lat' dir='ltr'>eam.</span> <span class='ocrx_word' id='word_1_454' title='bbox 3703 2857 3765 2910; x_wconf 75' lang='lat' dir='ltr'>Ve-</span> 
     </span>
    </p>
   </div>
   <div class='ocr_carea' id='block_1_61' title="bbox 2209 2945 3766 3020">
    <p class='ocr_par' dir='ltr' id='par_1_61' title="bbox 2209 2945 3766 3020">
     <span class='ocr_line' id='line_1_61' title="bbox 2209 2945 3766 3020; baseline 0.001 -20"><span class='ocrx_word' id='word_1_455' title='bbox 2209 2955 2524 3003; x_wconf 88' lang='lat' dir='ltr'>rumtamen</span> <span class='ocrx_word' id='word_1_456' title='bbox 2548 2947 2791 3003; x_wconf 87' lang='lat' dir='ltr'>diluculo</span> <span class='ocrx_word' id='word_1_457' title='bbox 2817 2957 3097 3019; x_wconf 83' lang='lat' dir='ltr'>surgentes</span> <span class='ocrx_word' id='word_1_458' title='bbox 3115 2953 3470 3020; x_wconf 75' lang='lat' dir='ltr'>corruperunt</span> <span class='ocrx_word' id='word_1_459' title='bbox 3491 2961 3645 3003; x_wconf 83' lang='lat' dir='ltr'>omnes</span> <span class='ocrx_word' id='word_1_460' title='bbox 3664 2945 3766 3012; x_wconf 77' lang='lat' dir='ltr'>cogi-</span> 
     </span>
    </p>
   </div>
   <div class='ocr_carea' id='block_1_62' title="bbox 2209 3035 3762 3109">
    <p class='ocr_par' dir='ltr' id='par_1_62' title="bbox 2209 3035 3762 3109">
     <span class='ocr_line' id='line_1_62' title="bbox 2209 3035 3762 3109; baseline -0.001 -20"><span class='ocrx_word' id='word_1_461' title='bbox 2209 3037 2441 3090; x_wconf 88' lang='lat' dir='ltr'>tationes</span> <span class='ocrx_word' id='word_1_462' title='bbox 2485 3052 2632 3090; x_wconf 85' lang='lat' dir='ltr'>suas.</span> <span class='ocrx_word' id='word_1_463' title='bbox 2669 3037 2845 3092; x_wconf 85' lang='lat' dir='ltr'><strong>LXX:</strong></span> <span class='ocrx_word' id='word_1_464' title='bbox 2898 3037 2936 3092; x_wconf 94' lang='lat'><em>0</em></span> <span class='ocrx_word' id='word_1_465' title='bbox 2971 3037 3213 3094; x_wconf 85' lang='lat' dir='ltr'>illustris</span> <span class='ocrx_word' id='word_1_466' title='bbox 3243 3043 3295 3094; x_wconf 91' lang='lat' dir='ltr'>et</span> <span class='ocrx_word' id='word_1_467' title='bbox 3341 3040 3590 3109; x_wconf 85' lang='lat' dir='ltr'>redempta</span> <span class='ocrx_word' id='word_1_468' title='bbox 3612 3035 3762 3096; x_wconf 73' lang='lat' dir='ltr'>civitas,</span> 
     </span>
    </p>
   </div>
   <div class='ocr_carea' id='block_1_63' title="bbox 2206 3125 3762 3200">
    <p class='ocr_par' dir='ltr' id='par_1_63' title="bbox 2206 3125 3762 3200">
     <span class='ocr_line' id='line_1_63' title="bbox 2206 3125 3762 3200; baseline -0.004 -22"><span class='ocrx_word' id='word_1_469' title='bbox 2206 3125 2457 3180; x_wconf 88' lang='lat' dir='ltr'>columba</span> <span class='ocrx_word' id='word_1_470' title='bbox 2476 3141 2581 3180; x_wconf 88' lang='lat' dir='ltr'>non</span> <span class='ocrx_word' id='word_1_471' title='bbox 2604 3125 2820 3181; x_wconf 85' lang='lat' dir='ltr'>audivit</span> <span class='ocrx_word' id='word_1_472' title='bbox 2847 3141 3172 3193; x_wconf 86' lang='lat' dir='ltr'>vocem,non</span> <span class='ocrx_word' id='word_1_473' title='bbox 3203 3129 3435 3200; x_wconf 85' lang='lat' dir='ltr'>suscepit</span> <span class='ocrx_word' id='word_1_474' title='bbox 3461 3125 3762 3196; x_wconf 74' lang='lat' dir='ltr'>disciplinam:</span> 
     </span>
    </p>
   </div>
   <div class='ocr_carea' id='block_1_64' title="bbox 2206 3203 3764 3285">
    <p class='ocr_par' dir='ltr' id='par_1_64' title="bbox 2206 3203 3764 3285">
     <span class='ocr_line' id='line_1_64' title="bbox 2206 3203 3764 3285; baseline -0.003 -18"><span class='ocrx_word' id='word_1_475' title='bbox 2206 3214 2265 3268; x_wconf 90' lang='lat' dir='ltr'>in</span> <span class='ocrx_word' id='word_1_476' title='bbox 2289 3215 2515 3269; x_wconf 84' lang='lat' dir='ltr'>Domino</span> <span class='ocrx_word' id='word_1_477' title='bbox 2540 3230 2651 3269; x_wconf 90' lang='lat' dir='ltr'>non</span> <span class='ocrx_word' id='word_1_478' title='bbox 2698 3218 2776 3270; x_wconf 87' lang='lat' dir='ltr'>est</span> <span class='ocrx_word' id='word_1_479' title='bbox 2805 3215 3033 3285; x_wconf 78' lang='lat' dir='ltr'>conﬁsa,</span> <span class='ocrx_word' id='word_1_480' title='bbox 3065 3223 3119 3272; x_wconf 90' lang='lat' dir='ltr'>et</span> <span class='ocrx_word' id='word_1_481' title='bbox 3147 3216 3222 3273; x_wconf 88' lang='lat' dir='ltr'>ad</span> <span class='ocrx_word' id='word_1_482' title='bbox 3252 3203 3532 3273; x_wconf 75' lang='lat' dir='ltr'>Doniinum</span> <span class='ocrx_word' id='word_1_483' title='bbox 3547 3229 3676 3270; x_wconf 83' lang='lat' dir='ltr'>suum</span> <span class='ocrx_word' id='word_1_484' title='bbox 3692 3225 3764 3264; x_wconf 76' lang='lat' dir='ltr'>nos</span> 
     </span>
    </p>
   </div>
   <div class='ocr_carea' id='block_1_65' title="bbox 440 3287 3762 3376">
    <p class='ocr_par' dir='ltr' id='par_1_65' title="bbox 440 3287 3762 3376">
     <span class='ocr_line' id='line_1_65' title="bbox 440 3287 3762 3376; baseline 0 -21"><span class='ocrx_word' id='word_1_485' title='bbox 440 3299 597 3355; x_wconf 87' lang='lat' dir='ltr'>biam</span> <span class='ocrx_word' id='word_1_486' title='bbox 631 3317 692 3356; x_wconf 91' lang='lat' dir='ltr'>se</span> <span class='ocrx_word' id='word_1_487' title='bbox 725 3299 1050 3366; x_wconf 88' lang='lat' dir='ltr'>elevaverit,</span> <span class='ocrx_word' id='word_1_488' title='bbox 1083 3305 1140 3356; x_wconf 91' lang='lat' dir='ltr'>et</span> <span class='ocrx_word' id='word_1_489' title='bbox 1168 3301 1336 3372; x_wconf 88' lang='lat' dir='ltr'>quasi</span> <span class='ocrx_word' id='word_1_490' title='bbox 1367 3301 1578 3357; x_wconf 90' lang='lat' dir='ltr'>cedrus</span> <span class='ocrx_word' id='word_1_491' title='bbox 1607 3317 1781 3356; x_wconf 91' lang='lat' dir='ltr'>suum</span> <span class='ocrx_word' id='word_1_492' title='bbox 1813 3316 2092 3356; x_wconf 88' lang='lat' dir='ltr'>cacumen</span> <span class='ocrx_word' id='word_1_493' title='bbox 2123 3287 2165 3354; x_wconf 83' lang='lat' dir='ltr'>C</span> <span class='ocrx_word' id='word_1_494' title='bbox 2202 3304 2684 3374; x_wconf 83' lang='lat' dir='ltr'>appropinquabit.</span> <span class='ocrx_word' id='word_1_495' title='bbox 2717 3304 3004 3376; x_wconf 81' lang='lat' dir='ltr'>Principes</span> <span class='ocrx_word' id='word_1_496' title='bbox 3030 3307 3150 3376; x_wconf 78' lang='lat' dir='ltr'>eius</span> <span class='ocrx_word' id='word_1_497' title='bbox 3186 3309 3248 3361; x_wconf 89' lang='lat' dir='ltr'>in</span> <span class='ocrx_word' id='word_1_498' title='bbox 3275 3322 3339 3362; x_wconf 89' lang='lat' dir='ltr'>ea</span> <span class='ocrx_word' id='word_1_499' title='bbox 3365 3307 3528 3362; x_wconf 84' lang='lat' dir='ltr'>veluti</span> <span class='ocrx_word' id='word_1_500' title='bbox 3561 3302 3762 3372; x_wconf 65' lang='lat' dir='ltr'>rugientes</span> 
     </span>
    </p>
   </div>
   <div class='ocr_carea' id='block_1_66' title="bbox 442 3386 2093 3460">
    <p class='ocr_par' dir='ltr' id='par_1_66' title="bbox 442 3386 2093 3460">
     <span class='ocr_line' id='line_1_66' title="bbox 442 3386 2093 3460; baseline 0.001 -19"><span class='ocrx_word' id='word_1_501' title='bbox 442 3387 706 3456; x_wconf 86' lang='lat' dir='ltr'>erexerit,</span> <span class='ocrx_word' id='word_1_502' title='bbox 730 3386 900 3443; x_wconf 89' lang='lat' dir='ltr'>malis</span> <span class='ocrx_word' id='word_1_503' title='bbox 922 3387 1195 3460; x_wconf 88' lang='lat' dir='ltr'>operibus</span> <span class='ocrx_word' id='word_1_504' title='bbox 1217 3388 1434 3455; x_wconf 88' lang='lat' dir='ltr'>dedita,</span> <span class='ocrx_word' id='word_1_505' title='bbox 1462 3394 1518 3444; x_wconf 90' lang='lat' dir='ltr'>et</span> <span class='ocrx_word' id='word_1_506' title='bbox 1539 3387 1924 3444; x_wconf 91' lang='lat' dir='ltr'>nihilominus</span> <span class='ocrx_word' id='word_1_507' title='bbox 1941 3388 2093 3443; x_wconf 87' lang='lat' dir='ltr'>futu-</span> 
     </span>
    </p>
   </div>
   <div class='ocr_carea' id='block_1_67' title="bbox 442 3476 2089 3550">
    <p class='ocr_par' dir='ltr' id='par_1_67' title="bbox 442 3476 2089 3550">
     <span class='ocr_line' id='line_1_67' title="bbox 442 3476 2089 3550; baseline 0.001 -20"><span class='ocrx_word' id='word_1_508' title='bbox 442 3492 566 3531; x_wconf 89' lang='lat' dir='ltr'>ram</span> <span class='ocrx_word' id='word_1_509' title='bbox 591 3476 702 3532; x_wconf 91' lang='lat' dir='ltr'>sibi</span> <span class='ocrx_word' id='word_1_510' title='bbox 727 3477 1145 3533; x_wconf 89' lang='lat' dir='ltr'>beatitudinem</span> <span class='ocrx_word' id='word_1_511' title='bbox 1173 3477 1602 3550; x_wconf 86' lang='lat' dir='ltr'>repromittens,</span> <span class='ocrx_word' id='word_1_512' title='bbox 1628 3482 1685 3531; x_wconf 91' lang='lat' dir='ltr'>et</span> <span class='ocrx_word' id='word_1_513' title='bbox 1709 3477 1764 3531; x_wconf 91' lang='lat' dir='ltr'>in</span> <span class='ocrx_word' id='word_1_514' title='bbox 1792 3478 1962 3532; x_wconf 90' lang='lat' dir='ltr'>corde</span> <span class='ocrx_word' id='word_1_515' title='bbox 1984 3495 2089 3532; x_wconf 80' lang='lat' dir='ltr'>suo</span> 
     </span>
    </p>
   </div>
   <div class='ocr_carea' id='block_1_68' title="bbox 439 3565 2091 3638">
    <p class='ocr_par' dir='ltr' id='par_1_68' title="bbox 439 3565 2091 3638">
     <span class='ocr_line' id='line_1_68' title="bbox 439 3565 2091 3638; baseline 0 -18"><span class='ocrx_word' id='word_1_516' title='bbox 439 3569 678 3621; x_wconf 73' lang='lat' dir='ltr'>caeteros</span> <span class='ocrx_word' id='word_1_517' title='bbox 704 3565 1052 3638; x_wconf 90' lang='lat' dir='ltr'>despiciens,</span> <span class='ocrx_word' id='word_1_518' title='bbox 1078 3583 1182 3620; x_wconf 88' lang='lat' dir='ltr'>nec</span> <span class='ocrx_word' id='word_1_519' title='bbox 1207 3571 1419 3638; x_wconf 89' lang='lat' dir='ltr'>putans</span> <span class='ocrx_word' id='word_1_520' title='bbox 1437 3583 1789 3637; x_wconf 88' lang='lat' dir='ltr'>quemquam</span> <span class='ocrx_word' id='word_1_521' title='bbox 1810 3583 1936 3622; x_wconf 90' lang='lat' dir='ltr'>esse</span> <span class='ocrx_word' id='word_1_522' title='bbox 1954 3583 2091 3638; x_wconf 72' lang='lat' dir='ltr'>prte-</span> 
     </span>
    </p>
   </div>
   <div class='ocr_carea' id='block_1_69' title="bbox 438 3655 2091 3726">
    <p class='ocr_par' dir='ltr' id='par_1_69' title="bbox 438 3655 2091 3726">
     <span class='ocr_line' id='line_1_69' title="bbox 438 3655 2091 3726; baseline 0 -16"><span class='ocrx_word' id='word_1_523' title='bbox 438 3659 527 3710; x_wconf 84' lang='lat' dir='ltr'>te&#39;r</span> <span class='ocrx_word' id='word_1_524' title='bbox 548 3671 632 3722; x_wconf 89' lang='lat' dir='ltr'>se,</span> <span class='ocrx_word' id='word_1_525' title='bbox 655 3659 712 3710; x_wconf 93' lang='lat' dir='ltr'>et</span> <span class='ocrx_word' id='word_1_526' title='bbox 731 3655 932 3711; x_wconf 89' lang='lat' dir='ltr'>dicens</span> <span class='ocrx_word' id='word_1_527' title='bbox 963 3672 974 3710; x_wconf 88' lang='lat'>:</span> <span class='ocrx_word' id='word_1_528' title='bbox 1011 3659 1118 3726; x_wconf 81' lang='lat' dir='ltr'>Ego</span> <span class='ocrx_word' id='word_1_529' title='bbox 1149 3673 1291 3726; x_wconf 88' lang='lat' dir='ltr'>sum,</span> <span class='ocrx_word' id='word_1_530' title='bbox 1312 3663 1363 3711; x_wconf 91' lang='lat' dir='ltr'>et</span> <span class='ocrx_word' id='word_1_531' title='bbox 1395 3672 1504 3711; x_wconf 89' lang='lat' dir='ltr'>non</span> <span class='ocrx_word' id='word_1_532' title='bbox 1536 3659 1613 3710; x_wconf 90' lang='lat' dir='ltr'>est</span> <span class='ocrx_word' id='word_1_533' title='bbox 1643 3655 1761 3709; x_wconf 88' lang='lat' dir='ltr'>alia</span> <span class='ocrx_word' id='word_1_534' title='bbox 1785 3657 1986 3726; x_wconf 71' lang='lat' dir='ltr'>praeter</span> <span class='ocrx_word' id='word_1_535' title='bbox 2004 3671 2091 3710; x_wconf 90' lang='lat' dir='ltr'>me</span> 
     </span>
    </p>
   </div>
   <div class='ocr_carea' id='block_1_70' title="bbox 437 3743 2091 3818">
    <p class='ocr_par' dir='ltr' id='par_1_70' title="bbox 437 3743 2091 3818">
     <span class='ocr_line' id='line_1_70' title="bbox 437 3743 2091 3818; baseline 0.001 -21"><span class='ocrx_word' id='word_1_536' title='bbox 437 3744 619 3800; x_wconf 90' lang='lat' dir='ltr'>ultra:</span> <span class='ocrx_word' id='word_1_537' title='bbox 641 3745 936 3816; x_wconf 89' lang='lat' dir='ltr'>quomodo</span> <span class='ocrx_word' id='word_1_538' title='bbox 954 3761 1090 3818; x_wconf 88' lang='lat' dir='ltr'>ergo</span> <span class='ocrx_word' id='word_1_539' title='bbox 1109 3745 1258 3800; x_wconf 87' lang='lat' dir='ltr'>facta</span> <span class='ocrx_word' id='word_1_540' title='bbox 1278 3748 1367 3800; x_wconf 90' lang='lat' dir='ltr'>est</span> <span class='ocrx_word' id='word_1_541' title='bbox 1385 3743 1443 3799; x_wconf 90' lang='lat' dir='ltr'>in</span> <span class='ocrx_word' id='word_1_542' title='bbox 1467 3743 1846 3799; x_wconf 88' lang='lat' dir='ltr'>solitudinem</span> <span class='ocrx_word' id='word_1_543' title='bbox 1871 3760 2091 3815; x_wconf 88' lang='lat' dir='ltr'>pascua</span> 
     </span>
    </p>
   </div>
   <div class='ocr_carea' id='block_1_71' title="bbox 438 3831 2088 3906">
    <p class='ocr_par' dir='ltr' id='par_1_71' title="bbox 438 3831 2088 3906">
     <span class='ocr_line' id='line_1_71' title="bbox 438 3831 2088 3906; baseline -0.001 -18"><span class='ocrx_word' id='word_1_544' title='bbox 438 3832 760 3888; x_wconf 86' lang='lat' dir='ltr'>bestiarum</span> <span class='ocrx_word' id='word_1_545' title='bbox 779 3833 806 3887; x_wconf 84' lang='lat'>‘?</span> <span class='ocrx_word' id='word_1_546' title='bbox 849 3833 956 3889; x_wconf 91' lang='lat' dir='ltr'>Ubi</span> <span class='ocrx_word' id='word_1_547' title='bbox 980 3833 1134 3888; x_wconf 89' lang='lat' dir='ltr'>enim</span> <span class='ocrx_word' id='word_1_548' title='bbox 1161 3833 1324 3906; x_wconf 74' lang='lat' dir='ltr'>prius</span> <span class='ocrx_word' id='word_1_549' title='bbox 1355 3833 1658 3888; x_wconf 90' lang='lat' dir='ltr'>habitabat</span> <span class='ocrx_word' id='word_1_550' title='bbox 1705 3832 1891 3902; x_wconf 89' lang='lat' dir='ltr'>Pater,</span> <span class='ocrx_word' id='word_1_551' title='bbox 1915 3837 1971 3887; x_wconf 89' lang='lat' dir='ltr'>et</span> <span class='ocrx_word' id='word_1_552' title='bbox 2002 3831 2088 3888; x_wconf 85' lang='lat' dir='ltr'>Fi-</span> 
     </span>
    </p>
   </div>
   <div class='ocr_carea' id='block_1_72' title="bbox 435 3921 2085 3999">
    <p class='ocr_par' dir='ltr' id='par_1_72' title="bbox 435 3921 2085 3999">
     <span class='ocr_line' id='line_1_72' title="bbox 435 3921 2085 3999; baseline 0.001 -23"><span class='ocrx_word' id='word_1_553' title='bbox 435 3921 552 3978; x_wconf 90' lang='lat' dir='ltr'>lius</span> <span class='ocrx_word' id='word_1_554' title='bbox 583 3926 640 3977; x_wconf 92' lang='lat' dir='ltr'>et</span> <span class='ocrx_word' id='word_1_555' title='bbox 667 3922 917 3993; x_wconf 89' lang='lat' dir='ltr'>Spiritus</span> <span class='ocrx_word' id='word_1_556' title='bbox 948 3927 1206 3988; x_wconf 84' lang='lat' dir='ltr'>sanctus,</span> <span class='ocrx_word' id='word_1_557' title='bbox 1237 3926 1293 3976; x_wconf 92' lang='lat' dir='ltr'>et</span> <span class='ocrx_word' id='word_1_558' title='bbox 1321 3921 1510 3994; x_wconf 89' lang='lat' dir='ltr'>angeli</span> <span class='ocrx_word' id='word_1_559' title='bbox 1559 3921 1686 3991; x_wconf 87' lang='lat' dir='ltr'>ejus</span> <span class='ocrx_word' id='word_1_560' title='bbox 1743 3921 2085 3999; x_wconf 73' lang='lat' dir='ltr'>ministeriis</span> 
     </span>
    </p>
   </div>
   <div class='ocr_carea' id='block_1_73' title="bbox 437 4011 2087 4082">
    <p class='ocr_par' dir='ltr' id='par_1_73' title="bbox 437 4011 2087 4082">
     <span class='ocr_line' id='line_1_73' title="bbox 437 4011 2087 4082; baseline 0.001 -18"><span class='ocrx_word' id='word_1_561' title='bbox 437 4011 846 4082; x_wconf 67' lang='lat' dir='ltr'>praesidebant,</span> <span class='ocrx_word' id='word_1_562' title='bbox 880 4015 1020 4065; x_wconf 90' lang='lat' dir='ltr'>tunc</span> <span class='ocrx_word' id='word_1_563' title='bbox 1059 4011 1412 4066; x_wconf 90' lang='lat' dir='ltr'>habitabunt</span> <span class='ocrx_word' id='word_1_564' title='bbox 1439 4011 1657 4076; x_wconf 65' lang='lat' dir='ltr'>bestiae,</span> <span class='ocrx_word' id='word_1_565' title='bbox 1692 4012 1764 4066; x_wconf 90' lang='lat' dir='ltr'>de</span> <span class='ocrx_word' id='word_1_566' title='bbox 1794 4011 2008 4082; x_wconf 89' lang='lat' dir='ltr'>quibus</span> <span class='ocrx_word' id='word_1_567' title='bbox 2031 4014 2087 4065; x_wconf 90' lang='lat' dir='ltr'>et</span> 
     </span>
    </p>
   </div>
   <div class='ocr_carea' id='block_1_74' title="bbox 435 4098 2085 4170">
    <p class='ocr_par' dir='ltr' id='par_1_74' title="bbox 435 4098 2085 4170">
     <span class='ocr_line' id='line_1_74' title="bbox 435 4098 2085 4170; baseline 0.001 -18"><span class='ocrx_word' id='word_1_568' title='bbox 435 4098 718 4170; x_wconf 90' lang='lat' dir='ltr'>propheta</span> <span class='ocrx_word' id='word_1_569' title='bbox 741 4099 1306 4169; x_wconf 88' lang='lat' dir='ltr'>comploratdieens:</span> <span class='ocrx_word' id='word_1_570' title='bbox 1330 4105 1410 4156; x_wconf 88' lang='lat' dir='ltr'>Ne</span> <span class='ocrx_word' id='word_1_571' title='bbox 1421 4099 1610 4155; x_wconf 81' lang='lat' dir='ltr'>tradas</span> <span class='ocrx_word' id='word_1_572' title='bbox 1631 4101 1816 4154; x_wconf 81' lang='lat' dir='ltr'>bestiis</span> <span class='ocrx_word' id='word_1_573' title='bbox 1836 4101 2085 4154; x_wconf 87' lang='lat' dir='ltr'>animam</span> 
     </span>
    </p>
   </div>
   <div class='ocr_carea' id='block_1_75' title="bbox 433 4187 2085 4261">
    <p class='ocr_par' dir='ltr' id='par_1_75' title="bbox 433 4187 2085 4261">
     <span class='ocr_line' id='line_1_75' title="bbox 433 4187 2085 4261; baseline 0.002 -21"><span class='ocrx_word' id='word_1_574' title='bbox 433 4187 781 4255; x_wconf 84' lang='lat' dir='ltr'>conﬁtentem</span> <span class='ocrx_word' id='word_1_575' title='bbox 799 4187 903 4240; x_wconf 87' lang='lat' dir='ltr'>tibi</span> <span class='ocrx_word' id='word_1_576' title='bbox 923 4189 1036 4253; x_wconf 89' lang='lat' dir='ltr'>(Ps.</span> <span class='ocrx_word' id='word_1_577' title='bbox 1061 4203 1253 4254; x_wconf 80' lang='lat' dir='ltr'>Lxxui,</span> <span class='ocrx_word' id='word_1_578' title='bbox 1296 4189 1408 4260; x_wconf 79' lang='grc'>49).</span> <span class='ocrx_word' id='word_1_579' title='bbox 1434 4188 1636 4244; x_wconf 86' lang='lat' dir='ltr'>Omnis</span> <span class='ocrx_word' id='word_1_580' title='bbox 1678 4189 1780 4261; x_wconf 88' lang='lat' dir='ltr'>qui</span> <span class='ocrx_word' id='word_1_581' title='bbox 1811 4188 2085 4244; x_wconf 87' lang='lat' dir='ltr'>transibit</span> 
     </span>
    </p>
   </div>
   <div class='ocr_carea' id='block_1_76' title="bbox 432 4274 2081 4346">
    <p class='ocr_par' dir='ltr' id='par_1_76' title="bbox 432 4274 2081 4346">
     <span class='ocr_line' id='line_1_76' title="bbox 432 4274 2081 4346; baseline 0.001 -16"><span class='ocrx_word' id='word_1_582' title='bbox 432 4290 537 4346; x_wconf 90' lang='lat' dir='ltr'>per</span> <span class='ocrx_word' id='word_1_583' title='bbox 565 4290 717 4342; x_wconf 86' lang='lat' dir='ltr'>eam,</span> <span class='ocrx_word' id='word_1_584' title='bbox 751 4274 1011 4330; x_wconf 90' lang='lat' dir='ltr'>sibilabit</span> <span class='ocrx_word' id='word_1_585' title='bbox 1038 4279 1095 4330; x_wconf 90' lang='lat' dir='ltr'>et</span> <span class='ocrx_word' id='word_1_586' title='bbox 1126 4277 1380 4332; x_wconf 88' lang='lat' dir='ltr'>movebit</span> <span class='ocrx_word' id='word_1_587' title='bbox 1410 4293 1621 4332; x_wconf 88' lang='lat' dir='ltr'>manus</span> <span class='ocrx_word' id='word_1_588' title='bbox 1651 4295 1810 4334; x_wconf 86' lang='lat' dir='ltr'>suas.</span> <span class='ocrx_word' id='word_1_589' title='bbox 1844 4278 2005 4343; x_wconf 87' lang='lat' dir='ltr'>Quod</span> <span class='ocrx_word' id='word_1_590' title='bbox 2032 4277 2081 4334; x_wconf 88' lang='lat' dir='ltr'>si</span> 
     </span>
    </p>
   </div>
   <div class='ocr_carea' id='block_1_77' title="bbox 431 4362 2079 4438">
    <p class='ocr_par' dir='ltr' id='par_1_77' title="bbox 431 4362 2079 4438">
     <span class='ocr_line' id='line_1_77' title="bbox 431 4362 2079 4438; baseline 0.001 -20"><span class='ocrx_word' id='word_1_591' title='bbox 431 4364 502 4420; x_wconf 91' lang='lat' dir='ltr'>de</span> <span class='ocrx_word' id='word_1_592' title='bbox 523 4362 745 4436; x_wconf 87' lang='lat' dir='ltr'>angelis</span> <span class='ocrx_word' id='word_1_593' title='bbox 770 4363 1249 4430; x_wconf 87' lang='lat' dir='ltr'>intellexerimus,</span> <span class='ocrx_word' id='word_1_594' title='bbox 1267 4365 1350 4420; x_wconf 91' lang='lat' dir='ltr'>ita</span> <span class='ocrx_word' id='word_1_595' title='bbox 1370 4365 1890 4438; x_wconf 89' lang='lat' dir='ltr'>interpretabimur</span> <span class='ocrx_word' id='word_1_596' title='bbox 1912 4383 1924 4420; x_wconf 91' lang='lat'><strong>:</strong></span> <span class='ocrx_word' id='word_1_597' title='bbox 1945 4382 2079 4421; x_wconf 91' lang='lat' dir='ltr'>eum</span> 
     </span>
    </p>
   </div>
   <div class='ocr_carea' id='block_1_78' title="bbox 428 4453 2077 4526">
    <p class='ocr_par' dir='ltr' id='par_1_78' title="bbox 428 4453 2077 4526">
     <span class='ocr_line' id='line_1_78' title="bbox 428 4453 2077 4526; baseline 0.001 -19"><span class='ocrx_word' id='word_1_598' title='bbox 428 4453 770 4508; x_wconf 89' lang='lat' dir='ltr'>transierint</span> <span class='ocrx_word' id='word_1_599' title='bbox 791 4469 892 4525; x_wconf 90' lang='lat' dir='ltr'>per</span> <span class='ocrx_word' id='word_1_600' title='bbox 912 4469 1040 4508; x_wconf 89' lang='lat' dir='ltr'>eam</span> <span class='ocrx_word' id='word_1_601' title='bbox 1076 4453 1292 4526; x_wconf 91' lang='lat' dir='ltr'>angeli,</span> <span class='ocrx_word' id='word_1_602' title='bbox 1318 4459 1375 4510; x_wconf 92' lang='lat' dir='ltr'>et</span> <span class='ocrx_word' id='word_1_603' title='bbox 1396 4471 1509 4510; x_wconf 89' lang='lat' dir='ltr'>non</span> <span class='ocrx_word' id='word_1_604' title='bbox 1551 4453 1876 4509; x_wconf 88' lang='lat' dir='ltr'>manserint</span> <span class='ocrx_word' id='word_1_605' title='bbox 1905 4453 1963 4508; x_wconf 89' lang='lat' dir='ltr'>in</span> <span class='ocrx_word' id='word_1_606' title='bbox 1991 4471 2077 4522; x_wconf 89' lang='lat' dir='ltr'>ea,</span> 
     </span>
    </p>
   </div>
   <div class='ocr_carea' id='block_1_79' title="bbox 431 4541 2076 4616">
    <p class='ocr_par' dir='ltr' id='par_1_79' title="bbox 431 4541 2076 4616">
     <span class='ocr_line' id='line_1_79' title="bbox 431 4541 2076 4616; baseline 0 -19"><span class='ocrx_word' id='word_1_607' title='bbox 431 4545 496 4597; x_wconf 89' lang='lat' dir='ltr'>ut</span> <span class='ocrx_word' id='word_1_608' title='bbox 513 4542 679 4614; x_wconf 89' lang='lat' dir='ltr'>prius</span> <span class='ocrx_word' id='word_1_609' title='bbox 703 4543 887 4598; x_wconf 84' lang='lat' dir='ltr'>facere</span> <span class='ocrx_word' id='word_1_610' title='bbox 904 4547 1342 4612; x_wconf 88' lang='lat' dir='ltr'>consueverant,</span> <span class='ocrx_word' id='word_1_611' title='bbox 1369 4543 1690 4616; x_wconf 91' lang='lat' dir='ltr'>stupebunt</span> <span class='ocrx_word' id='word_1_612' title='bbox 1705 4547 1761 4597; x_wconf 88' lang='lat' dir='ltr'>et</span> <span class='ocrx_word' id='word_1_613' title='bbox 1777 4541 2076 4597; x_wconf 88' lang='lat' dir='ltr'>mirabun-</span> 
     </span>
    </p>
   </div>
   <div class='ocr_carea' id='block_1_80' title="bbox 2201 3389 3762 3466">
    <p class='ocr_par' dir='ltr' id='par_1_80' title="bbox 2201 3389 3762 3466">
     <span class='ocr_line' id='line_1_80' title="bbox 2201 3389 3762 3466; baseline -0.001 -20"><span class='ocrx_word' id='word_1_614' title='bbox 2201 3393 2376 3448; x_wconf 87' lang='lat' dir='ltr'>leones</span> <span class='ocrx_word' id='word_1_615' title='bbox 2396 3409 2408 3446; x_wconf 90' lang='lat'>:</span> <span class='ocrx_word' id='word_1_616' title='bbox 2421 3391 2635 3463; x_wconf 89' lang='lat' dir='ltr'>judices</span> <span class='ocrx_word' id='word_1_617' title='bbox 2657 3393 2772 3464; x_wconf 89' lang='lat' dir='ltr'>ejus</span> <span class='ocrx_word' id='word_1_618' title='bbox 2792 3395 2932 3449; x_wconf 89' lang='lat' dir='ltr'>sicut</span> <span class='ocrx_word' id='word_1_619' title='bbox 2957 3394 3078 3466; x_wconf 83' lang='lat' dir='ltr'>lupi</span> <span class='ocrx_word' id='word_1_620' title='bbox 3094 3394 3342 3461; x_wconf 60' lang='lat' dir='ltr'>Arabia&quot;,</span> <span class='ocrx_word' id='word_1_621' title='bbox 3369 3410 3473 3451; x_wconf 90' lang='lat' dir='ltr'>non</span> <span class='ocrx_word' id='word_1_622' title='bbox 3499 3389 3762 3449; x_wconf 69' lang='lat' dir='ltr'>dimittebant</span> 
     </span>
    </p>
   </div>
   <div class='ocr_carea' id='block_1_81' title="bbox 2199 3479 3758 3556">
    <p class='ocr_par' dir='ltr' id='par_1_81' title="bbox 2199 3479 3758 3556">
     <span class='ocr_line' id='line_1_81' title="bbox 2199 3479 3758 3556; baseline -0.003 -22"><span class='ocrx_word' id='word_1_623' title='bbox 2199 3480 2257 3535; x_wconf 88' lang='lat' dir='ltr'>in</span> <span class='ocrx_word' id='word_1_624' title='bbox 2286 3495 2448 3534; x_wconf 87' lang='lat' dir='ltr'>mane</span> <span class='ocrx_word' id='word_1_625' title='bbox 2468 3498 2486 3533; x_wconf 92' lang='lat'><strong><em>:</em></strong></span> <span class='ocrx_word' id='word_1_626' title='bbox 2514 3479 2792 3552; x_wconf 74' lang='lat' dir='ltr'>prophetae</span> <span class='ocrx_word' id='word_1_627' title='bbox 2817 3483 2938 3552; x_wconf 87' lang='lat' dir='ltr'>ejus</span> <span class='ocrx_word' id='word_1_628' title='bbox 2957 3486 3242 3552; x_wconf 82' lang='lat' dir='ltr'>portantes</span> <span class='ocrx_word' id='word_1_629' title='bbox 3268 3486 3533 3556; x_wconf 85' lang='lat' dir='ltr'>spiritum,</span> <span class='ocrx_word' id='word_1_630' title='bbox 3563 3481 3652 3536; x_wconf 88' lang='lat' dir='ltr'>viri</span> <span class='ocrx_word' id='word_1_631' title='bbox 3671 3491 3758 3531; x_wconf 79' lang='lat' dir='ltr'>con-</span> 
     </span>
    </p>
   </div>
   <div class='ocr_carea' id='block_1_82' title="bbox 2195 3564 3763 3643">
    <p class='ocr_par' dir='ltr' id='par_1_82' title="bbox 2195 3564 3763 3643">
     <span class='ocr_line' id='line_1_82' title="bbox 2195 3564 3763 3643; baseline -0.002 -21"><span class='ocrx_word' id='word_1_632' title='bbox 2195 3571 2484 3640; x_wconf 87' lang='lat' dir='ltr'>temptores</span> <span class='ocrx_word' id='word_1_633' title='bbox 2503 3585 2522 3623; x_wconf 89' lang='lat'><strong><em>:</em></strong></span> <span class='ocrx_word' id='word_1_634' title='bbox 2554 3568 2872 3625; x_wconf 82' lang='lat' dir='ltr'>Sacerdotes</span> <span class='ocrx_word' id='word_1_635' title='bbox 2911 3570 3028 3642; x_wconf 88' lang='lat' dir='ltr'>ejus</span> <span class='ocrx_word' id='word_1_636' title='bbox 3051 3571 3326 3643; x_wconf 79' lang='lat' dir='ltr'>polluant</span> <span class='ocrx_word' id='word_1_637' title='bbox 3347 3575 3540 3636; x_wconf 83' lang='lat' dir='ltr'>sancta,</span> <span class='ocrx_word' id='word_1_638' title='bbox 3565 3572 3608 3624; x_wconf 89' lang='lat' dir='ltr'>et</span> <span class='ocrx_word' id='word_1_639' title='bbox 3647 3564 3763 3635; x_wconf 75' lang='lat' dir='ltr'>impie</span> 
     </span>
    </p>
   </div>
   <div class='ocr_carea' id='block_1_83' title="bbox 2194 3654 3759 3730">
    <p class='ocr_par' dir='ltr' id='par_1_83' title="bbox 2194 3654 3759 3730">
     <span class='ocr_line' id='line_1_83' title="bbox 2194 3654 3759 3730; baseline 0.003 -19"><span class='ocrx_word' id='word_1_640' title='bbox 2194 3661 2375 3729; x_wconf 85' lang='lat' dir='ltr'>agunt</span> <span class='ocrx_word' id='word_1_641' title='bbox 2405 3659 2467 3711; x_wconf 87' lang='lat' dir='ltr'>in</span> <span class='ocrx_word' id='word_1_642' title='bbox 2491 3658 2665 3725; x_wconf 87' lang='lat' dir='ltr'>legem</span> <span class='ocrx_word' id='word_1_643' title='bbox 2687 3675 2707 3712; x_wconf 90' lang='lat'><strong><em>:</em></strong></span> <span class='ocrx_word' id='word_1_644' title='bbox 2738 3659 3000 3714; x_wconf 85' lang='lat' dir='ltr'>Dominus</span> <span class='ocrx_word' id='word_1_645' title='bbox 3020 3665 3216 3716; x_wconf 83' lang='lat' dir='ltr'>autem</span> <span class='ocrx_word' id='word_1_646' title='bbox 3227 3662 3410 3730; x_wconf 85' lang='lat' dir='ltr'>justus</span> <span class='ocrx_word' id='word_1_647' title='bbox 3428 3661 3483 3714; x_wconf 88' lang='lat' dir='ltr'>in</span> <span class='ocrx_word' id='word_1_648' title='bbox 3507 3657 3651 3713; x_wconf 79' lang='lat' dir='ltr'>medio</span> <span class='ocrx_word' id='word_1_649' title='bbox 3663 3654 3759 3724; x_wconf 56' lang='grc' dir='ltr'>βίω,</span> 
     </span>
    </p>
   </div>
   <div class='ocr_carea' id='block_1_84' title="bbox 2193 3747 3760 3819">
    <p class='ocr_par' dir='ltr' id='par_1_84' title="bbox 2193 3747 3760 3819">
     <span class='ocr_line' id='line_1_84' title="bbox 2193 3747 3760 3819; baseline -0.005 -18"><span class='ocrx_word' id='word_1_650' title='bbox 2193 3750 2247 3801; x_wconf 89' lang='lat' dir='ltr'>et</span> <span class='ocrx_word' id='word_1_651' title='bbox 2269 3762 2378 3801; x_wconf 89' lang='lat' dir='ltr'>non</span> <span class='ocrx_word' id='word_1_652' title='bbox 2394 3747 2564 3817; x_wconf 81' lang='lat' dir='ltr'>faciet</span> <span class='ocrx_word' id='word_1_653' title='bbox 2585 3749 2958 3819; x_wconf 83' lang='lat' dir='ltr'>iniquitatem.</span> <span class='ocrx_word' id='word_1_654' title='bbox 2987 3749 3143 3805; x_wconf 84' lang='lat' dir='ltr'>Mane</span> <span class='ocrx_word' id='word_1_655' title='bbox 3176 3766 3340 3805; x_wconf 85' lang='lat' dir='ltr'>mane</span> <span class='ocrx_word' id='word_1_656' title='bbox 3379 3749 3614 3812; x_wconf 80' lang='lat' dir='ltr'>iudicium</span> <span class='ocrx_word' id='word_1_657' title='bbox 3649 3755 3760 3798; x_wconf 74' lang='lat' dir='ltr'>suum</span> 
     </span>
    </p>
   </div>
   <div class='ocr_carea' id='block_1_85' title="bbox 2192 3831 3758 3907">
    <p class='ocr_par' dir='ltr' id='par_1_85' title="bbox 2192 3831 3758 3907">
     <span class='ocr_line' id='line_1_85' title="bbox 2192 3831 3758 3907; baseline -0.001 -17"><span class='ocrx_word' id='word_1_658' title='bbox 2192 3835 2346 3890; x_wconf 88' lang='lat' dir='ltr'>dabit</span> <span class='ocrx_word' id='word_1_659' title='bbox 2366 3837 2427 3890; x_wconf 91' lang='lat' dir='ltr'>in</span> <span class='ocrx_word' id='word_1_660' title='bbox 2457 3837 2592 3903; x_wconf 88' lang='lat' dir='ltr'>luce,</span> <span class='ocrx_word' id='word_1_661' title='bbox 2624 3840 2678 3892; x_wconf 88' lang='lat' dir='ltr'>et</span> <span class='ocrx_word' id='word_1_662' title='bbox 2691 3852 2802 3891; x_wconf 84' lang='lat' dir='ltr'>non</span> <span class='ocrx_word' id='word_1_663' title='bbox 2822 3843 2902 3892; x_wconf 85' lang='lat' dir='ltr'>est</span> <span class='ocrx_word' id='word_1_664' title='bbox 2917 3837 3290 3907; x_wconf 86' lang='lat' dir='ltr'>absconditus,</span> <span class='ocrx_word' id='word_1_665' title='bbox 3322 3847 3374 3894; x_wconf 87' lang='lat' dir='ltr'>et</span> <span class='ocrx_word' id='word_1_666' title='bbox 3391 3837 3546 3894; x_wconf 85' lang='lat' dir='ltr'>nescit</span> <span class='ocrx_word' id='word_1_667' title='bbox 3564 3831 3758 3904; x_wconf 70' lang='lat' dir='ltr'>iniquita-</span> 
     </span>
    </p>
   </div>
   <div class='ocr_carea' id='block_1_86' title="bbox 2192 3916 3758 4000">
    <p class='ocr_par' dir='ltr' id='par_1_86' title="bbox 2192 3916 3758 4000">
     <span class='ocr_line' id='line_1_86' title="bbox 2192 3916 3758 4000; baseline -0.003 -22"><span class='ocrx_word' id='word_1_668' title='bbox 2192 3927 2300 3979; x_wconf 87' lang='lat' dir='ltr'>tem</span> <span class='ocrx_word' id='word_1_669' title='bbox 2319 3926 2378 3979; x_wconf 88' lang='lat' dir='ltr'>in</span> <span class='ocrx_word' id='word_1_670' title='bbox 2401 3927 2710 3990; x_wconf 75' lang='lat' dir='ltr'>exactione,</span> <span class='ocrx_word' id='word_1_671' title='bbox 2745 3941 2843 3981; x_wconf 88' lang='lat' dir='ltr'>nec</span> <span class='ocrx_word' id='word_1_672' title='bbox 2862 3927 2922 3981; x_wconf 91' lang='lat' dir='ltr'>in</span> <span class='ocrx_word' id='word_1_673' title='bbox 2943 3928 3348 3998; x_wconf 75' lang='lat' dir='ltr'>smpitemum</span> <span class='ocrx_word' id='word_1_674' title='bbox 3368 3925 3680 4000; x_wconf 83' lang='lat' dir='ltr'>injustitiam:</span> <span class='ocrx_word' id='word_1_675' title='bbox 3701 3916 3758 3971; x_wconf 77' lang='lat' dir='ltr'>dt-</span> 
     </span>
    </p>
   </div>
   <div class='ocr_carea' id='block_1_87' title="bbox 2191 4006 3758 4089">
    <p class='ocr_par' dir='ltr' id='par_1_87' title="bbox 2191 4006 3758 4089">
     <span class='ocr_line' id='line_1_87' title="bbox 2191 4006 3758 4089; baseline -0.001 -23"><span class='ocrx_word' id='word_1_676' title='bbox 2191 4016 2348 4069; x_wconf 74' lang='grc' dir='ltr'><em>ιναχί</em></span> <span class='ocrx_word' id='word_1_677' title='bbox 2364 4015 2644 4086; x_wconf 85' lang='lat' dir='ltr'>superbos,</span> <span class='ocrx_word' id='word_1_678' title='bbox 2675 4015 2934 4087; x_wconf 87' lang='lat' dir='ltr'>dissipati</span> <span class='ocrx_word' id='word_1_679' title='bbox 2959 4025 3092 4070; x_wconf 87' lang='lat' dir='ltr'>sunt</span> <span class='ocrx_word' id='word_1_680' title='bbox 3125 4019 3330 4089; x_wconf 85' lang='lat' dir='ltr'>anguli</span> <span class='ocrx_word' id='word_1_681' title='bbox 3353 4031 3557 4074; x_wconf 86' lang='lat' dir='ltr'>eorum:</span> <span class='ocrx_word' id='word_1_682' title='bbox 3581 4006 3758 4066; x_wconf 65' lang='lat' dir='ltr'>destrui</span> 
     </span>
    </p>
   </div>
   <div class='ocr_carea' id='block_1_88' title="bbox 2191 4095 3759 4178">
    <p class='ocr_par' dir='ltr' id='par_1_88' title="bbox 2191 4095 3759 4178">
     <span class='ocr_line' id='line_1_88' title="bbox 2191 4095 3759 4178; baseline -0.004 -22"><span class='ocrx_word' id='word_1_683' title='bbox 2191 4104 2309 4158; x_wconf 89' lang='lat' dir='ltr'>vias</span> <span class='ocrx_word' id='word_1_684' title='bbox 2329 4120 2519 4159; x_wconf 89' lang='lat' dir='ltr'>eorum</span> <span class='ocrx_word' id='word_1_685' title='bbox 2538 4110 2600 4158; x_wconf 87' lang='lat' dir='ltr'>ut</span> <span class='ocrx_word' id='word_1_686' title='bbox 2617 4106 2835 4175; x_wconf 83' lang='lat' dir='ltr'>penitus</span> <span class='ocrx_word' id='word_1_687' title='bbox 2874 4120 2987 4160; x_wconf 91' lang='lat' dir='ltr'>non</span> <span class='ocrx_word' id='word_1_688' title='bbox 3008 4111 3301 4162; x_wconf 86' lang='lat' dir='ltr'>transeant</span> <span class='ocrx_word' id='word_1_689' title='bbox 3325 4123 3344 4162; x_wconf 90' lang='lat'><strong><em>:</em></strong></span> <span class='ocrx_word' id='word_1_690' title='bbox 3388 4105 3658 4178; x_wconf 70' lang='lat' dir='ltr'>defecerunt</span> <span class='ocrx_word' id='word_1_691' title='bbox 3670 4095 3759 4153; x_wconf 77' lang='lat' dir='ltr'>cini-</span> 
     </span>
    </p>
   </div>
   <div class='ocr_carea' id='block_1_89' title="bbox 2192 4185 3756 4264">
    <p class='ocr_par' dir='ltr' id='par_1_89' title="bbox 2192 4185 3756 4264">
     <span class='ocr_line' id='line_1_89' title="bbox 2192 4185 3756 4264; baseline -0.001 -18"><span class='ocrx_word' id='word_1_692' title='bbox 2192 4196 2328 4247; x_wconf 88' lang='lat' dir='ltr'>tates</span> <span class='ocrx_word' id='word_1_693' title='bbox 2359 4208 2566 4260; x_wconf 78' lang='lat' dir='ltr'>eorum,</span> <span class='ocrx_word' id='word_1_694' title='bbox 2600 4209 2659 4248; x_wconf 90' lang='lat' dir='ltr'>eo</span> <span class='ocrx_word' id='word_1_695' title='bbox 2688 4193 2834 4264; x_wconf 88' lang='lat' dir='ltr'>quod</span> <span class='ocrx_word' id='word_1_696' title='bbox 2862 4195 3055 4250; x_wconf 87' lang='lat' dir='ltr'>nullus</span> <span class='ocrx_word' id='word_1_697' title='bbox 3100 4196 3444 4262; x_wconf 88' lang='lat' dir='ltr'>subsisteret,</span> <span class='ocrx_word' id='word_1_698' title='bbox 3472 4205 3621 4263; x_wconf 83' lang='lat' dir='ltr'>neque</span> <span class='ocrx_word' id='word_1_699' title='bbox 3647 4185 3756 4241; x_wconf 69' lang='lat' dir='ltr'>bali-</span> 
     </span>
    </p>
   </div>
   <div class='ocr_carea' id='block_1_90' title="bbox 2189 4271 3758 4353">
    <p class='ocr_par' dir='ltr' id='par_1_90' title="bbox 2189 4271 3758 4353">
     <span class='ocr_line' id='line_1_90' title="bbox 2189 4271 3758 4353; baseline 0.002 -17"><span class='ocrx_word' id='word_1_700' title='bbox 2189 4288 2347 4336; x_wconf 88' lang='lat' dir='ltr'>taret.</span> <span class='ocrx_word' id='word_1_701' title='bbox 2382 4283 2530 4352; x_wconf 76' lang='lat' dir='ltr'>Dixi,</span> <span class='ocrx_word' id='word_1_702' title='bbox 2584 4291 2961 4338; x_wconf 87' lang='lat' dir='ltr'>verumtamen</span> <span class='ocrx_word' id='word_1_703' title='bbox 3017 4285 3289 4340; x_wconf 86' lang='lat' dir='ltr'>timebitis</span> <span class='ocrx_word' id='word_1_704' title='bbox 3323 4300 3422 4353; x_wconf 91' lang='lat' dir='ltr'>me,</span> <span class='ocrx_word' id='word_1_705' title='bbox 3455 4291 3501 4340; x_wconf 85' lang='lat' dir='ltr'>et</span> <span class='ocrx_word' id='word_1_706' title='bbox 3524 4271 3758 4349; x_wconf 44' lang='lat' dir='ltr'>suscipit“</span> 
     </span>
    </p>
   </div>
   <div class='ocr_carea' id='block_1_91' title="bbox 2189 4367 3758 4444">
    <p class='ocr_par' dir='ltr' id='par_1_91' title="bbox 2189 4367 3758 4444">
     <span class='ocr_line' id='line_1_91' title="bbox 2189 4367 3758 4444; baseline -0.007 -18"><span class='ocrx_word' id='word_1_707' title='bbox 2189 4368 2576 4441; x_wconf 87' lang='lat' dir='ltr'>disciplinam,</span> <span class='ocrx_word' id='word_1_708' title='bbox 2626 4375 2678 4427; x_wconf 90' lang='lat' dir='ltr'>et</span> <span class='ocrx_word' id='word_1_709' title='bbox 2719 4388 2831 4426; x_wconf 90' lang='lat' dir='ltr'>non</span> <span class='ocrx_word' id='word_1_710' title='bbox 2860 4372 3113 4444; x_wconf 89' lang='lat' dir='ltr'>peribitis</span> <span class='ocrx_word' id='word_1_711' title='bbox 3176 4374 3245 4430; x_wconf 87' lang='lat' dir='ltr'>de</span> <span class='ocrx_word' id='word_1_712' title='bbox 3285 4374 3454 4429; x_wconf 86' lang='lat' dir='ltr'>oculis</span> <span class='ocrx_word' id='word_1_713' title='bbox 3479 4372 3581 4443; x_wconf 79' lang='lat' dir='ltr'>ejus</span> <span class='ocrx_word' id='word_1_714' title='bbox 3618 4367 3662 4421; x_wconf 78' lang='lat' dir='ltr'>in</span> <span class='ocrx_word' id='word_1_715' title='bbox 3681 4376 3758 4416; x_wconf 47' lang='lat' dir='ltr'>om.</span> 
     </span>
    </p>
   </div>
   <div class='ocr_carea' id='block_1_92' title="bbox 2186 4459 3752 4533">
    <p class='ocr_par' dir='ltr' id='par_1_92' title="bbox 2186 4459 3752 4533">
     <span class='ocr_line' id='line_1_92' title="bbox 2186 4459 3752 4533; baseline 0 -20"><span class='ocrx_word' id='word_1_716' title='bbox 2186 4460 2352 4514; x_wconf 88' lang='lat' dir='ltr'>nibus</span> <span class='ocrx_word' id='word_1_717' title='bbox 2379 4475 2442 4513; x_wconf 79' lang='lat' dir='ltr'>in</span> <span class='ocrx_word' id='word_1_718' title='bbox 2470 4459 2671 4529; x_wconf 85' lang='lat' dir='ltr'>quibus</span> <span class='ocrx_word' id='word_1_719' title='bbox 2693 4461 2843 4516; x_wconf 89' lang='lat' dir='ltr'>ultus</span> <span class='ocrx_word' id='word_1_720' title='bbox 2872 4477 2996 4515; x_wconf 87' lang='lat' dir='ltr'>sum</span> <span class='ocrx_word' id='word_1_721' title='bbox 3021 4477 3194 4533; x_wconf 84' lang='lat' dir='ltr'>super</span> <span class='ocrx_word' id='word_1_722' title='bbox 3221 4478 3364 4519; x_wconf 88' lang='lat' dir='ltr'>eam.</span> <span class='ocrx_word' id='word_1_723' title='bbox 3394 4460 3470 4533; x_wconf 90' lang='lat' dir='ltr'>(b)</span> <span class='ocrx_word' id='word_1_724' title='bbox 3491 4461 3752 4528; x_wconf 63' lang='lat' dir='ltr'>Pupam-Ni</span> 
     </span>
    </p>
   </div>
   <div class='ocr_carea' id='block_1_93' title="bbox 2185 4548 3752 4622">
    <p class='ocr_par' dir='ltr' id='par_1_93' title="bbox 2185 4548 3752 4622">
     <span class='ocr_line' id='line_1_93' title="bbox 2185 4548 3752 4622; baseline 0.003 -20"><span class='ocrx_word' id='word_1_725' title='bbox 2185 4563 2445 4619; x_wconf 88' lang='lat' dir='ltr'>consurge</span> <span class='ocrx_word' id='word_1_726' title='bbox 2473 4548 2718 4604; x_wconf 85' lang='lat' dir='ltr'>diluculo</span> <span class='ocrx_word' id='word_1_727' title='bbox 2740 4567 2758 4603; x_wconf 91' lang='lat'><strong><em>:</em></strong></span> <span class='ocrx_word' id='word_1_728' title='bbox 2791 4549 3161 4622; x_wconf 83' lang='lat' dir='ltr'>disperierunt</span> <span class='ocrx_word' id='word_1_729' title='bbox 3181 4568 3370 4608; x_wconf 87' lang='lat' dir='ltr'>omnes</span> <span class='ocrx_word' id='word_1_730' title='bbox 3391 4548 3574 4606; x_wconf 72' lang='lat' dir='ltr'>recenti</span> <span class='ocrx_word' id='word_1_731' title='bbox 3592 4552 3752 4622; x_wconf 60' lang='grc' dir='ltr'>ϐοταωρ</span> 
     </span>
    </p>
   </div>
   <div class='ocr_carea' id='block_1_94' title="bbox 429 4620 3757 4722">
    <p class='ocr_par' dir='ltr' id='par_1_94' title="bbox 429 4620 3757 4722">
     <span class='ocr_line' id='line_1_94' title="bbox 429 4620 3757 4722; baseline 0.001 -36"><span class='ocrx_word' id='word_1_732' title='bbox 429 4638 562 4686; x_wconf 89' lang='lat' dir='ltr'>tur:</span> <span class='ocrx_word' id='word_1_733' title='bbox 587 4635 779 4686; x_wconf 88' lang='lat' dir='ltr'>etnon</span> <span class='ocrx_word' id='word_1_734' title='bbox 804 4648 928 4722; x_wconf 82' lang='lat' dir='ltr'>eam</span> <span class='ocrx_word' id='word_1_735' title='bbox 953 4632 1212 4704; x_wconf 84' lang='lat' dir='ltr'>fulcient,</span> <span class='ocrx_word' id='word_1_736' title='bbox 1263 4637 1321 4688; x_wconf 90' lang='lat' dir='ltr'>et</span> <span class='ocrx_word' id='word_1_737' title='bbox 1363 4632 1780 4688; x_wconf 88' lang='lat' dir='ltr'>sustentabunt</span> <span class='ocrx_word' id='word_1_738' title='bbox 1810 4635 2076 4722; x_wconf 86' lang='lat' dir='ltr'>ruentem</span> <span class='ocrx_word' id='word_1_739' title='bbox 2110 4658 2155 4722; x_wconf 72' lang='grc' dir='ltr'>Ι)</span> <span class='ocrx_word' id='word_1_740' title='bbox 2186 4635 2349 4693; x_wconf 88' lang='lat' dir='ltr'>Multi</span> <span class='ocrx_word' id='word_1_741' title='bbox 2385 4641 2590 4708; x_wconf 88' lang='lat' dir='ltr'>putant</span> <span class='ocrx_word' id='word_1_742' title='bbox 2623 4620 3379 4711; x_wconf 36' lang='lat' dir='ltr'>propter—consequentiam</span> <span class='ocrx_word' id='word_1_743' title='bbox 3409 4620 3757 4722; x_wconf 54' lang='lat' dir='ltr'>seruionistl&#39;lci</span> 
     </span>
    </p>
   </div>
   <div class='ocr_carea' id='block_1_95' title="bbox 431 4721 2078 4794">
    <p class='ocr_par' dir='ltr' id='par_1_95' title="bbox 431 4721 2078 4794">
     <span class='ocr_line' id='line_1_95' title="bbox 431 4721 2078 4794; baseline 0.001 -19"><span class='ocrx_word' id='word_1_744' title='bbox 431 4736 610 4777; x_wconf 88' lang='lat' dir='ltr'>manu</span> <span class='ocrx_word' id='word_1_745' title='bbox 634 4737 763 4792; x_wconf 88' lang='lat' dir='ltr'>sua,</span> <span class='ocrx_word' id='word_1_746' title='bbox 787 4721 885 4776; x_wconf 89' lang='lat' dir='ltr'>sed</span> <span class='ocrx_word' id='word_1_747' title='bbox 911 4721 1187 4777; x_wconf 89' lang='lat' dir='ltr'>levabunt</span> <span class='ocrx_word' id='word_1_748' title='bbox 1207 4739 1419 4778; x_wconf 87' lang='lat' dir='ltr'>manus</span> <span class='ocrx_word' id='word_1_749' title='bbox 1442 4725 1497 4777; x_wconf 92' lang='lat' dir='ltr'>et</span> <span class='ocrx_word' id='word_1_750' title='bbox 1533 4721 1942 4794; x_wconf 88' lang='lat' dir='ltr'>pertransient.</span> <span class='ocrx_word' id='word_1_751' title='bbox 1975 4721 2078 4777; x_wconf 84' lang='lat' dir='ltr'>Vel</span> 
     </span>
    </p>
   </div>
   <div class='ocr_carea' id='block_1_96' title="bbox 430 4810 2076 4885">
    <p class='ocr_par' dir='ltr' id='par_1_96' title="bbox 430 4810 2076 4885">
     <span class='ocr_line' id='line_1_96' title="bbox 430 4810 2076 4885; baseline 0.001 -20"><span class='ocrx_word' id='word_1_752' title='bbox 430 4814 584 4866; x_wconf 88' lang='lat' dir='ltr'>certe</span> <span class='ocrx_word' id='word_1_753' title='bbox 616 4811 926 4867; x_wconf 86' lang='lat' dir='ltr'>cumsibilo</span> <span class='ocrx_word' id='word_1_754' title='bbox 950 4810 1217 4867; x_wconf 90' lang='lat' dir='ltr'>attollent</span> <span class='ocrx_word' id='word_1_755' title='bbox 1257 4829 1486 4878; x_wconf 89' lang='lat' dir='ltr'>manus,</span> <span class='ocrx_word' id='word_1_756' title='bbox 1508 4816 1566 4868; x_wconf 89' lang='lat' dir='ltr'>et</span> <span class='ocrx_word' id='word_1_757' title='bbox 1603 4811 1770 4885; x_wconf 89' lang='lat' dir='ltr'>quasi</span> <span class='ocrx_word' id='word_1_758' title='bbox 1799 4811 2076 4884; x_wconf 85' lang='lat' dir='ltr'>plangen-</span> 
     </span>
    </p>
   </div>
   <div class='ocr_carea' id='block_1_97' title="bbox 425 4899 2077 4974">
    <p class='ocr_par' dir='ltr' id='par_1_97' title="bbox 425 4899 2077 4974">
     <span class='ocr_line' id='line_1_97' title="bbox 425 4899 2077 4974; baseline 0.001 -20"><span class='ocrx_word' id='word_1_759' title='bbox 425 4903 515 4955; x_wconf 89' lang='lat' dir='ltr'>tes</span> <span class='ocrx_word' id='word_1_760' title='bbox 546 4899 605 4954; x_wconf 90' lang='lat' dir='ltr'>in</span> <span class='ocrx_word' id='word_1_761' title='bbox 640 4917 859 4956; x_wconf 90' lang='lat' dir='ltr'>morem</span> <span class='ocrx_word' id='word_1_762' title='bbox 915 4899 1244 4973; x_wconf 88' lang='lat' dir='ltr'>lugentium</span> <span class='ocrx_word' id='word_1_763' title='bbox 1303 4901 1758 4974; x_wconf 86' lang='lat' dir='ltr'>concrepabunt.</span> <span class='ocrx_word' id='word_1_764' title='bbox 1791 4901 1848 4957; x_wconf 89' lang='lat' dir='ltr'>Si</span> <span class='ocrx_word' id='word_1_765' title='bbox 1881 4906 2077 4956; x_wconf 87' lang='lat' dir='ltr'>autem</span> 
     </span>
    </p>
   </div>
   <div class='ocr_carea' id='block_1_98' title="bbox 425 4987 2075 5063">
    <p class='ocr_par' dir='ltr' id='par_1_98' title="bbox 425 4987 2075 5063">
     <span class='ocr_line' id='line_1_98' title="bbox 425 4987 2075 5063; baseline 0.002 -20"><span class='ocrx_word' id='word_1_766' title='bbox 425 4987 533 5045; x_wconf 92' lang='lat' dir='ltr'>hoc</span> <span class='ocrx_word' id='word_1_767' title='bbox 564 4990 634 5044; x_wconf 90' lang='lat' dir='ltr'>de</span> <span class='ocrx_word' id='word_1_768' title='bbox 666 4988 894 5046; x_wconf 91' lang='lat' dir='ltr'>diabolo</span> <span class='ocrx_word' id='word_1_769' title='bbox 916 4994 972 5046; x_wconf 89' lang='lat' dir='ltr'>et</span> <span class='ocrx_word' id='word_1_770' title='bbox 993 4990 1217 5063; x_wconf 88' lang='lat' dir='ltr'>angelis</span> <span class='ocrx_word' id='word_1_771' title='bbox 1240 4992 1368 5062; x_wconf 87' lang='lat' dir='ltr'>ejus</span> <span class='ocrx_word' id='word_1_772' title='bbox 1404 4989 1764 5047; x_wconf 90' lang='lat' dir='ltr'>voluerimus</span> <span class='ocrx_word' id='word_1_773' title='bbox 1794 4991 2075 5062; x_wconf 88' lang='lat' dir='ltr'>accipere,</span> 
     </span>
    </p>
   </div>
   <div class='ocr_carea' id='block_1_99' title="bbox 428 5077 2071 5151">
    <p class='ocr_par' dir='ltr' id='par_1_99' title="bbox 428 5077 2071 5151">
     <span class='ocr_line' id='line_1_99' title="bbox 428 5077 2071 5151; baseline 0.002 -20"><span class='ocrx_word' id='word_1_774' title='bbox 428 5077 527 5149; x_wconf 91' lang='lat' dir='ltr'>qui</span> <span class='ocrx_word' id='word_1_775' title='bbox 549 5077 777 5133; x_wconf 89' lang='lat' dir='ltr'>vineam</span> <span class='ocrx_word' id='word_1_776' title='bbox 796 5095 1049 5150; x_wconf 86' lang='lat' dir='ltr'>quoque,</span> <span class='ocrx_word' id='word_1_777' title='bbox 1075 5096 1200 5150; x_wconf 66' lang='lat' dir='ltr'>quae</span> <span class='ocrx_word' id='word_1_778' title='bbox 1215 5081 1284 5133; x_wconf 88' lang='lat' dir='ltr'>de</span> <span class='ocrx_word' id='word_1_779' title='bbox 1305 5080 1545 5151; x_wconf 68' lang='lat' dir='ltr'>Egypto</span> <span class='ocrx_word' id='word_1_780' title='bbox 1564 5079 1848 5136; x_wconf 86' lang='lat' dir='ltr'>translata</span> <span class='ocrx_word' id='word_1_781' title='bbox 1866 5081 2071 5146; x_wconf 89' lang='lat' dir='ltr'>fuerat,</span> 
     </span>
    </p>
   </div>
   <div class='ocr_carea' id='block_1_100' title="bbox 427 5168 2074 5240">
    <p class='ocr_par' dir='ltr' id='par_1_100' title="bbox 427 5168 2074 5240">
     <span class='ocr_line' id='line_1_100' title="bbox 427 5168 2074 5240; baseline 0.001 -18"><span class='ocrx_word' id='word_1_782' title='bbox 427 5172 839 5224; x_wconf 84' lang='lat' dir='ltr'>vastaverunt:</span> <span class='ocrx_word' id='word_1_783' title='bbox 863 5169 1145 5234; x_wconf 91' lang='lat' dir='ltr'>dicemus,</span> <span class='ocrx_word' id='word_1_784' title='bbox 1171 5184 1273 5239; x_wconf 90' lang='lat' dir='ltr'>per</span> <span class='ocrx_word' id='word_1_785' title='bbox 1292 5169 1552 5224; x_wconf 88' lang='lat' dir='ltr'>animam</span> <span class='ocrx_word' id='word_1_786' title='bbox 1571 5169 1641 5224; x_wconf 87' lang='lat' dir='ltr'>de</span> <span class='ocrx_word' id='word_1_787' title='bbox 1666 5185 1781 5240; x_wconf 89' lang='lat' dir='ltr'>qua</span> <span class='ocrx_word' id='word_1_788' title='bbox 1806 5168 2074 5224; x_wconf 89' lang='lat' dir='ltr'>Christus</span> 
     </span>
    </p>
   </div>
   <div class='ocr_carea' id='block_1_101' title="bbox 430 5257 2075 5330">
    <p class='ocr_par' dir='ltr' id='par_1_101' title="bbox 430 5257 2075 5330">
     <span class='ocr_line' id='line_1_101' title="bbox 430 5257 2075 5330; baseline 0.001 -19"><span class='ocrx_word' id='word_1_789' title='bbox 430 5257 755 5324; x_wconf 89' lang='lat' dir='ltr'>recesserit,</span> <span class='ocrx_word' id='word_1_790' title='bbox 780 5263 836 5312; x_wconf 91' lang='lat' dir='ltr'>et</span> <span class='ocrx_word' id='word_1_791' title='bbox 857 5275 983 5329; x_wconf 64' lang='lat' dir='ltr'>quae</span> <span class='ocrx_word' id='word_1_792' title='bbox 1007 5258 1170 5330; x_wconf 90' lang='lat' dir='ltr'>prius</span> <span class='ocrx_word' id='word_1_793' title='bbox 1193 5257 1473 5329; x_wconf 91' lang='lat' dir='ltr'>templum</span> <span class='ocrx_word' id='word_1_794' title='bbox 1502 5258 1594 5312; x_wconf 90' lang='lat' dir='ltr'>Dei</span> <span class='ocrx_word' id='word_1_795' title='bbox 1639 5257 1844 5322; x_wconf 91' lang='lat' dir='ltr'>fuerat,</span> <span class='ocrx_word' id='word_1_796' title='bbox 1871 5263 1928 5313; x_wconf 93' lang='lat' dir='ltr'>et</span> <span class='ocrx_word' id='word_1_797' title='bbox 1947 5273 2075 5313; x_wconf 89' lang='lat' dir='ltr'>esse</span> 
     </span>
    </p>
   </div>
   <div class='ocr_carea' id='block_1_102' title="bbox 429 5345 2074 5419">
    <p class='ocr_par' dir='ltr' id='par_1_102' title="bbox 429 5345 2074 5419">
     <span class='ocr_line' id='line_1_102' title="bbox 429 5345 2074 5419; baseline 0.002 -20"><span class='ocrx_word' id='word_1_798' title='bbox 429 5345 658 5414; x_wconf 87' lang='lat' dir='ltr'>desivit,</span> <span class='ocrx_word' id='word_1_799' title='bbox 695 5347 945 5402; x_wconf 86' lang='lat' dir='ltr'>transire</span> <span class='ocrx_word' id='word_1_800' title='bbox 969 5350 1320 5419; x_wconf 89' lang='lat' dir='ltr'>serpentem,</span> <span class='ocrx_word' id='word_1_801' title='bbox 1353 5351 1408 5401; x_wconf 94' lang='lat' dir='ltr'>et</span> <span class='ocrx_word' id='word_1_802' title='bbox 1429 5346 1664 5402; x_wconf 89' lang='lat' dir='ltr'>sibilare</span> <span class='ocrx_word' id='word_1_803' title='bbox 1696 5347 1754 5400; x_wconf 91' lang='lat' dir='ltr'>in</span> <span class='ocrx_word' id='word_1_804' title='bbox 1777 5363 1864 5412; x_wconf 90' lang='lat' dir='ltr'>ea,</span> <span class='ocrx_word' id='word_1_805' title='bbox 1896 5351 1953 5402; x_wconf 91' lang='lat' dir='ltr'>et</span> <span class='ocrx_word' id='word_1_806' title='bbox 1980 5363 2074 5402; x_wconf 84' lang='lat' dir='ltr'>ve-</span> 
     </span>
    </p>
   </div>
   <div class='ocr_carea' id='block_1_103' title="bbox 422 5523 2074 5644">
    <p class='ocr_par' dir='ltr' id='par_1_103' title="bbox 422 5523 2074 5644">
     <span class='ocr_line' id='line_1_103' title="bbox 422 5523 2074 5644; baseline -0.001 -66"><span class='ocrx_word' id='word_1_807' title='bbox 422 5524 700 5644; x_wconf 56' lang='lat' dir='ltr'>cte(at)Ms.</span> <span class='ocrx_word' id='word_1_808' title='bbox 737 5523 963 5596; x_wconf 59' lang='lat' dir='ltr'>Regia,</span> <span class='ocrx_word' id='word_1_809' title='bbox 1026 5523 1167 5596; x_wconf 89' lang='lat' dir='ltr'>quod</span> <span class='ocrx_word' id='word_1_810' title='bbox 1220 5524 1432 5596; x_wconf 77' lang='lat' dir='ltr'>[rustra</span> <span class='ocrx_word' id='word_1_811' title='bbox 1474 5526 1711 5596; x_wconf 74' lang='lat' dir='ltr'>speciosa</span> <span class='ocrx_word' id='word_1_812' title='bbox 1756 5539 1872 5580; x_wconf 87' lang='lat' dir='ltr'>esse</span> <span class='ocrx_word' id='word_1_813' title='bbox 1905 5539 1964 5580; x_wconf 87' lang='lat' dir='ltr'>se</span> <span class='ocrx_word' id='word_1_814' title='bbox 1981 5524 2074 5594; x_wconf 89' lang='lat' dir='ltr'>ja-</span> 
     </span>
     <span class='ocr_line' id='line_1_104' title="bbox 505 5608 583 5644; baseline 0 0"><span class='ocrx_word' id='word_1_815' title='bbox 505 5608 536 5644; x_wconf 89' lang='lat' dir='ltr'>n</span> <span class='ocrx_word' id='word_1_816' title='bbox 571 5634 583 5644; x_wconf 91' lang='lat'>.</span> 
     </span>
    </p>
   </div>
   <div class='ocr_carea' id='block_1_104' title="bbox 474 5597 2074 5740">
    <p class='ocr_par' dir='ltr' id='par_1_104' title="bbox 474 5597 2074 5740">
     <span class='ocr_line' id='line_1_105' title="bbox 474 5597 583 5646; baseline 0.009 -1"><span class='ocrx_word' id='word_1_817' title='bbox 474 5597 583 5646; x_wconf 89' lang='lat' dir='ltr'>ent.</span> 
     </span>
     <span class='ocr_line' id='line_1_106' title="bbox 497 5660 2074 5740; baseline 0.008 -26"><span class='ocrx_word' id='word_1_818' title='bbox 497 5660 573 5740; x_wconf 76' lang='lat' dir='ltr'>(b)</span> <span class='ocrx_word' id='word_1_819' title='bbox 603 5666 941 5740; x_wconf 73' lang='lat' dir='ltr'>Postremus</span> <span class='ocrx_word' id='word_1_820' title='bbox 973 5665 1094 5740; x_wconf 77' lang='lat' dir='ltr'>iste</span> <span class='ocrx_word' id='word_1_821' title='bbox 1111 5666 1456 5740; x_wconf 83' lang='lat' dir='ltr'>versiculus,</span> <span class='ocrx_word' id='word_1_822' title='bbox 1486 5669 1837 5740; x_wconf 67' lang='lat' dir='ltr'>Praeparare,</span> <span class='ocrx_word' id='word_1_823' title='bbox 1859 5672 1992 5740; x_wconf 88' lang='lat' dir='ltr'>etc.,</span> <span class='ocrx_word' id='word_1_824' title='bbox 2017 5672 2074 5727; x_wconf 88' lang='lat' dir='ltr'>in</span> 
     </span>
    </p>
   </div>
   <div class='ocr_carea' id='block_1_105' title="bbox 421 5731 1344 5807">
    <p class='ocr_par' dir='ltr' id='par_1_105' title="bbox 421 5731 1344 5807">
     <span class='ocr_line' id='line_1_107' title="bbox 421 5731 1344 5807; baseline 0.001 -16"><span class='ocrx_word' id='word_1_825' title='bbox 421 5731 628 5807; x_wconf 78' lang='lat' dir='ltr'>Regia.</span> <span class='ocrx_word' id='word_1_826' title='bbox 663 5749 775 5790; x_wconf 84' lang='lat' dir='ltr'>me.</span> <span class='ocrx_word' id='word_1_827' title='bbox 808 5734 902 5792; x_wconf 88' lang='lat' dir='ltr'>hic</span> <span class='ocrx_word' id='word_1_828' title='bbox 933 5753 1048 5793; x_wconf 89' lang='lat' dir='ltr'>non</span> <span class='ocrx_word' id='word_1_829' title='bbox 1080 5736 1344 5795; x_wconf 86' lang='lat' dir='ltr'>habetur.</span> 
     </span>
    </p>
   </div>
   <div class='ocr_carea' id='block_1_106' title="bbox 2189 4719 3756 4801">
    <p class='ocr_par' dir='ltr' id='par_1_106' title="bbox 2189 4719 3756 4801">
     <span class='ocr_line' id='line_1_108' title="bbox 2189 4719 3756 4801; baseline 0.003 -21"><span class='ocrx_word' id='word_1_830' title='bbox 2189 4725 2497 4780; x_wconf 90' lang='lat' dir='ltr'>adversum</span> <span class='ocrx_word' id='word_1_831' title='bbox 2549 4725 2817 4793; x_wconf 88' lang='lat' dir='ltr'>Niniven,</span> <span class='ocrx_word' id='word_1_832' title='bbox 2849 4728 2923 4783; x_wconf 92' lang='lat' dir='ltr'>de</span> <span class='ocrx_word' id='word_1_833' title='bbox 2966 4744 3083 4799; x_wconf 90' lang='lat' dir='ltr'>qua</span> <span class='ocrx_word' id='word_1_834' title='bbox 3125 4745 3348 4801; x_wconf 89' lang='lat' dir='ltr'>supra:</span> <span class='ocrx_word' id='word_1_835' title='bbox 3379 4731 3442 4784; x_wconf 82' lang='lat' dir='ltr'>Et</span> <span class='ocrx_word' id='word_1_836' title='bbox 3462 4723 3620 4800; x_wconf 65' lang='lat' dir='ltr'>perdet</span> <span class='ocrx_word' id='word_1_837' title='bbox 3641 4719 3756 4784; x_wconf 65' lang='grc' dir='ltr'>Απν·</span> 
     </span>
    </p>
   </div>
   <div class='ocr_carea' id='block_1_107' title="bbox 2189 4816 3756 4886">
    <p class='ocr_par' dir='ltr' id='par_1_107' title="bbox 2189 4816 3756 4886">
     <span class='ocr_line' id='line_1_109' title="bbox 2189 4816 3756 4886; baseline -0.003 -16"><span class='ocrx_word' id='word_1_838' title='bbox 2189 4817 2415 4883; x_wconf 87' lang='lat' dir='ltr'>rium,et</span> <span class='ocrx_word' id='word_1_839' title='bbox 2433 4819 2601 4886; x_wconf 84' lang='lat' dir='ltr'>ponet</span> <span class='ocrx_word' id='word_1_840' title='bbox 2628 4816 2871 4871; x_wconf 82' lang='lat' dir='ltr'>Niniven</span> <span class='ocrx_word' id='word_1_841' title='bbox 2900 4818 2958 4871; x_wconf 89' lang='lat' dir='ltr'>in</span> <span class='ocrx_word' id='word_1_842' title='bbox 2988 4817 3362 4874; x_wconf 84' lang='lat' dir='ltr'>solitudinem.</span> <span class='ocrx_word' id='word_1_843' title='bbox 3395 4816 3499 4874; x_wconf 88' lang='lat' dir='ltr'>Sed</span> <span class='ocrx_word' id='word_1_844' title='bbox 3525 4816 3756 4880; x_wconf 73' lang='lat' dir='ltr'>nunquam</span> 
     </span>
    </p>
   </div>
   <div class='ocr_carea' id='block_1_108' title="bbox 2187 4892 3755 4976">
    <p class='ocr_par' dir='ltr' id='par_1_108' title="bbox 2187 4892 3755 4976">
     <span class='ocr_line' id='line_1_110' title="bbox 2187 4892 3755 4976; baseline -0.008 -18"><span class='ocrx_word' id='word_1_845' title='bbox 2187 4903 2486 4976; x_wconf 89' lang='lat' dir='ltr'>Scriptura</span> <span class='ocrx_word' id='word_1_846' title='bbox 2513 4903 2754 4960; x_wconf 89' lang='lat' dir='ltr'>Niniven</span> <span class='ocrx_word' id='word_1_847' title='bbox 2801 4904 3134 4961; x_wconf 89' lang='lat' dir='ltr'>columbam</span> <span class='ocrx_word' id='word_1_848' title='bbox 3185 4911 3454 4964; x_wconf 86' lang='lat' dir='ltr'>vocaret:</span> <span class='ocrx_word' id='word_1_849' title='bbox 3484 4903 3600 4958; x_wconf 86' lang='lat' dir='ltr'>licet</span> <span class='ocrx_word' id='word_1_850' title='bbox 3622 4898 3668 4952; x_wconf 90' lang='lat' dir='ltr'>in</span> <span class='ocrx_word' id='word_1_851' title='bbox 3690 4892 3755 4948; x_wconf 85' lang='lat' dir='ltr'>Je-</span> 
     </span>
    </p>
   </div>
   <div class='ocr_carea' id='block_1_109' title="bbox 2186 4988 3756 5065">
    <p class='ocr_par' dir='ltr' id='par_1_109' title="bbox 2186 4988 3756 5065">
     <span class='ocr_line' id='line_1_111' title="bbox 2186 4988 3756 5065; baseline -0.005 -17"><span class='ocrx_word' id='word_1_852' title='bbox 2186 4993 2390 5060; x_wconf 89' lang='lat' dir='ltr'>rcmia,</span> <span class='ocrx_word' id='word_1_853' title='bbox 2446 5010 2481 5047; x_wconf 87' lang='lat' dir='ltr'>a</span> <span class='ocrx_word' id='word_1_854' title='bbox 2535 4993 2682 5063; x_wconf 79' lang='lat' dir='ltr'>facie</span> <span class='ocrx_word' id='word_1_855' title='bbox 2709 4993 2887 5065; x_wconf 87' lang='lat' dir='ltr'>gladii</span> <span class='ocrx_word' id='word_1_856' title='bbox 2940 4994 3210 5052; x_wconf 75' lang='lat' dir='ltr'>columbae</span> <span class='ocrx_word' id='word_1_857' title='bbox 3255 4996 3328 5051; x_wconf 91' lang='lat' dir='ltr'>de</span> <span class='ocrx_word' id='word_1_858' title='bbox 3383 4988 3756 5050; x_wconf 76' lang='lat' dir='ltr'>Nabucbonosol‘</span> 
     </span>
    </p>
   </div>
   <div class='ocr_carea' id='block_1_110' title="bbox 2186 5066 3752 5155">
    <p class='ocr_par' dir='ltr' id='par_1_110' title="bbox 2186 5066 3752 5155">
     <span class='ocr_line' id='line_1_112' title="bbox 2186 5066 3752 5155; baseline -0.004 -18"><span class='ocrx_word' id='word_1_859' title='bbox 2186 5081 2425 5153; x_wconf 86' lang='lat' dir='ltr'>quidam</span> <span class='ocrx_word' id='word_1_860' title='bbox 2449 5081 2671 5137; x_wconf 91' lang='lat' dir='ltr'>dictum</span> <span class='ocrx_word' id='word_1_861' title='bbox 2693 5086 2901 5155; x_wconf 89' lang='lat' dir='ltr'>putent</span> <span class='ocrx_word' id='word_1_862' title='bbox 2923 5083 3174 5155; x_wconf 80' lang='lat' dir='ltr'>(Jer.xv).</span> <span class='ocrx_word' id='word_1_863' title='bbox 3210 5084 3324 5140; x_wconf 88' lang='lat' dir='ltr'>Sed</span> <span class='ocrx_word' id='word_1_864' title='bbox 3348 5081 3620 5138; x_wconf 88' lang='lat' dir='ltr'>sciendum</span> <span class='ocrx_word' id='word_1_865' title='bbox 3643 5066 3752 5144; x_wconf 76' lang='lat' dir='ltr'>quod</span> 
     </span>
    </p>
   </div>
   <div class='ocr_carea' id='block_1_111' title="bbox 2185 5157 3752 5244">
    <p class='ocr_par' dir='ltr' id='par_1_111' title="bbox 2185 5157 3752 5244">
     <span class='ocr_line' id='line_1_113' title="bbox 2185 5157 3752 5244; baseline -0.005 -18"><span class='ocrx_word' id='word_1_866' title='bbox 2185 5169 2280 5226; x_wconf 85' lang='lat' dir='ltr'>alii</span> <span class='ocrx_word' id='word_1_867' title='bbox 2301 5171 2629 5226; x_wconf 86' lang='lat' dir='ltr'>econtrario</span> <span class='ocrx_word' id='word_1_868' title='bbox 2678 5176 2965 5239; x_wconf 79' lang='lat' dir='ltr'>asserunt,</span> <span class='ocrx_word' id='word_1_869' title='bbox 2997 5189 3102 5244; x_wconf 90' lang='lat' dir='ltr'>pro</span> <span class='ocrx_word' id='word_1_870' title='bbox 3127 5171 3400 5239; x_wconf 82' lang='lat' dir='ltr'>columba,</span> <span class='ocrx_word' id='word_1_871' title='bbox 3433 5169 3505 5226; x_wconf 86' lang='lat' dir='ltr'>ibi</span> <span class='ocrx_word' id='word_1_872' title='bbox 3530 5177 3671 5239; x_wconf 81' lang='lat' dir='ltr'>posse</span> <span class='ocrx_word' id='word_1_873' title='bbox 3693 5157 3752 5211; x_wconf 70' lang='lat' dir='ltr'>in-</span> 
     </span>
    </p>
   </div>
   <div class='ocr_carea' id='block_1_112' title="bbox 2184 5256 3750 5332">
    <p class='ocr_par' dir='ltr' id='par_1_112' title="bbox 2184 5256 3750 5332">
     <span class='ocr_line' id='line_1_114' title="bbox 2184 5256 3750 5332; baseline -0.006 -18"><span class='ocrx_word' id='word_1_874' title='bbox 2184 5259 2366 5332; x_wconf 85' lang='lat' dir='ltr'>telligi</span> <span class='ocrx_word' id='word_1_875' title='bbox 2398 5261 2484 5314; x_wconf 75' lang='lat'>71</span> <span class='ocrx_word' id='word_1_876' title='bbox 2500 5261 2548 5314; x_wconf 77' lang='lat'><strong>6</strong></span> <span class='ocrx_word' id='word_1_877' title='bbox 2571 5259 2640 5332; x_wconf 91' lang='lat' dir='ltr'>(c)</span> <span class='ocrx_word' id='word_1_878' title='bbox 2662 5256 2991 5330; x_wconf 80' lang='grc' dir='ltr'>Ἑλλάδα,ἱό</span> <span class='ocrx_word' id='word_1_879' title='bbox 3009 5262 3486 5332; x_wconf 73' lang='lat' dir='ltr'>est,0rteciam,ut</span> <span class='ocrx_word' id='word_1_880' title='bbox 3503 5257 3572 5312; x_wconf 87' lang='lat' dir='ltr'>sit</span> <span class='ocrx_word' id='word_1_881' title='bbox 3581 5260 3750 5309; x_wconf 69' lang='lat' dir='ltr'>senem.</span> 
     </span>
    </p>
   </div>
   <div class='ocr_carea' id='block_1_113' title="bbox 2183 5337 3750 5420">
    <p class='ocr_par' dir='ltr' id='par_1_113' title="bbox 2183 5337 3750 5420">
     <span class='ocr_line' id='line_1_115' title="bbox 2183 5337 3750 5420; baseline -0.008 -15"><span class='ocrx_word' id='word_1_882' title='bbox 2183 5366 2216 5405; x_wconf 90' lang='lat' dir='ltr'>a</span> <span class='ocrx_word' id='word_1_883' title='bbox 2232 5351 2375 5420; x_wconf 83' lang='lat' dir='ltr'>facie</span> <span class='ocrx_word' id='word_1_884' title='bbox 2402 5349 2581 5418; x_wconf 87' lang='lat' dir='ltr'>gladii</span> <span class='ocrx_word' id='word_1_885' title='bbox 2597 5353 2760 5419; x_wconf 81' lang='lat' dir='ltr'>Jona,</span> <span class='ocrx_word' id='word_1_886' title='bbox 2793 5349 2850 5404; x_wconf 91' lang='lat' dir='ltr'>id</span> <span class='ocrx_word' id='word_1_887' title='bbox 2874 5353 2981 5414; x_wconf 89' lang='lat' dir='ltr'>est,</span> <span class='ocrx_word' id='word_1_888' title='bbox 3004 5366 3038 5404; x_wconf 92' lang='lat' dir='ltr'>a</span> <span class='ocrx_word' id='word_1_889' title='bbox 3056 5351 3200 5420; x_wconf 81' lang='lat' dir='ltr'>facie</span> <span class='ocrx_word' id='word_1_890' title='bbox 3219 5349 3396 5418; x_wconf 85' lang='lat' dir='ltr'>gladii</span> <span class='ocrx_word' id='word_1_891' title='bbox 3419 5344 3602 5402; x_wconf 71' lang='lat' dir='ltr'>Graecia</span> <span class='ocrx_word' id='word_1_892' title='bbox 3620 5356 3631 5395; x_wconf 89' lang='lat'>:</span> <span class='ocrx_word' id='word_1_893' title='bbox 3649 5337 3750 5393; x_wconf 63' lang='lat' dir='ltr'>lout</span> 
     </span>
    </p>
   </div>
   <div class='ocr_carea' id='block_1_114' title="bbox 2256 5515 3746 5603">
    <p class='ocr_par' dir='ltr' id='par_1_114' title="bbox 2256 5515 3746 5603">
     <span class='ocr_line' id='line_1_116' title="bbox 2256 5515 3746 5603; baseline -0.017 -4"><span class='ocrx_word' id='word_1_894' title='bbox 2256 5527 2327 5598; x_wconf 77' lang='grc' dir='ltr'>(ο)</span> <span class='ocrx_word' id='word_1_895' title='bbox 2346 5527 2502 5603; x_wconf 67' lang='lat' dir='ltr'>Idem</span> <span class='ocrx_word' id='word_1_896' title='bbox 2527 5526 2952 5603; x_wconf 49' lang='lat' dir='ltr'>msflaam,qui</span> <span class='ocrx_word' id='word_1_897' title='bbox 2974 5530 3032 5582; x_wconf 90' lang='lat' dir='ltr'>et</span> <span class='ocrx_word' id='word_1_898' title='bbox 3055 5527 3292 5603; x_wconf 84' lang='lat' dir='ltr'>verba,a</span> <span class='ocrx_word' id='word_1_899' title='bbox 3317 5526 3457 5598; x_wconf 80' lang='lat' dir='ltr'>facie</span> <span class='ocrx_word' id='word_1_900' title='bbox 3472 5515 3746 5603; x_wconf 77' lang='lat' dir='ltr'>gladii</span> 
     </span>
    </p>
   </div>
   <div class='ocr_carea' id='block_1_115' title="bbox 2227 5579 3748 5670">
    <p class='ocr_par' dir='ltr' id='par_1_115' title="bbox 2227 5579 3748 5670">
     <span class='ocr_line' id='line_1_117' title="bbox 2227 5579 3748 5670; baseline -0.005 -18"><span class='ocrx_word' id='word_1_901' title='bbox 2227 5579 2886 5670; x_wconf 43' lang='lat' dir='ltr'>laetantiarsaaisa</span> <span class='ocrx_word' id='word_1_902' title='bbox 2900 5579 3288 5670; x_wconf 49' lang='lat' dir='ltr'>insessis;</span> <span class='ocrx_word' id='word_1_903' title='bbox 3312 5579 3683 5670; x_wconf 47' lang='lat' dir='ltr'>assistant?</span> <span class='ocrx_word' id='word_1_904' title='bbox 3699 5579 3748 5670; x_wconf 54' lang='lat' dir='ltr'>[lo</span> 
     </span>
    </p>
   </div>
   <div class='ocr_carea' id='block_1_116' title="bbox 2183 5615 3746 5800">
    <p class='ocr_par' dir='ltr' id='par_1_116' title="bbox 2183 5615 3746 5800">
     <span class='ocr_line' id='line_1_118' title="bbox 2227 5615 3746 5670; baseline -0.007 -18"><span class='ocrx_word' id='word_1_905' title='bbox 2227 5615 2596 5653; x_wconf 79' lang='lat' dir='ltr'>raetermiiiit.</span> <span class='ocrx_word' id='word_1_906' title='bbox 2619 5615 2886 5654; x_wconf 69' lang='lat' dir='ltr'>rromme</span> <span class='ocrx_word' id='word_1_907' title='bbox 2916 5615 3281 5670; x_wconf 79' lang='lat' dir='ltr'>superiorem</span> <span class='ocrx_word' id='word_1_908' title='bbox 3312 5615 3683 5668; x_wconf 75' lang='lat' dir='ltr'>expositionem</span> <span class='ocrx_word' id='word_1_909' title='bbox 3703 5615 3746 5635; x_wconf 80' lang='grc' dir='ltr'>ιιυ</span> 
     </span>
     <span class='ocr_line' id='line_1_119' title="bbox 2183 5615 3746 5744; baseline -0.005 -20"><span class='ocrx_word' id='word_1_910' title='bbox 2183 5615 2725 5727; x_wconf 53' lang='grc' dir='ltr'>ξιεώυοὶιοᾱοηοεοι·</span> <span class='ocrx_word' id='word_1_911' title='bbox 2751 5670 2878 5743; x_wconf 88' lang='lat' dir='ltr'>ipse</span> <span class='ocrx_word' id='word_1_912' title='bbox 2903 5672 3112 5744; x_wconf 89' lang='lat' dir='ltr'>probat</span> <span class='ocrx_word' id='word_1_913' title='bbox 3148 5670 3363 5727; x_wconf 86' lang='lat' dir='ltr'>llierou</span> <span class='ocrx_word' id='word_1_914' title='bbox 3407 5683 3529 5724; x_wconf 89' lang='lat' dir='ltr'>mus</span> <span class='ocrx_word' id='word_1_915' title='bbox 3555 5665 3605 5717; x_wconf 91' lang='lat' dir='ltr'>in</span> <span class='ocrx_word' id='word_1_916' title='bbox 3629 5657 3746 5738; x_wconf 67' lang='grc' dir='ltr'>(ἔρειο</span> 
     </span>
     <span class='ocr_line' id='line_1_120' title="bbox 2188 5686 3746 5800; baseline -0.004 -2"><span class='ocrx_word' id='word_1_917' title='bbox 2188 5744 2368 5798; x_wconf 88' lang='lat' dir='ltr'>ment.</span> <span class='ocrx_word' id='word_1_918' title='bbox 2393 5740 2455 5797; x_wconf 91' lang='lat' dir='ltr'>in</span> <span class='ocrx_word' id='word_1_919' title='bbox 2482 5741 2698 5800; x_wconf 87' lang='lat' dir='ltr'>Jerem.</span> <span class='ocrx_word' id='word_1_920' title='bbox 2733 5758 2860 5800; x_wconf 86' lang='lat' dir='ltr'>ean.</span> <span class='ocrx_word' id='word_1_921' title='bbox 2908 5758 3041 5800; x_wconf 84' lang='lat' dir='ltr'>xxv.</span> <span class='ocrx_word' id='word_1_922' title='bbox 3092 5741 3151 5800; x_wconf 90' lang='lat' dir='ltr'>in</span> <span class='ocrx_word' id='word_1_923' title='bbox 3181 5741 3338 5800; x_wconf 81' lang='lat' dir='ltr'>ﬁne:</span> <span class='ocrx_word' id='word_1_924' title='bbox 3367 5686 3480 5800; x_wconf 55' lang='lat' dir='ltr'>xlvii</span> <span class='ocrx_word' id='word_1_925' title='bbox 3502 5729 3746 5794; x_wconf 55' lang='lat' dir='ltr'>mirati”:</span> 
     </span>
    </p>
   </div>
   <div class='ocr_carea' id='block_1_117' title="bbox 2188 5729 3747 5814">
    <p class='ocr_par' dir='ltr' id='par_1_117' title="bbox 2188 5729 3747 5814">
     <span class='ocr_line' id='line_1_121' title="bbox 2188 5729 3747 5814; baseline 0 -16"><span class='ocrx_word' id='word_1_926' title='bbox 2188 5744 2368 5798; x_wconf 88' lang='lat' dir='ltr'>ment.</span> <span class='ocrx_word' id='word_1_927' title='bbox 2393 5740 2455 5797; x_wconf 91' lang='lat' dir='ltr'>in</span> <span class='ocrx_word' id='word_1_928' title='bbox 2482 5741 2698 5800; x_wconf 87' lang='lat' dir='ltr'>Jerem.</span> <span class='ocrx_word' id='word_1_929' title='bbox 2733 5729 2860 5814; x_wconf 69' lang='lat' dir='ltr'>cap.</span> <span class='ocrx_word' id='word_1_930' title='bbox 2903 5729 3041 5812; x_wconf 60' lang='lat' dir='ltr'>ixv,</span> <span class='ocrx_word' id='word_1_931' title='bbox 3092 5741 3151 5800; x_wconf 90' lang='lat' dir='ltr'>iu</span> <span class='ocrx_word' id='word_1_932' title='bbox 3181 5741 3338 5801; x_wconf 81' lang='lat' dir='ltr'>ﬁne:</span> <span class='ocrx_word' id='word_1_933' title='bbox 3367 5729 3480 5800; x_wconf 68' lang='lat' dir='ltr'>Non</span> <span class='ocrx_word' id='word_1_934' title='bbox 3502 5729 3747 5808; x_wconf 63' lang='grc' dir='ltr'>ηιὶναθέανν</span> 
     </span>
    </p>
   </div>
  </div>
