4022 6192
245 212 362 276 I381

857 207 1602 272 COMMENTARIORUM
1652 173 1728 267 IN
1776 203 2233 268 SOPHONIAM
2279 201 2538 264 LIBER.
2580 203 2751 264 CAP.
2797 201 2904 264 ΙΙΙ.

3446 199 3594 265 182

243 344 451 401 nisJuda
473 343 796 416 opibusque
816 341 1194 415 complendos
1211 347 1268 397 et
1286 341 1606 413 pascendos
1627 339 1824 396 herbis
1852 343 1909 406 Α
1939 340 2158 394 vanitas
2179 337 2345 408 (Eccl.
2375 353 2412 401 ι,
2445 336 2523 406 2).
2555 339 2624 390 Et
2650 351 2662 390 :
2702 335 2970 392 Universae
3001 336 3215 390 vanitas
3239 338 3416 391 omnis
3436 337 3596 392 homo

241 433 490 500 viridibus,
511 437 568 488 et
589 431 792 488 deletis
817 432 1044 488 cunctis
1066 431 1360 504 gentibus,
1383 430 1612 502 sibique
1636 428 1829 498 subje-

243 522 558 591 ctis,nullum
581 538 752 594 posse
775 522 1028 577 residere
1043 521 1142 592 qui
1163 536 1263 575 eos
1285 524 1587 574 exterreat.
1607 519 1721 574 Nos
1737 533 1834 571 au-

241 619 336 669 tem
360 611 685 683 accipientes
716 626 783 664 ex
805 610 920 686 hac
953 607 1150 664 fabula
1180 607 1543 663 occasionem
1578 622 1724 660 verae
1751 605 1837 659 hi-

240 701 412 767 storiis,
440 699 689 754 dicimus
722 696 830 770 [AL
865 697 1181 767 dicemus],
1216 711 1448 751 omnem
1472 693 1834 766 nigredinem

241 789 428 857 animis,
455 792 506 842 et
533 790 751 841 tetrum
783 784 1058 849 colorem,
1109 801 1175 839 ac
1226 784 1495 840 draconis
1523 797 1835 845 venenum,

241 894 337 950 quo
376 875 517 932 tincti
568 875 870 930 fueramus
899 874 1055 929 vitiis
1087 879 1262 944 atque
1293 872 1568 944 peccatis,
1616 869 1838 925 redditu

242 966 383 1023 nobis
407 965 545 1020 labio
569 963 768 1027 electo,
792 962 910 1018 sive
932 962 1173 1029 mundo,
1198 966 1254 1018 et
1275 960 1524 1016 candido
1550 961 1640 1030 (ut
1659 959 1840 1012 inter-

241 1059 459 1129 pretatus
479 1057 568 1108 est
587 1051 993 1124 Symmachus)
1016 1051 1419 1121 derelinquere
1440 1065 1546 1104 nos
1562 1049 1620 1102 in
1645 1047 1839 1102 ﬂumi-

243 1144 388 1199 nibus
401 1140 688 1213 Ethiopia:
711 1155 1116 1212 perversorum
1141 1139 1482 1210 dogmatum
1506 1136 1840 1208 magistros,

243 1233 422 1305 quibus
434 1235 561 1286 ante
579 1229 989 1301 irrigabamur,
1004 1231 1061 1283 et
1077 1244 1210 1283 cum
1225 1227 1490 1297 disperso
1506 1225 1610 1298 [AL
1625 1224 1844 1295 disper-

1939 429 2132 482 nivens
2164 425 2333 491 (Psal.
2367 424 2480 495 38).
2515 422 2630 478 Nec
2663 438 2760 478 ore
2784 426 2984 477 nostro
3011 423 3384 479 mendacium
3409 425 3599 496 profe-

1943 530 2172 570 ramus:
2199 513 2298 567 sed
2322 517 2559 584 accepta
2581 516 2864 584 potestate
2883 510 3142 566 calcandi
3166 529 3343 584 super
3358 529 3592 584 serpen-

1944 609 2032 658 tes
2059 607 2117 656 et
2147 592 2504 672 scorpiones,
2527 606 2582 654 et
2604 617 2781 670 super
2805 600 3600 673 omnem'virtutemZinimici

1946 692 2096 762 (Luc.
2112 690 2191 760 x),
2208 689 2429 744 nullam
2448 689 2762 744 timeamus
2776 688 3282 757 formidinem,nec
3299 688 3572 762 luporum
3587 731 3601 756 ,

1947 779 2178 834 Christo
2209 779 2472 842 custode,
2505 793 2816 831 vereamur
2847 776 3095 832 insidias
3130 795 3143 833 :
3177 778 3277 833 sed
3309 778 3602 844 dicamus,

1946 867 2207 922 Dominus
2236 866 2584 920 ittuminatio
2613 880 2754 932 mea,
2785 870 2836 919 et
2861 866 3103 920 salvator
3131 882 3319 926 meus;
3351 884 3506 938 quem
3530 868 3602 922 ti-

1948 955 2098 1010 mebo
2147 955 2320 1025 (Psal.
2353 970 2506 1019 xxv1,
2542 952 2648 1023 l)?
2677 958 2735 1007 et
2765 957 2996 1019 caetera,
3039 970 3168 1025 quae
3197 953 3276 1026 [in
3325 954 3603 1010 vicesimo

1952 1049 2111 1099 sexto
2143 1043 2368 1115 psalmo
2399 1040 2793 1096 continentur.

2023 1131 2205 1201 (Vers.
2247 1131 2312 1184 14
2343 1130 2532 1201 seqq.)
2563 1130 2757 1185 Lauda
2788 1130 2909 1200 filia
2933 1129 3086 1199 Sion,
3111 1131 3294 1203 jubila
3317 1130 3493 1204 [Vulg
3507 1133 3603 1203 ju-

1954 1220 2168 1291 bilate],
2201 1220 2404 1290 Israel,
2439 1220 2626 1274 laetare
2655 1223 2705 1274 et
2743 1221 2961 1274 exsulta
2992 1222 3052 1274 in
3079 1222 3232 1275 omni
3261 1220 3438 1288 corde,
3489 1222 3609 1292 ﬁlia

242 1322 330 1392 sis]
349 1319 621 1391 quondam
640 1315 815 1372 Israel
831 1316 1062 1372 Christo
1080 1331 1326 1371 munera
1344 1313 1734 1370 delaturos.ln
1753 1311 1846 1366 die
1952 1311 2271 1365 Jerusalem.
2322 1309 2558 1363 Abstulit
2609 1310 2870 1364 Dominus
2901 1309 3178 1381 judicium
3208 1318 3384 1379 tuum,
3415 1311 3614 1366 avertit

239 1409 456 1480 illa,qua
473 1407 642 1463 nobis
659 1405 871 1461 Christi
894 1404 1094 1460 lumen
1120 1403 1292 1459 fuerit
1313 1407 1598 1468 exortum,
1623 1402 1849 1456 dicetur
1956 1400 2213 1454 inimicos
2243 1402 2360 1453 tuos
2386 1415 2398 1452 :
2433 1413 2534 1454 rex
2561 1398 2734 1454 Israel
2765 1399 3028 1454 Dominus
3060 1402 3116 1454 in
3149 1401 3328 1457 medio
3357 1405 3463 1474 tui,
3497 1420 3607 1460 non

240 1499 303 1554 ad
330 1495 568 1568 singulos
601 1500 872 1551 nostrum
900 1511 913 1548 :
944 1510 1057 1549 non
1081 1492 1456 1548 confunderis
1477 1508 1544 1547 ex
1573 1489 1849 1546 omnibus

238 1587 341 1642 tuis
360 1583 872 1648 adinventionibus,
899 1581 1352 1655 cogitationibus
1372 1580 1640 1636 videlicet
1664 1578 1846 1651 pessi-

1958 1490 2176 1543 timebis
2204 1488 2415 1542 malum
2444 1488 2612 1542 ultra.
2651 1492 2714 1542 In
2745 1488 2833 1544 die
2864 1489 2987 1554 illa,
3016 1489 3248 1559 dicetur,
3279 1492 3606 1562 Jerusalem,

1958 1577 2075 1632 noli
2104 1578 2294 1631 timere
2310 1594 2328 1630 :
2349 1576 2503 1643 Sion,
2527 1592 2638 1632 non
2658 1577 3026 1633 dissolvantur
3048 1595 3242 1634 manus
3262 1588 3406 1637 tuae:
3425 1582 3610 1638 Domi-

241 1675 358 1739 mis,
385 1674 585 1746 quibus
613 1671 793 1743 impie
824 1671 1146 1743 agebamus
1195 1674 1396 1725 contra
1430 1669 1762 1731 Dominum,
1795 1670 1852 1722 et
1881 1707 1925 1746 η
1957 1681 2064 1719 nus
2093 1667 2230 1720 Deus
2259 1675 2382 1720 tuus
2410 1668 2469 1719 in
2491 1666 2666 1721 medio
2696 1668 2785 1720 tui
2810 1668 2966 1736 fortis
2989 1670 3102 1738 ipse
3119 1669 3370 1737 salvabit,
3399 1671 3602 1740 gaude-

236 1764 443 1820 tolletur
472 1762 740 1816 universa
770 1760 1049 1832 superbia
1080 1765 1136 1814 et
1165 1757 1520 1814 contumelia
1549 1773 1651 1828 per
1672 1770 1848 1827 quam

237 1853 579 1925 erigebamur
608 1855 810 1905 contra
856 1848 1171 1904 Dominum
1215 1853 1273 1903 et
1324 1852 1526 1903 contra
1573 1850 1854 1913 montem,

1965 1753 2040 1808 bit
2069 1769 2229 1824 super
2258 1763 2309 1808 te
2338 1755 2401 1808 in
2431 1755 2656 1820 latitia,
2687 1755 2869 1810 silebit
2899 1757 3274 1826 in1dilectione
3294 1769 3390 1815 tua
3413 1761 3610 1836 [νοις.

1963 1845 2085 1912 sua}
2113 1859 2124 1895 :
2158 1843 2453 1897 exsultabit
2482 1859 2643 1914 super
2674 1852 2722 1898 te
2751 1846 2810 1898 in
2841 1845 3021 1900 laude.
3055 1851 3244 1918 Nugas
3273 1866 3392 1921 quae
3417 1851 3610 1926 [Vulg.

238 1947 476 1998 sanctum
504 1941 634 2010 ejus
665 1939 977 1994 Dominum
1010 1943 1278 1992 nostrum
1309 1942 1365 1991 et
1394 1936 1771 2001 Salvatorem,
1803 1937 1858 1988 et
1964 1933 2081 2004 quil
2113 1948 2146 1984 a
2178 1931 2290 2001 lege
2321 1942 2673 2002 recesserunt,
2704 1937 3062 2005 congregabo,
3097 1939 3228 2008 quia
3254 1955 3323 1994 ex
3344 1945 3397 1994 te
3417 1945 3608 1998 erant:

240 2048 330 2104 pro
350 2028 601 2102 superbis
621 2027 904 2099 vanisque
927 2027 1263 2082 nominibus
1287 2023 1726 2096 relinqueturin
1753 2038 1855 2076 no-

237 2120 318 2176 bis
334 2117 564 2191 populus
584 2122 928 2172 mansuetus
946 2121 1004 2170 et
1025 2114 1288 2180 humilis,
1304 2120 1369 2169 ut
1387 2113 1530 2168 nihil
1549 2127 1853 2183 arrogans,

239 2208 369 2264 nihil
388 2212 632 2272 tumens,
659 2204 802 2260 nihil
833 2205 987 2277 quod
1014 2204 1130 2259 Deo
1155 2202 1478 2275 displiceat,
1510 2201 1856 2273 cogitemus.

236 2296 516 2368 Simulque
557 2294 861 2350 considera
892 2294 1045 2365 quod
1079 2293 1136 2347 in
1168 2292 1260 2346 die
1283 2291 1512 2364 judicii,
1545 2295 1599 2344 et
1634 2291 1691 2344 in
1721 2305 1856 2344 con-

234 2384 603 2442 summatione
619 2384 824 2438 mundi
839 2381 1121 2437 tollantur
1133 2381 1405 2436 universa
1423 2380 1662 2434 nomina
1676 2378 1862 2450 digni-

235 2480 427 2539 tatum,
457 2478 510 2528 et
539 2489 694 2527 unus
727 2470 978 2544 populus
1010 2474 1329 2537 remaneat,
1362 2476 1419 2524 et
1447 2485 1584 2540 grex
1616 2468 1726 2523 sub
1757 2483 1860 2538 pa-

233 2570 376 2620 store
393 2564 557 2628 bono,
574 2561 670 2632 qui
690 2561 767 2617 sit
789 2564 1135 2616 mansuetus
1157 2563 1214 2614 et
1233 2556 1669 2612 humilis.Tunc
1686 2557 1862 2612 etiam

235 2653 470 2727 populus
500 2651 702 2717 Israel,
753 2647 1117 2721 plenitudine
1174 2647 1438 2719 gentium
1493 2647 1866 2702 subintrante

230 2744 397 2814 (Quia
434 2741 696 2796 conclusit
745 2740 886 2794 Deus
924 2754 1107 2793 omnes
1133 2737 1231 2792 sub
1257 2740 1492 2808 peccato,
1527 2738 1584 2789 ut
1615 2735 1868 2790 omnibus

230 2834 542 2887 misereatur
570 2831 744 2900 (Rom.
778 2845 868 2898 x1,
902 2829 991 2899 3‘2)
1023 2827 1316 2882 timebunt
1355 2841 1565 2880 nomen
1613 2824 1865 2880 Domini.

217 2921 298 2986 ,Εἰ
317 2918 566 2990 reliquiae
597 2916 768 2973 Israel
794 2933 911 2972 non
937 2915 1151 2971 facient
1172 2913 1327 2969 ultra
1349 2913 1738 2984 iniquitatem,
1770 2929 1872 2984 per

233 3025 406 3080 quam
440 3007 747 3062 Dominum
782 3012 1162 3076 negaverunt,
1198 3018 1302 3057 nec
1335 3001 1648 3072 loquentur
1675 3017 1863 3056 vana:

1969 2030 2026 2077 ut
2050 2037 2158 2075 non
2179 2021 2327 2075 ultra
2346 2021 2544 2076 habeas
2566 2038 2732 2093 super
2752 2025 2830 2078 eis
2855 2026 3225 2096 opprobrium.
3254 2028 3393 2082 LXX
3420 2046 3433 2084 :
3471 2029 3612 2085 Gau-

1967 2110 2052 2176 de,
2082 2111 2202 2180 ﬁlia
2241 2109 2405 2176 Sion;
2440 2111 2704 2182 praedico,
2758 2113 2876 2182 ﬁlia
2927 2117 3249 2185 Jerusalem,
3301 2119 3517 2175 exsulta
3565 2128 3618 2177 et

1968 2199 2234 2254 delectare
2263 2201 2332 2254 de
2360 2205 2466 2254 toto
2493 2202 2661 2256 corde
2697 2205 2808 2268 tuo,
2849 2204 2971 2272 ﬁlia
3007 2206 3329 2262 Jerusalem.
3384 2208 3620 2266 Abstulit

1971 2289 2235 2342 Dominus
2266 2291 2583 2359 iniquitates
2603 2298 2745 2357 tuas,
2767 2291 2998 2347 redemit
3016 2299 3067 2349 te
3091 2295 3158 2350 de
3175 2313 3344 2352 manu
3365 2301 3616 2356 inimico-

1970 2394 2097 2433 rum
2143 2382 2381 2448 tuorum,
2433 2394 2531 2433 rex
2558 2381 2732 2435 Israel
2762 2381 3026 2438 Dominus
3058 2386 3119 2438 in
3147 2388 3330 2443 medio
3359 2391 3442 2443 tui
3465 2408 3476 2444 :
3508 2407 3622 2447 non

1971 2468 2181 2522 videbis
2207 2466 2367 2522 mala
2396 2468 2563 2523 ultra.
2599 2470 2661 2523 In
2693 2473 2931 2541 tempore
2958 2473 3076 2543 illo,
3107 2474 3240 2531 dicit
3261 2476 3523 2534 Dominus
3537 2482 3620 2536 Je-

1973 2557 2238 2626 rusalem,
2270 2557 2494 2626 conﬁde,
2527 2557 2680 2625 Sion,
2709 2576 2821 2616 non
2849 2560 3219 2618 dissolvantur
3247 2583 3445 2624 manus
3473 2578 3578 2624 tum
3602 2587 3616 2625 :

1975 2647 2234 2700 Dominus
2260 2646 2399 2701 Deus
2419 2655 2544 2701 tuus
2567 2649 2626 2701 in
2645 2650 2698 2702 te
2720 2651 2879 2719 fortis
2899 2652 3134 2708 satvabit
3156 2658 3207 2709 te
3233 2672 3246 2710 :
3281 2656 3508 2714 adducet
3527 2675 3622 2715 su-

1975 2751 2071 2806 per
2096 2743 2143 2790 te
2162 2735 2443 2800 laetitiam,
2467 2745 2517 2790 et
2540 2739 2824 2793 znnovabit
2838 2743 2890 2794 te
2903 2741 2963 2794 in
2977 2744 3245 2799 clraritate
3258 2761 3378 2812 sua,
3392 2751 3446 2802 et
3466 2749 3623 2805 (xta-

1979 2825 2126 2879 bitur
2149 2825 2207 2878 in
2241 2829 2292 2877 te
2325 2823 2472 2879 728
2497 2827 2552 2879 in
2579 2825 2954 2898 delectatione,
2983 2833 3144 2901 quasi
3165 2835 3224 2888 in
3250 2834 3339 2891 die
3358 2837 3593 2894 solemni
3607 2857 3621 2895 :

1977 2913 2310 2982 congregabo
2353 2915 2657 2983 confractos
2687 2919 2822 2972 tuos.
2859 2920 2937 2989 (a)
2994 2921 3080 2976 Vae
3108 2924 3204 2991 qui
3231 2926 3436 2996 accepit
3464 2943 3629 2999 super

1979 3017 2103 3056 eam
2127 3001 2496 3073 opprobrium.
2525 3003 2648 3061 Non
2678 3005 2942 3062 videatur
2962 3010 3200 3079 mirum,
3225 3018 3289 3068 ut
3309 3031 3458 3086 saepe
3479 3016 3626 3071 dixi-

229 3077 451 3167 ineptas
472 3095 583 3150 sibi
609 3093 838 3150 fabulas
860 3091 1266 3165 promittentes
1293 3107 1305 3146 :
1341 3107 1446 3146 nec
1467 3090 1791 3157 invenietur
1811 3090 1869 3145 in
1901 3077 1944 3144 C
1984 3107 2137 3160 mus,
2169 3090 2337 3145 aliter
2365 3093 2648 3148 Hebraica
2677 3095 2951 3166 capitula,
2985 3104 3042 3154 et
3067 3077 3238 3156 alitér
3269 3077 3410 3157 LXX
3432 3103 3631 3162 Graeca

229 3202 326 3242 ore
371 3201 570 3240 eorum
618 3183 820 3255 lingua
863 3180 1171 3249 mendacii,
1224 3180 1454 3236 Christo
1486 3196 1589 3250 per
1617 3196 1736 3246 eos,
1772 3180 1871 3250 qui

229 3274 443 3328 veritas
475 3278 583 3340 est,
617 3272 906 3344 loquente.
939 3272 1104 3326 Tunc
1134 3270 1292 3324 enim
1323 3273 1656 3341 pascentur,
1683 3272 1740 3324 et
1761 3267 1872 3340 ipsi

229 3364 288 3418 in
322 3379 436 3418 uno
463 3377 656 3434 grege,
684 3366 742 3415 et
762 3359 1130 3415 accubabunt
1153 3359 1210 3411 in
1238 3356 1515 3423 Ecclesia,
1538 3362 1595 3412 et
1617 3356 1735 3411 veri
1760 3357 1870 3412 Na-

228 3450 680 3506 buchodonosor
705 3449 958 3520 impetus
989 3464 1104 3502 non
1131 3445 1440 3501 timebunt.
1469 3447 1593 3500 Haec
1615 3445 1876 3500 videntes

224 3547 283 3596 et
302 3539 562 3611 legentes
585 3543 744 3592 tanta
767 3535 1323 3610 mysteria,clamem
1334 3550 1402 3588 us
1426 3549 1558 3588 cum
1577 3533 1874 3604 Apostolo,

223 3635 400 3700 atque
423 3628 722 3684 dicamus:
748 3626 787 3681 0
809 3624 1150 3700 profundum
1169 3623 1489 3677 divitiarum
1517 3624 1801 3693 sapientia
1823 3627 1875 3678 et

219 3717 480 3771 scientiae
499 3717 795 3788 Dei,quam
811 3714 846 3766 7
861 3714 952 3768 27
979 3711 1367 3766 inscrutabilia
1389 3718 1516 3764 sunt
1522 3710 1739 3780 judicia
1760 3720 1873 3780 tua,

218 3809 274 3860 et
308 3804 716 3872 investigabiles
744 3805 845 3857 via:
876 3810 980 3856 tuae
1010 3803 1182 3872 (Rom.
1207 3817 1284 3866 x1,
1315 3800 1425 3870 33).
1457 3801 1616 3864 Quod
1641 3799 1876 3870 quidem

219 3902 282 3949 et
303 3893 594 3965 prOpheta
615 3892 896 3958 sentiens,
921 3897 976 3946 et
997 3906 1196 3946 secum
1224 3888 1479 3956 volvens,
1503 3889 1575 3944 de
1602 3889 1700 3944 Dei
1717 3889 1878 3959 judi-

218 3985 334 4039 ciis
367 3983 726 4055 suspicatur.
761 3982 819 4035 In
853 3990 1004 4036 nocte
1031 3997 1158 4035 cum
1177 3979 1333 4034 corde
1352 3994 1468 4034 meo
1489 3979 1806 4049 exercebar,
1829 3985 1880 4035 et

211 4072 512 4143 scopebam
559 4073 816 4143 spiritum
845 4087 1045 4139 meum,
1093 4074 1149 4124 et
1179 4068 1443 4123 dicebam
1470 4085 1482 4123 :
1517 4068 1793 4140 Numquid
1823 4071 1881 4124 in

206 4163 633 4232 sempiternum
662 4161 881 4230 objiciet
915 4161 1072 4224 Deus,
1105 4166 1201 4212 aut
1230 4173 1339 4213 non
1367 4157 1525 4212 addet
1547 4161 1603 4212 ut
1625 4159 1884 4214 miserea-

202 4259 305 4308 tur
333 4251 493 4304 ultra
511 4267 528 4303 :
550 4252 647 4304 aut
664 4249 960 4305 continebit
988 4250 1048 4302 in
1074 4250 1168 4302 ira
1185 4264 1285 4302 sua
1300 4247 1704 4303 misericordias
1723 4264 1850 4303 suas
1862 4251 1887 4302 .9

196 4345 258 4396 et
318 4340 452 4394 dixi
487 4357 504 4392 :
554 4339 709 4394 Nunc
757 4339 896 4409 ccepi
923 4354 941 4390 :
992 4337 1105 4391 haec
1153 4340 1230 4392 est
1286 4338 1600 4391 immutatio
1647 4337 1887 4396 dextera?

1982 3179 2248 3235 videlicet
2279 3180 2596 3254 Latinaque
2625 3184 2801 3240 ﬁniri.
2835 3186 2917 3241 lbi
2941 3188 3099 3243 enim
3123 3189 3178 3244 in
3201 3207 3377 3248 sensu
3400 3193 3631 3252 diversa

1983 3269 2287 3324 translatio
2318 3275 2424 3341 est,
2461 3270 2539 3325 ibi
2573 3289 2807 3329 necesse
2837 3281 2927 3330 est
2958 3277 3188 3334 diversa
3206 3296 3334 3336 esse
3353 3281 3441 3338 vel
3463 3285 3631 3354 prin-

1985 3358 2137 3430 cipia
2154 3357 2239 3412 vel
2265 3358 2428 3415 lines.
2453 3360 2634 3416 Judaei
2657 3377 2790 3417 cum
2809 3363 3057 3433 Christo,
3074 3382 3249 3437 quem
3273 3376 3482 3440 putant
3502 3389 3632 3429 esse

1984 3451 2318 3516 venturum,
2369 3447 2487 3502 haec
2527 3448 2639 3502 sibi
2671 3451 2868 3506 omnia
2896 3456 3330 3524 repromittunt,
3364 3475 3492 3530 quas
3524 3477 3631 3517 nos

1988 3535 2086 3606 qui
2103 3534 2401 3590 Christum
2424 3537 2950 3610 suscepimus,jam
2973 3557 3107 3597 cum
3130 3543 3256 3616 ipso
3274 3562 3482 3602 sumus
3504 3565 3628 3604 om-

1989 3623 2483 3679 niaconsecuti.Si
2508 3625 2789 3697 quisergo
2803 3628 3628 3699 Christianorum,etmaxime

1989 3728 2270 3768 novorum
2316 3713 2716 3784 prudentium,
2769 3732 3020 3787 quorum
3071 3721 3311 3778 nomina
3339 3729 3524 3791 taceo,
3558 3744 3631 3783 ne

1989 3819 2343 3875 quemquem
2361 3802 2565 3858 laedere
2583 3804 3102 3872 videar,existimat
3118 3812 3365 3868 necdum
3389 3815 3633 3887 prophe-

1986 3892 2128 3947 tiam
2161 3907 2289 3946 esse
2318 3892 2688 3964 completam,
2723 3896 2870 3952 sciat
2900 3898 3047 3954 falso
3075 3900 3284 3957 Christi
3314 3910 3543 3975 portare
3568 3924 3631 3964 se

1991 3998 2224 4050 nomen,
2257 3987 2313 4036 et
2341 3981 2611 4038 Judicam
2645 3984 2924 4056 animam,
2968 3988 3472 4050 circumcisionem
3506 4002 3631 4054 tan-

1991 4074 2116 4125 tum
2140 4070 2398 4141 corporis
2421 4088 2534 4126 non
2558 4071 2789 4129 habere.
2807 4075 2864 4130 Si
2889 4076 3046 4132 enim
3069 4078 3190 4135 haec
3214 4083 3462 4139 necdum
3486 4085 3636 4145 facta

1993 4162 2150 4224 sunt,
2184 4159 2286 4214 sed
2320 4159 2537 4228 futura,
2561 4161 2776 4219 frustra
2803 4166 3179 4224 credidimus.
3203 4171 3514 4232 Salvatoris
3537 4177 3636 4233 ad-

1993 4252 2263 4303 ventum:
2282 4248 2498 4303 frustra
2515 4255 2710 4306 autem
2727 4269 2840 4308 non
2854 4256 3158 4314 credentes
3177 4258 3561 4334 intelligimus
3579 4266 3638 4322 in

1997 4337 2166 4393 nobis
2191 4353 2315 4393 esse
2333 4338 2686 4410 completum
2712 4345 3078 4417 mysterium,
3101 4349 3256 4419 quod
3279 4353 3640 4423 temporibus

198 4430 434 4486 excelsi
485 4429 657 4498 (Psal.
710 4444 894 4493 LXXVI,
933 4428 988 4493 7,
1028 4427 1196 4497 seqq.)
1245 4427 1314 4480 Et
1343 4431 1432 4480 est
1460 4441 1672 4514 sensus
1705 4445 1717 4482 :
1771 4428 1887 4483 Hoc
1923 4445 1966 4509 D
1997 4426 2230 4482 internis
2262 4427 2500 4483 tacitum
2533 4433 2641 4496 est,
2676 4435 2732 4485 et
2762 4448 2917 4488 nunc
2949 4436 3386 4494 manifestatum
3419 4447 3508 4496 est
3537 4459 3641 4514 per

199 4518 381 4589 quod
404 4517 689 4589 putabam
706 4516 1023 4571 Dominum
1044 4517 1101 4570 in
1118 4519 1401 4570 aeternum
1425 4513 1752 4586 relinquere
1765 4531 1891 4588 pec-

198 4611 478 4674 catores,
515 4609 571 4660 et
603 4604 1040 4660 misericordias
1072 4619 1212 4658 suas
1239 4602 1328 4656 ira
1357 4603 1702 4659 succedente
1731 4604 1887 4660 cohi-

199 4695 388 4760 bere,
429 4693 693 4749 intellexi
727 4693 942 4748 ideirco
975 4694 1213 4762 tactum,
1243 4695 1310 4746 ut
1333 4691 1740 4747 immutatione
1759 4693 1890 4747 dex-

197 4789 361 4840 teras
388 4799 685 4854 suasuque:
712 4781 924 4838 excelsi
946 4785 1036 4836 est
1055 4779 1593 4847 dextera,universa
1617 4787 1887 4846 mutaret,

197 4877 267 4927 et
296 4871 702 4926 misereretur
722 4870 816 4926 his
833 4886 978 4941 quos
997 4875 1129 4924 ante
1147 4871 1486 4941 projecerat.
1505 4870 1572 4925 Et
1589 4887 1694 4926 nos
1711 4870 1892 4943 igitur

195 4964 266 5014 et
304 4957 587 5028 reliquiae
621 4957 818 5024 Israel,
869 4957 1117 5012 scientes
1165 4957 1319 5028 quod
1368 4956 1648 5012 reddituri
1681 4975 1891 5014 sumus

191 5047 530 5102 rationem
563 5063 666 5118 pro
697 5047 858 5102 omni
891 5046 1077 5100 otioso
1101 5047 1274 5101 verbo
1297 5046 1464 5116 (Matt.
1492 5048 1618 5118 xu),
1648 5051 1705 5103 et
1733 5048 1888 5118 quod

186 5134 540 5206 disperdet
560 5135 839 5190 Dominus
864 5135 1136 5190 universa
1156 5134 1311 5190 labia
1332 5136 1653 5208 mendacia,
1671 5154 1784 5191 non
1806 5136 1890 5191 lo-

182 5242 227 5296 q
240 5241 281 5279 u
291 5240 455 5279 amu
465 5241 497 5278 r
511 5224 847 5280 vanitatem.
860 5225 1078 5280 Vanitas
1096 5225 1292 5296 quippe
1312 5227 1695 5297 vanitatum,et
1705 5243 1826 5282 omn
1837 5229 1891 5282 ia

174 5383 499 5467 residere,
534 5401 638 5456 pro
668 5401 785 5467 quo
815 5387 1238 5467 erat-resistere.

267 5457 370 5529 (a)
411 5455 667 5532 Comma
688 5455 876 5525 istud,
914 5458 1002 5516 Vae
1031 5458 1124 5532 qui
1151 5458 1375 5531 accepit,
1409 5462 1541 5529 etc.,
1575 5459 1634 5514 in
1657 5457 1890 5530 Regin.,

163 5543 326 5588 ms.
353 5543 510 5589 non
543 5528 812 5588 habetur.

1996 4514 2324 4586 Scripturas
2358 4517 2727 4588 propheticas
2759 4524 2814 4574 et
2844 4521 3160 4579 adventum
3197 4527 3422 4582 Domini
3457 4531 3641 4587 nostri

1995 4604 2136 4658 Jesu
2162 4604 2373 4660 Christi
2397 4607 2627 4677 (Coloss.
2664 4607 2723 4679 ι),
2741 4606 3003 4682 Denique
3025 4614 3463 4674 consideremus
3485 4620 3638 4676 ordi-

2000 4708 2132 4746 nem
2184 4692 2468 4763 lectionis,
2520 4700 2576 4749 et
2605 4696 2955 4767 videbimus,
2990 4703 3143 4772 quod
3177 4703 3391 4761 dicitur
3421 4725 3536 4764 non
3567 4709 3642 4766 ad

1996 4780 2249 4848 Judaeos,
2283 4783 2382 4836 sed
2415 4782 2629 4838 Christi
2663 4785 2979 4843 Ecclesium
3012 4791 3320 4860 pertinere.
3369 4800 3503 4852 Post
3534 4797 3642 4854 hoc

1998 4869 2152 4924 enim
2178 4871 2331 4940 quod
2357 4880 2728 4942 praecesserat
2750 4876 3048 4946 (Judicium
3064 4897 3242 4937 meum
3264 4886 3324 4939 in
3343 4901 3642 4958 congrega-

1999 4960 2173 5014 tioncs
2222 4962 2491 5028 gentium,
2542 4966 2601 5016 ut
2646 4966 2942 5036 suscipiam
2985 4984 3154 5040 reges,
3190 4989 3374 5044 usque
3405 4975 3476 5030 ad
3508 4993 3643 5033 eum

1999 5047 2218 5114 locum,
2247 5049 2343 5103 ubi
2377 5050 2458 5104 ait
2482 5067 2494 5103 :
2532 5052 2594 5106 Ut
2625 5053 2872 5108 invocent
2901 5071 3083 5112 omnes
3107 5077 3303 5116 nomen
3328 5063 3567 5136 Domini,
3593 5070 3647 5121 et

1997 5139 2238 5194 serviant
2267 5140 2320 5193 ei
2348 5139 2446 5193 sub
2469 5141 2601 5211 jugo
2631 5158 2739 5198 uno
2764 5158 2776 5198 :
2812 5143 2898 5210 Et,
2923 5145 3071 5202 ultra
3093 5149 3327 5217 flumina
3349 5153 3648 5225 (Ethiopia:

1998 5230 2298 5300 suscipiam
2319 5228 2394 5300 (b)
2427 5231 2483 5283 in
2514 5229 2778 5302 dispersis
2807 5236 2944 5290 meis
2964 5238 3062 5307 qui
3085 5239 3314 5309 aﬂerent
3331 5243 3472 5297 mihi
3491 5244 3648 5299 victi-

2071 5387 2146 5472 (b)
2179 5387 2335 5472 Idem
2353 5392 2996 5472 (rusq'suscipiamninde
3025 5397 3291 5472 dispersos
3335 5417 3502 5472 meos,
3551 5403 3646 5465 cui

2001 5456 2231 5516 lectioni
2263 5465 2320 5516 et
2349 5460 2529 5518 Graeci
2560 5456 2799 5537 quidam
2830 5465 2965 5525 libri
2995 5456 3416 5544 suli’ragantur.
