4022 6192
511 221 676 282 1383

1775 224 1839 281 8.
1889 219 2201 282 EUSEBII
2248 218 2696 282 HIERONYMI

3675 231 3773 294 ἔθα

512 370 631 409 mas
662 369 680 407 :
729 356 785 408 et
833 355 965 423 post
995 351 1273 423 reliquias
1303 351 1505 424 populi
1540 352 1736 424 Israel,
1772 353 2073 408 credentes
2104 353 2163 408 in
2195 357 2249 422 Α
2282 353 2537 408 matione
2569 352 2772 408 mundi
2795 353 3092 424 judicium
3117 355 3257 425 ejus,
3282 371 3599 429 nequaquam
3614 364 3773 434 eamju-

515 441 742 496 Christo
760 443 935 510 atque
949 440 1223 507 salvatas,
1241 440 1310 496 de
1333 441 1552 511 quibus
1563 441 1802 496 dicitur:
1822 443 1886 496 Et
1899 443 2170 497 timebunt

513 545 710 584 nomen
727 529 949 584 Domini
971 529 1068 599 qui
1087 532 1216 583 sunt
1239 529 1442 600 reliqui
1460 530 1530 584 de
1545 531 1731 595 Israel,
1745 534 1796 586 et
1820 547 1930 586 non
1950 532 2055 585 erit
2073 533 2170 601 qui

506 625 781 673 exterreat
796 617 1188 688 eos).Spiritus
1203 623 1444 674 sanctus
1459 619 1529 673 de
1543 619 1798 691 generali
1818 636 1959 673 mun
1972 619 2022 673 :li
2037 635 2167 674 con-

509 707 905 762 summatione
939 707 1260 777 praedicans
1292 705 1592 778 loquitur:
1627 707 1832 771 Gaude,
1866 708 1990 777 ﬁlia
2013 707 2164 772 Sion,

505 795 750 866 praedira
776 795 896 865 ﬁlia
923 796 1264 859 Jerusalem,
1320 794 1513 850 laetare
1543 800 1599 851 et
1630 795 1916 851 delectare
1941 797 2012 850 de
2042 800 2163 851 toto

513 883 1512 953 cordetuo,liliaJerusalem.Omnis
1528 884 1743 956 quippe
1757 883 2165 940 Ecclesiastica

505 973 859 1044 anima,qua3
883 973 939 1026 in
963 973 1200 1044 specula
1217 973 1538 1028 constituta
1554 979 1724 1043 est,et
1738 973 2166 1045 contemplatur

511 1078 736 1133 pacem,
753 1061 981 1116 laetatur
1002 1066 1059 1117 et
1081 1062 1295 1133 gaudet
1315 1061 1653 1133 iniquitates
1675 1079 1708 1117 a
1731 1078 1792 1117 se
1813 1079 1940 1118 esse
1965 1061 2159 1118 subla-

525 1150 1071 1222 as,et(a)redemptas
1083 1149 1154 1205 ab
1176 1166 1242 1205 eo
1283 1149 1650 1222 quipretioso
1665 1152 1949 1223 sanguine
1961 1167 2164 1206 omnes

505 1239 772 1296 redemit.
791 1238 1038 1294 Christus
1057 1241 1204 1294 enim
1219 1245 1397 1310 [actus
1412 1248 1490 1295 est
1512 1241 1783 1310 sapientia
1802 1241 1961 1295 nobis
1979 1257 2013 1294 a
2036 1241 2158 1308 Deo,

2281 443 2484 497 dicans
2515 447 2692 514 atque
2713 442 3055 514 corripiens,
3085 444 3180 498 sed
3204 443 3449 500 salvans:
3478 451 3525 500 et
3542 448 3693 504 avertit
3707 450 3772 506 ini-

2279 532 2466 586 micos
2495 533 2644 602 ejus,
2681 532 3015 586 damonum
3046 533 3263 588 turbas.
3288 537 3396 588 Rex
3423 535 3570 591 Israel
3586 535 3774 594 Dominus

2278 620 2333 674 in
2362 621 2553 675 medio
2576 621 2704 691 ejus
2731 620 2843 675 erit
2871 637 2883 674 :
2920 637 3035 676 non
3058 621 3281 676 timebit
3299 621 3440 677 ultra
3458 622 3650 679 malum.
3667 626 3708 680 1n
3722 629 3776 683 die

2276 708 2376 762 illa
2397 709 2625 763 dicetur
2643 710 2715 764 ad
2736 709 3066 764 Jerusalem
3089 708 3324 765 liberam
3343 710 3412 782 (b)
3432 729 3530 766 non
3553 729 3650 783 qua
3666 715 3773 770 servit

2275 813 2408 851 cum
2432 797 2567 852 ﬁliis
2588 798 2734 867 suis,
2758 798 2860 853 sed
2885 815 3010 869 quae
3040 803 3127 853 est
3148 804 3326 853 mater
3347 802 3772 871 sanctorum(6aiat

2276 886 2354 954 1v)
2383 903 2396 941 :
2427 886 2552 940 Noli
2585 885 2810 954 timere,
2845 887 2984 941 Sion
3018 886 3168 958 (ipsa
3205 887 3348 942 780
3376 887 3564 960 quippe
3587 894 3655 943 est
3672 889 3776 946 etle-

2275 975 2576 1042 rusalem),
2607 991 2980 1047 nequaquam
3015 981 3117 1030 tua
3146 991 3315 1047 opera
3341 975 3776 1033 dissolvantur-1m

2272 1062 2450 1118 facies
2483 1079 2610 1135 quae
2633 1069 2688 1118 te
2713 1063 2916 1119 fecisse
2937 1062 3164 1135 lugebis
3188 1065 3290 1133 (At.
3315 1063 3568 1137 lugebas).
3592 1066 3777 1121 Dominus

2271 1155 2423 1207 Deus
2453 1155 2612 1218 tuus,
2650 1151 2749 1222 qui
2781 1151 3034 1207 salvabit
3054 1156 3128 1220 te,
3156 1153 3315 1208 fortis
3335 1157 3390 1207 et
3408 1157 3602 1224 potens,
3618 1152 3708 1224 ipse
3721 1153 3778 1208 lii-

2271 1239 2478 1294 bitabit
2496 1239 2553 1293 in
2569 1240 2759 1295 medio
2780 1243 2885 1305 tui,
2902 1241 3179 1312 gaudebit
3196 1258 3366 1314 super
3380 1246 3430 1296 te
3446 1241 3497 1295 in
3510 1239 3780 1296 exsultatione

501 1337 554 1384 et
561 1329 825 1399 justitia,
839 1333 890 1383 et
910 1327 1359 1398 sanctiﬁcatio,et
1380 1330 1674 1401 redemptio
1694 1330 1739 1402 (Ι
1759 1329 1886 1384 Cor.
1907 1331 2070 1400 1,30).
2094 1329 2161 1384 Et
2268 1331 2324 1382 et
2353 1327 2571 1394 laetitia,
2603 1332 2662 1383 et
2691 1327 2888 1384 silebit
2917 1333 3154 1400 peccata
3182 1334 3280 1384 tua
3309 1328 3365 1383 in
3397 1328 3637 1384 charitate
3658 1327 3733 1400 (At.
3747 1328 3780 1383 in

506 1416 752 1472 redemit
770 1433 876 1473 nos
896 1416 1204 1485 rexlsrael,
1220 1417 1319 1489 qui
1342 1417 1564 1473 habitat
1582 1418 1638 1473 in
1654 1418 1844 1472 medio
1867 1417 2158 1482 nostri,di-
2267 1417 2448 1491 pace),
2473 1433 2589 1489 qua
2609 1420 2665 1471 te
2683 1415 2885 1472 dilexit
2909 1435 2922 1472 :
2957 1421 3012 1471 et
3034 1417 3346 1473 exsultabit
3366 1433 3524 1488 super
3537 1422 3583 1471 te
3600 1417 3645 1470 in
3662 1415 3781 1484 laude,

501 1521 638 1561 cens
665 1523 676 1560 :
700 1508 808 1576 Ego
829 1515 880 1562 et
900 1513 1070 1562 Pater
1089 1523 1240 1562 meus
1265 1509 1560 1576 veniemus,
1585 1512 1635 1562 et
1655 1509 1994 1562 mansionem
2012 1505 2156 1577 apud
2265 1505 2363 1560 vel
2386 1506 2524 1576 quia
2552 1504 2867 1561 laudabilis
2902 1508 3006 1571 sis,
3037 1509 3125 1561 vel
3158 1507 3295 1578 quia
3320 1523 3445 1561 cum
3473 1505 3574 1561 tuis
3601 1504 3785 1560 laudibus

500 1597 1230 1666 eumfacemius(Joan.x1v,
1245 1597 1336 1667 23)
1355 1613 1367 1662 ;
1390 1600 1446 1650 et
1461 1596 1714 1650 habitabo
1730 1605 1782 1651 et
1799 1596 2155 1652 inambulabo
2265 1610 2460 1649 canas.
2486 1595 2687 1664 Nugas,
2713 1594 2851 1665 sive,
2869 1599 2932 1649 ut
2949 1595 3159 1666 Aquila
3177 1595 3562 1668 interpretatus
3579 1598 3662 1660 est,
3673 1598 3786 1647 trans-

497 1685 558 1738 in
579 1686 657 1738 eis
681 1684 872 1754 (Leuit.
900 1701 1055 1754 xxvi,
1087 1686 1172 1756 12)
1199 1702 1210 1739 :
1251 1686 1398 1740 729
1433 1690 1489 1740 et
1511 1684 1663 1739 ultra
1685 1702 1798 1740 non
1823 1685 2155 1740 videbimus
2187 1727 2229 1757 η
2263 1683 2418 1751 latos,
2455 1685 2552 1755 qui
2581 1700 2614 1736 a
2644 1686 2696 1737 te
2733 1687 3088 1750 recesserunt,
3132 1683 3480 1757 congregabo,
3531 1684 3640 1755 quia
3681 1697 3728 1736 er
3759 1685 3789 1734 lt

500 1771 676 1838 mala,
708 1773 865 1828 solas
904 1773 1148 1829 virtutes
1191 1774 1514 1846 cogitantes
1547 1779 1722 1845 atque
1756 1774 2051 1829 facientes.
2088 1773 2151 1828 In
2188 1771 2231 1788 ”
2261 1780 2443 1834 erant,
2477 1772 2584 1827 hoc
2613 1777 2724 1842 est,
2751 1772 2811 1826 hi
2843 1772 2942 1843 qui
2969 1789 3074 1844 per
3095 1772 3237 1828 vitia
3259 1779 3424 1843 atque
3449 1776 3643 1844 peccata
3661 1771 3711 1824 de
3728 1774 3787 1823 tuo

500 1861 602 1916 illa
631 1861 743 1927 die,
777 1862 922 1917 dicit
955 1863 1254 1932 Dominus,
1287 1862 1620 1917 videntibus
1644 1861 1812 1917 nobis
1844 1879 2067 1934 pacem,
2097 1865 2154 1917 et
2263 1861 2397 1916 sinu
2450 1862 2738 1932 fugerant,
2790 1868 2846 1916 et
2876 1861 3016 1916 facti
3050 1866 3216 1917 erant
3245 1862 3354 1917 sub
3384 1861 3664 1916 daemonum
3686 1861 3788 1931 pote-

499 1949 558 2004 in
589 1949 826 2005 sublimi
862 1951 1090 2022 positis,
1123 1968 1194 2007 ne
1226 1951 1620 2006 dissolvantur
1642 1967 1853 2006 manus
1885 1957 2017 2018 tuae,
2050 1951 2150 2022 qui

501 2043 558 2094 et
587 2055 689 2110 per
717 2039 927 2094 Isaiam
962 2040 1106 2096 dixit
1135 2058 1146 2095 :
1185 2040 1593 2111 Confortamini
1622 2057 1820 2095 manus
1845 2040 2145 2105 dissolutae,

498 2136 549 2184 et
576 2145 738 2200 opera
781 2137 875 2188 tua
903 2131 1124 2185 robusta
1153 2131 1264 2184 sint
1305 2130 1464 2200 (Isai.
1511 2146 1681 2196 xxxv,
1728 2131 1812 2200 3).
1864 2130 2150 2186 Dominus

499 2218 652 2274 enim
680 2217 864 2287 fortis,
881 2218 972 2274 cui
995 2233 1164 2274 nemo
1189 2223 1377 2289 potest
1393 2218 1690 2273 resistere:
1715 2217 1968 2273 salvator
1989 2222 2148 2284 tuus,

500 2306 624 2378 ipse
655 2305 758 2360 tibi
793 2306 996 2361 reddet
1025 2305 1286 2361 laetitiam
1315 2323 1491 2378 quam
1524 2305 1850 2378 perdidisti,
1885 2312 1940 2362 et
1969 2307 2146 2362 veteri

497 2394 732 2450 homine
766 2397 1040 2466 projecto,
1065 2395 1125 2451 in
1153 2412 1300 2452 novo
1322 2394 1624 2450 ambulare
1643 2399 1700 2450 te
1733 2394 1923 2464 faciet,
1949 2400 2007 2451 et
2029 2395 2147 2451 haec

495 2483 666 2540 faciet
685 2485 742 2538 in
765 2483 1072 2540 dilectione
1093 2501 1200 2540 sua
1226 2502 1238 2539 :
1275 2501 1389 2539 non
1413 2489 1511 2539 tuo
1536 2484 1764 2548 merito,
1789 2485 1890 2539 sed
1916 2485 2146 2539 miseri-

494 2573 693 2628 cordia
721 2588 847 2634 sua.
882 2573 950 2627 Et
979 2571 1270 2628 laetabitur
1289 2572 1346 2627 in
1370 2579 1445 2643 te,
1471 2577 1527 2628 et
1547 2572 1951 2641 delectabitur,
1976 2572 2146 2644 quasi

497 2660 952 2733 pinguissimam
981 2660 1372 2717 soleninitatis
1395 2667 1507 2716 tuas
1529 2661 1784 2716 hostiam
1819 2661 2148 2733 suscipiens

496 2748 748 2807 salutem
780 2754 942 2805 tuam
970 2765 982 2804 :
1017 2754 1074 2806 et
1103 2749 1230 2821 ipse
1261 2750 1368 2804 tibi
1400 2749 1551 2805 dicet
1578 2768 1590 2804 :
1624 2752 1987 2822 congregabo
2009 2767 2146 2806 con-

495 2838 664 2894 tritos
714 2845 846 2894 tuos
877 2855 890 2894 :
945 2838 1066 2903 Cor,
1113 2837 1350 2910 quippe,
1383 2840 1679 2894 contritum
1708 2848 1758 2893 et
1788 2841 2147 2894 humiliatum

497 2933 642 2984 Deus
683 2944 792 2983 non
844 2927 1104 2998 despiciet
1155 2928 1326 2998 (Psal.
1361 2945 1410 2995 ι,
1448 2929 1572 2998 19);
1606 2933 1682 2995 et,
1714 2928 1996 2985 Calamam
2023 2945 2145 2983 con-

495 3019 689 3074 tritum
718 3033 824 3072 non
855 3018 1163 3087 confringet
1193 3017 1342 3087 (1δαὶ.
1366 3016 1526 3088 xui).
1561 3016 1685 3071 Haec
1718 3017 1950 3072 interim
1975 3016 2022 3072 si
2047 3034 2143 3072 vo-

2263 1955 2429 2020 state,
2465 1951 2858 2022 redintegrato
2890 1951 3157 2006 omnium
3190 1957 3364 2019 statu,
3393 1950 3597 2005 venient
3617 1949 3668 2002 ad
3689 1951 3790 2012 te,et

2261 2055 2635 2110 nequaquam
2653 2039 2807 2094 ultra
2819 2057 2998 2112 super
3014 2039 3255 2112 perditis
3270 2039 3400 2096 ﬁliis
3415 2039 3522 2094 tuis
3539 2035 3789 2110 patierisop

2262 2127 2518 2200 probria.
2548 2129 2607 2183 ld
2635 2129 2789 2200 quod
2813 2128 3071 2184 diximus
3092 2146 3266 2200 nugas
3287 2130 3354 2200 (c)
3375 2128 3529 2199 (im),
3550 2126 3739 2181 sciamus
3753 2122 3787 2175 in

2264 2218 2499 2272 Hebraeo
2558 2217 2750 2289 ipsum
2803 2217 3078 2274 Latinum
3126 2235 3258 2274 esse
3297 2232 3614 2285 sermonem,
3652 2217 3693 2268 et
3712 2227 3788 2283 pro

2259 2309 2456 2377 pterea
2485 2324 2519 2362 a
2549 2305 2717 2362 nobis
2747 2306 2830 2363 ita
2862 2312 2928 2362 ut
2957 2307 3014 2362 in
3051 2309 3286 2363 Hebraeo
3315 2310 3453 2377 erat,
3500 2305 3700 2377 positum
3723 2318 3732 2354 :
3752 2307 3788 2352 ut

2259 2410 2432 2449 nosse
2451 2396 2747 2466 possimus
2765 2395 3031 2468 linguam
3047 2397 3384 2453 Hebraicam
3402 2394 3632 2450 omnium
3647 2389 3789 2460 lingua-

2259 2499 2530 2539 rumessc
2551 2485 3036 2557 matricem,quod
3054 2503 3172 2541 non
3188 2492 3276 2541 est
3298 2485 3467 2556 hujus
3485 2477 3791 2554 temporisdis-

2258 2588 2470 2628 serere.
2487 2573 2666 2628 Miror
2687 2578 2883 2629 autem
2895 2573 3172 2646 Aquilam
3195 2579 3253 2630 et
3274 2572 3635 2644 Septuaginta,
3662 2582 3733 2642 pro
3752 2580 3791 2619 eo

2257 2661 2410 2730 quod
2445 2678 2551 2716 nos
2583 2661 2952 2733 interpretati
2984 2679 3196 2718 sumus
3227 2667 3402 2728 erant,
3452 2661 3505 2715 in
3533 2676 3589 2715 eo
3612 2653 3792 2712 videlicet

2256 2747 2380 2804 loco
2414 2749 2510 2804 ubi
2541 2750 2798 2806 diximus
2822 2767 2835 2805 :
2871 2751 3220 2822 Congregabo
3243 2753 3370 2822 quia
3392 2766 3458 2806 ea:
3473 2753 3520 2804 te
3536 2754 3691 2803 erant:
3713 2757 3788 2815 pro,

2253 2847 2434 2906 erant,
2453 2839 2820 2910 interpretari
2845 2840 3099 2896 voluisse
3119 2858 3222 2911 me,
3247 2842 3364 2896 sive
3383 2834 3433 2903 (λίῖ
3455 2855 3467 2892 :
3490 2836 3622 2910 quod
3639 2846 3792 2903 semper

2254 2927 2469 2998 Aquila
2502 2945 2612 2983 non
2649 2946 2750 3000 pro
2783 2929 3132 3002 plangendo,
3171 2931 3273 2986 sed
3310 2945 3407 3002 pro
3438 2925 3654 2982 vocando
3677 2927 3718 2976 et
3737 2920 3792 2972 in-

2252 3016 2560 3071 clamando
2596 3017 2792 3088 ponit:
2823 3019 2971 3074 HAJA
2999 3020 3133 3090 (νη)
3167 3019 3348 3086 enim,
3403 3018 3556 3089 cujus
3582 3011 3700 3070 verbi
3722 3005 3792 3063 ini-

494 3106 779 3162 luerimus
808 3107 880 3161 de
910 3107 1165 3164 secundo
1195 3107 1444 3161 adventu
1496 3105 1753 3176 accipere
1803 3105 2136 3162 Salvatoris.
2170 3093 2215 3159 C
2256 3107 2401 3161 tium
2436 3110 2544 3175 est,
2577 3123 2715 3174 sum,
2759 3109 3115 3178 praeteritum
3149 3112 3385 3179 tempus
3415 3119 3626 3162 numero
3651 3094 3790 3172 plurali

496 3195 670 3249 Porro
703 3196 841 3265 quia
871 3194 1150 3266 propheta
1178 3194 1484 3250 Zacharias
1510 3195 1580 3248 ad
1605 3194 1853 3249 similem
1877 3195 2139 3250 laetitiam

495 3282 830 3339 cohortatur
844 3283 980 3338 Sion
1002 3288 1058 3339 et
1077 3282 1426 3350 Jerusalem,
1445 3289 1501 3338 et
1518 3284 1667 3338 hanc
1689 3284 1876 3354 ipsam
1901 3284 2143 3355 prophe-

494 3371 637 3428 tiam
670 3372 979 3426 Matthaaus
1010 3373 1151 3428 dicit
1179 3371 1239 3428 in
1275 3372 1463 3444 primo
1496 3373 1747 3428 adventu
1775 3372 1988 3428 Christi
2015 3389 2143 3428 esse

494 3459 842 3532 completam
890 3460 1096 3532 (Matth.
1144 3462 1282 3531 xxr),
1339 3461 1683 3516 necessitate
1713 3460 2140 3532 compellimur,

497 3552 679 3608 immo
697 3550 897 3606 ordine
917 3551 1045 3623 ipso
1067 3550 1340 3606 ducimur
1362 3549 1642 3617 veritatis,
1658 3551 1811 3621 quod
1837 3551 1894 3605 in
1914 3550 2140 3622 Sopho-

498 3640 598 3695 nia
625 3640 858 3708 dicitur,
894 3656 1008 3695 non
1041 3641 1302 3696 futurum
1326 3655 1584 3711 sperare,
1607 3641 1705 3694 sed
1735 3639 2142 3694 factum.Scri-

498 3735 665 3803 ptum
694 3734 781 3785 est
810 3729 966 3785 enim
997 3729 1057 3784 in
1079 3729 1356 3786 Zacharia
1380 3747 1391 3783 :
1428 3728 1609 3784 Gaude
1635 3729 1996 3793 vehementer,
2023 3729 2144 3798 ﬁlia

499 3818 668 3881 Sion;
695 3818 960 3891 praedico,
995 3818 1115 3888 ﬁlia
1141 3818 1441 3874 Jerusalem
1467 3836 1485 3872 :
1527 3834 1644 3872 ecce
1691 3833 1791 3873 rem
1834 3821 1965 3872 tuus
1997 3819 2146 3873 venit

497 3909 598 3966 tibi
617 3909 802 3980 justus
830 3917 880 3964 et
903 3908 1167 3962 salvator:
1190 3908 1303 3977 ipse
1332 3907 1560 3962 humilis
1579 3910 1635 3962 et
1654 3907 1944 3962 ascendens
1971 3923 2137 3978 super

481 3998 739 4069 jugalem
768 3996 881 4064 (Al.
909 3996 1282 4068 subjugalem)
1313 4005 1364 4052 et
1394 3996 1612 4063 pullum
1633 4011 1836 4051 novum
1857 3996 2038 4067 (Zach.
2065 4013 2141 4068 Ix,

493 4087 568 4154 9).
594 4089 725 4140 Haec
742 4085 911 4156 juxta
933 4083 1310 4156 Septuaginta
1330 4084 1486 4140 dicta
1506 4083 1644 4138 sint.
1670 4083 1954 4139 Caeterum
1975 4086 2145 4156 juxta

496 4171 866 4241 Heliraicum,
898 4171 1138 4226 laudare
1159 4172 1403 4242 jubetur
1426 4170 1675 4228 Ecclesia
1695 4175 1750 4228 et
1771 4172 2029 4244 jubilare
2055 4173 2142 4228 Is—

495 4258 630 4331 rael,
665 4253 840 4316 senSu
874 4259 1078 4315 videns
1111 4260 1318 4330 Deum,
1351 4264 1410 4316 et
1433 4260 1722 4316 exsultare
1754 4265 1926 4332 atque
1959 4261 2141 4316 laetari

496 4350 556 4406 in
580 4348 737 4406 omni
763 4349 938 4406 corde
957 4348 1122 4404 locus
1146 4349 1326 4420 pacis,
1351 4349 1422 4404 ad
1450 4365 1622 4421 quem
1645 4350 1868 4405 dictum
1891 4354 2012 4406 est:
2035 4352 2144 4406 Pa-

491 4455 606 4496 cem
650 4455 830 4494 meam
882 4438 950 4494 do
1003 4439 1172 4503 vobis,
1228 4454 1416 4510 pacem
1464 4455 1642 4494 meam
1691 4440 1947 4512 relinqua
1994 4440 2144 4496 vobis
2176 4465 2220 4530 D

492 4531 676 4602 (Joan.
708 4545 825 4595 xxv,
855 4529 968 4600 27).
1003 4527 1266 4584 Abstulit
1293 4527 1448 4586 enim
1482 4528 1539 4583 in
1567 4528 1679 4583 [ine
1701 4528 1838 4583 etin
1861 4545 2134 4585 consum-

585 4690 642 4762 a)
676 4694 794 4762 Duo
829 4705 962 4760 ms.,
995 4697 1046 4762 et
1075 4688 1413 4762 redemptam
1444 4704 1500 4743 se
1528 4688 1594 4762 ab
1625 4705 1709 4744 ea.

589 4760 642 4833 ὁ)
673 4761 1059 4833 Videnturob
1091 4760 1353 4833 ejusdem
1383 4762 1543 4833 vocis
1573 4761 1802 4816 liberam
1835 4777 2138 4818 recursum

495 4831 670 4915 hace
689 4832 942 4915 vulgatis
965 4831 1323 4915 librisverba
1343 4832 1646 4915 excid-isse,
1668 4850 1805 4915 qua:
1830 4835 1885 4887 in
1911 4833 2138 4915 Reginae

495 4921 606 4960 me.
657 4903 750 4958 hic
798 4903 1187 4970 interserunt;
1220 4904 1335 4958 Non
1363 4905 1579 4957 timebis
1622 4905 1768 4959 ultra
1811 4903 2040 4958 malum.
2074 4909 2138 4959 In

493 4977 580 5034 die
610 4975 712 5030 illa
739 4976 953 5031 dicetur
981 4975 1050 5030 ad
1079 4975 1392 5032 Jerusalem
1413 4974 1668 5040 liberam,
1694 4991 1820 5046 quae
1842 4981 1898 5030 et
1927 4976 1975 5030 si
1998 4975 2140 5031 velis

495 5046 677 5103 textui
706 5047 942 5113 inferre,
974 5064 1088 5100 non
1121 5046 1447 5102 abnuerim.

567 5119 636 5190 (c)
667 5117 826 5173 Idem
858 5123 915 5173 et
944 5119 1199 5190 Isidorus
1230 5116 1406 5172 sentit
1425 5116 1728 5188 Originum
1755 5115 1856 5172 lib.
1881 5134 1936 5183 x,
1961 5117 2047 5172 lit.
2067 5118 2136 5185 N,

495 5189 616 5257 ubi,
649 5190 851 5260 Nugas,
884 5189 1096 5260 inquit,
1130 5190 1424 5245 Hebraeum
1452 5204 1648 5260 nomen
1677 5195 1773 5254 est,
1807 5190 1884 5243 ita
1911 5190 2059 5244 enim
2089 5197 2142 5245 et

494 5265 556 5319 in
578 5258 861 5348 prOphctis
883 5258 1311 5348 est—expositam,
1335 5261 1433 5348 ubi
1451 5258 1584 5348 dicit
1604 5259 1931 5348 Sophonias,
1952 5261 2140 5348 Nugas

494 5332 591 5405 qui
618 5351 652 5388 a
684 5335 1182 5405 legerrecesserunt,
1233 5337 1296 5405 et
1336 5335 1560 5405 cratera,
1608 5347 1746 5405 quae
1769 5347 1835 5405 ex
1867 5332 2138 5405 praesenti

495 5402 829 5477 Hieronymi
877 5405 1212 5477 testimonio
1267 5402 1888 5477 delibavit._Equidem
1922 5403 2138 5477 Latina;

493 5473 1187 5550 1i_nguea'ingenium,sive
1211 5475 1494 5550 originem
1521 5473 1764 5550 minime
1791 5475 2023 5542 referre,
2038 5475 2139 5532 sed

496 5547 568 5607 ab
587 5546 713 5607 alia
742 5546 1058 5625 antiquiori
1088 5547 1292 5625 lingua
1320 5546 1609 5608 adscitum
1656 5546 1926 5607 videatur
1969 5563 2138 5608 voca-

2253 3194 2562 3265 signil‘icat,
2595 3199 2772 3262 erant,
2806 3195 2892 3250 vel
2923 3199 3169 3268 fuerant.
3204 3202 3335 3252 Haec
3366 3196 3478 3252 scio
3502 3193 3791 3249 molestaesse

2251 3283 2475 3350 lectori,
2512 3283 2611 3354 qui
2645 3283 2694 3338 si
2726 3285 3209 3341 animadverterit
3231 3303 3344 3341 non
3369 3301 3456 3340 me
3475 3274 3788 3338 controversias

2251 3377 2308 3426 et
2336 3371 2790 3427 declamationes
2835 3373 3107 3441 scribere,
3164 3391 3272 3429 nec
3319 3374 3380 3428 in
3426 3371 3554 3440 locis
3591 3363 3793 3424 exsultare

2252 3461 2701 3516 communibus:
2727 3463 2826 3517 sed
2852 3462 3344 3534 Commentarios,
3372 3467 3426 3518 et
3444 3450 3793 3516 Commentarios

2253 3549 2690 3622 prophetarum,
2738 3551 3123 3623 reprehendet
3163 3553 3358 3624 potius
3388 3548 3557 3607 sicubi
3585 3547 3794 3602 rhetorum

2253 3655 2412 3694 more
2442 3639 2641 3695 ludere
2671 3639 2929 3703 voluero,
2965 3657 3142 3712 quam
3182 3646 3389 3714 arguet
3415 3641 3471 3695 in
3491 3636 3640 3693 tantis
3656 3632 3794 3688 obscu-

2254 3728 2526 3783 ritatibus
2559 3734 2621 3782 ut
2651 3729 2899 3801 dignum
2933 3734 3024 3784 est
3055 3729 3488 3786 immorantem.

2325 3815 2508 3886 (Vers.
2567 3819 2656 3885 19,
2703 3818 2818 3884 20.)
2867 3819 3000 3874 Ecce
3047 3835 3141 3889 ego
3195 3819 3519 3889 interﬁciam
3567 3825 3709 3869 omnes
3740 3804 3800 3875 qui

2251 3906 2580 3976 afﬂixerunt
2607 3915 2656 3962 te
2686 3908 2747 3960 in
2776 3914 3015 3978 tempore
3046 3909 3145 3963 illo
3172 3926 3192 3962 ,ο
3224 3916 3280 3964 et
3308 3909 3523 3964 salvabo
3566 3897 3796 3958 claudican-

2254 3998 2379 4066 tem,
2412 3999 2462 4049 et
2492 4011 2614 4050 eam
2646 4010 2771 4066 qua?
2797 3999 2962 4067 ejecta
2992 3999 3192 4067 fuerat
3221 3996 3576 4068 congregabo:
3604 3994 3646 4045 et
3665 3996 3801 4059 ponam

2251 4100 2342 4138 eos
2374 4086 2434 4138 in
2465 4083 2690 4140 laudem
2720 4087 2770 4139 et
2806 4087 2865 4140 in
2892 4102 3090 4141 nomen
3119 4087 3181 4141 in
3216 4088 3369 4143 omni
3395 4089 3534 4142 terra
3557 4069 3800 4148 confusioni!

2251 4187 2454 4226 eorum.
2513 4171 2570 4226 In
2620 4175 2856 4244 tempore
2886 4174 2984 4230 illo
3015 4189 3118 4248 quo
3149 4175 3420 4231 adducam
3445 4188 3558 4233 vos;
3583 4168 3693 4224 etin
3714 4167 3801 4215 tem-

2250 4275 2378 4332 pore
2394 4277 2499 4331 quo
2519 4264 2854 4332 rongregabo
2873 4280 2995 4319 vos:
3021 4249 3166 4319 dabo
3191 4267 3342 4320 enim
3359 4279 3448 4319 vos
3469 4265 3520 4318 in
3541 4270 3694 4314 nomen
3711 4258 3746 4306 et
3765 4249 3800 4301 is

2255 4350 2474 4406 laudem
2503 4351 2757 4406 omnibus
2783 4353 3001 4423 populis
3034 4361 3226 4424 terrae,
3273 4354 3413 4409 781
3449 4367 3558 4406 cum
3581 4340 3802 4428 convertit?

2252 4441 2624 4511 captivitatem
2652 4448 2887 4495 vestram
2915 4458 3103 4497 coram
3125 4443 3305 4498 oculis
3336 4441 3527 4506 vestris,
3553 4427 3801 4520 dicit

2251 4545 2374 4584 nus.
2409 4527 2584 4584 LXX:
2621 4528 2698 4599 (tl)
2731 4533 2863 4585 Ecce
2890 4545 2986 4600 ego
3015 4533 3228 4602 faciam
3262 4533 3320 4586 in
3360 4541 3426 4602 te,
3466 4526 3642 4602 prapter
3673 4525 3728 4577 te,
3763 4524 3799 4563 is

2251 4687 2683 4762 bulumpipsum
2715 4690 2924 4762 Nugas.
2980 4691 3096 4762 Hoc
3146 4671 3800 4762 ριιοροωοάίωηὶρίζὶαςξςΐ

2250 4745 2550 4816 Charisius
2580 4760 2681 4816 lib.
2719 4778 2768 4829 1,
2803 4745 2903 4816 ubi
2933 4779 2946 4816 :
2979 4745 3429 4832 Nugas,inquit,
3455 4759 3562 4814 licet
3587 4745 3797 4832 indecltlt

2253 4811 2367 4888 ῡὲὶὲ
2377 4811 2473 4887 sit
2486 4811 2736 4887 ἷὶάὶιῖέιί
2756 4811 3383 4889 ἐὄηὶἆιίυὶέέδέξςὶίὶῗιῖἧί
3396 4811 3653 4904 tanta.
3675 4811 3799 4904 hl‘sz

2251 4905 2399 4976 haec,
2422 4910 2474 4959 et
2501 4903 2599 4958 hoc
2627 4905 2835 4975 Nugas.
2865 4904 2981 4976 Nos
3006 4904 3126 4976 haec
3150 4905 3208 4958 in
3234 4895 3798 4976 HieronymiAdi'xeriiilE

2253 4964 2526 5047 gratiam,
2547 4964 2734 5046 quem"
2747 4979 2876 5046 post
2899 4975 3175 5030 Drusium
3203 4964 3529 5047 criticorum
3549 4965 3633 5023 ﬁlii
3653 4964 3796 5047 Ρθξῗξξῗ

2250 5034 2611 5119 suggillant,
2641 5034 3081 5119 (contendentes
3130 5063 3252 5102 non
3313 5046 3506 5102 eadem
3541 5051 3661 5119 ,ςεβϐ

2251 5107 2954 5190 Νυὲὶγβίεὴἱῐὶοθιὶοηθω
3003 5118 3062 5172 in
3113 5119 3318 5190 Latino
3349 5123 3514 5187 atque
3540 5107 3791 5190 Hebgcfgf

2249 5207 2369 5262 quo
2396 5173 2670 5262 idiomate
2703 5206 2910 5262 sonare
2931 5189 3134 5262 potius
3168 5173 3792 5262 αἱυήιέὴίῳτονξαῐῖθέξιξ

2249 5249 2514 5315 Diximus
2539 5265 2595 5332 et
2616 5260 2754 5316 alibi
2780 5262 2886 5315 hac
2911 5249 2981 5316 de
3005 5277 3084 5326 re,
3109 5277 3216 5315 nec
3244 5249 3428 5332 pauca
3449 5249 3791 5332 Martianﬁlﬁﬁ

2247 5332 2304 5386 S.
2349 5331 2610 5386 Doctoris
2642 5332 3039 5387 defensionem
3073 5317 3344 5387 seorsum
3377 5323 3656 5402 congessit:
3679 5317 3791 5402 Pal”:

2252 5408 2382 5476 post
2412 5403 2616 5474 Regia.
2651 5421 2760 5458 ms.
2796 5405 3045 5475 prmfert,
3089 5407 3147 5458 ut
3177 5419 3281 5460 nos
3307 5388 3567 5476 possemus
3589 5393 3709 5456 scire,
3732 5388 3792 5453 llm

2250 5478 2313 5532 ut
2340 5489 2494 5532 nosse
2521 5476 2813 5544 possimus.
3638 5529 3669 5544 _,
3697 5525 3707 5544 ,

2320 5527 2401 5625 (d)
2417 5527 2785 5622 vei-sistas;
2804 5527 2895 5606 Vae
2917 5547 3014 5625 qui
3034 5546 3268 5624 accepit,
3291 5549 3425 5618 δια,
3451 5552 3609 5618 quem
3625 5527 3794 5592 dmum

3891 4389 3893 4464 l
