3940 6166
256 288 410 354 1389

994 289 1743 359 COMMENTARIORUM
1785 290 1865 352 IN
1909 288 2266 354 AGG/EUM
2310 292 2565 355 LIBER.
2613 293 2782 355 CAP.
2829 293 2879 354 Ι.

3497 294 3658 359 1390

253 441 366 496 quo
395 429 450 480 et
467 423 665 480 Daniel
693 428 1005 500 mysticein
1021 447 1126 485 suo
1147 428 1444 484 volumine
1470 428 1660 483 refert.
1683 427 1892 482 Darius
1922 427 1978 493 Α
2008 427 2260 482 mundae
2289 426 2513 482 habens
2535 443 2749 483 manus
2779 443 3025 484 carneus
3047 425 3247 496 Israel,
3273 426 3533 484 extendit
3555 443 3656 484 eas

252 519 442 569 autem
474 513 534 568 in
574 513 774 587 lingua
818 521 1021 572 nostra
1051 523 1243 585 sonat,
1290 520 1674 588 generationes
1705 517 1896 586 factae,

250 602 382 674 sive,
415 618 542 673 quae
567 606 830 674 fuerunt:
857 606 1011 676 quod
1045 606 1239 662 Graece
1270 606 1487 661 dicitur
1509 603 1688 679 γενεαί
1712 605 1898 676 (α)γε-

251 689 628 762 νόμεναιεῑιθο
651 695 987 750 merebatur
1034 695 1259 766 absque
1307 691 1527 767 templo
1573 693 1903 766 populuset

242 780 508 836 deorsum
544 781 818 839 habitans
850 783 1030 839 alium
1056 783 1272 839 habere
1302 783 1655 856 regem,nisi
1679 782 1777 854 qui
1801 799 1901 854 ge-

245 868 646 925 nerationibus
662 871 1034 938 serviebat,et
1047 873 1284 927 amabat
1298 888 1556 937 carnem,
1573 877 1628 926 et
1649 871 1899 942 primam

248 959 594 1014 sententiam
626 958 908 1016 ineruditi
933 960 1423 1030 adhuc'boniinis,
1446 965 1502 1015 et
1522 959 1689 1032 ejceti
1714 959 1786 1014 de
1806 976 1900 1031 pa-

247 1046 434 1102 radiso
466 1049 831 1103 custodiebat
857 1050 1126 1105 :Crescite
1155 1058 1205 1104 et
1226 1049 1698 1120 multiplicamini,
1723 1052 1774 1104 et
1793 1050 1897 1102 im-

244 1135 382 1206 plete
407 1144 619 1191 terram
649 1136 856 1208 (Cenes.
890 1155 930 1204 ι,
952 1139 1042 1206 28,
1076 1146 1128 1193 et
1155 1156 1229 1206 1x,
1257 1140 1330 1210 1).
1357 1139 1503 1210 Ergo
1527 1137 1667 1210 quia
1689 1137 1899 1193 Darius

249 1229 470 1280 amator
497 1230 621 1280 erat
649 1227 859 1292 coitus,
891 1232 949 1282 et
978 1227 1173 1282 socius
1195 1226 1488 1293 draconis,
1515 1227 1684 1298 cujus
1706 1224 1900 1282 omnis

246 1313 426 1368 virtus
457 1314 513 1368 in
544 1313 743 1370 lumbo
777 1319 867 1371 est
914 1315 1059 1387 (Job.
1092 1316 1183 1386 x1.)
1218 1332 1230 1370 :
1285 1316 1500 1372 idcirco
1540 1315 1600 1369 in
1641 1316 1897 1370 secundo

251 1419 398 1458 anno
428 1402 574 1458 visio
607 1403 824 1474 populo
855 1405 1132 1470 cernitur,
1164 1404 1223 1459 in
1267 1404 1574 1458 immundo
1629 1420 1897 1471 numero,

249 1495 308 1546 et
335 1496 464 1562 post
493 1492 769 1547 unionem
794 1491 1151 1562 virginitatis
1173 1497 1229 1548 et
1263 1492 1516 1564 paradisi
1545 1493 1895 1560 nuditatem,

253 1581 476 1635 tunicas
489 1580 856 1653 significante
874 1581 1164 1653 pollicens.
1185 1581 1516 1653 Deniquein
1535 1580 1744 1637 Genesi
1761 1597 1896 1636 cum

252 1669 316 1724 in
345 1669 528 1742 primo
559 1669 652 1724 die
684 1669 903 1724 dictum
935 1669 1032 1737 sit,
1063 1675 1120 1725 et
1148 1671 1208 1724 in
1251 1670 1442 1737 tertio,
1473 1675 1529 1725 et
1573 1670 1630 1725 in
1664 1672 1893 1740 quarto,

2012 516 2083 570 ad
2115 514 2430 570 Dominum
2456 532 2469 582 ;
2503 516 2600 571 sed
2623 516 2761 588 quia
2781 516 3067 590 sanguine
3087 515 3269 590 plenae
3283 520 3442 587 sunt,
3465 515 3656 588 loqui-

2011 609 2105 659 tur
2134 605 2204 658 ad
2239 621 2336 660 eos
2370 604 2649 660 Dominus
2673 622 2774 678 per
2804 606 3151 678 prophetam
3177 621 3190 660 :
3219 605 3280 662 Si
3299 604 3659 661 extenderitis

2010 711 2206 748 manus
2234 699 2459 758 vestras,
2500 702 2743 750 avertam
2773 696 2953 752 oculos
2998 711 3149 752 meos
3177 713 3210 750 a
3238 695 3427 752 vobis:
3460 711 3662 750 manus

2008 783 2164 838 enim
2192 791 2387 839 vestrae
2412 784 2681 853 sanguine
2703 785 2878 854 plena
2899 792 3024 840 sunt
3053 785 3193 853 (Isai
3221 801 3261 855 ι,
3292 784 3408 856 xv).
3439 783 3567 840 Non
3597 783 3665 840 ﬁt

2007 870 2068 925 in
2091 870 2362 926 manibus
2393 888 2595 927 eorum
2625 873 2868 929 verbum
2898 873 3150 941 Domini,
3173 872 3312 945 quia
3341 871 3662 929 immunda

2009 964 2149 1016 sunt
2173 978 2186 1028 ;
2222 977 2336 1016 non
2367 960 2526 1017 venit
2555 962 2626 1016 ad
2659 977 2758 1017 eos
2786 979 2979 1018 sermo
3005 961 3131 1029 Dei,
3166 961 3306 1033 quia
3335 960 3396 1018 in
3428 976 3491 1017 se
3509 962 3662 1018 occi-

2008 1049 2143 1104 dere
2173 1065 2503 1105 sermonem
2534 1051 2655 1106 Dei.
2707 1054 2824 1106 Nec
2853 1051 3182 1123 putandum
3212 1049 3272 1105 in
3317 1066 3498 1106 manu
3525 1053 3663 1108 tan-

2007 1142 2133 1193 tum
2151 1138 2346 1210 Aggaai
2365 1138 2661 1211 prophetae
2679 1139 2896 1196 factum
2911 1155 3041 1196 esse
3059 1154 3390 1195 sermonem
3410 1138 3660 1195 Domini:

2008 1227 2108 1283 sed
2141 1226 2279 1298 quia
2295 1229 2524 1298 Aggceus
2547 1228 2959 1300 interpretatur
2978 1228 3056 1300 (ἀ)
3080 1228 3329 1298 festivus,
3347 1226 3540 1283 omnis
3562 1227 3663 1299 qui

2007 1320 2198 1388 potest
2229 1316 2374 1372 festa
2395 1316 2706 1385 celebrare,
2731 1334 2845 1373 non
2873 1319 2934 1372 in
2948 1319 3213 1388 fermento
3238 1318 3410 1373 veteri
3427 1316 3667 1374 malitia?

2006 1409 2056 1460 et
2067 1407 2352 1477 nequitiae,
2364 1407 2462 1461 sed
2474 1423 2533 1461 in
2547 1408 2759 1477 azymis
2771 1407 3107 1462 sinceritatis
3119 1414 3172 1462 et
3190 1407 3445 1462 veritatis
3466 1405 3514 1477 (Ι
3535 1405 3663 1462 Cor.

2006 1497 2342 1565 v,8),potest
2363 1494 2462 1548 Dei
2477 1495 2731 1566 recipere
2755 1511 3111 1551 sermonem.
3132 1494 3466 1551 Habeamus
3481 1499 3538 1550 et
3556 1509 3666 1550 nos

2008 1583 2261 1637 mundas
2288 1599 2521 1651 manus,
2545 1588 2603 1639 et
2624 1600 2895 1639 vocemur
2912 1580 3280 1658 ἑορτάζοντες,
3309 1583 3369 1640 id
3388 1585 3498 1655 est,
3523 1585 3668 1655 festa

2005 1672 2349 1741 celebrantes,
2385 1677 2442 1727 et
2466 1672 2538 1726 ad
2569 1689 2674 1728 nos
2723 1673 2823 1728 ﬁet
2854 1689 3050 1729 sermo
3107 1673 3228 1728 Dei.
3263 1672 3668 1744 Proponamus

261 1757 406 1813 738
435 1762 492 1813 et
520 1757 578 1812 in
610 1758 836 1830 quinto,
894 1763 951 1813 et
997 1758 1056 1813 in
1090 1763 1271 1825 sexto,
1331 1765 1464 1830 post
1519 1774 1893 1814 consumma-
1927 1795 1975 1859 B
2003 1760 2348 1816 anteoculos
2362 1761 3197 1834 nostros,quialexspiritualis
3211 1759 3667 1834 est,spirituales

256 1848 473 1902 tionem
504 1863 745 1919 operum
775 1847 1146 1920 singulorum
1174 1849 1277 1902 :Et
1305 1847 1442 1902 vidit
1470 1849 1615 1903 Deus
1654 1849 1788 1919 quia
1808 1847 1898 1902 bo-

256 1953 392 1991 num
419 1940 495 1992 est
519 1953 532 1991 :
565 1937 625 1992 in
648 1936 926 2006 secundo,
952 1938 1122 2008 juxta
1138 1937 1586 2006 Hebraicum(et
1605 1935 1902 2008 Aquilam,

259 2031 318 2082 et
346 2025 784 2098 Symmachum,
803 2030 860 2080 et
888 2025 1344 2081 Theodotionem
1375 2042 1490 2080 non
1515 2025 1779 2080 habetur.
1804 2024 1909 2079 Ne-

263 2132 375 2186 que
406 2114 559 2169 enim
585 2117 811 2186 poterat
833 2115 1127 2169 secundus
1149 2114 1292 2176 dies,
1319 2113 1419 2185 qui
1443 2130 1756 2168 numerum
1776 2112 1912 2167 facit

257 2204 361 2276 qui
389 2205 458 2258 ab
511 2204 729 2259 unione
787 2202 1015 2271 dividit,
1065 2204 1219 2275 quod
1242 2203 1434 2258 bonus
1455 2207 1628 2270 esset,
1653 2201 1752 2257 Dei
1775 2218 1908 2258 sen-

267 2293 448 2348 tentia
469 2292 858 2365 comprobari.
886 2292 1106 2348 Mensis
1122 2309 1353 2364 quoque
1375 2297 1572 2348 sextus
1595 2292 1909 2348 ascribitur

271 2381 374 2454 qui
403 2399 518 2437 non
551 2381 724 2436 habet
755 2381 1152 2437 solemnitates
1175 2382 1294 2448 Dei,
1319 2382 1472 2436 sicut
1495 2383 1713 2436 mensis
1736 2381 1912 2452 septi-

270 2487 442 2537 mus;
469 2471 569 2526 sed
589 2469 812 2525 vicinus
825 2475 914 2525 est
931 2470 1159 2525 dierum
1176 2486 1294 2540 sex,
1311 2471 1369 2524 in
1388 2471 1604 2542 quibus
1629 2471 1816 2526 factus
1829 2474 1918 2525 est

269 2561 529 2616 mundus
555 2560 738 2631 (Ibid)
771 2560 833 2615 In
859 2559 1380 2630 quolaboratur,et
1402 2560 1458 2614 in
1486 2560 1702 2615 sudore
1750 2559 1916 2615 faciei

270 2649 597 2704 comeditur
628 2649 796 2721 panis
821 2667 833 2704 :
860 2654 915 2704 et
945 2653 1098 2704 terra
1125 2653 1364 2720 generat
1395 2649 1564 2704 nobis
1594 2648 1842 2704 tribulos
1864 2651 1921 2702 et

269 2737 491 2810 spinas,
525 2742 582 2792 et
611 2754 744 2792 cum
765 2742 1087 2793 sementem
1105 2738 1392 2809 acceperit
1413 2736 1610 2804 tritici,
1635 2736 1772 2792 lolio
1795 2754 1919 2792 ma-

269 2828 362 2901 gis
390 2827 703 2898 avenisque
735 2827 1100 2882 fecundaest.
1123 2827 1234 2882 Sed
1258 2828 1530 2899 quiajam
1549 2825 1728 2882 altare
1743 2825 1920 2880 aedifi-

270 2920 462 2972 catum
498 2916 707 2985 fuerat,
726 2921 784 2970 et
811 2917 1121 2971 adversum
1140 2919 1533 2989 repugnantes
1553 2915 1751 2970 hostes
1773 2919 1922 2970 tem-

269 3003 433 3077 plum
467 3003 541 3074 (b)
571 3003 871 3060 voluerant
899 3009 1216 3071 exstruere,
1251 3021 1356 3060 nec
1378 3009 1787 3060 exstruxerant
1815 3020 1826 3058 :
1864 3003 1922 3058 in

271 3110 389 3149 uno
417 3093 509 3148 die
542 3095 760 3148 mensis
793 3092 936 3148 sexti
970 3094 1188 3148 factum
1219 3097 1309 3148 est
1337 3093 1579 3148 verbum
1607 3092 1832 3148 Domini
1855 3092 1914 3147 in

2012 1849 2437 1917 solemnitates,
2458 1851 2529 1905 de
2552 1849 2767 1921 quibus
2797 1849 3080 1923 scriptum
3101 1855 3193 1907 est
3214 1866 3227 1907 :
3253 1851 3446 1907 Tribus
3465 1854 3672 1923 tempo-

2014 1939 2170 1993 ribus
2199 1939 2343 1993 mihi
2360 1941 2500 2008 festa
2510 1938 2855 1995 celebrabitis
2867 1941 2928 1994 in
2938 1955 3104 1995 anno.
3121 1939 3532 1996 Solemnin
3544 1955 3674 2012 azy-

2015 2043 2238 2081 morum
2265 2026 2579 2082 custodietis
2603 2045 2616 2083 :
2667 2035 2863 2099 septem
2894 2028 3085 2084 diebus
3114 2027 3395 2084 comeditis
3424 2043 3624 2099 azyma
3653 2042 3668 2082 :

2017 2118 2156 2171 sicut
2179 2117 2422 2187 praecepi
2442 2116 2544 2170 tibi
2563 2117 2625 2170 in
2655 2120 2898 2188 tempore
2920 2119 3122 2174 mensis
3140 2133 3442 2174 novorum:
3474 2119 3536 2172 in
3555 2118 3674 2189 ipso

2019 2207 2171 2260 enim
2199 2221 2255 2260 es
2311 2221 2559 2275 egressus
2588 2221 2658 2260 ea:
2685 2207 2933 2278 .Egypto.
2985 2207 3102 2262 Non
3129 2206 3426 2278 apparebis
3454 2207 3518 2260 in
3545 2220 3673 2261 con-

2020 2296 2200 2365 spectu
2231 2309 2347 2348 meo
2374 2310 2570 2348 vacuus
2593 2315 2608 2358 :,
2639 2302 2694 2349 et
2717 2295 3122 2350 solemnitatem
3148 2296 3336 2351 messis
3363 2295 3676 2367 primitivo-

2025 2400 2148 2437 rum
2178 2383 2246 2438 de
2274 2382 2529 2454 Operibus
2547 2385 2659 2438 tuis
2688 2399 3037 2456 quaecumque
3055 2384 3414 2440 seminaveris
3435 2385 3497 2438 in
3515 2398 3672 2451 agro:

2025 2477 2078 2527 et
2103 2473 2505 2526 solemnitatem
2530 2475 3017 2528 consummationis
3037 2473 3099 2528 in
3127 2474 3286 2528 exitu
3304 2473 3442 2528 anni
3470 2473 3535 2528 in
3553 2486 3676 2527 con-

2028 2562 2339 2631 gregatione
2369 2577 2594 2632 operum
2621 2565 2840 2616 tuorum
2869 2562 2934 2616 de
2986 2576 3117 2632 agro
3149 2560 3338 2634 (Exod.
3372 2577 3535 2628 χχιιι,
3585 2559 3676 2626 14,

2027 2666 2198 2722 seqq.,
2211 2658 2261 2706 et
2272 2651 2426 2704 Deut.
2441 2653 2576 2718 xw).
2597 2649 2656 2705 Si
2670 2649 3100 2706 voluerimusin
3127 2650 3297 2706 nobis
3309 2649 3434 2706 ﬁeri
3455 2665 3676 2706 sermo-

2030 2751 2186 2807 nem,
2219 2738 2342 2806 Dei,
2376 2738 2563 2794 simus
2581 2737 2798 2810 Aggaei,
2831 2738 2888 2793 id
2912 2741 3022 2807 est,
3043 2738 3191 2795 festa
3217 2737 3600 2805 celebrantes,
3622 2739 3681 2793 et

2033 2843 2146 2881 non
2179 2842 2567 2897 appareamus
2594 2825 2654 2880 in
2685 2830 3000 2898 conspectu
3032 2826 3133 2883 Dei
3160 2825 3413 2899 vacui(II
3429 2829 3553 2884 Cor.
3577 2824 3676 2898 ix):

2033 2913 2508 2986 seminantesque
2530 2915 2588 2969 in
2611 2915 2842 2986 spiritu,
2868 2915 2939 2969 de
2970 2914 3180 2986 spiritu
3202 2918 3494 2971 metamus
3514 2917 3678 2971 ater-

2035 3020 2171 3059 nam
2187 3003 2367 3058 vitam
2392 3024 2406 3072 ς
2424 3002 2861 3059 utcelebremus
2873 3004 2943 3076 (e)
2957 3003 3390 3060 solemnitatem
3404 3019 3680 3060 consum-

2034 3091 2308 3148 mationis
2341 3091 2401 3146 in
2433 3092 2589 3147 exitu
2605 3092 2764 3163 anni,
2787 3092 2846 3148 id
2880 3093 3519 3166 est,congregationem
3540 3109 3676 3166 ope-

271 3199 450 3237 manu
479 3183 674 3255 Aggei
706 3181 1022 3254 prophetae,
1049 3187 1113 3237 ut
1136 3182 1412 3238 deserens
1434 3181 1685 3254 p0pulus
1706 3181 1912 3237 secuh-
1945 3160 1988 3227 α
2025 3198 2163 3236 rum
2177 3185 2512 3236 nostrorum
2526 3182 2596 3236 de
2617 3197 2776 3254 agro,
2798 3181 3232 3237 solemnitatem
3246 3181 3679 3254 primitivorum

271 3272 412 3326 dum
427 3288 647 3326 annum
660 3271 816 3327 Darii
836 3272 1009 3343 regis,
1027 3272 1127 3343 qui
1147 3271 1219 3327 ab
1233 3271 1446 3326 unione
1459 3271 1666 3326 dividit
1688 3288 1700 3325 :
1722 3279 1775 3326 et
1789 3288 1915 3327 sex-

261 3359 399 3416 tum
420 3377 680 3415 mensem
707 3360 807 3432 qui
829 3361 1202 3432 praeterierat,
1235 3365 1292 3416 et
1312 3359 1410 3432 qui
1434 3377 1714 3416 numerus
1734 3359 1918 3416 labori

270 3449 602 3520 deputatur,
627 3448 698 3503 ad
719 3449 997 3504 unionem
1015 3453 1398 3504 reverteretur
1420 3450 1538 3520 Dei,
1563 3450 1916 3520 etimparem

270 3555 582 3594 numerum
615 3537 923 3609 solumque
973 3541 1315 3610 sequeretur
1349 3555 1361 3592 :
1424 3553 1596 3609 quem
1628 3538 1916 3592 mundum

270 3644 404 3684 esse
452 3625 685 3699 gentilis
742 3643 976 3698 quoque
1035 3631 1204 3699 poeta
1261 3626 1421 3682 novit
1485 3626 1686 3681 dicens
1743 3625 1914 3697 (Virg.

272 3717 456 3787 Bclog.
488 3733 590 3772 V111
617 3734 630 3771 :

731 3849 962 3898 Numero
991 3849 1132 3898 Deus
1165 3847 1367 3911 impare
1393 3847 1606 3912 gaudet.

275 3985 366 4041 Fit
394 3988 586 4040 autem
607 3983 848 4039 verbum
873 3983 1121 4051 Domini,
1153 3998 1418 4054 qumrens
1440 3982 1512 4037 ad
1536 3997 1712 4052 quem
1733 3983 1925 4038 veniat

273 4080 334 4130 et
357 4090 527 4146 quem
547 4073 770 4140 doceat,
804 4071 862 4127 in
889 4089 1069 4127 manu
1091 4072 1286 4143 Aggaei
1308 4070 1623 4142 propheta),
1652 4070 1753 4142 qui
1770 4071 1924 4127 bona

273 4162 532 4220 habebat
565 4161 714 4216 739
747 4176 941 4231 opera,
974 4164 1029 4215 ct
1051 4160 1108 4212 in
1159 4160 1326 4228 cujus
1365 4158 1534 4214 factis
1565 4163 1794 4230 poterat
1822 4157 1924 4214 Dei

274 4267 471 4310 sermo
503 4250 886 4322 requiescere.
919 4250 1095 4304 Porro
1128 4248 1231 4302 ubi
1273 4265 1486 4303 manus
1528 4248 1598 4319 (c)
1638 4247 1925 4320 sanguine

275 4340 460 4416 plenae
483 4344 642 4405 sunt,
674 4344 731 4393 et
763 4338 1110 4392 interﬁcitur
1140 4337 1332 4402 Jcsus,
1363 4340 1419 4392 et
1448 4337 1625 4392 audet
1673 4335 1926 4408 populus

273 4430 504 4486 dicere:
537 4428 778 4496 Sanguis
809 4427 930 4497 ejus
950 4443 1120 4497 super
1145 4441 1261 4493 nos,
1286 4433 1337 4480 et
1364 4441 1528 4496 super
1553 4425 1697 4495 ﬁlios
1715 4430 1927 4481 nostros

2027 3273 2099 3326 de
2130 3269 2406 3342 operibus
2437 3269 3082 3342 nostris,quaecumque
3104 3269 3596 3328 seminaverimus
3618 3270 3679 3326 in

2028 3377 2166 3432 agro
2198 3358 2292 3414 cui
2324 3359 2618 3414 benedixit
2646 3358 2952 3414 Dominus.
2976 3359 3177 3415 Simus
3207 3375 3443 3431 quoque
3461 3359 3681 3432 Aggaai,

2027 3455 2085 3504 et
2115 3465 2217 3520 per
2245 3463 2482 3502 omnem
2511 3448 2688 3502 vitam
2711 3451 2970 3502 nostram
2996 3463 3183 3517 usque
3201 3447 3274 3502 ad
3296 3463 3670 3503 consumma-

2027 3537 2244 3592 tionem
2287 3534 2445 3601 anni,
2481 3534 2539 3589 id
2569 3539 2678 3602 est,
2715 3551 2902 3606 usque
2932 3534 3004 3588 ad
3034 3535 3252 3589 exitum
3295 3536 3447 3590 ’140
3471 3535 3544 3590 de
3563 3551 3671 3590 se-

2028 3624 2157 3681 culo
2200 3624 2334 3692 isto,
2393 3622 2755 3679 celebremus
2811 3624 2960 3678 festa
2987 3622 3048 3678 in
3108 3621 3383 3694 Operibus
3430 3621 3673 3692 nostris,

2030 3730 2157 3786 quae
2189 3712 2358 3769 nobis
2389 3717 2516 3767 orta
2543 3715 2683 3767 sunt
2712 3711 2772 3766 in
2802 3727 2939 3782 agro
2970 3713 3191 3765 nostro.
3226 3709 3411 3765 Multa
3437 3714 3598 3778 sunt,
3619 3714 3679 3766 et

2029 3819 2145 3857 non
2181 3801 2362 3872 hujus
2393 3800 2696 3872 temporis,
2729 3816 2856 3872 quas
2885 3800 2955 3854 de
2985 3797 3360 3855 solemnitate
3387 3799 3682 3866 dicantur,

2031 3891 2248 3963 quibus
2264 3893 2454 3962 potest
2467 3889 2537 3944 de
2548 3888 2709 3944 omni
2726 3887 3026 3959 Scriptura
3043 3887 3223 3943 lector
3246 3886 3497 3960 diligens
3517 3902 3689 3960 coap-

2030 3985 2154 4035 tare
2185 3977 2633 4050 intelligentiam
2665 3975 3065 4050 spiritualem.

2111 4068 2190 4122 .ld
2218 4064 2541 4137 Zorobabel,
2570 4066 2754 4135 ﬁlium
2780 4065 3070 4133 Salathiel,
3102 4063 3297 4121 ducem
3314 4064 3456 4122 Iuda
3482 4082 3496 4121 :
3529 4069 3582 4121 et
3607 4065 3686 4123 ad

2030 4162 2223 4214 Jesum
2270 4157 2451 4227 ﬁlium
2477 4155 2718 4223 Josedec,
2779 4154 3109 4211 sacerdotem
3136 4155 3423 4226 inagnum,
3476 4153 3683 4212 dicens.

2033 4249 2100 4317 (Γ)
2117 4246 2381 4316 Legimus
2405 4245 2463 4300 in
2485 4243 2995 4316 Paralipomenon,
3015 4243 3269 4300 Jeconiae
3301 4244 3401 4316 qui
3425 4243 3485 4300 in
3509 4245 3690 4318 Baby-

2033 4335 2226 4391 lonem
2258 4335 2468 4389 ductus
2509 4337 2619 4399 est,
2670 4333 2860 4388 ﬁlium
2894 4333 3076 4389 fuisse
3108 4331 3410 4397 Salathiel,
3469 4333 3542 4388 de
3571 4349 3690 4404 quo

2038 4427 2213 4479 natus
2242 4428 2330 4478 est
2359 4420 2683 4478 Zorobabel
2713 4423 2758 4491 (Ι
2789 4428 2924 4478 Par.
2955 4437 3041 4488 III,
3071 4421 3147 4492 6).
3179 4420 3341 4485 Quod
3373 4419 3610 4491 quidem
3633 4425 3690 4477 et

269 4521 464 4589 (Matt.
496 4517 691 4588 xxvn),
712 4515 794 4570 ibi
817 4531 930 4570 non
962 4515 1026 4569 fit
1052 4531 1244 4569 sermo
1268 4514 1390 4568 Dei.
1414 4513 1607 4583 Usque
1628 4513 1800 4569 hodie
1822 4514 1931 4570 im-
1961 4525 2009 4590 D
2042 4512 2351 4570 Matthaaus
2381 4511 2812 4583 generationem
2843 4509 3158 4566 Salvatoris
3186 4520 3562 4575 enumerans,
3584 4509 3686 4566 ait:

358 4643 437 4714 (α)
479 4642 672 4714 Quare
699 4657 804 4714 pro
834 4637 1013 4712 γενεαί
1040 4637 1364 4714 γιγνομεναι
1397 4641 1620 4694 veteres
1649 4638 1938 4714 editiones

275 4709 572 4771 retineant
602 4709 717 4768 alia
746 4709 1131 4767 Graecaverba
1151 4709 1386 4782 γενέσεις
1406 4713 1682 4784 γεγ-ονοῖαι
1706 4709 1793 4784 vel
1815 4730 1940 4784 γεγ-

276 4791 442 4852 ονῆαιι
501 4783 650 4839 scire
680 4800 793 4838 non
828 4799 1090 4855 possum.
1150 4781 1335 4855 Mam.
1364 4812 1431 4820 -—
1487 4781 1698 4836 Contra
1729 4781 1938 4855 Graecae

241 4851 499 4928 .linguae
546 4851 847 4927 ingenium
910 4854 1111 4928 scribit
1170 4851 1540 4928 Martianzeus
1596 4853 1934 4928 γιγνρμὲναιιτ

276 4923 570 4985 Gestarum
606 4923 748 4983 mss.
782 4925 972 4997 magis
1001 4925 1348 4997 adveterem
1374 4923 1679 4997 lectionem
1714 4923 1940 4997 Erasmi

278 5017 353 5058 ac
382 4997 623 5070 Victorii
655 4995 962 5070 γεγονΟἷάι,
1004 4995 1092 5051 vel
1129 5001 1389 5068 γεγονῆαι
1421 4995 1722 5050 accedunt.
1757 4995 1940 5052 Unius

277 5070 523 5142 Regina“:
551 5069 1047 5142 ᾕᾶϋειίγεγονῐται.

361 5137 439 5212 (b)
471 5137 776 5196 Contraria
823 5137 1000 5212 sensu
1042 5155 1195 5193 unus
1246 5137 1451 5212 Regin.
1483 5153 1595 5192 ms.
1650 5139 1942 5194 noluerant

364 5143 439 5278 (b;
471 5143 776 5196 Contrario
823 5155 1000 5193 sensu
1042 5155 1195 5193 unus
1247 5143 1451 5208 ltegin.
1483 5153 1595 5192 ms.
1650 5155 1697 5193 ηε

364 5217 415 5284 (c
469 5213 671 5284 Regin.
708 5228 819 5266 ms.
852 5211 950 5265 ubi
982 5211 1527 5284 manussanguineae
1554 5216 1697 5284 sunt.

360 5279 442 5354 (ά)
466 5279 578 5338 ΡΓὸ
601 5285 850 5353 festivus,
885 5281 1116 5352 przefert
1145 5280 1323 5354 idem‘
1343 5279 1830 5354 ms._solemnita_s.

361 5349 435 5422 (ej
452 5349 744 5410 Recursus
761 5355 812 5422 ej
822 5349 1024 5408 usdem
1042 5350 1662 5418 verbi,solemnitatem,
1685 5351 1952 5422 antiquis.
2050 5350 2132 5404 mi
2158 5351 2220 5422 in
2248 5349 2729 5422 Paralipomenon.

272 5426 756 5484 amanuensibus
791 5424 979 5479 fraudi
1012 5425 1140 5488 fuit,
1174 5429 1239 5478 ut
1291 5441 1417 5494 quae
1447 5422 1600 5477 inter
1630 5428 1945 5548 utrumque

272 5497 642 5548 intermedia
672 5502 779 5548 est-
813 5496 994 5548 trium
1019 5495 1199 5548 ferme
1218 5511 1493 5548 versuum
1515 5493 1820 5548 nericonen
1886 5510 1944 5548 e-

1886 5510 1944 5549 θ-

272 5497 642 5555 intermedia
672 5502 779 5567 est,
813 5496 994 5551 trium
1019 5495 1199 5550 ferme
1218 5493 1493 5567 versuum
1515 5493 1820 5567 pericopen

269 5641 395 5724 qui

271 5570 603 5700 scripsisse
626 5565 771 5636 rati,
790 5572 1126 5648 properanott
1143 5565 1305 5622 oculs
1324 5565 1946 5649 praeterirenthxinde

271 5641 395 5700 aui
457 5645 698 5700 actenus
717 5637 1487 5700 nrodieruntxmnressilibri
1506 5636 1602 5699 his
1622 5641 1822 5700 carent
1841 5653 1946 5700 ne-

457 5645 698 5704 aotenus
715 5636 1487 5718 prodieruntimpressilibri
1506 5636 1602 5699 his
1622 5641 1822 5701 carent
1841 5653 1949 5701 ne-

2045 4636 2317 4692 cessariis
2348 4633 2795 4706 Hiernoymiano
2823 4631 3117 4706 contextui
3173 4630 3388 4706 verbis,
3435 4646 3689 4688 consum-

2046 4709 2306 4764 mationis
2337 4708 2400 4761 in
2424 4703 2581 4760 exitu
2599 4706 2756 4771 anni,
2789 4703 2846 4758 id
2866 4712 2942 4758 est
2967 4705 3437 4773 congregationem
3463 4719 3693 4774 operum

2049 4789 2355 4834 nostrorum
2383 4777 2450 4831 de
2477 4793 2626 4847 agro,
2656 4776 3075 4847 solemnitatem,
3099 4790 3226 4847 quae
3257 4789 3412 4847 nunc
3433 4773 3691 4846 primum

2049 4844 2525 4930 codicisneginai
2557 4863 2664 4930 ope
2694 4846 3052 4930 sufl'ecimus,
3086 4844 3328 4930 nihil‘de
3348 4844 3550 4930 eorum
3571 4861 3696 4930 ger-

2052 4921 2330 4976 manitate
2355 4916 2711 4981 dubitantes.
2729 4933 2906 4990 quam
2921 4920 2979 4990 et
2998 4919 3126 4990 ejus
3149 4916 3364 4990 codicis
3380 4916 3695 4990 auctoritas

2049 4991 2282 5055 evincit,
2314 4995 2372 5046 et
2402 4993 2636 5045 notatus
2667 4990 2724 5043 in
2747 4987 3040 5044 veteribus
3071 4987 3236 5043 libris
3249 4987 3470 5060 passim
3493 4987 3699 5045 obvius

2050 5064 2253 5135 lapsus
2284 5061 2497 5135 indicio
2530 5065 2648 5135 su'o_
2672 5061 2898 5135 probat.

2121 5129 2187 5206 (ί)
2212 5133 2438 5206 Puddat
2462 5129 2976 5206 nuncimperitum
2997 5131 3284 5206 Joannem
3298 5129 3574 5206 clericum
3595 5130 3700 5206 ob_-

2045 5200 2261 5278 jecisse
2284 5203 2427 5278 mihi
2443 5208 2498 5258 et
2514 5200 2777 5278 stultitiae
2799 5201 3040 5278 vertisse
3063 5201 3218 5274 quod
3243 5201 3527 5278 scriptum
3553 5200 3614 5257 in
3633 5201 3702 5257 ti-

2051 5273 2174 5333 tulo
2207 5275 2341 5332 libri
2365 5274 2870 5346 Paralipomenon,
2901 5273 3100 5346 incipit
3124 5273 3380 5346 praefatio
3412 5274 3699 5346 Hierony-

2759 5343 2936 5410 Quasi
2966 5343 3136 5400 liceat
3161 5343 3249 5399 illi
3269 5345 3328 5399 in
3350 5343 3698 5401 crimenim-

2056 5419 2272 5504 ρθιῖὶιίαῖ
2334 5415 2754 5504 militum“
2810 5417 2966 5488 (ιυυά
3008 5415 3222 5504 gloria
3253 5416 3697 5504 °999..¢°P°P9?v

2054 5485 2272 5548 imitari
2304 5489 2526 5545 scilicet
2553 5485 2990 5561 Hieronymum,
3007 5485 3187 5561 atque
3208 5485 3266 5561 in
3287 5486 3530 5544 lectione
3550 5485 3698 5548 mea.

2055 5563 2324 5622 codicum
2355 5561 2657 5620 ostendere
2685 5559 2860 5620 ﬁdem
2891 5576 2958 5620 ao
2985 5559 3372 5639 diligentiam.
3402 5562 3589 5627 mar.
