4022 6192
408 284 561 354 i391

1657 287 1724 349 S.
1770 282 2079 350 EUSEBII
2120 282 2563 349 HIERONYMI

3578 293 3689 358 ΠΗ

411 422 539 479 Post
564 421 1111 492 transmigrationem
1140 426 1325 477 autem
1355 419 1670 491 Babylonis,
1692 421 1944 475 Jeconias
1965 432 2054 490 ge—
2084 428 2139 494 Α
2168 418 2598 491 promissionis,
2623 419 2692 474 de
2717 434 2833 491 qua
2862 418 3073 489 captivi
3098 420 3314 477 abducti
3344 422 3689 491 fuerant,etbis

408 514 534 566 nuit
561 508 826 566 Salathiel
846 526 866 564 :
892 508 1166 566 Salathiel
1186 513 1367 564 autem
1381 509 1574 579 genuit
1593 508 1882 564 Zorobabel
1907 524 1920 563 :
1953 508 2050 562 Zo-

406 596 627 655 robabel
657 603 841 654 autem
870 600 1065 669 genuit
1091 597 1266 653 Abiud
1296 597 1443 670 (Mat.
1481 615 1519 668 ι,
1554 599 1640 665 12,
1677 597 1786 669 13).
1822 597 1924 651 Hic
1953 597 2055 651 Zo-

406 682 641 743 robabel
671 687 741 743 de
800 686 958 742 tribu
1016 686 1190 755 Juda,
1225 686 1334 742 hoc
1393 690 1484 743 est
1541 688 1612 742 de
1660 685 1841 742 David
1875 685 2059 757 stirpe

407 768 790 845 descendens,
820 780 994 848 typus
1027 781 1115 832 est
1146 775 1461 832 Salvatoris
1488 791 1499 831 :
1536 775 1635 847 qui
1666 791 1796 855 vere
1826 776 2058 830 destru-

407 868 567 921 ctum
599 863 907 920 mditicavit
932 864 1246 938 templum,
1278 864 1338 919 id
1371 869 1479 936 est,
1504 864 1821 920 Ecclesiam
1846 887 1860 930 ;
1890 867 1946 918 et
1976 878 2060 918 rc-

408 950 574 1010 duxit
636 953 925 1026 populum
974 953 1045 1011 de
1093 953 1445 1026 captivitate.
1500 953 1568 1008 Et
1595 957 1716 1009 tam
1750 954 1820 1007 de
1849 951 2058 1008 veteris

406 1037 612 1114 templi
642 1038 962 1114 lapidibus,
997 1058 1173 1113 quam
1205 1040 1275 1097 de
1306 1041 1491 1108 novis,
1514 1041 1612 1113 qui
1637 1041 1802 1113 prius
1822 1040 2056 1096 fuerant

408 1128 678 1203 impoliti,
710 1128 1017 1186 aediﬁcavit
1046 1130 1385 1199 Ecclesiam,
1415 1130 1474 1186 id
1495 1135 1602 1201 est,
1625 1135 1682 1186 et
1700 1130 1771 1185 de
1796 1128 2059 1201 reliquiis

411 1217 609 1293 pepuli
656 1218 908 1288 Judaici,
962 1223 1020 1276 et
1075 1219 1146 1275 de
1175 1219 1437 1293 gentium
1497 1219 1894 1286 multitudine,
1945 1218 2061 1274 Deo

414 1307 571 1363 Patri
600 1306 886 1363 exstruxit
914 1307 1376 1363 tabernaculum.
1411 1308 1833 1381 Interpretatur
1864 1311 2060 1363 autem

393 1395 738 1453 secundum
771 1394 1125 1469 multiplices
1157 1395 1420 1453 Hebraici
1443 1396 1733 1453 sermonis
1765 1400 2057 1465 accentus,

411 1483 500 1542 vel
534 1480 713 1559 ῥεῦσις
742 1484 1138 1558 παρακειμένη,
1188 1486 1245 1542 id
1276 1489 1384 1553 est,
1432 1484 1630 1559 ﬂuxus
1659 1484 1931 1558 adjacens,
1964 1500 2059 1540 ea:-

406 1575 641 1646 positus,
672 1573 761 1629 vel
790 1582 942 1630 ortus
973 1576 1033 1631 in
1062 1575 1360 1647 Babylone,
1394 1575 1479 1631 vel
1508 1578 1765 1648 princeps
1793 1574 1858 1631 de
1890 1574 2060 1645 Baby-

412 1658 767 1720 lone.Prim:e
790 1662 1253 1735 interpretationi
1271 1663 1367 1720 ille
1382 1664 1572 1719 fluxus
1595 1664 1924 1719 contrarius
1949 1666 2060 1730 est,

411 1753 511 1825 qui
544 1748 913 1826 significatur
940 1751 1001 1808 in
1030 1753 1310 1809 vocabulo
1365 1755 1603 1821 Iezabel,
1637 1754 1693 1809 id
1727 1757 1833 1824 est,
1873 1754 2061 1824 ﬂuxus

413 1857 610 1912 vanus,
640 1840 729 1897 vel
759 1842 945 1911 ﬂuxus
972 1847 1332 1899 menstruatae
1361 1843 1461 1914 qui
1493 1843 1695 1914 utique
1753 1841 2061 1897 manifeste

417 1928 861 1985 immunditiam
920 1933 1108 1985 sonat.
1140 1931 1254 1986 Sed
1286 1938 1344 1986 et
1372 1932 1644 1998 Zabulon,
1668 1932 1855 2001 ﬂuxus
1886 1932 2060 1986 noctis

412 2018 780 2090 exprimitur.
806 2017 1221 2090 Relinquentes
1252 2035 1386 2090 ergo
1418 2019 1595 2090 hujus
1620 2020 1822 2074 mundi
1844 2035 2060 2074 vanum

414 2110 474 2162 et
525 2102 829 2180 sordidum
854 2106 1075 2162 fluxum
1111 2111 1284 2180 atque
1311 2108 1711 2176 tenebrosum,
1743 2123 2062 2181 sequamur

413 2192 638 2252 fluxum
668 2193 827 2263 Jesu,
863 2195 962 2266 qui
994 2196 1163 2252 nobis
1183 2197 1482 2269 expositus
1510 2202 1596 2253 est
1616 2198 1692 2253 ad
1716 2197 2058 2263 bibendum,

415 2278 823 2357 etiargissimo
848 2283 1002 2340 fonte
1027 2301 1090 2340 se
1121 2287 1357 2358 praebet,
1384 2285 1554 2358 juxta
1575 2284 1719 2342 illud
1742 2286 1899 2358 quod
1927 2285 2063 2341 dici-

413 2372 517 2429 tur
540 2371 601 2427 in
618 2370 924 2444 Evangelia
950 2389 969 2427 :
1000 2370 1363 2430 Stabatlesus
1376 2377 1435 2429 in
1456 2375 1672 2446 templo,
1699 2375 2059 2441 etclamabat,

413 2460 600 2518 dicens
624 2459 711 2516 :Si
732 2463 856 2533 quis
872 2462 1008 2528 sitit,
1027 2463 1206 2519 veniat
1217 2461 1288 2519 ad
1298 2471 1462 2529 me,et
1484 2463 1631 2519 bibat
1642 2465 1931 2535 (Joan.vn,
1945 2465 2058 2536 37).

412 2550 484 2606 Et
497 2548 818 2622 hucipsum
833 2555 974 2605 tunc
992 2551 1314 2623 poterimus
1338 2551 1553 2621 bibere,
1570 2569 1703 2608 cum
1718 2551 2061 2623 petierimus

409 2656 455 2694 te
484 2638 600 2695 Deo
630 2642 812 2711 patre,
841 2640 1007 2710 juxta
1039 2640 1193 2712 quod
1225 2639 1515 2712 legimus:
1543 2640 1737 2708 Petite,
1760 2646 1811 2696 et
1838 2641 2063 2696 dabitur

408 2728 562 2785 vobis
592 2728 813 2801 (Matth.
845 2743 946 2794 v11,
970 2728 1049 2800 6).
1080 2728 1354 2785 Satathiel
1386 2728 2060 2802 quippeinterpretatur,

406 2814 598 2891 petitio
615 2814 808 2872 Dei.Et
825 2830 994 2872 nemo
1014 2817 1172 2872 venit
1187 2816 1258 2872 ad
1280 2817 1627 2886 Jesum,nisi
1649 2834 1783 2874 eum
1807 2818 2062 2875 adduxe-

409 2906 487 2961 rit
505 2901 881 2993 Paterlloan.
913 2920 991 2972 v1,
1025 2904 1135 2976 45).
1164 2904 1447 2993 Nas’cetur
1482 2921 1618 2978 ergo
1650 2906 1819 2962 nobis
1846 2906 2058 2976 fluxus,

411 2991 638 3067 positus
663 2992 808 3049 741
835 3009 941 3065 per
959 2991 1421 3049 obsecrationem
1444 2993 1569 3062 Dei,
1601 2998 1658 3049 et
1679 2996 1788 3050 erit
1812 2996 1883 3051 de
1904 2998 2061 3052 tribu

411 3082 443 3139 J
451 3083 585 3151 uda,
612 3082 772 3153 regia
785 3080 1088 3152 scilicet,et
1108 3082 1420 3138 confitente
1438 3081 1524 3137 vel
1549 3081 1825 3139 laudante
1851 3083 2057 3157 Deum,

2169 508 2269 579 qui
2300 512 2465 563 erant
2493 508 2551 563 in
2595 507 2844 563 vinculis
2898 508 3152 565 diceret:
3203 512 3364 567 Exite.
3394 514 3454 567 Et
3472 513 3556 584 qui
3578 515 3692 572 sede-

2168 597 2390 651 bantin
2433 596 2724 653 tenebris:
2784 597 3350 668 Illuminamini(lsai.
3377 601 3526 671 χιιι).
3554 601 3695 659 Sermo

2166 701 2299 739 vero
2330 684 2583 757 Domini,
2608 684 2709 757 qui
2741 685 2930 741 factus
2952 689 3041 741 est
3066 685 3124 740 in
3146 702 3311 741 manu
3328 686 3513 759 Aggiei,
3532 704 3621 743 non
3637 705 3700 744 so-

2167 771 2289 828 lum
2324 775 2391 828 ad
2422 773 2736 829 Zorobabel
2767 774 3042 847 dirigitur
3060 773 3240 829 {ilium
3269 773 3529 843 Salathiel,
3548 776 3604 831 de
3624 793 3702 847 quo

2160 861 2287 932 jam
2319 855 2611 930 diximus;
2632 863 2731 917 sed
2750 868 2808 917 et
2828 863 2898 917 ad
2919 862 2949 918 J
2958 879 3123 918 esum
3155 862 3331 918 ﬁlium
3345 862 3552 918 Josedec
3568 879 3703 919 sacer-

2168 949 2364 1005 dotem
2387 966 2689 1023 magnum.
2707 950 3003 1014 Quantum
3016 940 3402 1007 ad-historiam
3422 952 3639 1022 pertinet,
3656 950 3708 1005 aio

2168 1045 2255 1094 ter
2284 1044 2373 1094 est
2402 1039 2712 1095 Zorobabel
2746 1040 2816 1094 de
2848 1040 3002 1095 tribu
3047 1039 3222 1112 regia,
3251 1044 3305 1095 et
3350 1038 3480 1095 alter
3500 1042 3635 1094 Jesus
3659 1039 3706 1093 de

2171 1127 2323 1183 tribu
2354 1129 2724 1184 sacerdotali.
2767 1130 3061 1195 Quantum
3093 1145 3219 1185 vero
3250 1129 3316 1183 ad
3356 1126 3709 1200 intelligentiam

2170 1215 2535 1288 spiritualem
2561 1235 2714 1273 unus
2734 1222 2911 1290 atque
2931 1219 3086 1273 idem
3109 1222 3196 1274 est
3215 1214 3472 1274 Dominus
3491 1220 3645 1272 noster
3657 1220 3711 1271 at-

2172 1322 2283 1377 que
2313 1306 2592 1374 Salvator,
2628 1323 2727 1362 rex
2743 1312 2801 1362 et
2824 1323 3076 1380 magnus
3102 1306 3380 1372 sacerdos,
3403 1306 3547 1376 cujus
3565 1308 3711 1378 typum

2171 1396 2495 1451 secundum
2544 1395 2601 1450 id
2636 1397 2790 1468 quod
2846 1412 2943 1452 rex
2970 1400 3113 1463 erat,
3166 1396 3416 1469 portabat
3439 1393 3712 1449 Zorobabel:

2172 1485 2495 1540 secundum
2525 1485 2580 1539 id
2600 1489 2795 1541 autem
2817 1486 2891 1558 (a)
2916 1485 3072 1557 quod
3098 1484 3351 1540 Pontifex
3371 1487 3499 1550 erat,
3516 1481 3716 1555 portabat

2172 1574 2565 1645 homonymus
2595 1575 2723 1646 ejus
2739 1573 2933 1643 Jesus,
2958 1574 3059 1646 qui
3092 1574 3482 1646 interpretatur
3496 1571 3580 1627 ,ΙΑο
3593 1571 3715 1641 salus,

2171 1663 2230 1717 id
2261 1667 2368 1731 est,
2400 1663 2622 1718 Domini
2657 1664 2807 1718 salus
2836 1663 3089 1735 (metm).
3139 1667 3194 1719 et
3222 1666 3307 1718 est
3336 1661 3480 1717 {ilius
3519 1659 3717 1716 Josedec.

2172 1750 2324 1823 quod
2357 1755 2412 1807 et
2443 1751 2638 1824 ipsum
2662 1751 2721 1807 in
2750 1751 3013 1824 linguam
3037 1756 3295 1808 nostram
3314 1750 3533 1806 vertitur
3553 1747 3636 1804 ,ΙΑο
3650 1749 3720 1819 ju-

2168 1848 2301 1905 stus,
2338 1839 2395 1895 id
2432 1845 2540 1929 est,
2574 1841 2795 1896 Domini
2812 1842 3000 1913 justus
3029 1840 3289 1929 (Fugin?)
3331 1838 3518 1895 Justus
3544 1835 3722 1929 enimet

2170 1931 2410 1983 sanctus
2441 1927 2595 1984 Deus
2627 1932 2821 1994 Pater,
2872 1933 2929 1984 et
2960 1923 3111 1984 Deus
3142 1927 3342 1997 Filius,
3397 1930 3571 1982 etnon
3595 1923 3715 1979 estin

2171 2016 2298 2087 ipso
2330 2016 2633 2088 iniquitas,
2652 2017 2802 2073 742
2820 2018 3112 2073 Adversus
3129 2016 3459 2073 Marcionem
3474 2018 3523 2070 et
3549 2016 3720 2069 ceteros

2169 2104 2489 2174 haereticos,
2524 2106 2623 2179 qui
2655 2105 2895 2162 alterius
2916 2107 3074 2177 boni,
3102 2105 3461 2177 nesciocujus
3481 2103 3561 2159 Dei
3574 2101 3721 2166 filium,

2169 2198 2226 2249 et
2260 2210 2372 2249 non
2413 2193 2723 2261 Creatoris,
2770 2211 2944 2266 quem
2995 2195 3230 2267 justum
3287 2197 3495 2258 vocant,
3523 2194 3726 2247 asserunt

2172 2283 2483 2338 Dominum
2515 2283 2896 2340 Salvatorem.
2965 2285 3035 2340 Et
3066 2300 3199 2341 vere
3229 2288 3316 2341 est
3340 2284 3496 2339 Jesus
3539 2294 3725 2351 magnus

2172 2372 2473 2441 Sacerdos,
2498 2373 2591 2428 cui
2623 2390 2828 2429 omnes
2850 2373 2947 2429 Dei
2973 2373 3269 2429 antistites
3290 2370 3591 2445 comparati,
3612 2364 3726 2441 parvi

2172 2465 2311 2517 sunt
2340 2466 2398 2517 et
2428 2461 2664 2517 nihil.Si
2685 2463 2843 2518 enim
2872 2462 2982 2519 iste
3003 2479 3258 2536 magnus
3281 2461 3479 2517 dicitur
3497 2457 3728 2522 Sacerdos,

2171 2551 2376 2623 utique
2404 2551 2474 2606 ad
2492 2550 2953 2607 ‘distinctionem
2985 2567 3190 2607 eorum
3223 2550 3443 2615 dicitur,
3473 2548 3558 2620 qui
3584 2546 3728 2601 miuo-

2171 2657 2265 2696 res
2295 2644 2452 2695 sunt.
2486 2639 2738 2696 Minores
2768 2645 2963 2696 autem
2982 2644 3123 2696 sunt
3145 2656 3346 2696 omnes
3376 2638 3467 2711 qui
3487 2640 3620 2693 extra
3635 2647 3730 2691 cum

2173 2733 2229 2784 et
2254 2733 2386 2799 post
2433 2744 2567 2783 eum
2615 2733 2775 2800 sunt,
2808 2734 2873 2784 ut
2928 2730 3227 2800 quomodo
3277 2725 3649 2801 primogenitus
3669 2723 3730 2776 est

2172 2817 2364 2874 omnis
2393 2821 2691 2885 creaturae,
2714 2822 2773 2873 et
2829 2818 3264 2891 primogenitus
3294 2834 3360 2873 ex
3387 2813 3632 2872 mortuis:
3674 2809 3732 2866 sic
3832 2874 3843 2886 ,

2171 2907 2440 2979 princeps
2470 2911 2527 2961 et
2558 2922 2807 2979 magnus
2826 2907 2902 2962 sit
2931 2905 2990 2961 in
3017 2906 3307 2962 universis
3328 2902 3684 2975 sacerdotibus.

2241 2996 2428 3069 (Vere.
2458 2996 2538 3067 2.)
2568 2996 2785 3052 chait
2816 2997 3080 3052 Dominus
3098 2996 3452 3065 exercituum,
3473 2988 3735 3049 dicenszPo-

2166 3086 2332 3156 palus
2351 3087 2451 3140 iste
2478 3084 2631 3154 dicit,
2663 3080 2909 3141 nondum
2938 3086 3085 3140 venit
3124 3092 3338 3157 tempus
3373 3083 3545 3138 domus
3574 3077 3735 3135 Domini

423 3168 564 3241 quia
581 3168 766 3224 Judas
783 3172 1100 3241 utrumque
1121 3168 1492 3226 sonat.Porro
1513 3175 1663 3226 ortus
1684 3173 1743 3226 in
1765 3173 2061 3245 Babylone,
2097 3176 2139 3243 ί]
2175 3173 2543 3244 aediﬁcanda}:
2581 3172 2900 3245 Diligenter
2929 3173 3167 3230 attende
3190 3172 3343 3246 quod
3374 3187 3481 3227 non
3497 3162 3733 3226 Zorobabel

421 3256 787 3314 secundum
801 3255 1105 3313 historiam
1120 3257 1356 3329 quidem
1370 3275 1497 3314 vere
1511 3258 1902 3316 deZorobabel
1923 3262 2066 3316 dici-

382 3371 386 3376 -
417 3349 535 3418 tur,
568 3344 700 3418 quir
730 3344 809 3401 ibi
833 3349 1007 3403 natus
1035 3351 1143 3403 est.
1163 3346 1273 3403 Sed
1305 3351 1362 3403 et
1382 3347 1555 3419 juxta
1570 3347 2063 3406 altioremintelli-

420 3433 681 3508 gentiam
703 3434 1013 3491 Dominum
1036 3439 1304 3491 nostrum
1326 3435 1532 3492 Jesum
1555 3441 1744 3493 sonat:
1770 3438 1911 3509 quia
1935 3439 2063 3512 ipse

408 3533 643 3599 quoque
674 3528 848 3580 natus
870 3524 947 3580 sit
976 3523 1035 3578 in
1059 3524 1399 3582 confusione
1416 3526 1595 3598 hujus
1617 3526 1838 3594 saeculi,
1871 3531 1927 3583 et
1941 3529 2062 3585 iue-

410 3612 488 3668 rit
519 3624 698 3686 prope
726 3613 1138 3685 gravissimum
1198 3613 1413 3670 ﬂumen
1447 3614 1693 3684 Chobar,
1748 3619 1805 3671 et
1854 3616 2063 3672 viderit

408 3710 686 3775 magnam
703 3701 987 3759 visionem
1000 3701 1161 3758 illam
1177 3719 1353 3775 quam
1366 3702 1478 3760 sub
1493 3708 1627 3776 typo
1647 3706 1777 3776 ejus
1799 3705 2061 3762 Ezechiel

407 3788 569 3864 (Cap.
603 3791 645 3864 1)
671 3790 728 3846 in
753 3790 1069 3847 voluminis
1089 3792 1181 3847 sui
1212 3792 1396 3847 cernit
1417 3793 1838 3859 exordio.0uod
1861 3800 2059 3851 autem

403 3878 521 3934 dixi
551 3879 920 3952 interpretari
951 3876 1286 3949 Zorobabel,
1316 3882 1633 3953 principem
1665 3882 1730 3937 de
1758 3883 2055 3956 Babylone,

407 3985 526 4026 non
557 3969 713 4040 quod
744 3985 878 4024 vere
911 3968 1178 4042 princeps
1208 3969 1761 4042 interpretetur,hoc
1792 3971 1909 4027 dixi
1934 3991 1948 4028 :
1973 3973 2056 4028 si-

404 4055 645 4127 q’uidem
658 4055 813 4128 apud
827 4054 1094 4112 Hebraeos
1108 4073 1177 4113 ex
1196 4057 1385 4114 tribus
1404 4058 1648 4132 integris
1673 4076 1885 4116 nomen
1927 4062 2057 4132 ejus

401 4144 654 4199 traditur
669 4156 798 4200 esse
811 4145 1206 4216 compositum
1230 4162 1326 4201 :zo
1344 4147 1502 4202 enim
1520 4148 1752 4216 dicitur,
1769 4152 1872 4205 iste
1890 4168 1903 4219 ;
1920 4164 2052 4215 non,

397 4233 678 4303 magister,
735 4234 855 4289 sive
909 4235 1127 4306 major:
1169 4251 1343 4291 BAVBL
1396 4237 1627 4308 proprie
1687 4239 2055 4310 Babylonium

400 4324 591 4390 sonat,
643 4324 700 4376 et
727 4320 982 4377 efﬁcitur
1037 4326 1249 4379 nomen
1280 4324 1594 4381 Zorobabel
1644 4310 1914 4400 (5:11“),
1947 4329 2052 4384 iste

403 4412 670 4481 magister
689 4409 763 4467 de
778 4408 1191 4483 Babylone.Sed
1204 4414 1277 4468 ad
1291 4414 1705 4485 compendium
1726 4416 2051 4490 intelligen-

401 4499 495 4556 tia
518 4514 622 4573 pro
651 4498 1003 4572 supradictis
1035 4499 1300 4570 minutis,
1331 4504 1639 4576 principem
1664 4505 1821 4561 volui
1865 4506 2050 4562 inter-

402 4588 618 4661 pretari
648 4588 715 4646 de
741 4589 1043 4662 Babylone,
1074 4590 1198 4647 sive
1226 4593 1286 4646 in
1318 4592 1612 4665 Babylone.
1646 4594 1719 4650 Ut
1764 4594 2049 4666 quomodo

396 4677 573 4734 Jesus
602 4677 762 4734 ﬁlius
790 4678 965 4748 Nave,
999 4679 1100 4751 qui
1125 4682 1181 4735 et
1200 4679 1327 4753 ipse
1345 4681 1404 4736 in
1425 4684 1562 4754 typo
1581 4682 1896 4740 Salvatoris
1920 4685 2051 4754 fuit,

397 4766 468 4821 de
494 4764 811 4823 solitudine
834 4767 1116 4840 populum
1138 4767 1196 4823 in
1217 4772 1371 4825 terra
1394 4770 1865 4843 repromissionis
1885 4771 2052 4828 indu-

398 4852 517 4909 xit:
548 4854 633 4911 sic
662 4858 720 4911 et
749 4853 860 4911 iste
900 4861 1205 4929 propterea
1235 4862 1395 4913 ortus
1427 4858 1485 4913 in
1535 4859 1828 4932 Babylone
1859 4860 1954 4928 sit,
1987 4866 2053 4918 ut

396 4958 499 5013 eos
528 4942 629 5016 qui
658 4949 825 5001 erant
856 4944 916 5000 in
961 4944 1274 5018 Babylone,
1307 4947 1603 5004 reduceret
1632 4949 1691 5004 in
1723 4955 1936 5007 terram
1960 4968 2049 5009 re-

419 5091 544 5181 '__(a)
575 5103 1274 5181 Quotsintrestitutiones
1297 5110 1509 5181 nostras
1538 5107 1599 5164 in
1630 5108 1741 5165 hoc
1767 5109 2047 5181 loco,non

394 5172 632 5251 aliunde
661 5176 808 5251 scire
826 5193 1141 5251 possumus
1155 5193 1333 5251 quam
1355 5194 1422 5234 ex
1441 5172 1924 5251 depravatissimo
1946 5200 2045 5239 ve-

393 5249 587 5320 terum
621 5247 945 5304 editionum
973 5247 1315 5320 bujuemodi
1346 5255 1404 5305 et
1429 5247 1576 5307 falso
1607 5258 1877 5309 contextu
1899 5271 1918 5309 :
1951 5255 2041 5311 Se-

370 5317 637 5405 cundum
664 5328 847 5404 autem
875 5321 1014 5405 quod
1032 5317 1281 5405 pontifex
1302 5324 1686 5405 eratpartabat
1705 5329 2045 5405 cogngminis

391 5390 505 5467 ejus
534 5390 712 5467 Jesus,
742 5394 853 5467 qui
870 5390 1265 5467 interpretatur
1294 5396 1400 5467 Dei
1416 5390 1587 5462 salus,
1620 5397 1678 5451 id
1698 5390 1792 5467 est,
1826 5399 2045 5454 Domini

390 5464 571 5544 salus:
595 5465 647 5516 et
672 5466 751 5518 est
769 5464 922 5544 filius
939 5464 1232 5544 Iosedech;
1258 5465 1401 5544 quod
1421 5472 1476 5522 et
1502 5469 1688 5544 ipsum
1705 5472 1766 5524 in
1778 5464 2044 5544 linguam

390 5535 639 5627 nostram
668 5537 897 5627 vertitur
924 5546 1009 5627 ni,
1045 5538 1106 5592 id
1132 5542 1231 5605 est,
1263 5535 1425 5605 Deus,
1458 5535 1597 5627 pix,
1632 5540 1689 5595 id
1708 5546 1809 5610 est,
1842 5535 2038 5614 justus.

390 5615 580 5677 Justus
609 5622 782 5692 enim,
814 5627 923 5683 etc.
955 5624 1120 5685 Certe
1149 5629 1209 5685 et
1254 5642 1411 5684 nunc
1460 5615 1817 5689 conﬁdenter
1845 5631 2039 5691 dicam

2172 3261 2261 3317 vel
2289 3262 2462 3319 Jesus
2484 3261 2721 3318 dicant:
2744 3261 2985 3318 nondum
2998 3264 3148 3318 venit
3161 3267 3370 3334 tempus
3381 3258 3553 3316 domus
3574 3251 3734 3319 Domini

2172 3352 2540 3423 aediﬁcanda;
2580 3352 2682 3407 sed
2714 3351 2965 3424 populus
2996 3351 3095 3423 qui
3120 3352 3318 3407 adhuc
3347 3350 3451 3407 sub
3478 3346 3618 3403 Dario
3640 3352 3734 3414 rege

2172 3441 2546 3512 constitutus,
2581 3440 2831 3496 necdum
2874 3441 3091 3514 jugum
3122 3440 3419 3497 servitutis
3459 3434 3732 3494 excusserat.

2171 3530 2302 3585 Sem
2312 3547 2528 3603 perque
2543 3530 2639 3603 qui
2655 3529 2981 3602 captivitaie
2996 3530 3344 3602 retinentur,
3365 3533 3420 3585 et
3437 3522 3621 3602 egressi
3638 3522 3737 3577 sunt

2171 3620 2242 3674 de
2260 3620 2606 3686 Jerusalem,
2641 3618 2919 3674 differunt
2942 3622 2999 3674 et
3030 3624 3341 3675 morantur
3367 3614 3735 3680 aediﬁcaretem-

2170 3706 2334 3780 plum
2367 3708 2488 3775 Dei,
2508 3712 2565 3763 et
2593 3707 2823 3763 dicunt:
2847 3706 3089 3762 nondum
3113 3710 3269 3763 venit
3288 3700 3737 3779 tempusdomusDo-

2166 3799 2311 3853 mini
2336 3797 2769 3867 aadiﬁcandet
2784 3800 2847 3852 tu
2859 3796 3094 3868 quando
3110 3797 3334 3853 videris
3354 3795 3581 3866 aliquem
3593 3799 3736 3859 egres-

2167 3903 2300 3942 sum
2329 3888 2400 3941 de
2430 3886 2706 3953 Ecclesia,
2732 3885 2829 3956 qni
2854 3885 3105 3941 traditus
3130 3886 3324 3942 fuerat
3345 3885 3549 3941 Satanae
3566 3875 3736 3933 ininte-

2167 3975 2349 4030 ritum
2385 3975 2598 4043 carnis,
2623 3979 2688 4030 ut
2719 3974 2963 4046 spiritus
2994 3972 3200 4031 salvus
3223 3975 3384 4031 ﬁeret
3409 3972 3450 4046 (Ι
3480 3970 3582 4026 Cor.
3609 3968 3650 4036 ν)
3673 3976 3739 4018 οοο

2164 4066 2218 4137 gi
2229 4069 2350 4120 tare
2378 4069 2552 4136 atque
2582 4054 2993 4136 disponere,‘ut
3017 4063 3272 4120 aediﬁcet
3288 4060 3550 4135 templum
3562 4069 3644 4130 per
3660 4064 3734 4124 Ρη·

2165 4153 2451 4220 dicitiam,
2482 4151 2636 4225 quod
2667 4169 2773 4225 per
2803 4152 3107 4208 libidinem
3146 4156 3284 4209 ante
3339 4145 3669 4209 destruxerat,
3698 4141 3737 4191 et

2162 4245 2357 4297 tamen
2390 4241 2544 4297 diem
2574 4241 2646 4297 de
2675 4241 2768 4297 die
2787 4240 3039 4312 trahere,
3071 4240 3169 4297 die
3195 4242 3267 4297 ad
3300 4252 3431 4297 eum
3454 4255 3472 4292 :
3491 4233 3613 4290 Vere
3634 4229 3734 4283 eth!

2162 4330 2232 4385 de
2259 4329 2474 4403 populo
2503 4347 2566 4387 es
2596 4330 2983 4403 captivorum,
3008 4333 3064 4385 et
3096 4335 3159 4386 tu
3186 4330 3374 4387 dicis:
3401 4324 3610 4411 nonde
3631 4314 3738 4411 υθπξξ

2161 4423 2369 4490 tempus
2397 4420 2590 4476 domus
2608 4420 2830 4476 Domini
2849 4417 3331 4489 aedificandaoui
3355 4412 3520 4473 semel
3542 4404 3733 4466 decrevit

2159 4507 2486 4564 instaurare
2516 4508 2801 4580 templum
2831 4507 2954 4577 Dei,
2986 4506 3125 4563 huic
3156 4522 3335 4563 omne
3354 4512 3559 4576 tempus
3574 4496 3729 4566 aptum

2162 4600 2253 4653 est
2280 4597 2352 4652 ad
2373 4597 2782 4653 aediﬁcandum
2807 4615 2826 4652 :
2858 4612 2963 4652 nec
2993 4594 3391 4652 rex‘diabolus
3422 4590 3579 4666 potest
3595 4582 3732 4651 imPe'

2162 4685 2306 4753 dire,
2339 4702 2444 4745 nec
2474 4686 2671 4743 hostes
2704 4701 2806 4759 per
2832 4685 3169 4756 circuitum,
3198 4701 3306 4741 nec
3334 4668 3737 4757 pietassimulatn

2162 4779 2492 4846 parentum,
2520 4773 3159 4840 afﬁnium,liberorum:
3184 4774 3385 4829 statim
3410 4773 3469 4826 ut
3489 4768 3735 4823 conversus

2163 4862 2573 4920 inclamaveris
2604 4880 2815 4920 nomen
2846 4862 3102 4933 Domini,
3124 4863 3285 4918 dicet
3309 4861 3463 4917 :Ecce
3485 4855 3662 4913 adsum-

2230 4950 2416 5022 (Vcrs.
2435 4952 2514 5024 3.)
2536 4953 2599 5008 Et
2616 4958 2827 5024 factum
2842 4959 2921 5008 est
2938 4951 3166 5007 verbum
3185 4950 3416 5007 Domini
3434 4949 3489 5003 in
3506 4953 3647 4999 mm
3662 4934 3736 5001 ΑΨ

2157 5128 2303 5184 nihil
2326 5145 2471 5203 pene
2489 5127 2999 5203 Hieronymianum
3024 5129 3286 5203 esse,sed
3310 5132 3491 5203 totum
3512 5121 3737 5203 ungue

2156 5217 2297 5273 nium
2327 5175 2388 5256 ἕι
2418 5175 2780 5257 Marianeiim
2801 5200 2859 5255 in
2885 5175 3734 5273 praesenti,Commentax'ift-‘Qllﬁ‘l

2154 5272 2203 5327 si
2234 5272 2316 5326 ita
2345 5278 2452 5340 est,
2478 5275 2575 5328 ubi
2609 5279 2742 5329 ante
2764 5263 3022 5326 nostram
3048 5271 3199 5326 hanc
3223 5276 3450 5327 aetatem
3471 5263 3733 5340 exstitit}?

2153 5360 2269 5416 rus;
2285 5349 2342 5416 et
2369 5330 2663 5416 genuinus
2694 5344 3103 5416 Hieronymus,
3121 5358 3258 5416 vere
3281 5344 3432 5416 pius,
3455 5330 3732 5416 νεῖσθᾶοῆιξδ

2154 5395 2404 5471 satis:
2415 5395 2760 5472 missing?
2775 5395 3048 5470 Mittin:
3066 5395 3440 5470 omnesne;
3455 5420 3611 5467 sensu
3630 5395 3730 5460 erat

2151 5490 2490 5566 cognominis
2516 5505 2527 5544 :
2562 5480 2934 5566 Martianmus
2955 5485 3174 5566 absque
3197 5480 3731 5566 aspiratipng

2148 5546 2270 5614 mus
2299 5559 2521 5627 scribit,
2574 5565 2794 5616 veteres
2840 5573 2911 5614 ue
2964 5546 3287 5626 editiones;
3350 5555 3462 5613 uod
3514 5546 3733 5610 Hebrum

2151 5630 2516 5687 obtruderint
2540 5632 2736 5687 verba.
2770 5575 2908 5687 nius
2927 5628 3071 5687 satis
3098 5573 3372 5687 aestima.

2151 5630 2516 5691 obtruderint
2540 5632 2736 5702 verba,
2770 5628 2908 5705 plus
2927 5628 3071 5688 satis
3098 5628 3328 5705 castiga
