3940 6166
213 401 342 468 “01

937 400 1685 468 COMMENTARIORUM
1728 399 1806 463 IN
1851 399 2206 466 AGGEUM
2250 402 2505 467 LIBER.
2542 401 2714 468 CAP.
2757 402 2837 468 II.

3430 407 3588 473 1403

212 538 346 596 Darii
373 536 548 612 regis,
573 541 630 595 et
659 538 952 596 faciebant
971 555 1119 611 opus
1139 538 1200 594 in
1221 539 1393 594 domo
1418 537 1644 595 Domini
1673 551 1833 592 exer-
1864 535 1921 603 Α
1947 537 2142 592 caelum
2171 545 2222 594 et
2247 543 2473 607 terram,
2505 547 2556 594 et
2583 555 2738 595 mare
2759 543 2813 596 et
2833 539 3068 612 aridam,
3092 547 3146 598 et
3163 542 3387 599 movebo
3405 558 3592 601 omnes

211 630 412 685 cituum
441 629 536 684 Dei
561 629 674 685 sui.
690 629 1030 701 Prescipitur
1049 633 1246 684 autem
1269 629 1458 698 nobis,
1477 634 1538 683 ut
1559 625 1831 682 aediﬁcari

211 717 374 791 possit
390 719 600 773 domus
618 718 939 791 spiritualis
962 719 1020 773 in
1044 719 1432 773 sacerdotium
1453 722 1742 784 sanctum,
1760 716 1832 771 ad

210 807 514 863 offerendas
543 807 876 878 spirituales
906 807 1176 862 victimas
1208 805 1502 878 placentes
1537 807 1669 875 Deo,
1689 803 1834 859 tales

209 912 305 951 nos
317 897 562 967 praebere
579 898 615 951 7
628 897 727 954 53
746 905 808 950 ut
824 895 1140 951 suscitetur
1154 896 1214 950 in
1231 896 1397 951 nobis
1409 894 1660 966 Spiritus
1675 911 1838 950 sanc-

209 989 312 1048 tus,
333 989 387 1040 et
409 985 812 1057 ingrediamur
832 986 891 1039 in
914 986 1152 1040 domum
1185 985 1442 1050 Domini,
1468 990 1523 1040 et
1551 984 1834 1039 faciamus

208 1089 364 1146 opera
380 1073 634 1130 Domini.
651 1074 782 1129 Jam
803 1074 957 1128 enim
977 1073 1290 1130 Zorobabel
1313 1075 1384 1128 de
1404 1089 1614 1146 genere
1631 1072 1832 1138 David,

209 1163 426 1218 etJesus
439 1163 711 1218 sacerdos
732 1161 793 1217 in
807 1168 1089 1218 aeternum
1112 1163 1432 1218 suscitatus
1445 1168 1532 1217 est
1550 1179 1582 1216 a
1596 1162 1760 1216 Patre
1774 1161 1833 1215 in

207 1249 646 1321 virtute,secund
658 1267 755 1305 um
770 1251 1044 1322 spiritum
1064 1250 1541 1306 sanctiﬁcationis
1555 1250 1625 1304 de
1643 1267 1835 1305 resur-

209 1340 450 1396 rectione
481 1343 868 1405 mortuorum,
892 1344 958 1394 ut
981 1339 1079 1395 ille
1111 1340 1307 1411 praesit
1335 1339 1493 1410 operi
1520 1357 1532 1406 ;
1568 1355 1674 1394 nos
1704 1354 1838 1394 vero

210 1429 503 1495 faciamus,
534 1428 660 1499 ipso
684 1429 992 1499 adjuvante
1012 1432 1069 1483 et
1092 1427 1456 1500 disponente.
1485 1427 1617 1490 Quae
1637 1432 1834 1482 tamen

208 1532 368 1590 opera
393 1516 492 1572 Dei
519 1517 709 1572 facere
728 1521 860 1572 aute
882 1533 997 1572 non
1021 1533 1358 1588 possumus,
1388 1516 1500 1572 nisi
1520 1516 1837 1571 timeamus

209 1621 241 1661 a
269 1604 403 1659 facie
432 1603 687 1672 Domini,
721 1609 779 1659 et
811 1605 1142 1674 credamus,
1175 1611 1233 1660 et
1262 1605 1663 1677 ingrediamur
1690 1610 1836 1660 tem-

205 1693 356 1765 plum
381 1693 498 1759 Dei,
521 1697 578 1748 et
599 1709 666 1748 ea
689 1709 815 1764 quas
836 1693 1034 1748 domui
1059 1693 1160 1749 Dei
1187 1694 1364 1765 digna
1385 1699 1524 1749 sunt
1547 1697 1839 1766 perpetre-

207 1797 350 1838 mus.
371 1781 656 1846 Quoniam
677 1798 812 1837 vero
838 1782 1029 1837 adhuc
1050 1783 1110 1837 in
1132 1782 1342 1838 saeculo
1365 1799 1594 1850 sumus,
1624 1787 1680 1837 et
1701 1787 1843 1837 tem-

205 1887 309 1945 pus
328 1871 729 1926 aadificationis‘
745 1875 955 1926 nostrae
978 1871 1089 1926 sub
1117 1871 1288 1926 Dario
1311 1887 1444 1943 rege
1475 1871 1832 1939 versatur,in

203 1976 310 2032 quo
328 1959 704 2032 generationi,
723 1960 1014 2031 conjugiis
1030 1960 1308 2031 cernique
1329 1961 1604 2016 servitur:
1623 1960 1841 2016 idcirco

207 2047 261 2102 in
291 2051 447 2102 sexto
489 2064 733 2103 numero
766 2064 882 2118 quo
913 2047 1104 2103 factus
1137 2054 1225 2104 est
1258 2049 1536 2117 mundus,
1571 2054 1627 2104 et
1657 2049 1715 2103 in
1749 2065 1844 2104 se-

206 2136 390 2191 cundo
423 2152 576 2192 anno
609 2137 710 2208 qui
742 2137 948 2191 dividit
981 2137 1258 2193 unionem
1302 2139 1568 2208 (materia
1597 2138 1755 2193 enim
1783 2138 1843 2192 in

207 2240 322 2296 qua
349 2225 551 2280 mundi
575 2225 863 2297 reparatio
885 2225 1221 2298 sobolisque
1241 2227 1529 2292 consistit,
1553 2226 1844 2299 duplicem

207 2328 510 2368 numerum
543 2313 778 2386 diligit),
827 2313 1194 2386 ingredimur
1225 2316 1468 2370 domum
1501 2315 1754 2386 Domini,
1788 2320 1848 2371 et

203 2405 442 2472 utroque
474 2400 688 2473 populo
731 2406 1101 2474 congregato,
1153 2404 1511 2458 exstruimus
1557 2402 1845 2475 templum

207 2490 322 2545 Dei.
337 2489 414 2544 Ex
432 2491 508 2560 (a)
527 2490 758 2545 duobus
777 2490 935 2546 enim
953 2491 1263 2546 duodecim
1287 2491 1570 2561 numeris,
1584 2492 1845 2548 vicesimi

203 2577 388 2651 quarti
405 2579 637 2634 numeri
657 2595 892 2634 summa
914 2578 1209 2635 consistit:
1230 2580 1370 2652 quia
1384 2584 1505 2636 tam
1518 2597 1586 2637 ex
1601 2581 1849 2636 circum-

201 2667 417 2723 cisione
446 2683 622 2739 quam
638 2683 707 2723 ex
723 2668 1236 2741 gentibus,Christi
1252 2668 1505 2726 Ecclesia
1521 2670 1709 2742 prima
1721 2687 1848 2742 quae

198 2771 394 2812 eversa
423 2757 634 2823 fuerat,
686 2757 971 2812 mdificata
1001 2762 1107 2812 est.
1161 2758 1271 2813 Sed
1303 2763 1362 2814 et
1391 2759 1502 2813 hoc
1532 2775 1847 2830 possumus

198 2844 407 2916 dicere,
440 2847 580 2916 quia
609 2850 847 2902 octavus
869 2863 1153 2903 numerus
1185 2849 1284 2919 qui
1307 2854 1548 2904 sanctus
1578 2854 1686 2915 est,
1711 2853 1766 2905 et
1785 2850 1846 2904 in

199 2934 816 2991 veraecircumcisionis
833 2940 968 3008 typo
982 2937 1287 3008 accipitur,
1302 2937 1634 3010 triplicatus
1651 2938 1848 2994 vicesi-

204 3038 368 3079 mum
393 3028 669 3095 quartum
695 3041 1007 3080 numerum
1031 3025 1186 3090 facit,
1213 3026 1533 3098 figuraliter
1554 3043 1659 3082 nos
1680 3028 1846 3082 doce-

204 3128 360 3178 mur,
383 3117 448 3167 ut
465 3112 823 3169 aediﬁcemus
845 3114 1086 3169 domum
1115 3115 1339 3170 Domini
1363 3117 1422 3170 in
1449 3117 1849 3188 amputatione

199 3201 413 3268 carnis,
446 3206 503 3257 et
528 3202 804 3258 vitiorum
835 3203 1299 3270 circumcisione,
1327 3211 1593 3260 etveram
1620 3205 1848 3276 purita-

1946 635 2147 696 gentes.
2198 630 2262 683 Et
2287 630 2469 684 veniet
2501 629 2842 685 desideratus
2869 633 3080 687 cunctis
3107 631 3376 700 gentibus,
3405 640 3458 689 et
3486 637 3592 690 im-

1947 715 2106 782 plebo
2133 715 2356 771 domum
2403 718 2509 771 ista
2556 718 2760 786 gloria,
2792 720 2935 775 dicit
2950 721 3212 776 Dominus
3230 724 3588 778 exercituum.

1950 805 2125 860 Meum
2153 809 2231 860 est
2258 814 2562 877 argentum,
2595 809 2645 862 et
2669 823 2854 862 meum
2879 812 2958 863 est
2983 825 3204 875 aurum,
3233 809 3370 865 dicit
3399 813 3594 867 Domi-

1949 909 2056 947 nus
2086 896 2445 950 exercituum.
2478 895 2674 964 Magna
2699 898 2805 951 erit
2825 897 3004 965 gloria
3023 900 3212 953 domus
3243 901 3402 955 istius
3420 902 3598 957 novis-

1951 983 2129 1052 sima’,
2161 983 2453 1054 plusquam
2478 987 2693 1055 primae,
2729 985 2862 1040 dicit
2880 988 3141 1041 Dominus
3159 991 3597 1046 exercituum!“

1955 1072 2015 1124 in
2048 1071 2159 1126 loco
2189 1074 2296 1127 isto
2324 1072 2459 1127 dabo
2500 1089 2712 1144 pacem,
2759 1074 2892 1129 dicit
2936 1076 3198 1131 Dominus
3233 1079 3594 1133 exercituum.

1955 1160 2168 1214 Eodem
2201 1177 2376 1227 anno,
2405 1163 2504 1217 sed
2531 1178 2732 1218 mense
2763 1163 3030 1235 septimo,
3056 1166 3116 1219 in
3137 1181 3252 1236 quo
3270 1167 3600 1222 solemnita-

1956 1252 2044 1303 tes
2078 1249 2195 1318 [Dei
2227 1250 2312 1305 Al.
2346 1250 2459 1321 die]
2491 1255 2632 1306 sunt
2656 1250 2846 1323 prima
2865 1257 2922 1307 et
2943 1252 3224 1309 vicesima
3241 1252 3335 1310 die
3355 1254 3599 1323 mensis,

1957 1336 2014 1391 id
2043 1341 2154 1403 est,
2185 1338 2492 1411 completis
2522 1339 2712 1396 tribus
2741 1341 3228 1409 hebdomadibus,
3259 1347 3319 1398 et
3348 1344 3603 1416 perfecta

1956 1425 2017 1480 in
2049 1427 2324 1498 mysterio
2355 1428 2658 1485 Trinitatis
2689 1429 2909 1502 requie,
2932 1431 3102 1487 tertio
3124 1432 3340 1488 factum
3363 1436 3452 1488 est
3471 1449 3602 1488 ver-

1959 1515 2098 1570 bum
2118 1516 2346 1572 Domini
2374 1517 2432 1572 in
2459 1533 2637 1572 manu
2662 1517 2850 1591 Aggei
2874 1519 3304 1592 prophetaa,qui
3325 1521 3600 1577 continuo

1955 1603 2154 1660 labore
2183 1606 2456 1676 sudabat,
2489 1610 2554 1661 ut
2584 1623 2815 1680 semper
2844 1608 2901 1663 in
2934 1624 3000 1664 eo
3023 1625 3214 1665 sermo
3239 1609 3341 1666 Dei
3362 1609 3604 1667 haberet

1956 1693 2032 1764 (b)
2046 1709 2346 1750 accessum
2359 1695 2806 1752 .Praateritorum
2821 1696 2976 1752 enim
2992 1697 3426 1769 obliviscens,et
3442 1699 3502 1753 in
3518 1699 3603 1754 fu—

1956 1785 2156 1837 turum
2189 1798 2250 1838 se
2280 1785 2595 1840 extendens
2624 1785 2895 1857 (Philipp.
2922 1787 3033 1857 III),
3056 1786 3138 1842 ita
3157 1787 3418 1858 quotidie
3436 1787 3599 1844 labo-

1959 1871 2144 1937 rebat,
2161 1873 2330 1942 quasi
2353 1874 2787 1944 precedentium
2809 1890 3048 1946 operum
3073 1875 3218 1931 nihil
3239 1875 3498 1933 haberet.
3512 1875 3605 1932 Di-

1955 1960 2106 2015 citur
2134 1976 2270 2032 ergo
2301 1961 2350 2016 ei
2379 1979 2392 2016 :
2423 1966 2666 2033 Loquere
2694 1965 2763 2018 ab
2793 1964 3105 2033 Zorobabel,
3137 1975 3187 2019 et
3217 1965 3288 2019 ad
3314 1967 3518 2032 Iesum,
3554 1970 3606 2021 et

1953 2050 2230 2120 reliquum
2255 2050 2536 2122 populum,
2585 2051 2684 2124 qui
2717 2052 2988 2107 viderunt
3025 2052 3329 2124 antiquam
3359 2053 3602 2109 domum

1953 2139 2076 2204 Dei,
2109 2142 2166 2194 et
2195 2155 2351 2194 nunc
2379 2139 2676 2196 intersunt
2704 2140 3112 2196 instaurationi
3144 2142 3294 2212 eius,
3314 2141 3604 2214 numquid

1954 2229 2025 2284 ad
2059 2229 2555 2300 comparationem
2597 2228 2834 2300 prioris,
2887 2246 3003 2286 non
3051 2229 3188 2286 talis
3217 2235 3308 2286 est
3334 2230 3449 2287 ista
3478 2245 3606 2302 qua

1955 2315 2234 2382 cernitur,
2267 2320 2334 2372 ut
2363 2317 2617 2388 quodam
2650 2317 2822 2373 modo
2854 2332 2969 2374 non
2999 2334 3129 2374 esse
3151 2318 3460 2374 videatur?
3489 2318 3607 2374 νο.

1955 2421 2086 2460 rum
2119 2404 2295 2461 nolite
2325 2406 2654 2478 desperare,
2689 2422 2795 2462 nec
2827 2405 3015 2463 lassas
3065 2422 3278 2463 manus
3307 2405 3604 2474 dimittite,

1956 2495 2058 2551 sed
2091 2498 2148 2550 et
2176 2499 2261 2561 tu,
2295 2494 2610 2551 Zorobabel
2643 2501 2700 2551 et
2729 2501 2812 2562 tu,
2845 2496 3009 2562 Jesu,
3053 2500 3116 2552 et
3143 2495 3338 2552 omnis
3370 2495 3601 2568 populo,

1955 2583 2390 2651 confortamini,
2411 2587 2468 2639 et
2489 2585 2657 2640 facite
2673 2599 2822 2656 opus
2842 2584 2903 2640 in
2921 2585 3094 2640 domo
3117 2599 3280 2640 mea:
3306 2584 3423 2656 Ego
3445 2583 3603 2641 enim

1956 2687 2087 2729 sum
2101 2672 2400 2728 vobiscum
2411 2676 2487 2740 ,et
2497 2688 2689 2728 sermo
2703 2689 2871 2728 meus
2881 2689 3057 2744 quem
3071 2672 3263 2745 pepigi
3274 2671 3576 2728 vobiscum
3586 2712 3601 2740 ,

1956 2777 2091 2816 cum
2112 2751 2533 2832 egrederemini
2559 2761 2631 2816 de
2651 2765 2806 2816 terra
2817 2762 3064 2834 Egypti.
3081 2762 3151 2816 Et
3171 2761 3416 2832 spiritus
3434 2775 3602 2816 meus

1957 2865 2071 2905 non
2096 2850 2322 2906 recedet
2351 2866 2385 2905 a
2414 2850 2580 2906 vobis
2605 2866 2616 2904 :
2653 2849 2834 2905 nolite
2857 2850 3083 2919 timere,
3107 2865 3213 2922 ego
3235 2865 3370 2906 sum
3392 2849 3492 2921 qui
3509 2850 3602 2921 ju-

1957 2939 2063 2993 beo
2085 2937 2371 2994 Dominus
2391 2939 2785 3010 omnipotens,
2808 2939 2978 3008 cujus
2999 2937 3237 3010 dixisse,
3263 2937 3470 2994 fecisse
3489 2942 3598 2994 est.

1957 3026 2198 3090 Quando
2243 3027 2499 3098 primum
2553 3030 2972 3082 testamentum
3006 3027 3152 3084 ’τῦῦ
3188 3026 3421 3092 dabam,
3453 3029 3513 3082 et
3539 3025 3602 3081 in

1958 3114 2098 3171 Sina
2115 3119 2312 3170 monte
2334 3132 2466 3171 sum
2485 3116 2666 3183 visus,
2683 3115 2967 3172 commovi
2989 3115 3200 3171 caelum
3223 3119 3281 3170 et
3296 3118 3604 3180 terram,et

1960 3220 2123 3259 mare
2155 3204 2443 3270 Rubrum,
2476 3210 2533 3260 et
2564 3205 2886 3270 desertum,
2917 3208 2983 3259 ut
3001 3205 3602 3276 vobiscumponerem

196 3297 317 3348 tem
347 3305 476 3346 esse
503 3291 814 3347 credamus
843 3291 902 3346 in
933 3292 1168 3348 nomine
1190 3294 1379 3349 Patris
1403 3300 1460 3349 et
1484 3293 1610 3350 Filii
1641 3299 1697 3350 et
1716 3294 1842 3367 Spi-
1873 3297 1916 3363 C
1954 3294 2429 3360 Testamentum;
2451 3309 2606 3348 nunc
2620 3297 2815 3349 autem
2834 3292 3293 3366 polliceorvobis
3307 3308 3399 3348 me
3412 3291 3603 3348 adhuc

194 3379 346 3436 ritus
371 3379 578 3436 sancti.
611 3382 786 3436 Porro
817 3382 968 3437 alius
1001 3381 1185 3437 sexies
1209 3387 1483 3454 quartum
1508 3384 1845 3455 supputavit

192 3484 531 3535 numerum,
566 3473 622 3524 et
652 3474 906 3541 quatuor
925 3470 1100 3525 refert
1120 3472 1191 3525 ad
1219 3470 1506 3526 elementa
1526 3473 1752 3539 mundi,
1777 3489 1845 3526 ex

188 3555 414 3627 quibus
430 3555 815 3613 subsistimus
833 3575 845 3624 ;
863 3573 964 3614 sex
973 3573 1107 3613 vero
1120 3558 1192 3613 ad
1206 3559 1597 3615 conditionem
1616 3560 1842 3630 mundi,

185 3645 250 3700 in
271 3660 389 3716 quo
410 3645 540 3717 ipsa
558 3645 848 3702 elementa
869 3650 1196 3701 versantur.
1218 3646 1286 3700 Et
1303 3647 1468 3702 dicit:
1493 3647 1633 3719 quia
1656 3649 1846 3703 adhuc

187 3733 254 3790 in
292 3734 544 3790 materia
571 3751 802 3806 sumus,
835 3739 891 3791 et
924 3736 1083 3807 gravi
1115 3752 1355 3807 corpore
1386 3737 1842 3806 circumdamur,

186 3826 248 3879 et
279 3822 570 3879 servimus
600 3824 1096 3895 generationibus,
1152 3829 1417 3881 extruere
1467 3826 1707 3896 quidem
1739 3843 1846 3882 nos

185 3909 506 3982 templum,
519 3917 574 3967 et
592 3911 807 3968 intrare
825 3913 884 3966 in
903 3913 1144 3967 domum
1159 3913 1280 3982 Dei,
1295 3917 1351 3969 et
1368 3915 1536 3986 quasi
1555 3915 1626 3970 de
1640 3931 1846 3972 somno

183 3999 360 4074 gravi
391 4001 663 4056 suscitari
695 4000 968 4073 spiritum
1001 4007 1266 4057 nostrum
1298 4021 1311 4071 ;
1337 4004 1436 4058 sed
1461 4003 1652 4060 adhuc
1672 4004 1732 4059 in
1761 4005 1848 4060 vi-

186 4089 421 4146 cesimo
452 4096 659 4162 quarto
689 4091 785 4146 die
816 4090 1076 4162 idipsum
1113 4091 1317 4146 facere.

269 4179 436 4250 (Cap.
474 4180 541 4234 ΙΙ.
571 4209 639 4219 --
667 4179 832 4236 Vere.
867 4181 892 4233 1
929 4183 1118 4251 seqq.)
1169 4180 1231 4235 In
1269 4181 1498 4251 septimo
1527 4197 1732 4248 mense,
1762 4183 1852 4238 vi-

182 4269 411 4324 cesima
437 4275 488 4323 et
512 4269 698 4339 prima
726 4271 949 4335 mensis,
971 4271 1183 4338 factum
1207 4272 1282 4323 est
1303 4269 1524 4344 verbum
1546 4271 1771 4326 Dommi
1791 4273 1851 4326 in

175 4372 370 4410 manu
401 4357 587 4427 ΛαρεΒί
609 4357 884 4428 propheta
913 4355 1099 4411 dicens
1120 4373 1139 4409 :
1169 4358 1410 4429 Loquere
1441 4359 1511 4412 ad
1532 4360 1846 4425 Zorobabel,

175 4446 383 4515 ﬁlium
412 4444 711 4512 Salathiel,
734 4446 922 4501 ducem
941 4448 1101 4515 Iuda,
1131 4448 1167 4499 7
1182 4446 1280 4501 54
1308 4454 1360 4501 et
1379 4448 1448 4501 ad
1467 4449 1650 4503 Iesum
1669 4450 1851 4518 ﬁlium

171 4535 420 4592 losedec
438 4534 782 4591 sacerdotem
800 4551 1092 4607 magnum,
1115 4539 1164 4591 et
1187 4535 1256 4589 ad
1277 4537 1518 4606 reliquos
1535 4538 1747 4609 papuli,
1762 4539 1848 4593 di-

167 4639 316 4679 cens
337 4641 356 4677 :
391 4623 520 4691 Quis
550 4625 611 4678 in
636 4625 785 4679 vobis
815 4632 891 4679 est
921 4623 1236 4693 derelictus,
1263 4627 1359 4694 qui
1378 4625 1514 4680 vidit
1533 4625 1750 4682 domum
1774 4630 1845 4682 is-

164 4715 305 4766 tam
335 4714 401 4766 in
429 4714 611 4782 gloria
637 4729 740 4767 sua
767 4713 985 4782 prima?
1014 4711 1145 4782 quid
1172 4728 1263 4767 vos
1293 4713 1485 4768 videtis
1505 4715 1647 4769 hanc
1664 4721 1846 4771 nunc?

161 4802 466 4874 numquid
494 4817 600 4857 non
634 4803 716 4856 ita
743 4810 820 4856 est
840 4802 1002 4873 quasi
1028 4817 1139 4857 non
1159 4804 1232 4856 sit
1252 4804 1311 4856 in
1331 4802 1500 4857 oculis
1527 4807 1760 4859 vestris?
1782 4807 1846 4860 Et

158 4907 338 4946 nunc
368 4893 700 4963 confortare,
732 4891 1043 4957 Zorobabel,
1076 4891 1210 4946 dicit
1238 4892 1519 4959 Dominus,
1550 4904 1600 4947 et
1628 4896 1842 4965 confor-

153 4983 326 5047 tare,
361 4982 488 5036 Jesu
515 4980 602 5050 ﬁli
629 4979 875 5046 Josedec,
907 4979 1152 5035 sacerdos
1180 4996 1400 5051 magne,
1433 4989 1489 5035 et
1513 4983 1841 5055 con/crtare,

155 5070 372 5125 omnis
398 5068 642 5140 populus
663 5077 846 5139 terrae,
874 5069 1008 5124 dicit
1022 5070 1291 5123 Dominus
1310 5073 1669 5139 exercituum,
1693 5081 1742 5127 et
1763 5076 1845 5143 la-

149 5159 287 5214 cite
307 5175 327 5211 :
361 5161 627 5230 quoniam
656 5175 758 5232 ego
789 5159 1069 5214 vobiscum
1088 5174 1228 5225 sum,
1253 5158 1386 5214 dicit
1413 5160 1672 5215 Dominus
1691 5177 1844 5217 exer-

147 5249 421 5303 cituum.
462 5249 690 5304 Verbum
718 5248 863 5320 quod
889 5249 1074 5319 pepigi
1101 5247 1377 5302 vobiscum
1405 5265 1528 5303 cum
1559 5251 1842 5321 egredere-

143 5339 330 5392 mini
362 5337 429 5392 de
458 5344 608 5394 terra
637 5339 878 5409 AEgypti,
911 5342 963 5392 et
997 5338 1230 5409 spiritus
1256 5354 1407 5392 meus
1439 5340 1545 5393 erit
1579 5341 1637 5394 in
1665 5341 1842 5397 medio

139 5434 447 5497 vestrum,
470 5428 643 5482 nolite
662 5429 870 5482 timere.
900 5427 1041 5494 Quia
1062 5425 1174 5481 haec
1192 5425 1326 5482 dicit
1346 5428 1606 5483 Dominus
1631 5432 1839 5485 ererci-
1879 5455 1883 5458 ·

138 5525 369 5584 tuum,
422 5516 598 5572 adhuc
642 5533 817 5571 unum
853 5517 1132 5572 modicum
1159 5519 1257 5586 est,
1292 5521 1343 5571 et
1372 5533 1468 5585 ego
1498 5522 1840 5574 commovebo

229 5675 328 5746 (a)
356 5673 564 5750 Melior
583 5675 788 5750 utique
808 5674 977 5750 lectio
1001 5674 1097 5740 sit,
1113 5684 1291 5750 quam
1316 5677 1374 5731 et
1394 5675 1686 5734 Victorius
1712 5694 1838 5750 pro-

122 5747 292 5818 bat,
330 5762 409 5804 ea:
439 5747 525 5805 his
554 5747 707 5805 enim
729 5747 1014 5806 duodecim
1041 5748 1305 5804 numeris.

1955 3381 2134 3439 semel
2161 3380 2372 3436 coelum
2396 3385 2453 3436 et
2473 3385 2710 3449 terram,
2733 3387 2793 3438 et
2814 3399 2974 3437 mare
2996 3385 3054 3437 et
3100 3381 3326 3438 aridam
3349 3397 3603 3436 commo-

1951 3473 2174 3535 turum,
2208 3475 2269 3521 ul
2290 3466 2406 3521 illis
2428 3469 2758 3532 commotis,
2782 3471 3130 3523 moveantur
3148 3483 3355 3522 omnes
3375 3470 3602 3538 gente,

1954 3560 2012 3612 et
2030 3556 2264 3611 veniant
2279 3557 2452 3628 juxta
2478 3555 2617 3610 LXX
2648 3572 2768 3627 quae
2789 3557 2958 3611 electa
2976 3562 3106 3610 sunt
3127 3555 3348 3610 Domini
3370 3554 3442 3608 de
3461 3566 3604 3610 cun-

1955 3645 2064 3700 ctis
2085 3644 2386 3717 gentibus;
2404 3644 2575 3713 juxta
2596 3645 2945 3700 Hebraicum
2969 3643 3318 3709 vero,veniet
3339 3641 3610 3698 desidera-

1955 3742 2043 3789 tus
2072 3737 2282 3789 cunctis
2310 3733 2558 3804 gentibus
2587 3732 2873 3788 Dominus
2898 3735 3099 3787 noster
3117 3736 3291 3802 atque
3313 3729 3599 3786 Salvator.

1955 3824 2116 3878 Tunc
2165 3821 2420 3894 implebo
2467 3821 2710 3876 domum
2751 3820 2930 3876 istam
2959 3818 3148 3892 gloria
3176 3819 3398 3889 majore
3425 3833 3606 3889 quam

1957 3912 2302 3984 priorem,et
2321 3926 2555 3982 semper
2571 3909 2737 3966 vobis
2758 3911 2993 3978 addam,
3007 3907 3146 3964 dicit
3166 3906 3451 3964 Dominus
3473 3922 3604 3963 om-

1957 4001 2325 4072 nipotens.Et
2337 4015 2408 4054 ne
2420 3999 2662 4054 forsitan
2677 4014 3019 4072 sponsorem
3036 3997 3254 4070 putetis
3266 3996 3569 4054 infirmum
3589 4012 3603 4052 :

1959 4105 2155 4145 meum
2186 4092 2276 4145 est
2306 4105 2533 4156 aurum,
2576 4093 2634 4145 et
2665 4103 2862 4144 meum
2893 4091 2985 4144 est
3013 4090 3344 4161 argentum,
3376 4090 3434 4142 et
3463 4101 3604 4142 meo

1959 4184 2099 4234 sunt
2111 4181 2332 4234 cunctae
2347 4193 2506 4250 opes.
2524 4179 2641 4251 Ego
2659 4177 2718 4234 in
2741 4183 3154 4234 ornamentum
3170 4175 3373 4250 templi
3391 4191 3604 4232 aurum

1959 4272 2386 4340 argentumque
2404 4268 2728 4335 donabo,ut
2738 4269 2929 4339 major
2947 4268 3049 4323 ﬂat
3068 4265 3250 4338 hujus
3261 4267 3474 4323 domus
3490 4264 3608 4339 glo-

1959 4357 2104 4412 riam
2125 4372 2302 4428 quam
2326 4356 2556 4428 prioris.
2573 4357 2644 4412 Et
2660 4356 2800 4428 quia
2813 4355 3050 4412 difficile
3068 4355 3299 4411 videtur
3312 4353 3468 4426 quod
3488 4353 3608 4425 pol-
3680 4414 3687 4422 ,

1960 4444 2137 4502 liceor
2185 4449 2243 4500 et
2290 4445 2551 4502 humana
2598 4444 2916 4500 infidelitas
2958 4445 3031 4500 ad
3061 4444 3287 4514 majora
3315 4442 3608 4513 promissa

1960 4551 2192 4607 semper
2210 4535 2459 4607 haesitat,
2475 4538 2778 4608 propterea
2794 4549 3030 4589 rursum
3045 4533 3172 4588 dico
3185 4531 3285 4603 qui
3304 4531 3605 4603 promitto,

1958 4624 2242 4680 Dominus
2264 4625 2635 4696 omnipotens
2651 4640 2808 4679 sum.
2828 4624 2997 4679 Porro
3023 4621 3162 4694 quia
3185 4620 3305 4676 scio
3328 4620 3398 4675 ad
3421 4619 3601 4674 sediti-

1955 4714 2243 4770 cationem
2274 4714 2501 4785 inclytae
2531 4713 2766 4778 domus,
2790 4716 2849 4768 et
2869 4728 2996 4784 quze
3026 4713 3375 4782 superatura
3399 4707 3478 4764 sit
3500 4709 3602 4764 do-

1956 4821 2120 4859 mum
2151 4802 2484 4874 pristinam,
2518 4800 2664 4868 nihil
2697 4801 2780 4856 ita
2809 4801 3018 4865 facere,
3045 4803 3109 4854 ut
3135 4814 3358 4872 pacem,
3384 4797 3604 4854 idcirco

1954 4897 2011 4948 et
2038 4892 2191 4948 hanc
2223 4891 2500 4963 spondeo.
2529 4891 2683 4946 Dabo
2705 4890 2863 4946 enim
2897 4890 2956 4944 in
2981 4888 3106 4945 loco
3129 4889 3242 4944 isto
3264 4903 3487 4960 pacem,
3511 4887 3605 4942 di-

1953 4981 2032 5036 cit
2053 4979 2336 5036 Dominus
2356 4980 2715 5035 exercituum
2736 4997 2748 5035 :
2778 4983 2842 5034 ut
2865 4995 2974 5051 pax
2995 4994 3124 5050 quae
3145 4980 3454 5056 exsuperat
3471 4991 3602 5031 om-
3633 4971 3636 4974 ’

1955 5087 2087 5126 nem
2111 5085 2373 5136 sensum,
2399 5068 2691 5124 custodiat
2711 5069 2952 5124 domum
2976 5069 3262 5132 meam,et
3281 5066 3362 5122 sit
3381 5066 3440 5122 in
3463 5080 3606 5138 pace

1951 5158 2117 5215 locus
2140 5174 2328 5213 meus.
2347 5157 2462 5212 Has
2486 5157 2721 5212 interim
2744 5158 3202 5232 παραφραστικῶς
3224 5152 3604 5227 expositionis

1952 5248 2137 5304 lineas
2164 5247 2451 5313 duxerim,
2467 5251 2530 5301 ut
2549 5263 2618 5301 ex
2639 5245 2731 5302 his
2754 5247 2823 5301 ad
2846 5244 3251 5301 sublimiorem
3272 5241 3601 5315 intelligen-

1952 5338 2120 5403 tiam,
2141 5336 2318 5392 etiam
2349 5334 2518 5391 nobis
2540 5334 2886 5404 tacentibus,
2916 5333 3175 5405 prudens
3197 5331 3377 5388 lector
3397 5346 3600 5386 ascen-

1953 5427 2068 5482 dat.
2094 5424 2180 5480 Fit
2199 5441 2336 5497 crgo
2358 5439 2551 5479 sermo
2571 5422 2672 5480 Dei
2695 5423 2764 5479 ad
2787 5439 2888 5479 eos
2919 5422 3020 5493 qui
3041 5420 3269 5492 operari
3302 5424 3602 5492 caperent

1950 5516 2009 5571 in
2031 5515 2204 5571 domo
2226 5511 2458 5570 Domini
2479 5511 2920 5584 omnipotentis,
2937 5512 3062 5582 jam
3090 5510 3147 5565 in
3172 5509 3389 5582 requie,
3406 5507 3464 5564 id
3487 5512 3598 5576 est,

2019 5675 2096 5746 (b)
2128 5674 2238 5732 Ms.
2272 5673 2500 5745 Regin.,
2535 5672 2758 5730 haberet
2785 5686 3087 5728 ascensum.
