4022 6192
454 378 608 445 1403

451 516 510 574 in
533 530 734 572 mense
754 511 1026 588 septimo,
1049 515 1107 570 et
1125 510 1182 569 in
1207 510 1510 569 Trinitatis
1530 510 1878 584 plenissimo
1900 529 2101 570 sacra-

452 609 670 670 mento,
699 603 980 660 vicesima
1009 602 1199 675 prima
1229 602 1473 667 mensis,
1506 607 1562 658 et
1592 602 1666 658 ad
1690 607 1970 674 Aggmum
1998 603 2100 659 Dei

449 693 1020 758 festacelebrantem,
1034 691 1134 764 qui
1149 707 1386 746 rursum
1402 706 1642 746 manum
1659 706 1827 746 suam
1843 691 2098 746 sermoni

447 782 679 840 Domini
711 785 1150 854 praeparaverat,
1175 784 1232 837 et
1261 779 1399 836 dicit
1429 779 1499 834 ad
1529 796 1663 834 eum
1694 797 1706 834 :
1743 780 2004 850 Loquere
2025 780 2096 835 ad

446 871 761 930 Zorobabel
793 873 862 928 de
892 871 1050 926 tribu
1081 870 1252 935 Juda,
1302 873 1359 923 et
1399 868 1472 922 ad
1501 867 1704 923 Jesum
1737 869 2096 923 sacerdotem

447 977 751 1035 maguum,
771 959 873 1030 qui
893 976 996 1031 pro
1023 957 1191 1014 nobis
1211 961 1269 1013 et
1288 957 1462 1012 homo
1487 957 1612 1012 fieri
1632 956 1911 1029 dignatus
1934 961 2022 1012 est
2043 961 2100 1012 et

448 1050 749 1116 Sacerdos,
769 1052 826 1104 et
844 1049 913 1104 ad
942 1047 1218 1119 reliquias
1241 1044 1468 1118 populi:
1499 1046 1570 1100 ad
1597 1045 2095 1116 comparationem

447 1138 604 1196 enim
627 1138 805 1194 totius
827 1137 1002 1201 orbis,
1019 1137 1096 1207 (a)
1118 1151 1293 1208 parva
1312 1151 1446 1206 pars
1468 1133 1578 1188 fuit
1597 1132 1656 1188 in
1681 1132 1964 1204 principio
1984 1149 2100 1188 ere-

447 1227 925 1299 dentium.Igitur
943 1243 1069 1298 quae
1088 1224 1319 1281 loeutus
1336 1223 1413 1280 sit
1435 1222 1901 1278 audiamus.Fuit
1918 1239 2099 1293 quon-

447 1316 583 1372 dam
603 1315 663 1370 in
693 1314 868 1370 Israel
902 1313 1113 1369 domus
1143 1313 1266 1384 Dei,
1301 1312 1398 1384 qui
1436 1329 1590 1366 nunc
1622 1311 1703 1366 ita
1724 1311 1954 1366 deserta
1982 1315 2095 1377 est,

449 1409 513 1461 ut
537 1421 643 1460 nec
673 1403 855 1458 fuisse
885 1403 1184 1469 credatur;
1209 1419 1278 1458 ex
1303 1401 1453 1458 756
1482 1417 1596 1471 quo
1629 1417 1755 1472 quae
1788 1399 1975 1454 fuerat
2006 1400 2098 1454 di-

446 1493 614 1558 lecta,
629 1492 703 1564 (b)
721 1492 873 1547 facta
891 1495 979 1546 est
996 1508 1110 1546 non
1129 1489 1358 1560 dilecta,
1375 1494 1431 1544 et
1452 1489 1550 1560 qui
1574 1505 1688 1543 non
1707 1486 1958 1560 populus
1972 1487 2094 1555 Dei,

446 1581 616 1652 coepit
637 1596 767 1636 esse
794 1579 1047 1652 pepulus
1077 1578 1198 1634 Dei.
1233 1583 1301 1634 Et
1331 1581 1421 1633 est
1441 1579 1652 1634 domus
1672 1575 1775 1631 illa
1798 1576 2094 1648 quondam

445 1669 729 1743 gloriosa:
757 1668 990 1723 nuncin
1013 1671 1322 1737 conspectu
1349 1664 1663 1722 Zorobabel
1685 1669 1741 1720 et
1758 1665 1790 1721 J
1796 1681 1899 1720 esu
1923 1669 1981 1720 et
2001 1681 2094 1721 re-

444 1758 763 1831 liquiarum
783 1757 980 1830 populi
997 1757 1166 1830 quasi
1179 1773 1293 1812 non
1309 1757 1404 1811 sit.
1420 1756 1538 1810 Hoc
1555 1758 1750 1810 autem
1768 1771 1881 1809 non
1901 1753 2092 1808 solum

445 1848 518 1904 de
532 1846 735 1920 templi
755 1845 1015 1902 aediﬁciis
1037 1862 1165 1917 quae
1188 1844 1485 1901 cernimus
1507 1842 1814 1907 corruisse,
1831 1842 2094 1914 accipere

443 1937 760 2003 debemus;
795 1936 894 1991 sed
927 1935 998 1989 de
1027 1934 1304 1989 omnibus
1337 1951 1464 2005 quae
1493 1931 1791 2004 quondam
1817 1929 2091 2001 praeclara

443 2025 701 2081 habuere
752 2023 958 2079 Judaei.
1010 2022 1428 2078 Verumtamen
1467 2021 1606 2093 quia
1635 2021 1788 2075 facta
1817 2024 1905 2074 est
1935 2019 2093 2091 prior

445 2114 657 2170 domus
688 2112 855 2185 quasi
888 2129 1003 2167 non
1033 2111 1383 2182 subsistens,
1412 2115 1756 2182 provocatur
1774 2108 2091 2164 Zorobabel

445 2203 585 2268 dux,
606 2206 664 2256 et
681 2205 854 2256 Jesus
879 2200 1172 2268 sacerdos,
1195 2203 1260 2253 ut
1284 2215 1530 2272 regnum
1552 2196 1790 2262 Christi,
1817 2201 1876 2252 et
1895 2212 2091 2252 sacer-

445 2290 670 2346 dotium
695 2289 1013 2358 roberetur,
1027 2293 1084 2344 et
1106 2287 1356 2360 populus
1377 2289 1507 2359 ejus
1529 2286 1631 2358 qui
1653 2285 1950 2358 quondam
1974 2290 2086 2341 ter-

446 2394 521 2434 ra;
539 2376 650 2433 fuit
665 2377 936 2450 populus,
953 2378 1124 2433 faciat
1143 2393 1318 2449 opera
1333 2377 1393 2432 in
1412 2378 1586 2432 domo
1603 2374 1852 2441 Domini,
1875 2378 1931 2430 et
1946 2373 2090 2429 sciat

444 2466 627 2522 Deum
650 2465 761 2522 sibi
781 2482 910 2522 esse
943 2471 1288 2538 praesentem
1314 2481 1327 2520 :
1363 2465 1540 2521 faciat
1568 2479 1801 2536 quoque
1821 2463 2087 2527 verbum,

444 2555 598 2629 quod
631 2555 851 2628 pepigit
884 2554 1165 2610 Dominus
1195 2571 1328 2610 eum
1351 2554 1436 2610 eis
1457 2554 1691 2626 quando
1711 2550 2088 2624 egredieban-

441 2647 540 2700 tur
567 2644 639 2698 de
667 2647 822 2700 terra
850 2643 1095 2717 Egypti.
1127 2647 1326 2715 Atque
1357 2642 1581 2698 utinam
1614 2646 1670 2698 et
1699 2657 1808 2696 nos
1826 2639 2087 2712 egredia-

441 2749 577 2789 mur
595 2733 666 2788 de
684 2737 949 2805 Egypto,
974 2737 1038 2788 ut
1055 2732 1296 2788 verbum
1321 2731 1654 2788 testamenti
1678 2730 1833 2802 quod
1860 2727 2086 2800 accepi-

441 2837 596 2890 mus,
613 2821 985 2894 impleamus.
1002 2820 1370 2893 Repromittit
1389 2837 1623 2892 quoque
1638 2819 1919 2875 Dominus
1939 2819 2087 2872 Deus

440 2909 534 2966 his
555 2909 656 2982 qui
680 2911 900 2966 iaciunt
923 2926 1098 2982 opera
1119 2909 1180 2964 in
1203 2910 1376 2964 domo
1398 2909 1547 2980 ejus,
1572 2913 1628 2964 et
1647 2907 1723 2963 im
1733 2906 1893 2978 plent
1913 2921 2083 2976 quem

439 3014 712 3072 accepere
734 3015 1091 3068 sermonem,
1121 2998 1394 3069 spiritum
1425 2997 1829 3064 suum,dicens
1852 3011 1866 3049 :
1889 2996 1954 3050 Et
1972 2995 2086 3066 spi-

439 3089 584 3142 ritus
609 3102 761 3142 meus
789 3088 900 3142 erit
930 3089 991 3142 in
1022 3086 1200 3142 medio
1219 3088 1475 3141 vestrum.
1496 3085 1939 3140 Sacramentum
1961 3098 2084 3138 cer-

440 3175 559 3230 nite
573 3174 904 3230 Trinitatis:
929 3175 1044 3246 Ego
1065 3191 1198 3230 sum
1219 3174 1542 3242 vobiscum,
1557 3176 1613 3228 et
1630 3172 1872 3245 spiritus
1893 3186 2080 3237 meus,

1719 377 1786 442 S.
1835 376 2146 443 EUSEBII
2191 375 2634 444 HIERONYMI

3618 389 3726 455 1404

2127 521 2184 587 Α
2213 528 2419 571 omnes
2451 519 2690 589 gentes;
2724 515 2863 589 quia
2891 515 2951 573 in
2982 532 3209 575 omnem
3228 519 3426 575 terram
3448 517 3591 576 exivit
3604 537 3724 583 sonus

2212 603 2611 676 apostolorum
2643 606 2892 673 Domini,
2916 611 2974 662 et
2993 608 3164 662 verba
3183 624 3368 663 eorum
3390 613 3726 681 penetraverunt

2210 709 2400 764 usque
2429 694 2500 748 ad
2531 699 2829 751 termonos
2861 695 3021 751 orbis
3049 699 3210 751 terrm
3241 696 3397 767 (Psal.
3426 698 3575 769 xvm).
3600 698 3660 755 0b
3691 701 3725 756 id

2210 787 2404 836 autem
2455 798 2657 837 omnes
2707 787 2876 838 motae
2924 789 3063 838 sunt
3109 784 3378 855 nationes,
3426 790 3481 840 ut
3515 804 3569 842 ex
3592 804 3727 844 earum

2209 873 2371 924 motu
2403 869 2481 941 (ἀ)
2510 870 2735 926 veniret
2764 871 2947 928 electa
2978 873 3233 945 gentium
3265 873 3560 941 multitudo,
3584 881 3727 947 etque

2209 958 2566 1032 ubicumque
2597 959 2874 1032 praeclara
2918 967 3075 1017 sunt.
3109 961 3277 1017 Verbi
3305 963 3490 1033 gratia,
3533 963 3670 1018 electa
3687 966 3731 1020 de

2208 1047 2508 1114 Corintho,
2529 1048 2667 1120 quia
2691 1049 2912 1104 multus
2939 1054 3062 1105 erat
3085 1051 3144 1105 in
3166 1066 3233 1106 ea
3252 1050 3478 1122 populus
3496 1052 3732 1107 Dei.Electa

2207 1136 2278 1191 de
2306 1137 2663 1206 Macedonia,
2716 1138 2856 1209 quia
2896 1138 3134 1211 grandis
3183 1140 3237 1193 in
3286 1139 3635 1195 Thessalonica
3667 1141 3731 1195 Dei

2206 1223 2464 1280 Ecclesia
2484 1231 2852 1298 congregata,
2871 1244 2984 1282 non
3009 1227 3255 1282 habebat
3275 1227 3613 1283 necessarium
3631 1233 3676 1282 ut
3686 1228 3733 1282 de

2206 1311 2491 1368 eharitate
2513 1314 2821 1371 doceretur
2849 1316 2895 1386 (ῐ
2929 1316 3099 1371 Thess.
3136 1317 3240 1387 14).
3274 1316 3450 1371 Electa
3476 1317 3536 1372 de
3558 1316 3733 1388 Epheso,

2207 1405 2272 1456 ut
2301 1417 2514 1457 arcana
2543 1402 2643 1457 Dei
2676 1408 2734 1458 et
2763 1402 2944 1460 nullis
2971 1409 3143 1459 antea
3189 1404 3423 1460 revelata
3463 1410 3736 1460 sacramenta

2206 1494 2640 1561 cognoscerent.
2676 1491 2820 1556 Quid
2851 1491 3020 1563 plura
3040 1491 3069 1546 ?
3099 1508 3297 1548 omnes
3317 1497 3498 1565 gentes
3516 1495 3734 1548 commota

2207 1582 2366 1641 sunt,
2399 1581 2464 1634 ad
2500 1596 2648 1650 quas
2680 1579 2941 1636 Salvator
2971 1581 3264 1652 apostolos
3295 1581 3526 1649 miserat,
3566 1580 3734 1635 dicens:

2203 1667 2422 1733 Euntes,
2481 1667 2660 1723 docete
2714 1684 2898 1725 omnes
2953 1673 3137 1738 gentes
3193 1670 3344 1740 (Mat.
3387 1685 3553 1738 xxvm,
3588 1667 3673 1739 29),
3701 1671 3738 1722 et

2203 1772 2269 1810 ex
2305 1755 2506 1812 multis
2535 1755 2752 1812 vocatis
2784 1758 2953 1829 pauci
2984 1757 3174 1825 electi,
3206 1758 3590 1831 primitivorum
3608 1755 3736 1811 Eccle-

2203 1843 2351 1900 siam
2375 1849 2843 1901 construxerunt.
2873 1845 3036 1902 Unde
3061 1843 3120 1902 et
3143 1846 3430 1919 apostolus
3456 1847 3652 1902 Petrus:
3674 1843 3737 1898 Sa-

2201 1933 2345 1988 lutat
2371 1949 2482 2004 vos,
2516 1933 2726 2004 inquit,
2761 1950 2886 2006 quae
2916 1935 2979 1989 in
3006 1935 3280 2007 Babylone
3306 1941 3380 1992 est
3407 1936 3567 1998 electa,
3589 1933 3736 1988 θαητ-

2197 2037 2292 2076 eus
2325 2022 2469 2078 ﬁlius
2497 2039 2649 2078 meus
2681 2024 2736 2095 (Ι
2769 2028 2882 2079 Pet.
2915 2041 2969 2091 v,
3007 2024 3131 2096 15),
3177 2029 3234 2081 et
3278 2025 3548 2082 Joannes:
3587 2022 3737 2090 Stator,

2198 2108 2411 2182 inquit,
2461 2112 2649 2168 electa
2689 2111 2970 2178 dominae;
3009 2131 3078 2169 ac
3126 2113 3330 2169 deinde
3365 2113 3500 2168 ﬁlios
3533 2113 3737 2166 memorat

2199 2197 2414 2255 electae.
2451 2200 2768 2256 Commotis
2799 2217 2937 2273 ergo
2966 2203 3262 2273 gentibus,
3289 2219 3426 2274 quas
3445 2201 3638 2273 quidem
3655 2213 3738 2269 pos-

2199 2304 2408 2344 sumus
2437 2292 2494 2344 et
2523 2290 2848 2345 contrarias
2875 2290 3138 2362 accipere
3170 2290 3533 2360 fortitudines,
3561 2305 3650 2344 non
3670 2303 3737 2340 va-

2199 2375 2383 2432 lentes
2449 2377 2819 2450 splendorem
2889 2379 3128 2436 Domini
3192 2380 3480 2449 sustinere,
3536 2381 3739 2432 venerunt

2198 2465 2380 2522 electa
2397 2467 2662 2522 omnium
2684 2467 2969 2540 gentium,
2994 2473 3054 2524 et
3081 2467 3298 2541 repleta
3317 2472 3400 2524 est
3417 2465 3575 2540 gloria
3591 2465 3739 2519 domus

2197 2553 2449 2626 Domini,
2483 2572 2610 2628 quae
2642 2560 2730 2612 est
2759 2556 3017 2612 Ecclesia
3056 2556 3159 2612 Dei
3189 2556 3441 2627 viventis,
3471 2553 3685 2610 columna
3702 2553 3739 2604 et

2197 2642 2634 2700 firmamentum
2665 2645 2947 2700 veritatis.
2979 2645 3112 2701 Hae
3139 2645 3448 2701 secundum
3469 2642 3600 2698 LXX.
3619 2641 3738 2695 Cate-

2198 2748 2328 2786 rum
2350 2732 2411 2787 in
2436 2733 2712 2790 Hebraieo
2736 2733 2948 2790 melius
2973 2739 3030 2789 et
3060 2732 3472 2806 signiﬁcantius
3490 2731 3687 2786 habetur
3699 2729 3740 2780 ut

2125 1890 2171 1955 Β

2196 2835 2377 2892 supra
2403 2820 2710 2892 posuimus
2748 2839 2760 2876 :
2791 2823 2859 2877 Et
2887 2822 3110 2878 movebo
3139 2837 3322 2879 omnes
3350 2823 3531 2891 gentes,
3555 2822 3598 2874 et
3618 2815 3740 2872 venit!

2193 2907 2532 2965 desideratus
2579 2911 2790 2964 cunctis
2837 2911 3123 2983 gentibus.
3167 2911 3310 2967 Vere
3337 2910 3481 2966 enim
3507 2911 3735 2980 postquam

2193 2996 2292 3051 ille
2342 2998 2520 3063 venit,
2575 2998 2815 3071 impleta
2861 3003 2951 3054 est
2998 2999 3185 3073 gloria
3232 3000 3433 3056 domus
3475 2992 3674 3052 Domini.
3695 2991 3739 3045 Et

2194 3090 2482 3158 quantum
2514 3087 2798 3143 Dominus
2828 3089 3010 3144 distat
3050 3106 3086 3143 a
3126 3107 3306 3158 servo,
3353 3091 3557 3142 tantum
3591 3085 3736 3138 domus

2193 3175 2262 3246 (e)
2288 3174 2514 3230 Domini
2542 3175 2749 3231 melior
2770 3181 2882 3244 est,
2915 3177 3005 3232 cui
3031 3182 3245 3249 prmest
3273 3175 3550 3240 Dominus,
3574 3190 3602 3228 a
3621 3170 3736 3224 domo

437 3267 496 3320 et
521 3262 800 3331 Verbum,
821 3262 880 3318 in
911 3279 1028 3335 quo
1048 3263 1216 3336 posui
1243 3267 1659 3319 testamentum
1686 3277 1818 3317 cum
1844 3260 2079 3332 egrede-
2113 3255 2156 3322 C
2193 3264 2384 3336 priore
2414 3265 2508 3320 cui
2539 3265 2765 3336 praefuit
2793 3283 3016 3322 servus.
3049 3266 3214 3331 Quod
3255 3270 3440 3322 autem
3481 3264 3582 3319 ait:
3619 3259 3737 3314 Nam

438 3352 646 3410 remini
679 3353 750 3408 de
781 3353 1040 3425 IEgypto.
1074 3352 1234 3416 Quod
1259 3356 1454 3406 autem
1485 3350 1626 3407 dicit
1649 3351 1707 3405 in
1739 3349 1931 3405 medio
1952 3365 2080 3404 ves-

436 3446 616 3510 trum,
632 3443 802 3514 juxta
820 3441 962 3497 illud
987 3441 1360 3498 sentiendum
1384 3444 1494 3508 est,
1512 3442 1665 3512 quod
1692 3441 1750 3496 in
1774 3439 2081 3513 Evangelio

436 3529 720 3604 scriptum
742 3529 982 3604 legitur:
1016 3529 1220 3585 Medius
1239 3532 1387 3586 enim
1406 3533 1641 3586 vestrum
1659 3537 1791 3600 stat,
1813 3545 1973 3601 quem
1993 3544 2083 3585 vos

435 3621 684 3686 nescitis,
733 3622 832 3692 qui
867 3627 990 3691 post
1025 3635 1113 3675 me
1141 3620 1318 3676 veniet
1346 3621 1531 3689 (Joan.
1567 3635 1605 3689 ι,
1638 3619 1752 3690 26).
1785 3623 1916 3674 Haec
1945 3634 2082 3691 ergo

436 3707 578 3766 dicit
590 3708 872 3765 Dominus
892 3707 1252 3765 exercituum
1276 3709 1347 3764 ad
1370 3725 1472 3764 vos
1494 3708 1592 3779 qui
1615 3707 1822 3764 videtis
1841 3708 2082 3765 domum

438 3798 691 3871 priorem
713 3797 798 3854 sic
845 3815 975 3854 esse
995 3797 1165 3870 quasi
1189 3814 1304 3853 non
1323 3797 1420 3854 sit.
1434 3796 1581 3853 Μονί
1599 3795 1831 3863 caelum,
1846 3797 2082 3868 quando

436 3887 509 3943 de
539 3885 682 3943 caelo
714 3887 916 3944 audita
944 3891 1034 3943 est
1063 3903 1171 3942 vox
1198 3903 1348 3942 mea.
1382 3887 1529 3942 Movi
1559 3889 1798 3952 terram,
1849 3885 2083 3957 quando

435 3974 615 4048 priori
647 3975 860 4049 populo
891 3975 1106 4030 tradidi
1135 3975 1576 4031 Testamentum
1608 3992 1620 4042 ;
1655 3979 1712 4030 et
1740 3973 1798 4028 in
1833 3974 2082 4029 adventu

435 4081 586 4132 meo,
601 4063 811 4136 caligo,
831 4063 1028 4130 turbo,
1051 4063 1305 4119 tenebrae
1328 4064 1736 4119 cernebantur.
1760 4062 1902 4118 Movi
1924 4079 2085 4118 mare

437 4152 725 4218 Rubrum,
761 4153 996 4224 quando
1025 4151 1180 4206 viam
1226 4151 1442 4223 praebui
1477 4151 1691 4224 pepulo
1731 4152 2082 4208 transeunti.

435 4239 583 4296 Μονί
615 4239 864 4307 aridam,
888 4239 974 4296 vel
997 4241 1308 4312 Egyptuzn
1332 4257 1434 4312 per
1456 4240 1658 4313 plagas
1679 4240 1840 4297 cultu
1866 4240 1961 4297 Dei
1984 4258 2081 4296 va-

436 4344 630 4399 cuam,
653 4328 742 4385 vel
769 4329 1148 4386 solitudinem
1175 4345 1278 4402 per
1297 4346 1476 4402 quam
1502 4330 1893 4403 quadraginta
1913 4329 2084 4386 annis

437 4417 507 4490 (e)
532 4418 900 4476 cireumduxi
923 4418 1368 4492 populumJIzec
1395 4419 1586 4476 adhuc
1617 4419 1796 4475 semel
1819 4419 2082 4474 movebo.

437 4507 601 4574 Quod
629 4507 847 4563 factum
878 4507 1174 4563 cernimus
1197 4507 1256 4562 in
1281 4507 1533 4562 adventu
1565 4506 1795 4562 Domini
1823 4505 2082 4562 Salvato-

2188 3357 2267 3408 est
2311 3361 2616 3424 argentum,
2668 3363 2722 3410 et
2765 3370 2949 3410 meum
2999 3359 3081 3410 est
3132 3371 3350 3422 aurum,
3397 3353 3520 3408 dicit
3552 3347 3737 3406 Dominus

2187 3444 2557 3509 exercituum,
2571 3459 2686 3498 non
2708 3448 2847 3515 puto
2865 3459 3228 3516 quemquam
3247 3442 3553 3499 existimare
3566 3434 3681 3509 quod
3692 3431 3737 3486 de

2189 3536 2427 3604 argento
2461 3531 2735 3604 loquatur
2765 3537 2821 3588 et
2849 3549 2990 3588 auro
3013 3549 3147 3605 quas
3168 3550 3203 3589 a
3223 3532 3484 3588 divitibus
3507 3532 3554 3584 et
3571 3522 3738 3597 regibus

2190 3619 2586 3692 possidentur.
2622 3624 2738 3676 Hoc
2769 3620 2924 3676 enim
2949 3623 3148 3690 modo,
3178 3637 3290 3678 non
3313 3620 3490 3676 solum
3514 3615 3738 3687 argentum

2189 3713 2247 3765 et
2267 3727 2478 3765 aurum
2505 3709 2606 3766 Dei
2628 3713 2718 3765 est
2737 3710 2904 3782 quasi
2927 3711 3254 3778 Creatoris;
3289 3709 3385 3766 sed
3407 3713 3457 3764 et
3478 3710 3644 3762 cetera
3658 3711 3739 3753 m6-

2188 3797 2350 3870 talla,
2384 3816 2483 3868 res,
2517 3803 2816 3870 stannum,
2850 3798 3187 3872 plumbum,
3211 3804 3268 3856 et
3289 3797 3434 3872 quod
3453 3795 3616 3851 domat

2190 3887 2390 3944 omnia
2419 3888 2661 3944 ferrum.
2689 3888 2799 3944 Sed
2831 3903 2937 3960 ego
2969 3893 3303 3961 argentum,
3351 3902 3456 3959 quo
3483 3883 3654 3939 domus
3677 3875 3739 3928 Dei

2189 3981 2453 4044 ornatur,
2487 3977 2756 4032 existimo
2787 3975 3019 4048 eloquia
3045 3977 3491 4049 Seripturarum,
3513 3971 3570 4026 de
3588 3963 3742 4038 quibus

2190 4064 2450 4120 dieitur:
2501 4066 2732 4136 Eloquia
2777 4066 2998 4121 Domini
3045 4067 3270 4138 eloquia
3317 4067 3497 4128 easta;
3531 4055 3740 4127 ανθϐπωτπ

2189 4154 2320 4222 igne
2346 4155 2742 4220 examinatum,
2771 4153 3062 4225 probatum
3109 4163 3270 4210 terra
3302 4157 3574 4226 purgatum

2186 4244 2344 4315 plum
2399 4243 2578 4314 (Psal.
2628 4258 2707 4311 χι,
2755 4243 2858 4311 7);
2918 4247 2977 4298 et
3034 4259 3245 4298 aurum
3295 4225 3443 4314 quod
3483 4237 3533 4292 in
3577 4225 3738 4287 occulto

2191 4337 2530 4388 sanctorum
2580 4348 2777 4402 sensu,
2827 4335 2884 4386 et
2912 4331 2972 4386 in
3002 4332 3197 4388 cordis
3226 4333 3477 4388 versatur
3501 4335 3680 4382 arcano,
3700 4315 3739 4402 ἐι

2147 4431 2150 4439 ’
2191 4421 2461 4495 splendet
2488 4437 2619 4476 vero
2649 4420 2872 4476 lumine
2903 4421 3022 4492 Dei,
3077 4421 3233 4493 quod
3282 4424 3339 4476 et
3377 4410 3656 4490 Apostolum
3687 4401 3739 4495 de

2192 4491 2428 4581 sanctis,
2461 4510 2559 4582 qui
2591 4525 2770 4581 super
2798 4491 3252 4566 fundamentum
3281 4506 3481 4566 Christi
3506 4491 3733 4582 aediﬁcant.

436 4594 538 4688 ris:
572 4597 857 4669 Tempore
895 4595 1111 4669 quippe
1144 4595 1439 4688 passionis
1469 4598 1618 4668 ejus.
1654 4595 1908 4668 fugiente
1940 4594 2080 4664 sole,
2112 4624 2161 4688 D
2191 4577 2447 4658 sensisse
2476 4577 2852 4672 perspicuum
2885 4603 3237 4669 est,aurum,
3257 4599 3552 4670 argentum,
3575 4577 3740 4688 lapides

435 4685 646 4742 coelum
662 4689 884 4742 motum
899 4690 1055 4742 estet
1069 4687 1320 4742 tenebrae
1339 4686 1501 4742 facta
1513 4689 1652 4741 sunt
1662 4702 1837 4758 super
1848 4701 2083 4742 omnem

433 4777 651 4832 terram
683 4775 755 4831 ab
787 4775 932 4830 hora
951 4781 1114 4830 sexta
1135 4790 1323 4847 usque
1344 4774 1418 4829 ad
1438 4774 1646 4830 horam
1675 4791 1890 4830 nonam
1912 4775 2080 4845 (Matt.

435 4870 670 4933 xxvu,et
685 4865 1002 4937 Luc.xxui).
1017 4864 1171 4920 Mota
1191 4867 1282 4918 est
1299 4867 1538 4930 terra,et
1559 4880 1698 4920 saxa
1721 4863 1906 4920 scissa
1923 4868 2084 4932 sunt,

441 4954 585 5011 757
620 4957 678 5010 et
707 4952 979 5026 sepulcra
1008 4957 1300 5020 reserata;
1337 4955 1560 5007 motum
1607 4957 1697 5009 est
1745 4969 1904 5008 mare
1944 4955 2082 5009 dra-

436 5058 579 5098 cone
609 5043 710 5115 qui
735 5041 794 5098 in
827 5058 894 5098 eo
927 5046 1051 5098 erat
1078 5041 1421 5108 interfecto;
1474 5044 1633 5097 mota
1681 5045 1772 5096 est
1799 5049 1856 5096 et
1898 5041 2082 5111 arida,

435 5130 803 5189 infructuosa
830 5132 1126 5204 quondam
1156 5129 1420 5204 gentium
1443 5128 1716 5186 solitudo.
1757 5132 1818 5186 In
1851 5130 1958 5186 hoc
1981 5149 2084 5187 au-

437 5223 556 5278 tem
605 5221 1007 5279 universitatis
1055 5224 1328 5286 tremore,
1380 5223 1685 5275 commotas
1731 5225 1870 5277 sunt
1907 5220 2086 5278 etiam

619 5417 776 5498 idem
809 5433 946 5498 ms.,
979 5425 1143 5490 quota
1168 5431 1300 5498 pars
1327 5416 1458 5498 fait,
1489 5419 1598 5498 etc:

530 5435 564 5472 a
619 5417 776 5474 Idem
809 5433 946 5484 ms.,
979 5425 1143 5490 quota
1168 5431 1300 5488 pars
1327 5417 1458 5485 fuit,
1489 5419 1598 5470 ete.

509 5417 585 5559 ibi
605 5489 862 5546 Solemni
884 5487 1334 5545 amanuensium
1353 5485 1520 5559 lapsu
1541 5487 2087 5548 eVietoriieditione

441 5560 783 5632 exciderunt
811 5561 1004 5631 verba,
1035 5563 1183 5632 facta
1211 5562 1290 5616 est
1317 5575 1426 5632 non
1457 5559 1674 5615 delicta.

443 5629 812 5758 33ηυο
842 5629 999 5688 enim
1036 5629 1184 5700 ms.,
1235 5630 1601 5703 quadraginta
1645 5634 1810 5690 annis
1851 5635 2088 5708 populus

2193 4667 2496 4763 pretiosos.
2529 4687 2588 4759 (Ι
2616 4667 2739 4743 τον.
2773 4688 2908 4758 In);
2963 4691 3029 4743 ut
3073 4687 3135 4742 in
3167 4667 3310 4744 auro
3326 4667 3526 4742 sensus
3549 4667 3743 4763 occultus

2193 4758 2291 4848 sit,
2323 4777 2383 4832 in
2415 4758 2654 4849 argento
2685 4791 2877 4832 sermo
2908 4775 2975 4847 (Γ)
3006 4776 3243 4842 decens,
3270 4775 3326 4830 in
3350 4770 3525 4844 lapide
3540 4758 3741 4849 pretiofoi

2192 4843 2366 4940 opera
2404 4843 2515 4922 Deo
2547 4863 2857 4937 placentia.
2909 4843 3012 4920 liis
3044 4864 3300 4921 metallis
3328 4843 3580 4918 illustrior
3602 4849 3652 4905 ﬁt

2193 4933 2371 5011 elesia
2399 4933 2740 5019 Salvatoris,
2773 4969 2950 5025 quam
2981 4954 3283 5024 quondam
3303 4959 3567 5024 synagoga
3585 4933 3740 4993 fuerat;

2194 5044 2287 5100 his
2312 5042 2606 5115 lapidibus
2625 5041 2768 5097 vivis
2790 5043 3110 5098 aedificatur
3133 5043 3345 5098 domus
3372 5031 3578 5098 Christi,
3603 5029 3648 5082 et
3669 5031 3745 5093 p81

2194 5135 2243 5191 ei
2277 5132 2566 5206 prmbetur
2588 5135 2824 5187 aeterna.
2849 5131 3024 5187 Porro
3049 5131 3203 5204 quod
3230 5128 3484 5202 sequitur
3501 5122 3553 5176 in
3570 5115 3744 5210 Septuaf

2195 5223 2397 5297 ginta:
2449 5224 2514 5278 Et
2539 5237 2728 5294 pacem
2764 5221 2974 5279 anim
3011 5222 3073 5276 in
3117 5219 3516 5293 acquisitionem
3540 5209 3662 5264 θωπί
3681 5209 3742 5268 4⁸³

2268 5419 2345 5492 (d)
2378 5418 2579 5474 Ferme
2607 5410 2830 5492 rectius
2859 5418 2918 5472 in
2950 5417 3150 5473 eodem
3192 5432 3327 5492 ms.,
3376 5409 3596 5492 venirent
3629 5395 3741 5454 electa

2194 5487 2468 5563 gentiam,
2498 5493 2554 5544 et
2580 5503 2717 5563 quae
2734 5491 3073 5563 ubicumque,
3089 5489 3362 5561 praeclara
3386 5487 3520 5563 sunt.

2290 5563 2340 5631 e)
2370 5553 2550 5616 Vacat
2579 5553 2673 5615 hic
2705 5559 2906 5633 locigin
2940 5553 3140 5633 Regii).
3175 5576 3287 5616 ms.
3317 5571 3437 5633 vo}.
3466 5553 3697 5633 θρωπε,

2290 5566 2340 5631 e)
2370 5566 2550 5616 Vacat
2579 5566 2673 5615 hic
2705 5566 2815 5615 loci
2847 5566 2906 5616 in
2940 5566 3140 5633 Regia.
3175 5576 3287 5616 ms.
3317 5571 3437 5621 vox,
3466 5566 3662 5607 uomunt.
3689 5604 3697 5615 ,

2268 5566 2330 5707 il)
2365 5632 2585 5707 Victor:
2605 5647 2783 5689 δενηιο
2811 5632 3034 5696 dicens;
3065 5631 3246 5690 ferme
3273 5626 3476 5687 rectius
3501 5621 3554 5676 in
3597 5614 3737 5679 Reg!"-

2197 5703 2311 5764 ms.
2345 5719 2523 5762 sermo
2551 5703 2762 5762 decens.
