3940 6166
160 369 319 434 (405

906 368 1655 437 COMMENTARIORUM
1698 371 1780 435 ΙΝ
1821 426 1822 432 η

2004 369 2173 438 EUM
2217 369 2474 438 LIBER.
2521 374 2695 438 CAP.
2741 373 2820 438 ῙῙ.

3415 372 3576 438 ηοσ

157 514 382 564 creatur
410 512 473 562 ut
490 506 718 562 suscitet
742 505 1008 579 templum
1037 506 1207 574 istud,
1240 508 1406 578 quasi
1442 509 1808 580 superﬂuum
1840 507 1896 574 Α
1924 524 2071 580 opus
2092 524 2419 580 congruum
2455 507 2674 581 templo
2705 507 2829 578 Dei,
2862 512 2920 565 et
2948 507 3171 566 audivit
3197 509 3568 583 mysterium:

74 601 94 615 ’
159 602 218 653 et
245 597 339 651 vix
371 596 688 666 cohaerens,
744 597 962 667 quippe
993 597 1148 666 quod
1194 611 1297 651 nec
1329 598 1485 668 apud
1519 597 1810 667 Hebraeos,

160 703 270 742 nec
299 686 455 756 apud
500 684 685 740 alium
745 700 1106 756 quemquam
1163 684 1544 757 interpretem
1605 688 1813 753 fertur,

163 774 502 830 omisimus.

235 863 422 934 (Vere.
474 864 536 917 11
597 863 807 934 seqq,).
868 865 936 917 In
1003 863 1267 917 vicesima
1328 867 1380 917 et
1434 871 1633 935 quarta
1681 865 1818 919 noni

159 955 392 1022 mensis,
417 953 477 1007 in
505 968 651 1006 anno
699 951 932 1007 secundo
987 953 1151 1006 Darii
1201 951 1390 1023 [Vulg.
1423 952 1589 1006 addit
1636 954 1815 1022 Regis]

160 1043 373 1112 factum
401 1040 622 1096 verbum
650 1046 729 1096 est
767 1040 990 1094 Domini
1027 1039 1097 1093 ad
1153 1042 1418 1110 Aggaeum
1469 1041 1813 1112 prophetam.

161 1130 356 1186 dicens
385 1148 404 1182 :
439 1135 573 1186 Haec
628 1129 762 1183 dicit
815 1130 1077 1183 Dominus
1131 1130 1512 1189 exercituum;
1543 1131 1818 1200 interroga

160 1219 470 1283 sacerdotes
503 1219 695 1290 legem,
752 1218 940 1272 dieens
974 1234 986 1270 :
1021 1218 1080 1272 Si
1131 1216 1333 1272 tutevit
1379 1218 1539 1273 homo
1596 1234 1817 1273 carnem

162 1309 564 1378 sanctiﬁcatum
586 1309 644 1361 in
687 1322 784 1361 ora
835 1308 1145 1361 vestimenti
1190 1307 1299 1372 sui,
1361 1310 1417 1360 et
1467 1307 1712 1375 tetigerit
1757 1306 1821 1361 de

162 1398 485 1452 summitate
503 1397 620 1467 ejus
645 1410 866 1466 panem,
919 1399 1014 1449 aut
1068 1393 1448 1466 pulmentum,
1478 1403 1575 1450 aut
1605 1397 1817 1462 vinum,

164 1489 265 1538 aut
293 1486 490 1551 oleum,
523 1493 621 1539 aut
651 1500 864 1539 omnem
894 1484 1124 1549 cibum;
1154 1483 1425 1554 numquid
1453 1484 1823 1552 sanetiﬁeabi—

166 1583 262 1629 tur
289 1574 317 1628 ?
343 1573 738 1644 Respondentes
767 1581 950 1628 autem
977 1573 1306 1640 sacerdotes,
1341 1573 1604 1628 dixerunt
1633 1591 1651 1628 :
1683 1575 1819 1628 Non.

174 1665 258 1718 Et
287 1663 432 1718 dixit
460 1664 694 1733 Agga’us
726 1681 744 1716 :
775 1662 836 1716 Si
864 1663 1102 1731 tetigerit
1129 1661 1369 1733 pollutus
1426 1663 1488 1716 in
1539 1664 1728 1717 anima
1754 1678 1824 1716 ex

175 1752 434 1806 omnibus
463 1751 568 1806 his.
600 1749 869 1822 numquid
898 1751 1422 1805 eontaminabitur?
1447 1752 1512 1805 Et
1533 1750 1820 1822 responde-

1926 597 2141 652 Movebo
2173 613 2358 653 omnes
2387 607 2573 669 gentes
2626 606 2678 654 et
2725 599 2907 653 veniet
2957 599 3306 655 desideratus
3361 601 3574 655 cunctis

1924 685 2194 756 gentibus,
2227 691 2284 741 et
2313 686 2522 757 plenus
2553 691 2644 742 est
2669 686 2939 742 vaticinio
2973 711 2988 753 ;
3021 687 3574 760 propterea(d)totus

1925 775 1997 829 ad
2027 777 2304 848 Aggaeum
2339 775 2403 830 ﬁt
2433 793 2625 831 sermo
2657 775 2913 831 Domini.
2950 781 3028 831 De
3056 775 3334 833 vicesima
3364 782 3576 849 quarta

1925 864 2019 919 die
2049 869 2105 919 et
2135 866 2390 920 secundo
2421 864 3161 936 annojamdiximus:Noni
3193 866 3414 922 mensis
3461 884 3570 922 nu-

1928 970 2124 1009 merus
2155 953 2254 1024 qui
2287 953 2381 1008 hic
2404 954 2993 1025 additur,numquam
3025 954 3087 1009 in
3121 954 3333 1010 bonam
3349 959 3572 1026 partem

1926 1042 2159 1113 legitur.
2194 1043 2421 1097 Pascha
2451 1042 2722 1098 immolat
2751 1043 3027 1114 populus,
3061 1048 3120 1098 et
3148 1042 3294 1099 alias
3324 1043 3578 1099 celebrat

1927 1130 2268 1186 festivitates
2303 1156 2316 1196 ;
2344 1131 2536 1186 omnis
2566 1133 2695 1202 ejus
2727 1132 3074 1187 solemnitas
3105 1131 3199 1187 die
3243 1130 3446 1186 finitur
3475 1147 3573 1186 oc-

1926 1223 2076 1285 tavo,
2110 1235 2215 1274 nec
2245 1219 2316 1275 ad
2349 1236 2571 1275 nonum
2602 1220 2882 1291 pervenit.
2917 1219 3024 1284 Qui
3070 1236 3287 1293 agnum
3345 1219 3575 1292 pascha:

1928 1312 2577 1380 praeparant,transacta
2607 1309 2700 1363 die
2723 1309 3198 1380 nona,incipiunt
3229 1323 3574 1381 praeparare.

1929 1397 2062 1452 Dies
2093 1413 2327 1469 quoque
2356 1397 2791 1469 propitiationis
2847 1402 2905 1453 et
2949 1397 3297 1470 expiationis
3353 1396 3578 1454 mensis

1929 1486 2183 1557 septimi,
2217 1491 2349 1558 post
2378 1486 2534 1542 diem
2565 1503 2779 1542 nonam
2828 1487 3183 1543 celebratur.
3215 1487 3286 1542 Et
3333 1487 3394 1541 in
3423 1486 3586 1541 Jere-'

1929 1575 2050 1630 mia
2076 1575 2238 1646 (Cap.
2272 1593 2368 1630 xix
2397 1580 2448 1630 et
2480 1576 2600 1645 ιιι),
2634 1575 2786 1631 sicut
2814 1575 3143 1648 legentibus
3193 1574 3407 1647 poterit
3447 1588 3579 1630 esse

1930 1663 2660 1731 manifestum,Jerusa1em
2695 1680 2846 1719 nono
2877 1681 3030 1720 anno
3053 1681 3087 1720 a
3117 1663 3448 1736 Babyloniis
3471 1677 3578 1733 op-

1932 1754 2400 1824 pugnatur.0uia
2429 1752 2609 1825 igitur
2639 1753 2945 1824 prophetia
2974 1754 3046 1808 de
3074 1752 3452 1808 immunditia
3472 1768 3579 1824 po-

165 1844 303 1894 runt
320 1839 698 1905 sacerdotes,et
725 1839 1576 1894 dixeruntwontaminabitur.Et
1596 1855 1821 1910 respon-
1851 1873 1899 1937 Β
1930 1839 2051 1912 puli
2088 1842 2284 1896 futura
2309 1842 2460 1896 760
2485 1846 2611 1897 erat
2645 1860 2658 1908 ;
2693 1842 2908 1897 idcirco
2941 1842 3201 1897 secundo
3233 1857 3386 1896 anno
3417 1839 3572 1896 Darii

165 1927 389 2000 spondit
417 1928 664 1999 Aggmus,
701 1932 751 1981 et
782 1928 932 1982 dixit
963 1945 974 1982 :
1009 1927 1102 1982 Sic
1119 1929 1354 1998 populus
1383 1930 1562 1998 iste,et
1589 1932 1669 1984 sic
1693 1944 1824 1999 gens

175 2019 306 2082 ista,
339 2024 466 2071 ante
492 2017 694 2086 faciem
721 2032 920 2083 meam,
954 2015 1086 2070 dicit
1146 2018 1412 2071 Dominus
1446 2021 1534 2082 ;et
1561 2018 1640 2071 sic
1668 2033 1826 2073 omne

169 2120 308 2176 opus
332 2121 597 2160 manuum
626 2120 833 2169 eorum,
866 2109 916 2159 et
944 2106 1133 2159 omnia
1187 2120 1314 2175 quae
1370 2105 1682 2160 obtulerunt
1722 2107 1822 2175 ibi,

167 2194 553 2250 contaminata
601 2195 764 2248 erunt
823 2192 1004 2247 LXX:
1042 2193 1309 2248 l'icesima
1337 2196 1389 2247 et
1441 2197 1639 2264 quarta
1692 2194 1828 2249 noni

167 2285 402 2350 mensis,
434 2297 580 2337 anno
609 2281 840 2337 secundo
869 2281 967 2336 sub
1001 2284 1196 2351 Dario,
1216 2285 1395 2352 factus
1425 2291 1503 2337 est
1529 2298 1704 2338 sermo
1720 2284 1824 2338 Do-

169 2373 321 2428 mini
352 2371 422 2426 ad
450 2377 708 2442 Aggaeum
734 2370 1063 2442 prophetam
1113 2371 1300 2426 dicens
1331 2388 1349 2426 :
1379 2373 1500 2426 Herc
1540 2371 1673 2426 dicit
1721 2373 1825 2425 Do-

167 2462 360 2515 minus
391 2463 733 2530 omnipotens
767 2476 780 2525 ;
814 2461 1091 2530 interroga
1111 2460 1410 2515 sacerdotes
1433 2460 1828 2528 legem,dicens

171 2548 240 2603 Si
265 2548 559 2618 sumpserit
580 2546 736 2601 homo
765 2562 993 2601 carnem
1008 2551 1255 2602 sanctam
1276 2549 1332 2602 in
1364 2550 1678 2603 summitate
1709 2565 1825 2604 vos-

175 2638 402 2692 timenti
428 2636 539 2701 sui,
565 2639 614 2690 et
642 2637 878 2706 tetigerit
925 2638 1210 2691 summitas
1260 2639 1567 2692 vestimenti
1593 2639 1708 2708 ejus
1730 2655 1828 2709 pa-

167 2742 318 2794 nem,
344 2727 436 2779 aut
455 2725 767 2789 coctionem,
797 2727 892 2778 aut
918 2725 1110 2778 vinum
1133 2769 1148 2794 ,
1181 2729 1278 2779 aut
1305 2727 1394 2779 ole
1411 2741 1528 2792 um,
1582 2738 1679 2781 aut
1711 2743 1825 2781 om-

170 2831 301 2870 nem
333 2814 540 2880 cibum,
569 2815 618 2867 si
644 2813 1084 2883 sanctiﬁcabitur
1113 2817 1138 2866 γ
1164 2813 1230 2868 Et
1255 2814 1654 2884 responderunt
1677 2831 1830 2870 sacer

173 2904 344 2966 dotes,
377 2909 428 2957 et
455 2902 715 2956 dixerunt
746 2919 764 2955 :
799 2901 949 2957 759
981 2901 1118 2956 Non.
1152 2904 1215 2956 Et
1257 2901 1404 2956 dixit
1459 2903 1690 2974 Aggxus
1722 2922 1734 2959 :
1768 2903 1830 2959 Si

172 2992 423 3060 tetigerit
452 2989 767 3044 immundus
799 2991 855 3044 in
887 2991 1076 3044 ani-ma
1099 2989 1165 3044 de
1182 2991 1437 3046 omnibus
1457 2991 1543 3047 his
1558 2994 1828 3047 contami-

175 3082 431 3135 nabitur.
465 3080 529 3133 Et
577 3078 972 3150 responderunt
1034 3080 1358 3145 sacerdotes,
1414 3083 1464 3135 et
1519 3081 1829 3136 dixerunt:

173 3168 662 3225 contaminabitur.
696 3169 759 3222 Et
798 3167 1074 3238 respondit
1123 3168 1368 3239 Aggaeus,
1422 3172 1473 3224 et
1513 3168 1660 3224 dixit
1692 3187 1705 3223 :
1740 3169 1830 3225 Sic

173 3258 412 3330 populus
442 3258 560 3326 iste,
595 3261 653 3310 et
672 3257 753 3310 sic
779 3236 909 3326 gens
939 3256 1050 3310 hac
1079 3236 1263 3311 coram
1310 3236 1416 3326 me,
1461 3257 1595 3312 dicit
1642 3259 1825 3314 Domi-
1857 3236 1900 3305 (ἶ

179 3362 289 3400 nus
318 3353 368 3400 et
396 3346 476 3399 sic
494 3346 680 3399 omnia
709 3359 879 3415 opera
918 3361 1184 3399 manuum
1240 3360 1445 3400 eorum.
1476 3347 1542 3401 Et
1571 3349 1824 3417 quicum-

173 3451 284 3506 que
312 3433 1020 3505 appropinquaverit(a)ibi,
1069 3435 1561 3501 contaminabitur,
1609 3439 1832 3506 propter

170 3539 414 3578 munera
444 3537 634 3577 eorum
661 3523 938 3576 matutina
961 3520 1223 3576 dotebunt
1249 3537 1284 3575 a
1309 3522 1452 3591 facie
1476 3523 1826 3578 malitiarum

173 3628 410 3669 suarum
438 3615 489 3666 et
510 3611 748 3666 odoratis
779 3611 841 3664 in
867 3611 1041 3681 portis
1068 3617 1376 3678 arguentes.
1434 3610 1746 3681 Propterea
1769 3617 1826 3667 et

173 3699 568 3772 Septuaginta
594 3697 980 3770 interpretum
1013 3697 1329 3753 editionam
1353 3698 1827 3772 posuimus,quia

173 3791 240 3844 in
268 3787 622 3860 quibusdam
644 3787 835 3842 verbis
866 3786 1170 3841 dissonare
1217 3786 1582 3841 videbantur.
1616 3789 1688 3843 Et
1718 3789 1826 3844 hoc

175 3877 337 3950 quod
370 3877 586 3931 dicitur
613 3892 626 3930 :
651 3877 880 3946 Propter
903 3891 1137 3930 munera
1158 3890 1346 3929 corum
1394 3878 1697 3944 matutina,
1728 3877 1828 3934 do-

180 3967 370 4022 lebant
398 3982 429 4020 a
458 3966 601 4035 facie
628 3965 972 4020 malitiarum
1002 3968 1309 4028 suarum,et
1333 3964 1578 4020 odoratis
1611 3967 1670 4020 in
1693 3983 1828 4037 por-

164 4057 255 4110 tis
285 4062 598 4124 arguentes,
635 4067 742 4108 nec
770 4051 830 4106 in
861 4053 1119 4118 Hebraeo,
1155 4067 1260 4107 nec
1291 4052 1446 4123 apud
1470 4052 1616 4109 alios
1648 4054 1825 4111 inter-

181 4146 381 4216 pretes
412 4141 721 4197 invenitur.
753 4141 1255 4212 Notandumquod
1290 4141 1542 4214 in(b)isto
1572 4142 1698 4199 loco
1719 4161 1738 4199 :
1765 4145 1829 4199 In

158 4234 433 4288 vicesima
452 4239 503 4286 et
524 4235 726 4303 quarta
751 4229 840 4285 die
863 4231 1061 4285 mensis
1090 4230 1227 4284 noni
1255 4247 1402 4286 anno
1433 4232 1685 4301 secundo,
1712 4250 1828 4288 non

161 4325 239 4376 ut
270 4326 449 4392 supra
477 4319 651 4374 tertia
683 4317 804 4374 vice
833 4319 1049 4374 dicitur
1084 4335 1095 4373 :
1130 4323 1359 4375 Factum
1373 4325 1452 4375 est
1472 4321 1694 4376 verbum
1726 4324 1826 4377 Do-

164 4411 322 4464 mini
352 4410 414 4463 in
432 4424 606 4462 manu
633 4408 828 4476 Aggezi
851 4408 1137 4478 prophetae
1155 4424 1175 4468 ,'
1199 4408 1300 4462 sed
1329 4407 1405 4463 ad
1427 4409 1685 4479 Aggaeum
1705 4427 1829 4482 pro-

150 4498 411 4572 phetam.
437 4497 520 4552 Ibi
568 4496 725 4551 enim
758 4496 921 4567 (quia
950 4497 1543 4568 adhuc(c)profcctum
1577 4497 1831 4553 habebat

1931 1945 2123 1985 nonus
2182 1929 2408 1985 mensis
2455 1929 2730 2001 jungitur
2759 1931 3014 1986 Rursum
3048 1929 3188 2002 quia
3215 1929 3388 1985 datur
3414 1929 3579 1986 locus

1932 2017 2282 2089 poenitentiae
2317 2022 2448 2090 post
2493 2019 2881 2074 immunditiis
2935 2019 3384 2091 correptionem,
3430 2018 3578 2073 vice-

1932 2108 2084 2163 sima
2109 2112 2320 2178 quarta
2340 2107 2432 2162 die
2464 2123 2657 2163 sermo
2689 2107 2788 2162 Dei
2823 2108 2888 2162 fit
2916 2107 2989 2162 ad
3017 2109 3296 2180 Aggzeum
3326 2106 3582 2180 prophe-

1932 2200 2150 2267 tam,ut
2171 2196 2338 2267 quasi
2373 2211 2441 2250 ex
2471 2211 2719 2267 persona
2751 2195 2980 2251 Domini
3014 2195 3398 2268 quaestionem
3430 2213 3465 2252 a
3493 2212 3583 2252 sa-

1933 2284 2268 2340 cerdotibus
2289 2284 2624 2340 sciscitatur
2653 2301 2722 2340 ex
2752 2284 2876 2356 lege
2899 2284 3250 2350 venientem,
3281 2290 3339 2340 et
3365 2285 3583 2340 dicitur

1933 2374 1986 2428 ei
2020 2389 2033 2428 :
2069 2374 2350 2442 Interroga
2399 2373 2696 2429 sacerdotes
2753 2373 2944 2444 legem,
3001 2373 3206 2429 dicens.
3269 2372 3578 2444 Simulque

1934 2463 2239 2518 considera
2265 2462 2633 2518 sacerdotum
2667 2477 2797 2518 esse
2828 2461 3025 2526 ofﬁcii,
3058 2462 3129 2517 de
3160 2461 3288 2534 lege
3329 2461 3578 2518 interro-

1933 2550 2094 2624 ganti
2125 2551 2495 2623 respondere.
2545 2551 2605 2606 Si
2637 2552 2912 2606 sacerdos
2939 2554 3051 2618 est,
3081 2551 3228 2606 sciat
3257 2550 3444 2623 legem
3470 2555 3580 2607 Do-

1935 2639 2078 2694 mini
2115 2657 2128 2694 :
2161 2638 2211 2694 si
2240 2638 2472 2712 ignorat
2500 2639 2844 2712 legem,ipse
2874 2655 2937 2695 se
2967 2639 3161 2711 arguit
3188 2656 3304 2695 non
3327 2655 3455 2696 esse
3476 2644 3581 2696 Do-

1936 2728 2080 2782 mini
2113 2719 2494 2783 sacerdotem.
2529 2727 2867 2784 Sacerdotis
2888 2728 3043 2783 enim
3074 2731 3164 2784 est
3188 2727 3337 2785 scire
3365 2727 3577 2800 legem,

1935 2820 1992 2871 et
2022 2817 2092 2871 ad
2125 2816 2639 2889 interrogationem
2681 2817 3030 2888 respondere
3079 2817 3152 2872 de
3207 2816 3354 2888 lege.
3413 2817 3578 2881 Quod

1936 2905 2174 2976 quidem
2205 2909 2262 2960 et
2289 2905 2349 2959 in
2383 2905 2834 2961 Deuteronomio
2877 2904 3030 2977 (Cap.
3065 2905 3154 2976 17)
3212 2904 3483 2975 legimus,
3516 2909 3582 2961 ut

1937 2993 2125 3049 sicubi
2157 2994 2215 3048 in
2250 2993 2496 3049 urbibus
2527 2993 2705 3050 Israel
2726 2993 2967 3065 quaestio
3002 2993 3174 3049 fuerit
3202 2998 3400 3050 exorta
3429 2994 3583 3050 inter

1937 3082 2284 3155 sanguinem
2301 3087 2356 3137 et
2377 3082 3202 3155 sanguinem,interjudicium
3221 3087 3279 3138 et
3287 3081 3580 3158 judicium

1938 3170 2158 3243 lepram
2192 3176 2249 3226 et
2278 3170 3050 3242 lepram,contradictionem
3083 3176 3139 3227 et
3167 3171 3582 3228 contradictio-

1938 3263 2236 3331 nem,eant
2265 3261 2335 3314 ad
2369 3261 2696 3316 sacerdotes
2730 3265 2905 3332 atque
2937 3259 3252 3326 Levitas,et
3279 3260 3349 3316 ad
3387 3259 3584 3332 ponti-

1936 3350 2104 3404 ficem
2137 3349 2238 3418 qui
2270 3348 2327 3402 in
2359 3348 2569 3404 diebus
2599 3348 2718 3404 illis
2748 3349 2920 3404 fuerit
2949 3349 3326 3416 constitutus,
3342 3353 3400 3404 et
3423 3365 3579 3419 quaa-

1936 3441 2069 3492 rant
2096 3431 2168 3490 ab
2199 3451 2265 3490 eo
2294 3436 2482 3507 legem
2518 3436 2744 3492 Domini
2780 3455 2793 3502 ;
2827 3436 3044 3507 quibus
3066 3436 3576 3507 respondentibus,

1937 3525 2153 3580 faciant
2173 3525 2326 3595 quod
2351 3524 2656 3594 jubentur.
2690 3524 2851 3588 Quod
2885 3525 3070 3579 sinon
3105 3524 3362 3591 fecerint,
3390 3529 3576 3580 exter-

1938 3613 2237 3667 minentur
2266 3612 2336 3666 de
2367 3611 2580 3683 populo
2615 3628 2741 3666 suo.
2775 3611 2844 3666 Et
2875 3627 2947 3666 ne
2986 3611 3255 3666 forsitant
3282 3610 3345 3666 in
3397 3611 3577 3667 veteri

1935 3701 2128 3757 solum
2144 3703 2536 3756 Instrumento
2557 3699 2678 3755 hinc
2699 3703 2987 3770 praecepta
3014 3699 3358 3765 videantur;
3391 3698 3578 3772 loqui-

1935 3794 2034 3845 tur
2063 3793 2120 3845 et
2153 3787 2465 3860 Apostolus
2487 3787 2558 3842 ad
2579 3786 3320 3859 Timotheum,episcopum
3342 3803 3457 3842 non
3489 3805 3577 3844 so-

1937 3879 2058 3934 lum
2095 3875 2662 3949 irreprehensibilem
2693 3892 2822 3932 esse
2851 3875 3147 3945 debere,et
3166 3875 3346 3931 unius
3377 3877 3576 3933 uxoris

1935 3967 2150 4030 virum,
2182 3969 2238 4022 et
2268 3964 2612 4036 sapientem,
2644 3968 2701 4019 et
2755 3964 3058 4036 pudicum,
3088 3968 3146 4019 et
3194 3969 3486 4033 ornatum,
3519 3969 3579 4022 et

1936 4053 2308 4126 hospitalem,
2343 4053 2442 4109 sed
2474 4053 2650 4108 etiam
2682 4053 2975 4108 doctorem
3007 4053 3052 4124 (Ι
3085 4053 3217 4108 'lim.
3253 4053 3360 4124 ιιι).
3403 4053 3474 4110 Et
3503 4070 3577 4111 ne

1938 4160 2076 4200 casu
2106 4142 2216 4199 hoc
2234 4142 2452 4197 dixisse
2480 4141 2794 4212 videretur,
2827 4143 2900 4197 ad
2930 4141 3124 4198 Titum
3147 4157 3381 4215 quoque
3401 4159 3580 4216 super

1937 4231 2295 4306 presbyteris
2326 4236 2496 4302 (quos
2527 4235 2584 4285 et
2609 4230 2912 4303 episcopos
2969 4229 3216 4304 intelligi
3247 4230 3392 4304 vult)
3423 4231 3579 4289 ordi-

1937 4321 2170 4386 nandis,
2203 4321 2407 4376 eadem
2438 4319 2663 4376 cautela
2702 4323 2964 4376 servatur
3019 4321 3142 4391 (Tit.
3199 4336 3240 4385 I,
3271 4321 3308 4373 5
3365 4322 3577 4394 seqq.).

1941 4413 2169 4482 t’r0pter
2197 4409 2295 4464 hoc
2324 4410 2527 4480 reliqui
2547 4417 2597 4464 te
2628 4408 2823 4478 Cretae,
2874 4415 2936 4464 ut
2990 4422 3116 4479 qua:
3166 4407 3393 4463 residua
3420 4418 3580 4465 erant

1935 4500 2240 4567 corrigeres
2269 4501 2320 4553 et
2347 4497 2641 4552 ordinares
2668 4514 2768 4568 per
2793 4497 3042 4552 civitates
3055 4498 3403 4567 presbyteros
3431 4498 3578 4553 sicut

153 4591 224 4642 et
249 4601 426 4657 opera
452 4588 682 4640 tantum
716 4585 956 4655 munda,
983 4601 1081 4640 cor
1110 4590 1304 4640 autem
1364 4584 1523 4640 illius
1564 4587 1813 4642 necdum
1849 4605 1896 4669 D
1927 4603 2024 4658 ego
2049 4587 2290 4658 prwcepi
2316 4587 2462 4650 tibi;
2494 4585 2557 4640 Si
2574 4586 2695 4655 qnis
2723 4589 2807 4640 est
2854 4583 3354 4654 irreprehensibilis
3410 4586 3580 4640 unius

157 4674 404 4748 plenam
437 4673 793 4745 sapientiam
827 4677 1121 4745 receperat
1154 4691 1166 4740 ;
1203 4673 1322 4729 sive
1353 4674 1492 4745 quia
1521 4673 1822 4730 habitabat

158 4763 366 4821 adhuc
397 4763 550 4818 inter
579 4778 700 4828 eos,
733 4761 834 4833 qui
867 4762 1140 4818 dicebant
1173 4779 1186 4817 :
1221 4763 1472 4818 Nondum
1510 4767 1658 4818 venit
1685 4768 1818 4819 tem-

152 4869 274 4928 pus
303 4851 498 4908 domus
529 4853 746 4907 Domini
773 4850 1152 4922 aediﬁcanda)
1181 4849 1240 4905 in
1274 4851 1549 4923 operibus
1587 4856 1817 4907 tantum

159 4943 304 5013 ejus
334 4956 526 4996 sermo
557 4940 748 4996 factus
768 4944 856 4996 est
885 4939 1133 4995 Domini.
1175 4940 1280 4994 Hic
1311 4943 1506 4995 autem
1538 4941 1818 5011 quoniam

148 5031 297 5102 jam
326 5028 527 5100 templi
549 5028 710 5100 jacta
739 5032 878 5084 sunt
907 5028 1292 5083 fundamenta
1316 5032 1373 5083 et
1402 5028 1704 5100 ingressus
1735 5032 1826 5084 est

163 5117 428 5192 populus
459 5133 593 5173 cum
624 5116 987 5188 principibus
1027 5116 1088 5171 in
1147 5116 1388 5172 domum
1445 5116 1571 5186 Dei,
1602 5120 1658 5172 et
1688 5115 1826 5171 facit

248 5331 330 5422 (ᾳ)
365 5330 797 5422 Rescripsimus
827 5331 997 5397 ibi,ex
1028 5327 1538 5422 Regimmsaju'sta
1559 5329 1823 5386 Graecum

163 5400 418 5476 textum,
455 5400 648 5476 ἐγγῖση
674 5400 797 5476 ἐκεῖ
849 5400 1386 5474 appropinguaverit'
1418 5402 1516 5468 ibi,
1553 5417 1655 5472 pro
1708 5418 1823 5472 quo

163 5475 552 5534 Martianaaus
579 5475 683 5530 tibi
712 5475 868 5534 legit.

246 5491 552 5532 aruanzsus
579 5491 680 5530 ιιυι
712 5491 763 5530 1e
807 5491 868 5532 it.

246 5548 326 5618 (b)
357 5547 562 5619 Regio,
595 5563 734 5619 ms.,
765 5491 1074 5619 g’otandum
1117 5547 1324 5612 autem,
1369 5544 1512 5616 quod
1542 5545 1602 5598 in
1632 5551 1825 5614 quarto

168 5617 315 5685 loco,
337 5617 472 5687 etc,,
503 5617 741 5689 rectius,
774 5622 840 5673 ut
861 5617 1111 5673 videtur.

245 5693 320 5761 (c)
346 5685 505 5748 Idem
541 5685 676 5755 ωε..
708 5685 842 5762 quia
871 5689 1047 5746 adhuc
1070 5688 1412 5761 prophetiam
1437 5685 1692 5746 habebat.

1929 4678 2120 4732 uxoris
2148 4677 2255 4744 vir,
2287 4673 2430 4745 ﬁlios
2458 4673 2662 4728 habens
2690 4673 3012 4743 ﬁdeles,non
3043 4672 3113 4744 (c)
3143 4675 3206 4728 in
3233 4675 3579 4729 accusatione

1930 4766 2177 4821 luxuria
2216 4763 2301 4818 vel
2350 4763 2411 4816 in
2463 4761 2747 4832 subjectos.
2805 4762 3022 4832 Oportet
3069 4763 3220 4817 enim
3267 4763 3579 4835 episcopum

1929 4849 2470 4923 irreprehensibitem
2524 4865 2638 4906 esse
2718 4851 2859 4905 sicut
2938 4849 3386 4921 dispensatorem,
3465 4866 3580 4907 non

1928 4955 2230 5010 procacem,
2255 4953 2362 4993 non
2396 4937 2744 5002 iracundum,
2776 4953 2888 4993 non
2918 4938 3242 5005 violentum,
3295 4954 3408 4994 non
3449 4955 3576 5012 per-

1931 5044 2230 5098 cussorem,
2263 5042 2374 5082 non
2401 5028 2581 5098 turpis
2611 5027 2758 5082 lucri
2784 5026 3043 5098 cupidum
3072 5025 3202 5094 ;sed
3223 5027 3575 5099 hospitalem,

1926 5117 2213 5191 pudicum,
2244 5116 2559 5186 benignum,
2588 5116 2813 5184 iustum,
2843 5119 3118 5186 sanctum,
3177 5116 3575 5184 continentem,

2003 5329 2078 5401 (d)
2107 5328 2424 5402 Victorius,
2449 5330 2695 5386 fortasse
2726 5329 2962 5398 rectius,
2992 5329 3066 5385 ad
3094 5332 3268 5386 totum
3317 5330 3580 5402 Aggaeum

1933 5417 2112 5458 sermo
2144 5401 2204 5471 ﬁt
2225 5401 2466 5456 Domini.

2005 5473 2210 5544 (e]Hmc
2241 5489 2309 5528 ex
2339 5471 2581 5538 antiqua
2601 5471 2849 5544 Vulgata
2872 5473 3076 5528 recitat
3105 5471 3491 5544 Hieronymus
3512 5477 3580 5530 ut

1935 5543 2184 5616 probant
2211 5559 2379 5599 voces
2427 5548 2737 5616 sequentes
2796 5544 3137 5616 insubiectos,
3186 5543 3465 5616 consolari
3519 5547 3580 5601 in

1933 5615 2184 5672 doctrina
2211 5631 2368 5684 sana,
2401 5620 2533 5684 etc.,
2565 5631 2697 5688 quae
2714 5615 3004 5688 leguntur
3023 5615 3082 5670 in
3115 5615 3391 5686 omnibus
3420 5617 3578 5677 codi-

1939 5687 2105 5745 cibus
2136 5703 2304 5757 mss.,
2340 5692 2404 5744 ut
2433 5703 2540 5744 nos
2570 5686 2886 5745 edidimus.
2917 5688 3104 5747 Mas'r.
