4022 6192
457 385 612 455 μω

1706 384 1772 451 8.
1814 382 2126 453 EUSEBH
2160 382 2615 453 EHIERONYMI

3629 394 3738 462 μω

454 522 746 582 habentem
768 524 835 579 in
872 521 1130 579 doctrina
1178 533 1489 579 sermonem
1546 519 1764 591 ﬁdelem
1795 541 1816 587 ,-
1845 523 1905 576 ut
1929 520 2102 591 possit
2128 519 2184 587 Α
2215 520 2595 577 sanctiﬁcata.
2629 524 2687 578 et
2714 520 3061 580 immundus
3090 521 3147 579 in
3174 521 3733 601 anima,videamuspio-

450 612 728 671 consolari
744 612 809 668 in
836 610 1088 667 doctrina
1119 626 1279 677 sana,
1308 619 1364 664 et
1416 626 1505 665 eos
1562 612 1660 681 qui
1713 609 2103 665 contradicunt
2213 610 2387 682 pheta
2413 610 2554 680 quid
2587 615 2825 681 quaarat.
2860 611 2920 667 Si
2968 610 3141 669 homo
3173 612 3521 686 quicumque,
3569 634 3657 673 non
3677 618 3736 675 hic

450 717 707 772 arguere.
741 700 880 757 Sunt
905 702 1056 756 enim
1084 700 1248 754 multi
1274 702 1325 754 et
1353 714 1463 755 non
1507 698 1759 770 subjecti,
1789 700 2097 770 vanitoqui,

450 791 841 854 etseduotores,
874 798 929 845 et
959 790 1204 844 maxime
1233 789 1331 859 qui
1357 787 1424 843 de
1476 788 1891 843 circumcisione
1946 792 2099 854 sunt,

456 881 599 937 761
635 879 836 952 quibus
866 882 1075 950 Oportet
1103 878 1382 948 imponere
1434 877 1738 932 silentium.
1775 876 1904 931 Haec
1962 893 2099 948 pro-

448 968 623 1025 lixius
655 967 843 1040 posui,
902 971 968 1022 ut
1024 971 1145 1021 tam
1201 981 1271 1020 ex
1326 964 1527 1032 veteri,
1586 981 1765 1036 quam
1825 981 1895 1020 ex
1954 980 2098 1019 novo

450 1058 846 1126 Testamento,
872 1054 1242 1111 sacerdotum
1271 1070 1399 1110 esse
1448 1053 1707 1109 ofﬁcium
1743 1052 2095 1117 noverimus,

449 1145 600 1202 scine
630 1144 817 1217 legem
852 1143 974 1211 Dei,
1007 1147 1061 1198 et
1095 1143 1446 1215 respondere
1475 1142 1547 1197 ad
1585 1159 1712 1213 quae
1764 1142 1977 1197 fuerint
2008 1142 2095 1196 in-

448 1233 744 1305 terrogati.
778 1234 893 1289 Nec
923 1231 1359 1303 simplicitatem
1396 1234 1451 1287 et
1497 1230 1758 1286 ciborum
1793 1231 2098 1286 continen-

447 1321 592 1378 tiam
614 1322 682 1376 :in
708 1321 990 1392 magistro
1022 1320 1292 1376 sufﬁcere
1326 1335 1337 1374 :
1371 1318 1487 1374 nisi
1536 1319 1693 1389 quod
1753 1318 1880 1390 ipse
1938 1318 2093 1388 facit,

448 1411 635 1481 possit
660 1413 721 1466 et
748 1408 891 1466 alios
918 1408 1342 1465 erudire.Certe
1365 1406 1504 1478 quia
1525 1422 1910 1478 responsuros
1931 1411 2091 1478 puto:

450 1497 559 1555 hoc
580 1514 783 1555 eorum
805 1513 934 1555 esse
956 1497 1051 1569 qui
1076 1497 1223 1552 seab
1246 1495 1638 1553 adolescentia
1651 1499 1981 1566 praeparant
2020 1496 2093 1550 ad

447 1585 1142 1657 docendum,frequenter
1170 1589 1365 1640 autem
1390 1584 1616 1653 judicio
1648 1584 1964 1653 Domini,et
1994 1600 2092 1651 po-

447 1674 719 1746 pulorum
742 1674 1028 1746 suffragio
1058 1673 1118 1728 in
1152 1672 1545 1729 sacerdotium
1577 1672 1875 1744 simplices
1905 1671 2043 1744 eligi
2077 1689 2090 1728 :

447 1762 657 1820 saltem
686 1762 831 1825 illud
865 1762 1141 1832 habeant,
1170 1766 1237 1817 ut
1267 1765 1579 1833 postquam
1608 1761 1943 1817 sacerdotes
1976 1760 2094 1815 fue-

446 1850 824 1917 riterdinati,
858 1851 1091 1907 discant
1123 1848 1311 1922 Legem
1344 1848 1466 1916 Dei,
1501 1853 1567 1903 ut
1622 1848 1856 1920 possint
1884 1849 2093 1904 docere

446 1940 601 2011 quod
622 1939 1027 2004 didicerint,et
1060 1942 1316 2009 augeant
1346 1936 1653 1992 scientiam
1695 1936 1885 2008 magis
1915 1954 2093 2008 quam

447 2043 607 2099 epes,
634 2032 691 2087 et
723 2043 833 2082 non
867 2026 1219 2082 erubescant
1242 2043 1276 2081 a
1305 2024 1472 2080 laicis
1501 2024 1749 2089 discere,
1781 2024 1882 2095 qui
1927 2042 2099 2081 nove—

448 2114 567 2170 rint
581 2130 647 2170 ea
666 2130 797 2185 quae
819 2115 890 2171 ad
909 2114 1169 2169 ofﬁcium
1191 2114 1487 2184 pertinent
1507 2112 2099 2185 sacerdotumzmagil

448 2218 562 2274 que
593 2206 791 2259 noctes
820 2208 877 2259 et
906 2203 1031 2261 dies
1060 2202 1118 2256 in
1154 2201 1589 2272 Scripturarum
1622 2204 1891 2267 tractatu,
1915 2217 2095 2272 quam

446 2290 507 2351 iu
526 2290 858 2347 [ratiociniis
890 2294 949 2347 et
977 2289 1394 2361 supputatione
1425 2294 1800 2346 consumant.
1837 2289 1986 2356 Quid
2007 2293 2098 2346 est

447 2383 641 2441 autem
664 2380 829 2450 quod
859 2396 930 2435 ex
959 2394 1209 2450 persona
1237 2377 1472 2435 Domini
1491 2382 1743 2450 Aggerus
1774 2378 2098 2451 interrogat

446 2468 777 2527 sacerdotes
806 2468 833 2523 ?
862 2469 924 2531 Si
949 2468 1145 2524 tulerit
1170 2468 1326 2523 homo
1342 2481 1570 2522 carnem
1598 2467 2005 2537 sanctiﬁcatum
2035 2470 2097 2522 in

447 2559 692 2614 crestae
717 2558 780 2612 in
806 2558 1130 2613 summitate
1156 2558 1469 2612 vestimenti
1491 2557 1603 2624 sui,
1634 2563 1688 2611 et
1742 2556 1979 2626 tetigerit
2029 2556 2097 2611 de

444 2646 764 2703 summitate
781 2646 897 2717 ejus
919 2660 1141 2717 panevn,
1173 2648 1271 2699 esst
1323 2644 1697 2715 pulmentum,
1730 2652 1827 2699 aut
1880 2646 2094 2712 vinum,

445 2740 546 2791 aut
574 2735 776 2801 oleum,
804 2738 903 2790 aut
932 2750 1148 2790 omnem
1175 2735 1380 2804 cibum,
1408 2733 1681 2804 numquid
1722 2732 2093 2802 sanctiﬁcabi-

444 2826 900 2895 tur?Antequam
921 2822 991 2877 de
1007 2820 1330 2893 quaestione
1352 2822 1983 2888 tractemus,debemus
2005 2822 2094 2876 in-

448 2912 621 2971 terim
642 2909 1089 2982 juxtalitteram
1112 2910 1456 2980 nosse,quid
1478 2909 1555 2965 sit
1575 2927 1710 2967 caro
1732 2909 2096 2966 sanctiﬁcata

446 3005 505 3057 et
533 3000 673 3072 quid
704 2999 1147 3057 sitimmundus
1174 2999 1235 3053 in
1266 2998 1694 3055 animmHostia
1715 3016 1845 3070 quae
1876 2999 2093 3055 immo-

376 3150 377 3155 ,
447 3087 681 3153 labatur
709 3088 769 3144 in
798 3086 967 3145 altari
1000 3103 1203 3145 carnes
1233 3086 1396 3142 illius
1422 3091 1642 3143 sanctas
1659 3092 1828 3143 erant
1855 3091 1912 3141 et
1942 3086 2095 3142 inter

447 3177 608 3251 ipsas
624 3176 1022 3239 sanctiﬁcatas
1040 3192 1243 3232 carnes
1258 3180 1383 3232 erat
1394 3174 1581 3232 multa
1601 3174 2093 3232 diversitas.Alias

2210 700 2281 755 de
2312 699 2587 756 Pontiﬁce
2617 700 2855 769 dicitur,
2888 705 2989 756 aut
3015 701 3086 756 de
3117 703 3422 767 sacerdote,
3452 708 3537 757 aut
3585 705 3638 759 de
3673 710 3735 763 le-

2210 789 2330 844 vita
2362 807 2374 855 ;
2410 790 2509 844 sed
2544 788 2789 860 quilibet
2822 789 3026 845 homo:
3064 790 3157 845 ubi
3193 806 3425 862 persona
3455 809 3550 845 non
3577 796 3737 863 ponitur

2211 878 2434 950 passim
2468 878 2746 933 omnibus
2778 877 2913 934 licet
2963 894 3197 935 carnem
3252 885 3486 950 tangere.
3513 881 3557 934 Si
3583 882 3733 949 tulerit,

2206 966 2420 1037 inquit,
2454 982 2689 1022 carnem
2722 967 3144 1022 sanctiﬁcatum
3185 970 3242 1022 et
3294 966 3532 1039 ligaverit
3556 968 3603 1022 in
3629 986 3737 1025 sum-

2210 1055 2412 1110 mitate
2441 1054 2770 1110 vestimenti
2804 1055 2917 1121 sui,
2938 1059 2994 1110 et
3022 1055 3151 1126 ipsa
3183 1056 3474 1110 summitas
3499 1056 3741 1113 vestimenti

2208 1160 2419 1215 panem
2449 1143 2834 1215 tetigerit,aut
2851 1143 3177 1215 quamlibet
3191 1143 3357 1200 aliam
3382 1143 3740 1212 coctionem,sut

2206 1231 2429 1297 vinum,
2464 1236 2567 1286 aut
2590 1230 2801 1297 oleum,
2833 1237 2935 1286 aut
2964 1247 3137 1286 omne
3164 1236 3321 1286 extra
3350 1231 3460 1285 haec
3505 1247 3599 1301 quo
3622 1232 3740 1287 homo

2204 1320 2359 1375 vesci
2392 1324 2603 1390 potest,
2637 1319 2905 1390 nunquid
2939 1320 3127 1391 panis,
3160 1324 3261 1376 aut
3287 1319 3583 1385 vinum,aut
3602 1319 3738 1376 oleum

2206 1413 2306 1464 aut
2321 1408 2514 1466 omnis
2536 1408 2885 1477 cibus,tactu
2915 1409 3245 1464 vestimenti
3277 1408 3333 1463 in
3354 1425 3458 1479 quo
3476 1424 3587 1464 caro
3604 1413 3743 1464 sancis

2206 1495 2383 1568 ligata
2414 1500 2520 1566 est,
2556 1495 2907 1551 sanctiﬁcari
2936 1500 3128 1568 potest
3156 1496 3184 1550 ?
3214 1500 3281 1551 Et
3310 1496 3665 1568 respondentes
3682 1513 3742 1551 ss-

2204 1585 2466 1640 cerdotes
2497 1584 2769 1641 dixerunt
2801 1601 2813 1640 :
2845 1588 2972 1640 Non
3006 1587 3218 1656 potest,
3259 1583 3362 1639 hoc
3417 1589 3511 1653 est,
3539 1582 3654 1638 nihil
3675 1600 3737 1638 eo-

2203 1690 2335 1730 rum
2359 1672 2818 1729 sanctiﬁcabitur
2835 1674 2909 1728 de
2929 1672 3144 1743 quibus
3164 1671 3485 1744 quaeris;sed
3508 1672 3575 1726 ita
3586 1687 3737 1726 unum-

2203 1764 2475 1833 quodque
2504 1761 2870 1833 permanebit
2898 1765 2964 1817 ut
2979 1761 3439 1817 fuerat.Rursum
3454 1760 3553 1816 alia
3570 1759 3742 1830 questio

2203 1851 2547 1921 proponitur
2576 1850 3165 1920 sacerdotibuszquod
3178 1848 3392 1905 scilicet
3421 1849 3548 1903 bene
3573 1862 3743 1917 respon-

2207 1939 2399 1996 derint
2428 1940 2500 1996 ad
2531 1938 2913 2010 superiorem,
2946 1942 3003 1993 et
3034 1937 3205 2010 quasi
3262 1936 3559 1992 similitudo
3584 1933 3747 2006 proble-

2206 2028 2383 2085 matis
2404 2033 2729 2099 coaptatur,
2762 2026 2821 2081 in
2854 2025 3296 2097 quaimperitus
3314 2024 3466 2080 facile
3490 2022 3589 2079 labi
3613 2021 3745 2093 potuit

2205 2122 2285 2174 Da
2313 2115 2470 2173 enim
2503 2116 2760 2187 aliquem
2790 2116 3013 2171 nescire
3045 2115 3254 2188 legem,
3275 2120 3331 2171 et
3362 2114 3502 2169 sicut
3529 2108 3748 2182 respondit

2206 2207 2277 2263 de
2307 2205 2673 2277 sanctiﬁcata
2698 2220 2878 2261 carne
2910 2220 3028 2260 non
3058 2203 3404 2260 sanctiﬁcari
3448 2216 3641 2272 panem,
3682 2201 3749 2252 aut

2205 2294 2598 2367 pulmentum,
2629 2296 2731 2348 aut
2756 2292 2979 2358 vinum,
3012 2296 3118 2346 aut
3147 2290 3358 2359 oleum,
3378 2294 3471 2346 aut
3496 2304 3681 2345 omnem
3695 2286 3747 2339 ci-

2204 2385 2434 2450 bum,et
2460 2382 2519 2437 in
2552 2382 2661 2438 hoc
2691 2397 2855 2452 aeque
2884 2380 3345 2451 respondebit,et
3373 2374 3749 2434 dicet:Pollutum

2204 2472 2263 2529 in
2296 2472 2495 2529 anima
2519 2487 2636 2527 non
2665 2469 3064 2527 contaminare
3090 2484 3165 2524 ea
3194 2485 3319 2540 quae
3349 2470 3751 2523 sanctacarosan-

2204 2560 2459 2616 ctiﬁcare
2489 2576 2605 2615 non
2638 2558 2848 2629 potuit.
2886 2559 3214 2629 Interrogat
3241 2555 3433 2628 igitur,
3471 2558 3521 2609 et
3543 2551 3656 2608 dicit
3678 2567 3687 2602 :
3712 2547 3751 2604 Si

2202 2649 2460 2721 tetigerit
2490 2648 2540 2702 is
2570 2647 2670 2718 qui
2703 2645 2963 2718 pollutus
2994 2647 3053 2700 in
3086 2644 3289 2702 anima
3316 2648 3419 2714 est,
3458 2643 3554 2699 hoc
3577 2643 3661 2704 est,
3684 2636 3750 2708 qui

2203 2737 2549 2809 contagione
2580 2736 2793 2793 mortui
2829 2738 2918 2791 est
2946 2734 3296 2791 immundus
3343 2732 3574 2793 allectus,
3600 2744 3652 2784 ex
3690 2724 3751 2780 his

2204 2825 2501 2913 emqibus,
2532 2840 2745 2896 panem
2776 2821 3049 2879 videlicet
3075 2827 3185 2878 aut
3215 2820 3579 2895 pulmentum,
3603 2815 3749 2913 salvi-

2202 2903 2368 2979 num,
2402 2917 2505 2969 aut
2531 2912 2745 2978 oleum,
2778 2915 2882 2966 aut
2906 2910 3169 2982 reliquos
3210 2910 3366 2967 cibos
3398 2927 3410 2977 ;
3442 2903 3675 2977 numquid
3706 2917 3751 2954 ex

2201 3007 2469 3059 contactu
2501 3016 2702 3058 eorum
2733 3000 2855 3055 haec
2882 3016 3011 3070 qua
3058 2999 3319 3072 tetigerit
3362 2988 3751 3070 polluentur‘lEt

2201 3091 2630 3162 responderunt
2660 3088 3278 3159 sacerdotes,quorum
3309 3086 3556 3159 princeps
3582 3077 3748 3136 eratlo-

2202 3196 2304 3236 sus
2335 3178 2492 3235 ﬁlius
2521 3178 2786 3244 Josedec,
2819 3176 2975 3232 unde
3004 3180 3063 3232 et
3090 3176 3282 3249 legem
3314 3176 3565 3231 noverant
3588 3166 3751 3231 ηερε

446 3250 604 3327 enim
630 3266 964 3327 sacerdotes
992 3263 1051 3319 in
1082 3262 1287 3335 templi
1316 3263 1507 3335 adytis
1522 3261 2093 3320 comedebantzalias
2123 3250 2166 3319 C
2204 3268 2475 3323 dixerunt
2507 3270 2778 3321 contactu
2810 3265 2960 3335 ejus,
2993 3264 3097 3335 qui
3128 3264 3467 3321 immundus
3494 3263 3586 3323 est,
3610 3253 3751 3311 omnia

444 3353 973 3428 propinquieorum
984 3351 1314 3413 domizalias
1328 3352 1391 3411 bi
1403 3352 1503 3425 qui
1515 3351 1999 3411 desacerdotibus
2009 3351 2093 3409 vi-

446 3444 877 3501 dabanturesse
890 3441 1164 3499 maculati
1172 3440 1338 3498 :alias
1352 3440 1623 3499 Israelita
1637 3442 1736 3513 qui
1748 3440 1971 3498 nullam
1987 3441 2091 3497 ha-

438 3533 657 3595 bebant
706 3530 1169 3588 immunditiam.
1236 3531 1427 3602 Hujus
1494 3530 1851 3587 diversitatis
1917 3529 2093 3601 plena

440 3622 587 3687 ratio
616 3622 676 3678 in
708 3620 1225 3685 levitieo‘dicitur,
1258 3619 1611 3679 Immundus
1643 3623 1839 3681 autem
1870 3618 1932 3674 in
1964 3619 2091 3676 ani-

441 3727 539 3767 ma
562 3710 884 3781 dicebatur,
942 3709 1045 3781 qui
1103 3725 1317 3780 corpus
1370 3708 1630 3765 hominis
1681 3708 1895 3764 mortui
1957 3708 2091 3765 atti-

439 3804 621 3873 gerat.
654 3801 720 3855 In
758 3815 876 3870 quo
907 3798 1512 3865 animadvertendum,
1572 3797 1862 3869 quamdiu
1894 3797 2093 3855 anima

439 3889 498 3947 in
526 3904 770 3960 corpore
801 3888 900 3953 sit,
937 3887 1317 3943 immundum
1378 3902 1495 3943 non
1550 3901 1682 3942 esse
1730 3903 1942 3956 corpus
1980 3886 2089 3941 bu-

443 3994 686 4041 manum
718 3994 732 4032 :
768 3976 968 4032 statim
1007 3992 1141 4032 vero
1199 3979 1266 4031 ut
1322 3973 1567 4046 spiritus
1623 3980 1897 4046 vegetans
1926 3979 2091 4032 artus

440 4064 768 4129 recesserit,
801 4064 1177 4123 immundum
1237 4061 1362 4120 ﬁeri
1419 4062 1574 4133 quod
1633 4068 1927 4119 terrenum
1979 4068 2088 4134 est,

443 4154 601 4217 sicut
645 4153 705 4209 in
763 4152 968 4208 eodem
1027 4150 1279 4209 Levitico
1312 4150 1604 4211 scribitur
1635 4166 1648 4204 :
1682 4152 1749 4206 Et
1777 4153 1857 4208 ait
1904 4138 2091 4209 Domi-

440 4256 546 4297 nus
573 4240 644 4297 ad
673 4240 912 4311 Moysen,
941 4239 1133 4299 dicens
1160 4254 1183 4301 ;
1210 4239 1308 4295 Dic
1361 4238 1732 4296 sacerdotibus
1786 4241 1924 4311 ﬁliis
1981 4241 2090 4296 Aa-

441 4344 565 4396 ron,
592 4334 646 4386 et
668 4328 820 4385 dices
867 4327 938 4389 ad
984 4344 1076 4385 cos
1105 4329 1216 4383 ,ειη
1264 4326 1561 4384 animabus
1605 4343 1715 4383 non
1744 4330 2091 4384 contamina-

444 4419 652 4481 buntur
681 4420 742 4473 in
759 4424 916 4489 gente
934 4434 1047 4474 sua
1080 4416 1211 4478 :sed
1239 4418 1299 4472 in
1344 4417 1590 4484 cognatis
1637 4418 1734 4487 qui
1793 4418 2090 4489 appropin-

436 4508 714 4581 pinquant
738 4509 839 4576 eis,
866 4522 1030 4578 super
1058 4514 1253 4575 matre,
1282 4514 1336 4563 et
1387 4521 1552 4577 super
1601 4510 1786 4576 patre.
1818 4514 1870 4561 et
1896 4521 2091 4577 super-

2204 3372 2329 3428 quas
2361 3354 2434 3411 ab
2462 3370 2532 3410 eo
2554 3356 2828 3410 contacta
2856 3354 2996 3407 sunt
3028 3349 3238 3423 pollui.
3274 3352 3338 3408 Et
3392 3344 3650 3420 respondit
3670 3347 3751 3411 Ag-

2200 3462 2361 3519 geus
2386 3447 2446 3499 et
2475 3442 2639 3511 dixit,
2671 3442 2743 3497 de
2799 3439 3207 3513 superioribus
3261 3445 3471 3495 tacens.
3496 3434 3631 3508 quod
3660 3443 3751 3519 satis

2201 3514 2454 3591 etiﬁcata
2481 3547 2618 3589 caro
2648 3534 2885 3587 caeteros
2915 3530 3078 3585 cibos
3109 3529 3470 3585 sanctiﬁcare
3506 3540 3601 3582 non
3627 3514 3754 3590 possit

2200 3628 2257 3680 et
2282 3623 2354 3677 de
2384 3619 2643 3677 secunda
2657 3618 3068 3676 tantummodo
3101 3618 3423 3689 quaestione
3442 3602 3753 3672 ερρωοηίεωὶ

2198 3716 2398 3768 texens
2428 3708 2795 3766 occasionem
2827 3723 2840 3761 :
2872 3708 2967 3764 Sic
2990 3707 3237 3778 populus
3266 3708 3384 3773 'nte,
3404 3712 3455 3761 et
3478 3703 3547 3761 sic
3566 3696 3755 3770 genus“

2199 3808 2331 3856 ante
2353 3801 2555 3870 faciem
2580 3813 2789 3860 meam,
2817 3795 2953 3850 dicit
3002 3796 3274 3851 Dominus
3307 3812 3319 3850 :
3352 3792 3452 3859 Qui
3496 3782 3754 3870 immundus

2199 3893 2288 3945 est
2309 3867 2367 3944 in
2398 3887 2598 3943 anima
2626 3889 2683 3941 et
2712 3883 3091 3941 morticinum
3122 3884 3400 3959 tetigerit,
3456 3891 3602 3935 omne
3645 3867 3751 3959 quid

2199 3974 2481 4048 tetigerit,
2513 3979 2571 4029 et
2598 3974 2755 4045 quod
2788 3971 3065 4030 obtulerit
3093 3957 3266 4039 mihi,
3313 3967 3640 4029 immundum
3664 3957 3750 4051 erit

2201 4043 2365 4130 Quod
2397 4068 2595 4119 autem
2618 4043 2769 4118 “dicit
2808 4061 3136 4117 secundum
3198 4061 3466 4127 litteram,
3496 4043 3751 4123 huiusmodi

2200 4160 2290 4211 est
2322 4172 2335 4209 :
2366 4156 2412 4209 Ο
2443 4149 2785 4224 p0pute,qui
2815 4149 2983 4205 altari
3002 4152 3241 4205 tantum
3255 4135 3757 4229 exstructoptdirnli

2201 4244 2375 4300 domo
2405 4223 2557 4307 mea,
2592 4239 2816 4297 hostias
2849 4238 2994 4299 mihi
3023 4237 3200 4297 oﬁ‘ers
3231 4238 3293 4294 in
3323 4235 3552 4303 altari,et
3573 4223 3758 4283 victimis

2201 4333 2330 4403 ejus
2360 4334 2419 4385 et
2449 4328 2727 4385 carnibus
2755 4333 2813 4383 te
2842 4326 3200 4383 sanctiﬁcari
3231 4322 3549 4399 putaszscito
3572 4331 3661 4375 nan

2201 4394 2558 4477 sbuctiﬁcari
2594 4422 2652 4472 te
2678 4432 2746 4472 ex
2777 4414 2987 4471 hostiis
3017 4432 3168 4487 qum,
3223 4394 3439 4486 templo
3493 4408 3663 4465 diruto,

2202 4508 2477 4581 prodesse
2509 4522 2625 4561 non
2656 4507 2932 4576 poterunt
2968 4520 2981 4557 :
3016 4520 3198 4574 quam
3239 4494 3590 4559 contaminari
3613 4496 3760 4581 omnia

443 4572 584 4669 ﬁliis
608 4604 663 4653 et
693 4572 945 4667 ﬁliabus,
970 4602 1023 4651 et
1040 4610 1204 4667 super
1232 4572 1409 4666 fratre
1449 4572 1517 4650 et
1543 4572 1729 4650 sorore
1755 4610 1856 4651 sua
1883 4572 2097 4666 uirgine
2126 4616 2174 4681 D
2202 4572 2382 4669 bpera
2409 4599 2533 4661 tua,
2564 4598 2623 4651 et
2649 4572 2860 4649 cuncta
2886 4609 3012 4664 quis
3034 4572 3193 4666 agis,
3225 4609 3295 4649 ex
3323 4607 3390 4647 eo
3421 4584 3555 4660 quod
3576 4572 3762 4681 “381%?

443 4666 562 4759 qua;
620 4685 784 4743 Δπῐθ2
828 4666 1243 4756 appropinquat
1270 4686 1348 4749 ei,
1379 4686 1434 4741 et
1459 4699 1573 4739 non
1590 4687 1670 4738 est
1698 4682 1905 4739 tradita
1933 4687 2050 4739 viro
2076 4702 2089 4739 :
2126 4666 2171 4681 u
2204 4666 3089 4754 ettuammagisdomumquam
3107 4696 3302 4738 meam
3314 4666 3764 4760 θιβιναονεξοοῐξδωξ

443 4744 609 4846 ξυρᾶν
674 4774 761 4830 his
967 4744 1458 4841 cbntdminabitur,
1488 4774 1544 4827 et
1574 4787 1686 4826 non
1706 4772 1986 4843 polluetur
2000 4788 2093 4827 re-
2203 4790 2286 4830 es.
2319 4744 2601 4828 Sanctum
2634 4769 2873 4842 quidem
2903 4744 2992 4826 est
3019 4770 3179 4840 quod
3203 4769 3437 4826 offertur
3463 4764 3517 4818 in
3532 4744 3761 4846 βίω-πως

639 4864 700 4917 in
722 4830 1037 4934 populosuo
1066 4864 1127 4916 in
1171 4830 1719 4918 contaminationem.
1776 4862 1865 4915 sui
1922 4861 2098 4931 (Leuit
2206 4878 2323 4919 non
2355 4864 2478 4917 tam
2508 4830 2897 4915 sanctiﬁcaris
2920 4874 2991 4915 ex
3020 4830 3257 4927 bestiis,
3290 4870 3461 4929 quam
3493 4866 3553 4906 ex
3573 4860 3629 4901 eo

447 4926 599 5025 31x11,
637 4953 685 5019 1,
881 4950 1199 5009 Considera
1256 4949 1349 5005 bis
1404 4948 1639 5021 praecipi
1688 4926 2099 5005 sacerdotibus
2207 4951 2269 5007 in
2299 4947 2662 5005 convallibus
2694 4945 2946 5015 habitas,
2979 4948 3035 5001 et
3067 4945 3285 5002 interea
3309 4926 3544 5001 mortuis
3561 4926 3766 5021 ορετίζδιξί

450 5040 826 5113 non'ingredi
857 5040 931 5095 ad
957 5038 1287 5111 quemlibet
1316 5044 1639 5107 mortuum,
1699 5036 1815 5093 nisi
1873 5038 1946 5092 ad
2000 5054 2100 5094 eos
2211 5037 2513 5113 pollueris.
2550 5037 2682 5095 Haec
2702 5036 2875 5107 juxta
2905 5033 3217 5092 historiam
3252 5050 3266 5088 :
3297 5028 3620 5113 quamquam
3638 5025 3764 5113 99"?“

454 5111 824 5205 cognatos'et
854 5128 1241 5200 propinquos,
1275 5128 1346 5183 de
1404 5126 1624 5199 quibus
1653 5141 1837 5197 supra
1877 5126 2103 5185 dictum
2210 5111 2391 5187 tualis
2418 5127 2480 5182 in
2502 5124 2983 5197 eaintelligentie
3008 5122 3192 5180 lineas
3213 5111 3765 5205 duxerimusfhimmfn

454 5198 564 5277 est.
598 5198 882 5274 Sacerdos
913 5198 1109 5272 autem
1142 5198 1506 5289 magnus,iid
1539 5219 1629 5269 est
1657 5214 1940 5286 pontifex,
1972 5215 2105 5287 plus
2216 5217 2542 5275 secundum
2575 5213 2867 5287 ἀναγωγὴν
2900 5212 3341 5268 Ecclesiasticus
3378 5208 3460 5265 vir
3485 5200 3571 5277 qui
3597 5198 3761 5289 Δὶῐῑξῐῐξοξ

456 5308 675 5382 aliquid
710 5307 962 5363 habebat
982 5324 1013 5362 a
1041 5282 1274 5362 caeteris
1285 5282 1773 5362 sacerdotibuszet
1795 5320 1899 5361 nec
1924 5282 2108 5376 pietas
2216 5305 2585 5377 lavitagnum
2609 5282 3052 5361 immaculatum
3082 5306 3138 5355 et
3158 5282 3765 5382 anniculummtjnduﬁ

458 5362 786 5464 il'lvulm,nec
816 5394 1060 5451 aﬁ'ectus
1089 5395 1320 5451 ﬂectere
1362 5399 1612 5466 poterat,
1647 5398 1710 5449 ut
1762 5362 2109 5449 immundus
2219 5398 2309 5451 est
2334 5362 2587 5459 Christo,
2618 5390 2669 5451 si
2700 5387 2900 5446 tulerit
2931 5389 3001 5444 de
3032 5388 3306 5447 carnibus
3330 5386 3475 5459 ejus,
3502 5382 3556 5435 et
3576 5362 3765 5466 ligat’lelji

457 5487 621 5543 ﬁeret
648 5484 709 5545 in
741 5484 1100 5557 supradictis
1132 5456 1596 5541 nominibus.Ait
1614 5481 1771 5539 enim
1790 5481 2108 5555 Scriptura:
2224 5484 2284 5539 in
2317 5456 2658 5539 summitate
2686 5478 3016 5535 vestimenti
3047 5478 3224 5547 sui,et
3252 5456 3381 5548 ipsa
3402 5456 3768 5557 summitti-imi“

460 5578 527 5631 Et
554 5588 719 5644 super
735 5548 952 5628 omnem
978 5576 1233 5629 animam
1266 5589 1391 5645 quae
1418 5574 1640 5628 mortua
1668 5580 1749 5628 est
1782 5586 1890 5628 non
1917 5548 2115 5642 ingre—
2224 5572 2377 5646 gerit
2405 5570 2847 5641 Scripturarum
2866 5583 3078 5639 panem
3099 5562 3511 5638 quiocnﬁrmat
3534 5548 3767 5646 eosdm:

459 5638 645 5716 dietur
670 5678 687 5714 :
709 5677 874 5733 super
914 5670 1071 5733 patre
1097 5678 1218 5728 suo,
1250 5638 1425 5736 neque
1451 5676 1617 5735 super
1663 5668 1859 5728 matre,
1912 5638 2035 5730 sua,
2068 5664 2119 5717 et
2226 5638 2494 5718 dentium
2529 5638 2666 5728 {aut
2694 5638 3390 5731 coctionem,apostolicas
3420 5638 3765 5736 Epistolis”?

461 5764 573 5813 non
1487 5716 1621 5822 cei-go
1681 5716 1957 5821 quid'sit
1987 5716 2119 5808 caro
2230 5716 2400 5823 quasi
2422 5716 2632 5808 veteris
2660 5746 2828 5821 Legis
2858 5716 3064 5805 carnes
3082 5716 3405 5804 ‘ccncidunt
3421 5716 3481 5797 et
3501 5716 3769 5800 decoquunt.
