3940 6166
145 278 296 341 1409

873 280 1633 344 ΟΟΜΜΕΝΤΑΒΙΟΠῸΜ
1669 281 1748 342 IN

1963 279 2150 344 EUM
2194 283 2449 346 LIBER.
2493 285 2670 349 CAP.
2715 287 2794 348 II.

3382 289 3550 352 1M0

144 414 204 466 et
229 411 494 467 conditas
515 412 774 485 praebent
794 414 919 470 esui
944 431 958 482 ;
994 418 1094 470 aut
1121 414 1322 469 vinum
1355 414 1508 486 quod
1532 412 1788 469 laetificat
1814 421 1870 486 Α
1899 414 2020 468 dem
2051 431 2112 468 in
2140 416 2338 487 templo
2368 417 2607 472 Domini.
2625 417 3090 474 Gumaowderetu
3113 419 3450 476 adora-vum
3473 439 3547 480 vs-

143 516 242 556 cor
269 499 560 570 hominis;
594 506 696 559 aut
724 503 939 570 oleum,
972 503 1028 558 in
1062 520 1177 576 quo
1209 502 1567 559 exhilaratur
1610 504 1787 560 facies

141 589 428 646 audientis
455 609 468 658 ;
499 597 598 646 aut
614 609 849 648 omnem
881 593 1078 648 cibum
1103 610 1116 648 :
1141 593 1255 661 lac,
1287 610 1402 665 quo
1422 592 1662 649 aluntur
1683 595 1786 649 Co-

141 678 338 733 rinthii
370 680 415 751 (l
450 679 576 735 Cor.
607 681 685 751 2),
719 685 776 737 et
805 680 962 737 olera
993 681 1209 753 quibus
1229 686 1546 737 vescuntur
1569 681 1789 737 inﬁrmi

142 766 313 837 (Rom.
343 785 460 838 xrv,
493 769 569 841 3),
629 775 686 826 et
715 774 924 826 cratera
979 769 1070 825 his
1101 769 1351 826 similia:
1413 787 1527 826 non
1586 770 1786 826 statim

141 856 307 928 quasi
337 858 705 914 sanctiﬁcata
733 875 801 914 ea
831 859 1135 914 comedent
1155 859 1626 932 quibuscumque
1657 860 1792 935 data

143 943 378 998 fuerint.
411 945 536 1000 Non
566 946 723 1001 enim
757 963 825 1002 ex
853 963 919 1002 eo
951 942 1109 1018 quod.
1133 947 1446 1012 dicuntur;
1494 947 1594 1003 sed
1627 963 1696 1003 ex
1725 963 1791 1003 eo

143 1033 294 1104 quod
343 1033 770 1107 suscipiuntur,
803 1036 1169 1092 sanctiﬁcant
1224 1036 1529 1091 audientes
1580 1054 1592 1092 :
1653 1037 1793 1108 quia

144 1121 311 1177 multi
331 1122 631 1180 auditores
653 1124 728 1195 (a)
762 1123 906 1197 legis
924 1129 1081 1190 sunt,
1107 1127 1163 1179 et
1180 1141 1294 1192 non
1318 1126 1583 1181 factores.
1607 1126 1718 1180 Sed
1738 1129 1795 1180 et

143 1211 222 1265 ob
249 1210 308 1264 id
338 1215 476 1282 puto
507 1211 626 1267 haec
657 1212 930 1268 universa
985 1230 1113 1284 qua
1145 1213 1283 1283 dixi,
1334 1230 1404 1269 ex
1432 1218 1587 1270 tactu
1619 1215 1791 1271 vesti-

145 1300 323 1356 menti
354 1301 426 1355 ad
449 1305 748 1358 vescentes
775 1318 1149 1374 nequaquam
1171 1302 1535 1360 sanctificata
1559 1303 1790 1371 deferri,

145 1389 298 1461 quod
313 1390 655 1446 summitate
675 1393 906 1447 tantum
926 1391 1084 1464 pallii
1107 1393 1530 1465 continguntur
1555 1411 1567 1460 ;
1587 1396 1646 1448 et
1667 1408 1797 1448 san-

143 1477 402 1534 ctificata:
433 1495 638 1535 carnes
669 1480 1046 1548 intrinsecus,
1067 1481 1394 1550 humorem,
1421 1482 1790 1554 sanguinem,

140 1583 317 1623 venas
379 1565 552 1636 164,
619 1584 945 1641 nervosque
976 1587 1092 1625 non
1153 1574 1389 1626 norunt.
1425 1571 1588 1626 Sicut
1616 1570 1797 1643 igitur

139 1655 453 1711 summitas
480 1657 815 1713 vestimenti
841 1658 1141 1728 dominici,
1174 1663 1233 1715 et
1279 1658 1423 1714 levis
1453 1663 1648 1714 tactus
1677 1677 1794 1716 non

141 1743 486 1815 sanctiﬁcat,
521 1745 635 1801 nisi
665 1762 801 1802 eum
835 1746 936 1818 qui
969 1748 1288 1804 comederit
1313 1764 1516 1804 carnes
1547 1749 1704 1820 agni,
1737 1753 1796 1804 et

139 1833 487 1904 sanguinem
502 1834 632 1904 ejus
647 1833 864 1890 biberit
888 1852 901 1889 :
931 1835 1016 1891 sic
1030 1837 1355 1892 econtrario
1371 1837 1718 1893 immundus
1730 1837 1789 1892 in

140 1920 360 1989 anima,
389 1937 674 1994 perversae
733 1940 978 1996 quaeque
1027 1925 1322 1993 doctrinae,
1378 1927 1792 1998 quodcumque

141 2010 455 2082 tetigerint,
487 2011 864 2068 immundum
903 2014 1118 2069 iaciant
1147 2030 1386 2071 necesse
1423 2019 1531 2070 est.
1565 2015 1796 2070 Habent

141 2099 300 2154 enim
342 2099 398 2153 in
434 2102 818 2157 sacramentis
847 2108 1080 2174 panem,
1115 2106 1173 2158 et
1202 2103 1426 2172 vinum,
1481 2108 1538 2160 et
1575 2102 1791 2172 oleum,

143 2192 205 2243 et
231 2204 464 2244 omnem
495 2188 692 2244 cibum
720 2208 734 2258 ;
760 2192 861 2246 sed
883 2197 1252 2248 sacramenta
1273 2209 1476 2249 eorum
1501 2193 1669 2264 quasi
1693 2207 1794 2264 pa-

144 2277 242 2332 nis
267 2276 478 2344 luctus,
513 2293 718 2334 omnes
751 2280 849 2351 qui
883 2297 952 2335 ea
1001 2281 1372 2353 contigerint,
1421 2281 1791 2338 contamina-

139 2367 378 2421 buntur.
409 2367 640 2439 Legunt
663 2372 719 2422 et
737 2367 846 2440 ipsi
864 2369 1213 2442 Seripturas.
1238 2375 1295 2426 et
1309 2371 1478 2442 quasi
1502 2370 1573 2426 de
1598 2370 1794 2442 Scrip-

139 2459 406 2511 turarum
439 2455 788 2513 testimoniis
845 2462 1244 2531 conspergunt
1291 2476 1524 2532 panem,
1586 2463 1643 2515 et
1677 2461 1794 2514 tota

139 2545 402 2600 noctein
441 2544 670 2601 clibano
729 2552 991 2619 coquunt
1021 2547 1226 2617 illum;
1287 2549 1388 2604 sed
1429 2565 1566 2604 cum
1594 2549 1663 2604 ad
1697 2564 1792 2604 ve-

138 2633 424 2689 scendum
448 2634 621 2690 datus
646 2635 839 2704 fuerit,
865 2638 1236 2693 comedentes
1259 2637 1637 2694 adinsaniam
1661 2653 1792 2710 pro-

149 2725 337 2778 vocat.
369 2722 598 2779 Habent
638 2724 1007 2796 pulmentum
1038 2731 1093 2781 et
1123 2726 1465 2793 coctionem,
1519 2730 1792 2782 conantes

125 2812 304 2882 juxta
333 2811 728 2884 perversitatis
758 2830 877 2869 suae
911 2831 1150 2870 sensum
1183 2814 1426 2887 mystica
1458 2831 1704 2887 quaeque
1723 2814 1794 2870 de

135 2900 460 2972 Scripturis
489 2904 698 2969 texere,
733 2907 790 2958 et
820 2904 992 2975 quasi
1019 2919 1286 2975 coquere,
1321 2908 1378 2960 et
1406 2904 1644 2959 condire
1666 2919 1792 2959 car-

140 3003 252 3044 nes
305 2990 462 3061 agni,
511 2991 613 3046 sed
669 2992 852 3047 coctio
882 2991 983 3047 illa
1039 2992 1284 3064 perditio
1314 2997 1422 3048 est.
1484 2993 1709 3048 Habent
1739 2997 1797 3048 et

138 3077 368 3149 vinum,
393 3079 494 3134 sed
528 3096 643 3135 non
680 3081 752 3136 de
781 3081 948 3136 vinea
991 3082 1182 3148 Sorec,
1216 3086 1274 3137 et
1301 3097 1479 3154 quam
1512 3081 1796 3154 plantavit

1895 504 2039 574 ginti
2065 503 2392 570 modiorum,
2410 509 2462 561 et
2476 506 2880 576 ﬁerentdecem,
2899 510 2950 562 et
2969 508 3254 564 intraretis
3264 509 3342 564 ad
3358 514 3541 567 toreu-
3631 523 3636 526 '

1897 591 2002 661 lar,
2027 596 2088 646 ut
2107 594 2485 662 exprimeretis
2507 597 2912 667 quinquaginta
2933 598 3229 667 algentis,“
3242 597 3450 667 ﬁebant
3464 602 3549 654 oi-

1897 681 2057 751 ginti.
2085 682 2335 738 Percussi
2351 700 2442 739 vos
2456 689 2610 740 vento
2626 689 2900 750 urente,et
2916 687 3260 753 aurigine,et
3278 688 3550 754 grandine

1899 771 2088 825 munia
2114 786 2276 843 opera
2302 789 2571 828 manuum
2599 783 2927 841 vestrarum,
2956 778 3011 830 et
3037 791 3152 830 non
3180 777 3294 845 fuit
3319 777 3380 831 in
3400 777 3550 834 vobis

1900 859 1998 930 qui
2022 863 2386 916 reverteretur
2403 861 2472 915 ad
2499 878 2604 933 me,
2636 863 2774 918 dicit
2802 863 3086 918 Dominus.
3109 863 3246 919 LXX
3264 881 3283 917 :
3318 867 3384 921 Et
3403 881 3552 922 nunc

1895 950 2082 1018 ponite
2105 965 2274 1020 super
2299 951 2462 1005 corda
2477 959 2652 1006 vestra
2680 969 2714 1006 a
2733 951 2821 1006 die
2836 952 2938 1006 hac
2956 955 3008 1006 et
3036 967 3228 1023 supra,
3253 957 3547 1025 eritequ

1897 1047 2192 1108 poneretur
2220 1039 2364 1110 lapis
2397 1055 2561 1111 super
2590 1040 2830 1111 lapidem
2858 1042 2918 1095 in
2948 1042 3145 1110 templo
3177 1043 3420 1107 Domini,
3453 1045 3551 1114 qui

1903 1127 2069 1180 eratis
2097 1128 2322 1198 quando
2351 1129 2645 1184 mittebatis
2659 1131 2719 1184 in
2745 1127 3022 1200 cypselem
3041 1128 3440 1199 hordeiuiginti
3454 1147 3548 1187 sa-

1903 1218 1978 1278 ta.
2011 1224 2062 1270 et
2089 1216 2289 1285 ﬁebant
2316 1216 2497 1272 decem
2507 1217 2853 1274 satahordei:
2879 1222 2931 1272 et
2957 1217 3550 1288 ingrediabaminttor-

1903 1305 2079 1370 cular,
2111 1307 2173 1359 ut
2200 1305 2499 1362 hauriretis
2533 1307 2933 1378 quinquaginta
2949 1309 3258 1379 amphoras,
3283 1312 3335 1363 et
3351 1309 3552 1378 ﬁebant

1901 1393 2120 1463 viginti.
2153 1394 2406 1450 Pemsi
2432 1410 2523 1450 vos
2552 1395 2864 1465 sterilitate,
2923 1403 2976 1451 et
3001 1397 3356 1466 corruptione
3383 1398 3548 1464 aena,

1903 1486 1956 1536 et
1984 1482 2252 1552 grandine
2279 1486 2469 1540 omnia
2498 1499 2662 1556 opera
2686 1500 2952 1540 manuum
2993 1492 3330 1540 vestrarum:
3361 1487 3413 1540 et
3439 1501 3552 1541 non

1904 1573 2111 1626 reversi
2139 1574 2268 1627 estis
2297 1573 2368 1628 ad
2395 1590 2500 1640 me,
2535 1573 2673 1628 dicit
2701 1573 2985 1629 Dominus.
3012 1573 3172 1628 Licet
3195 1573 3395 1629 omnia
3423 1590 3550 1646 qua

1905 1659 2202 1718 obtulistis
2227 1661 2373 1716 mihi
2403 1662 2462 1716 in
2476 1661 3138 1734 altari,quia~templumz,
3163 1679 3279 1718 non
3301 1663 3548 1718 aedifica-

1905 1749 2140 1819 veratis,
2169 1751 2570 1806 contaminata
2580 1751 2795 1807 fuerint
2811 1750 2962 1822 (sine
2977 1750 3368 1807 exstructione
3379 1751 3546 1824 quip-

1898 1854 1968 1910 pe
1996 1837 2222 1910 templi,
2247 1839 2468 1894 donum
2495 1855 2668 1894 omne
2681 1838 2972 1910 pollutum
2988 1840 3098 1910 est)
3127 1857 3140 1898 :
3173 1843 3370 1896 tamen
3398 1856 3552 1896 nunc

1900 1931 1958 1983 te
1989 1927 2207 1993 hortor,
2239 1943 2272 1982 o
2302 1927 2534 1999 populo,
2579 1932 2646 1982 ut
2668 1944 2846 1984 sensu
2878 1927 2949 1983 ad
2981 1928 3273 1999 praeterita
3300 1933 3552 1985 reverta-

1901 2016 2004 2082 ris,
2037 2016 2487 2088 conside'resque
2543 2032 2672 2088 quae
2704 2016 2858 2071 facta
2887 2015 3031 2083 sint,
3086 2016 3197 2072 hoc
3224 2020 3333 2082 est,
3385 2021 3452 2072 et.
3478 2019 3552 2072 ab

1903 2106 2014 2160 hac
2043 2106 2136 2160 die
2163 2105 2442 2161 vicesima
2472 2109 2680 2176 quarta
2700 2105 2837 2160 noni
2870 2105 3092 2161 mensis
3121 2121 3274 2161 anno
3293 2105 3551 2161 secundo

1903 2195 2085 2261 Darii,
2121 2194 2408 2266 quidquid
2469 2199 2621 2250 retro
2673 2197 2902 2265 gestum
2936 2198 3028 2249 est
3074 2197 3269 2250 mente
3299 2194 3554 2267 comple-

1903 2287 2076 2348 ctere,
2109 2289 2164 2338 et
2196 2286 2431 2354 propter
2461 2298 2609 2354 qua),
2643 2287 2866 2354 quanta
2919 2281 3294 2350 sustinueris,
3325 2286 3392 2338 ut
3417 2299 3553 2339 cum

1902 2370 2174 2441 deinceps
2205 2386 2484 2442 prospera
2526 2370 2633 2425 tibi
2663 2371 2983 2436 evenerint,
3018 2371 3171 2427 scias
3230 2387 3354 2443 qua
3374 2387 3554 2429 causa

1903 2458 2219 2514 evenerint.
2254 2459 2404 2530 Ergo
2435 2462 2750 2530 antequam
2781 2457 3068 2530 inciperes
3089 2458 3376 2515 aedificem
3403 2463 3552 2516 tem-

1901 2547 2090 2620 plum,
2121 2552 2180 2603 et
2199 2547 2454 2620 lapidem
2486 2563 2665 2619 super
2685 2545 2945 2619 lapidem
2977 2563 3212 2619 ponere,
3232 2562 3369 2603 eum
3390 2564 3552 2605 acce-

1901 2639 2070 2693 deres
2090 2637 2159 2692 ad
2195 2652 2485 2706 acervum,
2518 2641 2578 2692 et
2598 2641 2834 2706 putares
2862 2633 3070 2708 viginti
3101 2639 3158 2691 te
3187 2635 3404 2692 habere
3423 2653 3552 2694 mo-

1901 2726 2050 2791 dios,
2081 2726 2158 2798 ('b)
2190 2741 2382 2780 nonne
2406 2725 2498 2779 vix
2528 2724 2783 2780 mediam
2817 2729 3040 2797 partem
3072 2723 3344 2796 colligere
3390 2728 3550 2797 pote-

1903 2831 1996 2870 ras
2014 2814 2042 2870 ?
2064 2814 2194 2870 Sive
2222 2814 2388 2884 juxta
2419 2813 2563 2868 LXX
2589 2829 2603 2870 :
2635 2813 2780 2868 Cum
2807 2813 3067 2869 mitteres
3086 2813 3296 2885 viginti
3323 2812 3552 2871 modios

1901 2903 2103 2959 hordei
2132 2903 2192 2958 in
2224 2919 2324 2958 vas
2357 2904 2512 2975 quod
2551 2907 2792 2959 vocatur
2818 2903 3078 2975 cypsetes,
3109 2907 3172 2958 et
3187 2901 3553 2960 existimares

1901 2997 1958 3048 te
1971 3007 2328 3065 quamquam
2342 2992 2626 3048 hordeum
2641 2991 3321 3062 mitteremjumentorum
3334 2991 3555 3058 cibum,

1903 3081 1992 3137 vel
2024 3082 2096 3138 de
2129 3080 2278 3152 ipsis
2326 3081 2535 3153 viginti
2570 3081 2782 3137 modiis
2838 3097 2969 3136 esse
3014 3095 3308 3147 securum,
3369 3095 3563 3136 nonne

141 3165 428 3222 Dominus
462 3167 520 3223 in
546 3168 823 3235 Jeremia,
855 3168 1101 3225 electam
1133 3173 1189 3225 et
1218 3174 1402 3225 totam
1430 3187 1625 3226 veram
1657 3171 1796 3242 (Jev.
1831 3172 1873 3237 C
1913 3173 2114 3241 postea
2145 3184 2414 3225 reversus
2427 3169 2499 3223 ad
2526 3185 2633 3225 vos
2655 3168 2750 3223 vix
2767 3170 2974 3224 decem
2993 3167 3222 3223 modios
3247 3166 3562 3240 reperisti?

143 3258 210 3321 ιι)
236 3273 260 3318 ;
282 3256 382 3310 sed
407 3255 656 3312 devinea
675 3257 1083 3314 Sodomorum.
1101 3258 1328 3314 Habent
1348 3263 1404 3314 et
1428 3258 1621 3314 oleum
1645 3259 1800 3331 quod

140 3344 219 3399 de
247 3345 458 3400 veteris
490 3349 546 3400 et
575 3362 734 3402 novae
762 3347 1075 3419 Scriptum
1122 3348 1474 3404 testimoniis
1527 3347 1805 3404 violenter

141 3432 574 3504 exprimunt,et
599 3435 767 3506 quasi
788 3436 848 3491 in
872 3436 1242 3492 refectionem
1269 3437 1523 3508 deceptis
1550 3441 1606 3492 et
1627 3435 1811 3492 lassis.

142 3521 453 3576 mentibus
486 3522 860 3594 pollicentur;
887 3525 987 3580 sed
1019 3525 1342 3580 detestatur
1372 3524 1514 3580 illud
1538 3529 1798 3590 sanctus,

129 3612 197 3664 et
228 3609 377 3665 dicit
407 3627 418 3664 :
454 3611 644 3666 Oleum
672 3616 855 3667 autem
885 3615 1183 3684 peccatoris
1212 3629 1324 3668 non
1369 3614 1676 3684 impinguet
1701 3628 1799 3669 ca-

125 3706 238 3772 put
267 3715 451 3754 meum
485 3700 600 3770 (Ps.
658 3717 784 3766 exc,
809 3702 882 3773 5).
945 3702 1170 3758 Habent
1208 3706 1264 3757 et
1294 3702 1554 3757 diversos
1612 3702 1798 3769 cibos,

128 3785 496 3858 multiplices
523 3787 788 3844 videlicet
800 3790 1092 3844 variarum
1107 3788 1407 3844 ὐποθέσεων
1424 3791 1799 3862 diversosque

129 3881 450 3947 tractatus,
476 3893 625 3949 quos
653 3877 792 3950 quia
812 3878 1102 3934 immundi
1135 3879 1385 3951 suntqui
1413 3879 1793 3952 scripserunt,

124 3969 198 4020 et
231 3965 542 4023 immundo
573 3983 676 4023 ore
709 3967 922 4040 prolati
955 3972 1112 4037 sunt,
1165 3971 1357 4025 omnis
1386 3967 1487 4040 qui
1519 3968 1792 4041 tetigerit,

124 4054 484 4110 immundus
508 4055 623 4122 ﬁet,
657 4060 714 4111 et
744 4057 1028 4112 ineorum
1049 4057 1605 4113 traheturerrorem.
1633 4059 1794 4116 Unde

123 4143 450 4214 respondit
503 4147 773 4216 Aggzeus,
807 4147 904 4216 qui
963 4145 1075 4202 scit
1107 4145 1464 4202 differentias
1513 4145 1790 4203 solemni-

123 4235 353 4296 tatum,
379 4237 437 4288 et
466 4233 538 4288 ob
569 4233 626 4288 id
660 4234 800 4289 festi
831 4235 1075 4291 sortitus
1095 4240 1187 4291 est
1208 4251 1420 4292 nomen
1445 4251 1458 4290 :
1488 4236 1581 4292 Sic
1602 4251 1791 4309 papu-

125 4321 232 4375 lus
263 4319 376 4376 iste
401 4325 460 4377 et
486 4321 572 4378 sic
601 4337 745 4393 gens
775 4322 905 4392 ista,
936 4324 1273 4380 Judzsorum
1299 4324 1584 4391 videlicet,
1617 4330 1792 4398 atque

119 4407 474 4481 gentilium,
503 4417 561 4466 et
613 4410 1021 4468 haereticorum
1081 4413 1347 4468 omnium
1379 4413 1437 4468 in
1469 4419 1787 4487 conspectu

121 4511 290 4566 meo,
322 4496 465 4553 dicit
523 4499 842 4556 Dominus:
904 4499 1087 4556 Omne
1117 4502 1272 4573 quod
1334 4502 1598 4569 fecerint,
1629 4504 1786 4574 quod

117 4583 282 4639 mihi
313 4585 656 4658 obtulerint,
685 4588 772 4644 vel
825 4594 961 4645 vota
991 4606 1094 4663 pro
1152 4589 1362 4661 salute,
1394 4589 1482 4646 vel
1527 4591 1788 4663 paciﬁca,

109 4672 218 4728 vel
253 4689 359 4745 pro
423 4680 681 4748 peccato,
740 4678 827 4734 vel
859 4695 965 4751 pro
1024 4679 1254 4750 delicto,
1307 4679 1397 4736 vel
1427 4679 1486 4736 in
1521 4679 1792 4736 holocau-

107 4765 314 4832 stum,
371 4763 491 4818 sive
519 4763 940 4838 eleemosynas,
989 4767 1108 4824 sive
1149 4768 1400 4840 jejunia,
1431 4769 1550 4824 sive
1602 4769 1790 4827 victus

105 4850 580 4921 continentiam,
615 4861 675 4910 et
717 4857 978 4928 corporis
1008 4857 1358 4928 castitatem,
1391 4858 1790 4916 contaminata

108 4943 310 4995 erunt
342 4940 401 4997 in
425 4950 737 5015 conspectu
773 4961 922 5002 meo.
959 4946 1230 5010 Quamvis
1284 4946 1440 5002 enim
1473 4951 1676 5003 sancta
1705 4947 1787 5002 vi-

105 5029 387 5085 deantur
415 5033 609 5104 specie
631 5034 722 5088 sui
745 5051 873 5106 quae
897 5035 1223 5091 offeruntur
1243 5053 1276 5091 a
1300 5034 1516 5091 talibus
1541 5051 1556 5091 :
1589 5041 1787 5092 tamen

103 5117 275 5189 quia
309 5123 462 5176 tacta
491 5126 633 5177 sunt
661 5121 736 5178 ab
767 5139 834 5180 eo
883 5123 984 5197 qui
1013 5123 1272 5196 pollutus
1329 5124 1390 5179 in
1422 5125 1620 5181 anima
1675 5129 1783 5194 est,

97 5206 336 5262 omnia
356 5208 710 5280 polluantur.

191 5294 393 5366 (Vera.
429 5299 495 5352 17
527 5304 720 5374 seqq.)
753 5303 898 5360 765
919 5307 982 5359 Et
1009 5317 1160 5359 nunc
1178 5304 1365 5374 ponite
1379 5303 1786 5362 cordavestraa

90 5384 209 5441 die
241 5384 351 5440 hac
375 5390 427 5442 et
441 5403 610 5460 supra
635 5406 648 5447 :
681 5399 975 5464 antequam
991 5397 1285 5464 poneretur
1296 5393 1439 5465 lapis
1456 5409 1622 5465 super
1639 5393 1786 5466 lapi-

190 5545 289 5628 (α),
312 5545 526 5633 Deerat
539 5567 728 5633 penes
747 5552 1169 5624 Martianaeum,
1189 5554 1325 5624 legis
1354 5553 1440 5613 :id
1460 5569 1647 5628 genus
1672 5553 1787 5613 alia

91 5623 360 5696 passim
391 5623 757 5682 restituimus

1909 3258 1994 3312 Ad
2027 3256 2282 3314 torcular
2334 3273 2567 3329 quoque
2599 3273 2734 3313 cum
2789 3256 3152 3324 accederitis,
3184 3260 3244 3312 et
3298 3253 3560 3314 videritis

1911 3363 2076 3416 uvas,
2099 3350 2156 3400 et
2187 3346 2622 3418 quinquaginta
2645 3344 2964 3416 amphoras
2982 3343 3562 3416 vobisoculipolliee-

1911 3440 2153 3492 rentur:
2187 3452 2301 3490 non
2333 3435 2464 3490 dico
2497 3439 2720 3506 partem
2780 3433 3068 3499 mediam,
3098 3433 3200 3489 sed
3232 3433 3324 3487 vix
3352 3430 3558 3503 viginti

1911 3523 2222 3593 amphoras
2252 3523 2574 3594 exprimere
2603 3521 2901 3594 poteratis.
2960 3521 3032 3576 Et
3058 3520 3179 3575 hac
3211 3519 3317 3575 feci
3348 3535 3559 3588 percu-

1909 3612 2062 3668 tiens
2088 3629 2191 3667 vos
2244 3616 2414 3667 vento
2458 3614 2678 3680 urente,
2739 3612 2796 3664 et
2851 3608 3223 3680 corruptione
3270 3606 3442 3672 aeris,
3501 3611 3560 3661 et

1908 3700 2331 3755 emorientibus
2345 3698 2492 3770 frugi
2502 3695 2954 3767 bus,vaeuisque
2967 3695 3263 3768 spicarum
3281 3693 3568 3756 folliculis,

1907 3793 1964 3844 et
1989 3789 2293 3844 vinearum
2353 3787 2559 3855 botris,
2585 3789 2653 3840 ut
2696 3784 2986 3840 malorum
3045 3784 3301 3856 pondere
3350 3797 3452 3838 vos
3481 3781 3554 3838 ad

1906 3894 2096 3934 meam
2130 3877 2397 3933 notitiam
2453 3889 2862 3948 provocarem:
2925 3873 3076 3928 166
3106 3876 3166 3928 et
3194 3887 3298 3929 nec
3328 3871 3412 3927 sio
3444 3871 3556 3927 fuit

1905 3967 2006 4039 qui
2036 3970 2420 4022 reverteretur
2449 3965 2520 4020 ad
2553 3980 2665 4020 me.
2701 3963 2977 4018 llebrreus
2999 3965 3184 4017 totam
3212 3959 3324 4016 loci
3373 3959 3555 4030 hujus

1903 4054 2324 4111 continentiam
2343 4055 2416 4110 ab
2449 4071 2516 4110 eo
2539 4053 2694 4126 quod
2719 4051 3007 4124 scriptum
3039 4054 3165 4108 est:
3194 4053 3262 4107 Et
3287 4063 3436 4105 nunc
3462 4064 3555 4120 po-

1872 4175 1885 4183 -
1901 4146 2020 4200 nite
2031 4144 2192 4200 corda
2204 4147 2382 4199 vestra
2409 4160 2450 4198 α
2474 4144 2566 4198 die
2587 4141 2690 4198 hac
2712 4144 2974 4212 etsupra,
2997 4155 3192 4212 usque.
3217 4138 3291 4196 ad
3312 4154 3447 4194 eum
3472 4137 3552 4197 lo-

1900 4250 2035 4290 cum
2067 4234 2166 4289 ubi
2197 4233 2316 4289 ait:
2351 4234 2510 4288 vinea
2538 4236 2595 4287 et
2641 4230 2776 4301 ﬁcus
2823 4238 2877 4286 et
2901 4231 3368 4302 malogranatum.
3397 4235 3450 4285 et
3475 4227 3553 4286 ti-

1898 4340 2069 4392 gnum
2097 4324 2258 4380 olivae
2286 4337 2399 4378 non
2426 4322 2639 4392 ﬂoruit,
2661 4336 2732 4376 ex
2749 4319 2838 4376 die
2857 4321 2962 4375 ista
2975 4319 3321 4388 benedicam,
3351 4316 3435 4373 ita
3456 4332 3553 4374 ex-

1897 4412 2096 4485 posuit
2123 4412 2231 4484 [Αι.
2263 4411 2551 4484 exponit]:
2585 4409 2752 4465 Certe
2769 4424 2924 4464 nunc
2945 4405 3149 4479 templi
3171 4405 3558 4462 fundamenta

1900 4506 2040 4558 sunt
2059 4503 2256 4573 jacta;
2291 4517 2359 4557 ex
2392 4501 2501 4556 hac
2523 4499 2704 4572 igitur
2731 4497 2824 4553 die
2845 4513 2961 4567 qua
2977 4490 3556 4562 fundamentajecis-

1900 4590 1978 4646 tis
2007 4591 2161 4662 (cum
2192 4590 2254 4645 in
2305 4588 2661 4662 praeteritum
2690 4601 2795 4642 vos
2841 4583 3168 4649 sterilitate,
3201 4586 3260 4638 et
3289 4581 3462 4648 fame,
3494 4583 3554 4636 et

1897 4678 2202 4750 grandine,
2235 4677 2492 4734 siccitate
2548 4674 2864 4747 punierim,
2897 4677 2950 4730 et
2998 4687 3113 4728 non
3140 4669 3316 4727 tuerit
3341 4669 3445 4742 qui
3477 4668 3551 4726 ad

1898 4784 1992 4823 me
2023 4785 2125 4840 per
2151 4767 2259 4822 has
2289 4765 2494 4838 plagas
2522 4767 2910 4820 reverteretur
2935 4779 2966 4818 e
2987 4761 3195 4829 vobis),
3212 4759 3410 4832 ponite
3429 4773 3551 4814 cor-

1897 4857 1971 4911 da
1998 4860 2190 4912 vestra
2219 4855 2278 4910 in
2337 4855 2602 4910 futurum
2630 4857 2689 4908 et
2724 4852 3019 4924 deinceps,
3049 4854 3110 4906 et
3160 4848 3353 4905 videte
3410 4846 3552 4920 quia

1895 4944 2095 5000 omnia.
2123 4944 2288 5000 vobis
2321 4959 2600 5016 prospero
2630 4958 2807 4998 cursu
2834 4941 3037 4997 ﬂuant.
3064 4939 3182 4995 Hoc
3198 4941 3394 4994 autem
3424 4950 3550 4994 eve-

1896 5034 2019 5090 niet
2043 5034 2182 5106 quia
2205 5032 2491 5106 templum
2517 5048 2714 5088 meum
2736 5030 3024 5087 adiﬁcare
3046 5025 3300 5100 capietis
3319 5043 3338 5080 :
3361 5040 3464 5082 nec
3485 5023 3546 5081 in

1896 5122 2019 5180 solo
2051 5123 2219 5180 altari
2250 5123 2535 5180 habentes
2566 5119 2867 5188 fiduciam,
2911 5115 3355 5174 aediﬁcationem
3403 5129 3544 5172 mea

1894 5211 2106 5268 domus
2137 5211 2531 5268 contemnitis.
2565 5210 2744 5266 Juxta
2800 5223 2975 5280 quem
3008 5220 3250 5263 sensum
3299 5201 3548 5263 breviter

1893 5317 2210 5374 possumus
2223 5301 2663 5367 dicere,frustra
2679 5297 2908 5370 aliquos
2925 5311 3171 5352 munera
3181 5293 3388 5350 oﬂ'erre
3405 5295 3542 5362 Deo,

1895 5395 1953 5448 et
1972 5390 2359 5462 eleemosynis
2379 5393 2558 5461 atque
2575 5385 2972 5444 oblationibus
2982 5388 3187 5458 putare
3208 5381 3393 5439 Deum
3416 5393 3546 5454 pos-

1963 5550 2368 5626 (b)_Voc_ulam,
2397 5563 2596 5626 nonne,
2633 5549 2807 5626 atque
2828 5546 2969 5606 adeo
3009 5539 3410 5618 interrogandi
3437 5557 3542 5603 no-

1890 5593 2772 5700 taﬁ’aoEiBZ“Eé."53iz"t;63£
