  <div class='ocr_page' id='page_1' title='image "/cluster/home/n/w/nwhite01/storage/ocr_20150623/25/hvd.32044096580493/711.png"; bbox 0 0 4022 6192; ppageno 0'>
   <div class='ocr_carea' id='block_1_1' title="bbox 513 267 660 328">
    <p class='ocr_par' dir='ltr' id='par_1_1' title="bbox 513 267 660 328">
     <span class='ocr_line' id='line_1_1' title="bbox 513 267 660 328; baseline -0.027 0"><span class='ocrx_word' id='word_1_1' title='bbox 513 267 660 328; x_wconf 72' lang='lat' dir='ltr'>Mil</span> 
     </span>
    </p>
   </div>
   <div class='ocr_carea' id='block_1_2' title="bbox 1765 261 2674 328">
    <p class='ocr_par' dir='ltr' id='par_1_2' title="bbox 1765 261 2674 328">
     <span class='ocr_line' id='line_1_2' title="bbox 1765 261 2674 328; baseline -0.004 -1"><span class='ocrx_word' id='word_1_2' title='bbox 1765 261 1830 327; x_wconf 72' lang='lat' dir='ltr'>S.</span> <span class='ocrx_word' id='word_1_3' title='bbox 1878 263 2185 328; x_wconf 82' lang='lat' dir='ltr'>EUSEBll</span> <span class='ocrx_word' id='word_1_4' title='bbox 2232 262 2674 326; x_wconf 80' lang='lat' dir='ltr'>HIERONYMI</span> 
     </span>
    </p>
   </div>
   <div class='ocr_carea' id='block_1_3' title="bbox 3661 276 3766 334">
    <p class='ocr_par' dir='ltr' id='par_1_3' title="bbox 3661 276 3766 334">
     <span class='ocr_line' id='line_1_3' title="bbox 3661 276 3766 334; baseline 0.01 -1"><span class='ocrx_word' id='word_1_5' title='bbox 3661 276 3766 334; x_wconf 62' lang='lat' dir='ltr'>Mli</span> 
     </span>
    </p>
   </div>
   <div class='ocr_carea' id='block_1_4' title="bbox 511 395 3766 470">
    <p class='ocr_par' dir='ltr' id='par_1_4' title="bbox 511 395 3766 470">
     <span class='ocr_line' id='line_1_4' title="bbox 511 395 3766 470; baseline 0.002 -16"><span class='ocrx_word' id='word_1_6' title='bbox 511 415 573 454; x_wconf 88' lang='lat' dir='ltr'>se</span> <span class='ocrx_word' id='word_1_7' title='bbox 597 397 834 470; x_wconf 86' lang='lat' dir='ltr'>placari,</span> <span class='ocrx_word' id='word_1_8' title='bbox 868 411 1000 450; x_wconf 92' lang='lat' dir='ltr'>cum</span> <span class='ocrx_word' id='word_1_9' title='bbox 1022 395 1136 468; x_wconf 90' lang='lat' dir='ltr'>ipsi</span> <span class='ocrx_word' id='word_1_10' title='bbox 1157 411 1274 451; x_wconf 92' lang='lat' dir='ltr'>non</span> <span class='ocrx_word' id='word_1_11' title='bbox 1297 398 1766 454; x_wconf 88' lang='lat' dir='ltr'>exstruxerintin</span> <span class='ocrx_word' id='word_1_12' title='bbox 1789 415 1849 454; x_wconf 91' lang='lat' dir='ltr'>se</span> <span class='ocrx_word' id='word_1_13' title='bbox 1868 397 2154 468; x_wconf 86' lang='lat' dir='ltr'>templum</span> <span class='ocrx_word' id='word_1_14' title='bbox 2185 399 2240 464; x_wconf 84' lang='grc' dir='ltr'><strong>Α</strong></span> <span class='ocrx_word' id='word_1_15' title='bbox 2270 397 2437 469; x_wconf 90' lang='lat' dir='ltr'>ginti.</span> <span class='ocrx_word' id='word_1_16' title='bbox 2473 399 2654 462; x_wconf 88' lang='lat' dir='ltr'>Quem</span> <span class='ocrx_word' id='word_1_17' title='bbox 2688 411 3000 450; x_wconf 85' lang='lat' dir='ltr'>numerum</span> <span class='ocrx_word' id='word_1_18' title='bbox 3034 400 3186 450; x_wconf 89' lang='lat' dir='ltr'>amat</span> <span class='ocrx_word' id='word_1_19' title='bbox 3233 397 3388 466; x_wconf 80' lang='lat' dir='ltr'>Esau,</span> <span class='ocrx_word' id='word_1_20' title='bbox 3436 399 3562 454; x_wconf 88' lang='lat' dir='ltr'>unde</span> <span class='ocrx_word' id='word_1_21' title='bbox 3586 407 3628 456; x_wconf 87' lang='lat' dir='ltr'>et</span> <span class='ocrx_word' id='word_1_22' title='bbox 3647 403 3766 460; x_wconf 74' lang='lat' dir='ltr'>Jacoh</span> 
     </span>
    </p>
   </div>
   <div class='ocr_carea' id='block_1_5' title="bbox 512 483 3766 561">
    <p class='ocr_par' dir='ltr' id='par_1_5' title="bbox 512 483 3766 561">
     <span class='ocr_line' id='line_1_5' title="bbox 512 483 3766 561; baseline 0.001 -17"><span class='ocrx_word' id='word_1_23' title='bbox 512 485 753 559; x_wconf 81' lang='lat' dir='ltr'>Spiritui</span> <span class='ocrx_word' id='word_1_24' title='bbox 783 488 1006 541; x_wconf 86' lang='lat' dir='ltr'>sancto.</span> <span class='ocrx_word' id='word_1_25' title='bbox 1039 485 1204 542; x_wconf 88' lang='lat' dir='ltr'>&#39;I‘unc</span> <span class='ocrx_word' id='word_1_26' title='bbox 1233 487 1391 542; x_wconf 92' lang='lat' dir='ltr'>enim</span> <span class='ocrx_word' id='word_1_27' title='bbox 1415 492 1663 560; x_wconf 84' lang='lat' dir='ltr'>prosunt</span> <span class='ocrx_word' id='word_1_28' title='bbox 1682 486 2080 560; x_wconf 80' lang='lat' dir='ltr'>eleemosynae,</span> <span class='ocrx_word' id='word_1_29' title='bbox 2104 491 2162 542; x_wconf 92' lang='lat' dir='ltr'>et</span> <span class='ocrx_word' id='word_1_30' title='bbox 2272 485 2460 541; x_wconf 90' lang='lat' dir='ltr'>sciens</span> <span class='ocrx_word' id='word_1_31' title='bbox 2493 502 2625 540; x_wconf 91' lang='lat' dir='ltr'>eum</span> <span class='ocrx_word' id='word_1_32' title='bbox 2658 485 2767 540; x_wconf 89' lang='lat' dir='ltr'>hoc</span> <span class='ocrx_word' id='word_1_33' title='bbox 2817 501 3060 539; x_wconf 90' lang='lat' dir='ltr'>numero</span> <span class='ocrx_word' id='word_1_34' title='bbox 3091 483 3367 552; x_wconf 89' lang='lat' dir='ltr'>delectari,</span> <span class='ocrx_word' id='word_1_35' title='bbox 3397 488 3549 542; x_wconf 80' lang='lat' dir='ltr'>mittit</span> <span class='ocrx_word' id='word_1_36' title='bbox 3586 493 3766 561; x_wconf 71' lang='lat' dir='ltr'>quaedam</span> 
     </span>
    </p>
   </div>
   <div class='ocr_carea' id='block_1_6' title="bbox 511 574 2158 648">
    <p class='ocr_par' dir='ltr' id='par_1_6' title="bbox 511 574 2158 648">
     <span class='ocr_line' id='line_1_6' title="bbox 511 574 2158 648; baseline 0 -18"><span class='ocrx_word' id='word_1_37' title='bbox 511 591 756 630; x_wconf 91' lang='lat' dir='ltr'>munera</span> <span class='ocrx_word' id='word_1_38' title='bbox 780 590 908 646; x_wconf 63' lang='lat' dir='ltr'>quae</span> <span class='ocrx_word' id='word_1_39' title='bbox 929 574 1253 630; x_wconf 82' lang='lat' dir='ltr'>oﬂeruntur</span> <span class='ocrx_word' id='word_1_40' title='bbox 1271 576 1330 630; x_wconf 91' lang='lat' dir='ltr'>in</span> <span class='ocrx_word' id='word_1_41' title='bbox 1349 575 1542 643; x_wconf 79' lang='lat' dir='ltr'>altari,</span> <span class='ocrx_word' id='word_1_42' title='bbox 1567 594 1701 632; x_wconf 91' lang='lat' dir='ltr'>cum</span> <span class='ocrx_word' id='word_1_43' title='bbox 1731 577 1996 648; x_wconf 91' lang='lat' dir='ltr'>seipsum</span> <span class='ocrx_word' id='word_1_44' title='bbox 2023 575 2158 647; x_wconf 85' lang='lat' dir='ltr'>quis</span> 
     </span>
    </p>
   </div>
   <div class='ocr_carea' id='block_1_7' title="bbox 510 663 2155 738">
    <p class='ocr_par' dir='ltr' id='par_1_7' title="bbox 510 663 2155 738">
     <span class='ocr_line' id='line_1_7' title="bbox 510 663 2155 738; baseline 0.001 -19"><span class='ocrx_word' id='word_1_45' title='bbox 510 663 882 720; x_wconf 68' lang='lat' dir='ltr'>aediﬁcaverit</span> <span class='ocrx_word' id='word_1_46' title='bbox 925 663 1213 736; x_wconf 83' lang='lat' dir='ltr'><strong>templum</strong></span> <span class='ocrx_word' id='word_1_47' title='bbox 1270 665 1392 735; x_wconf 89' lang='lat' dir='ltr'>Dei,</span> <span class='ocrx_word' id='word_1_48' title='bbox 1425 670 1483 721; x_wconf 92' lang='lat' dir='ltr'>et</span> <span class='ocrx_word' id='word_1_49' title='bbox 1540 674 1672 738; x_wconf 87' lang='lat' dir='ltr'>post</span> <span class='ocrx_word' id='word_1_50' title='bbox 1709 665 2155 721; x_wconf 67' lang='lat' dir='ltr'>aediﬁcationem</span> 
     </span>
    </p>
   </div>
   <div class='ocr_carea' id='block_1_8' title="bbox 507 751 2156 824">
    <p class='ocr_par' dir='ltr' id='par_1_8' title="bbox 507 751 2156 824">
     <span class='ocr_line' id='line_1_8' title="bbox 507 751 2156 824; baseline 0 -16"><span class='ocrx_word' id='word_1_51' title='bbox 507 751 714 824; x_wconf 86' lang='lat' dir='ltr'>templi</span> <span class='ocrx_word' id='word_1_52' title='bbox 728 752 882 807; x_wconf 90' lang='lat' dir='ltr'>dona</span> <span class='ocrx_word' id='word_1_53' title='bbox 901 751 1180 807; x_wconf 78' lang='lat' dir='ltr'>obtulerit</span> <span class='ocrx_word' id='word_1_54' title='bbox 1203 753 1263 808; x_wconf 92' lang='lat' dir='ltr'>in</span> <span class='ocrx_word' id='word_1_55' title='bbox 1288 753 1476 810; x_wconf 83' lang='lat' dir='ltr'>altari.</span> <span class='ocrx_word' id='word_1_56' title='bbox 1497 759 1674 810; x_wconf 91' lang='lat' dir='ltr'>Porro</span> <span class='ocrx_word' id='word_1_57' title='bbox 1691 755 2017 811; x_wconf 87' lang='lat' dir='ltr'>secundum</span> <span class='ocrx_word' id='word_1_58' title='bbox 2038 760 2156 809; x_wconf 91' lang='lat' dir='ltr'>tro-</span> 
     </span>
    </p>
   </div>
   <div class='ocr_carea' id='block_1_9' title="bbox 509 839 2155 914">
    <p class='ocr_par' dir='ltr' id='par_1_9' title="bbox 509 839 2155 914">
     <span class='ocr_line' id='line_1_9' title="bbox 509 839 2155 914; baseline 0.001 -18"><span class='ocrx_word' id='word_1_59' title='bbox 509 839 826 913; x_wconf 87' lang='lat' dir='ltr'>pologiam,</span> <span class='ocrx_word' id='word_1_60' title='bbox 854 845 911 895; x_wconf 90' lang='lat' dir='ltr'>et</span> <span class='ocrx_word' id='word_1_61' title='bbox 940 841 1012 896; x_wconf 92' lang='lat' dir='ltr'>ad</span> <span class='ocrx_word' id='word_1_62' title='bbox 1026 841 1362 897; x_wconf 89' lang='lat' dir='ltr'>nosdicitur</span> <span class='ocrx_word' id='word_1_63' title='bbox 1385 843 1486 914; x_wconf 88' lang='lat' dir='ltr'>qui</span> <span class='ocrx_word' id='word_1_64' title='bbox 1511 859 1667 898; x_wconf 91' lang='lat' dir='ltr'>nunc</span> <span class='ocrx_word' id='word_1_65' title='bbox 1696 843 1755 897; x_wconf 92' lang='lat' dir='ltr'>in</span> <span class='ocrx_word' id='word_1_66' title='bbox 1769 843 1974 899; x_wconf 90' lang='lat' dir='ltr'>Jesum</span> <span class='ocrx_word' id='word_1_67' title='bbox 1991 843 2155 898; x_wconf 90' lang='lat' dir='ltr'>Chri-</span> 
     </span>
    </p>
   </div>
   <div class='ocr_carea' id='block_1_10' title="bbox 508 928 2152 1004">
    <p class='ocr_par' dir='ltr' id='par_1_10' title="bbox 508 928 2152 1004">
     <span class='ocr_line' id='line_1_10' title="bbox 508 928 2152 1004; baseline 0 -18"><span class='ocrx_word' id='word_1_68' title='bbox 508 935 667 986; x_wconf 89' lang='lat' dir='ltr'>stum</span> <span class='ocrx_word' id='word_1_69' title='bbox 695 928 1012 997; x_wconf 84' lang='lat' dir='ltr'>credimus,</span> <span class='ocrx_word' id='word_1_70' title='bbox 1035 929 1084 985; x_wconf 92' lang='lat' dir='ltr'>si</span> <span class='ocrx_word' id='word_1_71' title='bbox 1106 934 1300 986; x_wconf 88' lang='lat' dir='ltr'>tamen</span> <span class='ocrx_word' id='word_1_72' title='bbox 1323 931 1618 988; x_wconf 78' lang='lat' dir='ltr'>credimus</span> <span class='ocrx_word' id='word_1_73' title='bbox 1636 935 1694 987; x_wconf 91' lang='lat' dir='ltr'>et</span> <span class='ocrx_word' id='word_1_74' title='bbox 1709 948 1880 1004; x_wconf 89' lang='lat' dir='ltr'>opere</span> <span class='ocrx_word' id='word_1_75' title='bbox 1903 931 2036 986; x_wconf 92' lang='lat' dir='ltr'>ﬁdei</span> <span class='ocrx_word' id='word_1_76' title='bbox 2059 949 2152 986; x_wconf 87' lang='lat' dir='ltr'>os-</span> 
     </span>
    </p>
   </div>
   <div class='ocr_carea' id='block_1_11' title="bbox 503 1017 2154 1087">
    <p class='ocr_par' dir='ltr' id='par_1_11' title="bbox 503 1017 2154 1087">
     <span class='ocr_line' id='line_1_11' title="bbox 503 1017 2154 1087; baseline -0.001 -13"><span class='ocrx_word' id='word_1_77' title='bbox 503 1019 803 1075; x_wconf 73' lang='lat' dir='ltr'>tendimus</span> <span class='ocrx_word' id='word_1_78' title='bbox 831 1017 1152 1087; x_wconf 84' lang='lat' dir='ltr'>veritatem,</span> <span class='ocrx_word' id='word_1_79' title='bbox 1186 1023 1250 1074; x_wconf 92' lang='lat' dir='ltr'>ut</span> <span class='ocrx_word' id='word_1_80' title='bbox 1274 1025 1633 1076; x_wconf 86' lang='lat' dir='ltr'>revertamur</span> <span class='ocrx_word' id='word_1_81' title='bbox 1661 1025 1855 1076; x_wconf 88' lang='lat' dir='ltr'>mente</span> <span class='ocrx_word' id='word_1_82' title='bbox 1895 1021 1966 1076; x_wconf 91' lang='lat' dir='ltr'>ad</span> <span class='ocrx_word' id='word_1_83' title='bbox 2010 1019 2154 1074; x_wconf 92' lang='lat' dir='ltr'>illud</span> 
     </span>
    </p>
   </div>
   <div class='ocr_carea' id='block_1_12' title="bbox 505 1107 2154 1181">
    <p class='ocr_par' dir='ltr' id='par_1_12' title="bbox 505 1107 2154 1181">
     <span class='ocr_line' id='line_1_12' title="bbox 505 1107 2154 1181; baseline -0.001 -17"><span class='ocrx_word' id='word_1_84' title='bbox 505 1117 736 1179; x_wconf 87' lang='lat' dir='ltr'>tempus</span> <span class='ocrx_word' id='word_1_85' title='bbox 768 1107 1002 1178; x_wconf 87' lang='lat' dir='ltr'>quando</span> <span class='ocrx_word' id='word_1_86' title='bbox 1024 1107 1268 1179; x_wconf 82' lang='lat' dir='ltr'>gentiles</span> <span class='ocrx_word' id='word_1_87' title='bbox 1289 1125 1544 1176; x_wconf 86' lang='lat' dir='ltr'>eramus,</span> <span class='ocrx_word' id='word_1_88' title='bbox 1578 1109 1838 1181; x_wconf 88' lang='lat' dir='ltr'>quotidie</span> <span class='ocrx_word' id='word_1_89' title='bbox 1852 1108 2010 1164; x_wconf 90' lang='lat' dir='ltr'>vitiis</span> <span class='ocrx_word' id='word_1_90' title='bbox 2033 1125 2154 1164; x_wconf 91' lang='lat' dir='ltr'>ser-</span> 
     </span>
    </p>
   </div>
   <div class='ocr_carea' id='block_1_13' title="bbox 502 1195 2150 1268">
    <p class='ocr_par' dir='ltr' id='par_1_13' title="bbox 502 1195 2150 1268">
     <span class='ocr_line' id='line_1_13' title="bbox 502 1195 2150 1268; baseline -0.001 -16"><span class='ocrx_word' id='word_1_91' title='bbox 502 1195 746 1266; x_wconf 76' lang='lat' dir='ltr'>vientes,</span> <span class='ocrx_word' id='word_1_92' title='bbox 769 1211 874 1250; x_wconf 89' lang='lat' dir='ltr'>nec</span> <span class='ocrx_word' id='word_1_93' title='bbox 901 1201 1373 1252; x_wconf 84' lang='lat' dir='ltr'>exstruxeramus</span> <span class='ocrx_word' id='word_1_94' title='bbox 1404 1197 1463 1252; x_wconf 91' lang='lat' dir='ltr'>in</span> <span class='ocrx_word' id='word_1_95' title='bbox 1499 1198 1667 1252; x_wconf 91' lang='lat' dir='ltr'>nobis</span> <span class='ocrx_word' id='word_1_96' title='bbox 1697 1199 1981 1268; x_wconf 88' lang='lat' dir='ltr'>templum</span> <span class='ocrx_word' id='word_1_97' title='bbox 2013 1197 2150 1252; x_wconf 91' lang='lat' dir='ltr'>Deo.</span> 
     </span>
    </p>
   </div>
   <div class='ocr_carea' id='block_1_14' title="bbox 503 1283 2151 1349">
    <p class='ocr_par' dir='ltr' id='par_1_14' title="bbox 503 1283 2151 1349">
     <span class='ocr_line' id='line_1_14' title="bbox 503 1283 2151 1349; baseline -0.001 -9"><span class='ocrx_word' id='word_1_98' title='bbox 503 1284 810 1349; x_wconf 84' lang='lat' dir='ltr'>Quomodo</span> <span class='ocrx_word' id='word_1_99' title='bbox 831 1287 1028 1339; x_wconf 79' lang='lat' dir='ltr'>autem</span> <span class='ocrx_word' id='word_1_100' title='bbox 1076 1283 1434 1340; x_wconf 88' lang='lat' dir='ltr'>architectus</span> <span class='ocrx_word' id='word_1_101' title='bbox 1492 1290 1548 1340; x_wconf 91' lang='lat' dir='ltr'>et</span> <span class='ocrx_word' id='word_1_102' title='bbox 1578 1285 2010 1341; x_wconf 88' lang='lat' dir='ltr'>scientissimus</span> <span class='ocrx_word' id='word_1_103' title='bbox 2039 1301 2151 1340; x_wconf 68' lang='lat' dir='ltr'>caa-</span> 
     </span>
    </p>
   </div>
   <div class='ocr_carea' id='block_1_15' title="bbox 504 1371 2152 1446">
    <p class='ocr_par' dir='ltr' id='par_1_15' title="bbox 504 1371 2152 1446">
     <span class='ocr_line' id='line_1_15' title="bbox 504 1371 2152 1446; baseline 0.001 -18"><span class='ocrx_word' id='word_1_104' title='bbox 504 1371 1524 1446; x_wconf 78' lang='lat' dir='ltr'>mentariuslapidemjnngitlapidi,</span> <span class='ocrx_word' id='word_1_105' title='bbox 1541 1379 1599 1429; x_wconf 91' lang='lat' dir='ltr'>et</span> <span class='ocrx_word' id='word_1_106' title='bbox 1619 1374 1954 1430; x_wconf 92' lang='lat' dir='ltr'>interiorem</span> <span class='ocrx_word' id='word_1_107' title='bbox 1979 1389 2152 1444; x_wconf 89' lang='lat' dir='ltr'>supe-</span> 
     </span>
    </p>
   </div>
   <div class='ocr_carea' id='block_1_16' title="bbox 503 1460 2151 1535">
    <p class='ocr_par' dir='ltr' id='par_1_16' title="bbox 503 1460 2151 1535">
     <span class='ocr_line' id='line_1_16' title="bbox 503 1460 2151 1535; baseline 0 -17"><span class='ocrx_word' id='word_1_108' title='bbox 503 1462 641 1518; x_wconf 90' lang='lat' dir='ltr'>riori</span> <span class='ocrx_word' id='word_1_109' title='bbox 677 1460 832 1517; x_wconf 88' lang='lat' dir='ltr'>calce</span> <span class='ocrx_word' id='word_1_110' title='bbox 849 1477 1148 1534; x_wconf 85' lang='lat' dir='ltr'>gypsoque</span> <span class='ocrx_word' id='word_1_111' title='bbox 1169 1462 1537 1535; x_wconf 72' lang='lat' dir='ltr'>conglutinet</span> <span class='ocrx_word' id='word_1_112' title='bbox 1563 1481 1578 1518; x_wconf 89' lang='lat'><strong>:</strong></span> <span class='ocrx_word' id='word_1_113' title='bbox 1601 1463 1682 1519; x_wconf 89' lang='lat' dir='ltr'>ita</span> <span class='ocrx_word' id='word_1_114' title='bbox 1711 1467 1769 1519; x_wconf 92' lang='lat' dir='ltr'>et</span> <span class='ocrx_word' id='word_1_115' title='bbox 1799 1463 2151 1518; x_wconf 88' lang='lat' dir='ltr'>architectus</span> 
     </span>
    </p>
   </div>
   <div class='ocr_carea' id='block_1_17' title="bbox 503 1550 2151 1624">
    <p class='ocr_par' dir='ltr' id='par_1_17' title="bbox 503 1550 2151 1624">
     <span class='ocr_line' id='line_1_17' title="bbox 503 1550 2151 1624; baseline -0.001 -18"><span class='ocrx_word' id='word_1_116' title='bbox 503 1553 701 1624; x_wconf 90' lang='lat' dir='ltr'>(quem</span> <span class='ocrx_word' id='word_1_117' title='bbox 731 1567 794 1606; x_wconf 91' lang='lat' dir='ltr'>se</span> <span class='ocrx_word' id='word_1_118' title='bbox 813 1555 872 1606; x_wconf 91' lang='lat' dir='ltr'>et</span> <span class='ocrx_word' id='word_1_119' title='bbox 901 1550 1200 1622; x_wconf 88' lang='lat' dir='ltr'>apostolus</span> <span class='ocrx_word' id='word_1_120' title='bbox 1231 1568 1360 1608; x_wconf 90' lang='lat' dir='ltr'>esse</span> <span class='ocrx_word' id='word_1_121' title='bbox 1390 1552 1576 1608; x_wconf 87' lang='lat' dir='ltr'>dicit:</span> <span class='ocrx_word' id='word_1_122' title='bbox 1606 1553 1780 1622; x_wconf 79' lang='lat' dir='ltr'>Quasi</span> <span class='ocrx_word' id='word_1_123' title='bbox 1817 1555 2034 1624; x_wconf 80' lang='lat' dir='ltr'>sapiens</span> <span class='ocrx_word' id='word_1_124' title='bbox 2063 1568 2151 1606; x_wconf 86' lang='lat' dir='ltr'>ar-</span> 
     </span>
    </p>
   </div>
   <div class='ocr_carea' id='block_1_18' title="bbox 501 1639 2152 1712">
    <p class='ocr_par' dir='ltr' id='par_1_18' title="bbox 501 1639 2152 1712">
     <span class='ocr_line' id='line_1_18' title="bbox 501 1639 2152 1712; baseline 0 -16"><span class='ocrx_word' id='word_1_125' title='bbox 501 1641 760 1696; x_wconf 78' lang='lat' dir='ltr'>chitectus</span> <span class='ocrx_word' id='word_1_126' title='bbox 814 1639 1236 1710; x_wconf 83' lang='lat' dir='ltr'>fundamentum</span> <span class='ocrx_word' id='word_1_127' title='bbox 1287 1643 1450 1712; x_wconf 80' lang='lat' dir='ltr'>posui</span> <span class='ocrx_word' id='word_1_128' title='bbox 1499 1642 1542 1711; x_wconf 92' lang='grc' dir='ltr'>(Ι</span> <span class='ocrx_word' id='word_1_129' title='bbox 1575 1644 1698 1697; x_wconf 83' lang='lat' dir='ltr'>Cor.</span> <span class='ocrx_word' id='word_1_130' title='bbox 1764 1658 1847 1707; x_wconf 80' lang='grc' dir='ltr'>ιιι,</span> <span class='ocrx_word' id='word_1_131' title='bbox 1908 1639 1995 1712; x_wconf 88' lang='grc'>10)</span> <span class='ocrx_word' id='word_1_132' title='bbox 2050 1643 2152 1696; x_wconf 86' lang='lat' dir='ltr'>:et</span> 
     </span>
    </p>
   </div>
   <div class='ocr_carea' id='block_1_19' title="bbox 481 1727 2148 1801">
    <p class='ocr_par' dir='ltr' id='par_1_19' title="bbox 481 1727 2148 1801">
     <span class='ocr_line' id='line_1_19' title="bbox 481 1727 2148 1801; baseline 0 -17"><span class='ocrx_word' id='word_1_133' title='bbox 481 1745 676 1801; x_wconf 59' lang='lat' dir='ltr'>«quem</span> <span class='ocrx_word' id='word_1_134' title='bbox 709 1729 780 1784; x_wconf 91' lang='lat' dir='ltr'>de</span> <span class='ocrx_word' id='word_1_135' title='bbox 799 1727 1125 1784; x_wconf 86' lang='lat' dir='ltr'>Jerusalem</span> <span class='ocrx_word' id='word_1_136' title='bbox 1146 1729 1484 1784; x_wconf 86' lang='lat' dir='ltr'>ablaturum</span> <span class='ocrx_word' id='word_1_137' title='bbox 1515 1745 1578 1786; x_wconf 90' lang='lat' dir='ltr'>se</span> <span class='ocrx_word' id='word_1_138' title='bbox 1600 1730 1885 1786; x_wconf 90' lang='lat' dir='ltr'>Dominus</span> <span class='ocrx_word' id='word_1_139' title='bbox 1906 1729 2148 1784; x_wconf 90' lang='lat' dir='ltr'>commi-</span> 
     </span>
    </p>
   </div>
   <div class='ocr_carea' id='block_1_20' title="bbox 501 1817 2151 1892">
    <p class='ocr_par' dir='ltr' id='par_1_20' title="bbox 501 1817 2151 1892">
     <span class='ocr_line' id='line_1_20' title="bbox 501 1817 2151 1892; baseline -0.001 -18"><span class='ocrx_word' id='word_1_140' title='bbox 501 1825 698 1886; x_wconf 84' lang='lat' dir='ltr'>natur)</span> <span class='ocrx_word' id='word_1_141' title='bbox 750 1817 909 1873; x_wconf 91' lang='lat' dir='ltr'>novit</span> <span class='ocrx_word' id='word_1_142' title='bbox 964 1818 1256 1888; x_wconf 89' lang='lat' dir='ltr'>quomodo</span> <span class='ocrx_word' id='word_1_143' title='bbox 1288 1835 1463 1890; x_wconf 90' lang='lat' dir='ltr'>opera</span> <span class='ocrx_word' id='word_1_144' title='bbox 1505 1819 1722 1892; x_wconf 88' lang='lat' dir='ltr'>jungat</span> <span class='ocrx_word' id='word_1_145' title='bbox 1775 1818 2070 1890; x_wconf 85' lang='lat' dir='ltr'>operibus,</span> <span class='ocrx_word' id='word_1_146' title='bbox 2095 1823 2151 1872; x_wconf 93' lang='lat' dir='ltr'>et</span> 
     </span>
    </p>
   </div>
   <div class='ocr_carea' id='block_1_21' title="bbox 500 1905 2153 1979">
    <p class='ocr_par' dir='ltr' id='par_1_21' title="bbox 500 1905 2153 1979">
     <span class='ocr_line' id='line_1_21' title="bbox 500 1905 2153 1979; baseline -0.002 -15"><span class='ocrx_word' id='word_1_147' title='bbox 500 1906 785 1979; x_wconf 88' lang='lat' dir='ltr'>paulatim</span> <span class='ocrx_word' id='word_1_148' title='bbox 815 1910 1078 1962; x_wconf 85' lang='lat' dir='ltr'>exstruat</span> <span class='ocrx_word' id='word_1_149' title='bbox 1103 1905 1388 1977; x_wconf 90' lang='lat' dir='ltr'>templum</span> <span class='ocrx_word' id='word_1_150' title='bbox 1421 1907 1538 1962; x_wconf 78' lang='lat' dir='ltr'>Dei.</span> <span class='ocrx_word' id='word_1_151' title='bbox 1571 1907 2029 1962; x_wconf 87' lang='lat' dir='ltr'>Fundamentem</span> <span class='ocrx_word' id='word_1_152' title='bbox 2053 1923 2153 1962; x_wconf 90' lang='lat' dir='ltr'>au-</span> 
     </span>
    </p>
   </div>
   <div class='ocr_carea' id='block_1_22' title="bbox 501 1993 2148 2066">
    <p class='ocr_par' dir='ltr' id='par_1_22' title="bbox 501 1993 2148 2066">
     <span class='ocr_line' id='line_1_22' title="bbox 501 1993 2148 2066; baseline 0 -15"><span class='ocrx_word' id='word_1_153' title='bbox 501 2001 622 2052; x_wconf 91' lang='lat' dir='ltr'>tem</span> <span class='ocrx_word' id='word_1_154' title='bbox 652 1996 830 2066; x_wconf 90' lang='lat' dir='ltr'>hujus</span> <span class='ocrx_word' id='word_1_155' title='bbox 861 1993 1061 2066; x_wconf 89' lang='lat' dir='ltr'>templi</span> <span class='ocrx_word' id='word_1_156' title='bbox 1097 1996 1336 2064; x_wconf 90' lang='lat' dir='ltr'>ponitur</span> <span class='ocrx_word' id='word_1_157' title='bbox 1361 1998 1753 2066; x_wconf 88' lang='lat' dir='ltr'>Jesus,super</span> <span class='ocrx_word' id='word_1_158' title='bbox 1773 2011 1948 2066; x_wconf 92' lang='lat' dir='ltr'>quem</span> <span class='ocrx_word' id='word_1_159' title='bbox 1967 2012 2148 2051; x_wconf 89' lang='lat' dir='ltr'>unus-</span> 
     </span>
    </p>
   </div>
   <div class='ocr_carea' id='block_1_23' title="bbox 500 2083 2145 2160">
    <p class='ocr_par' dir='ltr' id='par_1_23' title="bbox 500 2083 2145 2160">
     <span class='ocr_line' id='line_1_23' title="bbox 500 2083 2145 2160; baseline -0.001 -20"><span class='ocrx_word' id='word_1_160' title='bbox 500 2085 752 2156; x_wconf 89' lang='lat' dir='ltr'>quisque</span> <span class='ocrx_word' id='word_1_161' title='bbox 769 2083 968 2160; x_wconf 11' lang='lat' dir='ltr'>,videat</span> <span class='ocrx_word' id='word_1_162' title='bbox 987 2083 1127 2154; x_wconf 93' lang='lat' dir='ltr'>quid</span> <span class='ocrx_word' id='word_1_163' title='bbox 1150 2084 1395 2138; x_wconf 67' lang='lat' dir='ltr'>aediﬁcet</span> <span class='ocrx_word' id='word_1_164' title='bbox 1419 2102 1432 2139; x_wconf 89' lang='lat'><strong>:</strong></span> <span class='ocrx_word' id='word_1_165' title='bbox 1462 2084 1625 2138; x_wconf 85' lang='lat' dir='ltr'>Alius</span> <span class='ocrx_word' id='word_1_166' title='bbox 1649 2085 1895 2139; x_wconf 56' lang='lat' dir='ltr'>aediﬁcat</span> <span class='ocrx_word' id='word_1_167' title='bbox 1913 2100 2145 2151; x_wconf 90' lang='lat' dir='ltr'>aurum,</span> 
     </span>
    </p>
   </div>
   <div class='ocr_carea' id='block_1_24' title="bbox 503 2171 2146 2245">
    <p class='ocr_par' dir='ltr' id='par_1_24' title="bbox 503 2171 2146 2245">
     <span class='ocr_line' id='line_1_24' title="bbox 503 2171 2146 2245; baseline -0.001 -16"><span class='ocrx_word' id='word_1_168' title='bbox 503 2179 831 2245; x_wconf 83' lang='lat' dir='ltr'>argentum,</span> <span class='ocrx_word' id='word_1_169' title='bbox 866 2171 1085 2242; x_wconf 89' lang='lat' dir='ltr'>lapides</span> <span class='ocrx_word' id='word_1_170' title='bbox 1125 2172 1456 2244; x_wconf 90' lang='lat' dir='ltr'>pretiosas;</span> <span class='ocrx_word' id='word_1_171' title='bbox 1513 2173 1683 2236; x_wconf 90' lang='lat' dir='ltr'>alius,</span> <span class='ocrx_word' id='word_1_172' title='bbox 1713 2171 1892 2244; x_wconf 91' lang='lat' dir='ltr'>ligua,</span> <span class='ocrx_word' id='word_1_173' title='bbox 1926 2174 2146 2240; x_wconf 83' lang='lat' dir='ltr'>fenum,</span> 
     </span>
    </p>
   </div>
   <div class='ocr_carea' id='block_1_25' title="bbox 509 2260 2148 2334">
    <p class='ocr_par' dir='ltr' id='par_1_25' title="bbox 509 2260 2148 2334">
     <span class='ocr_line' id='line_1_25' title="bbox 509 2260 2148 2334; baseline -0.002 -17"><span class='ocrx_word' id='word_1_174' title='bbox 509 2260 812 2334; x_wconf 90' lang='lat' dir='ltr'>stipulam.</span> <span class='ocrx_word' id='word_1_175' title='bbox 837 2261 907 2315; x_wconf 91' lang='lat' dir='ltr'>Et</span> <span class='ocrx_word' id='word_1_176' title='bbox 925 2261 1116 2316; x_wconf 90' lang='lat' dir='ltr'>tribus</span> <span class='ocrx_word' id='word_1_177' title='bbox 1144 2261 1316 2316; x_wconf 90' lang='lat' dir='ltr'>bonis</span> <span class='ocrx_word' id='word_1_178' title='bbox 1346 2260 1461 2316; x_wconf 90' lang='lat' dir='ltr'>tria</span> <span class='ocrx_word' id='word_1_179' title='bbox 1485 2263 1808 2317; x_wconf 90' lang='lat' dir='ltr'>econtrario</span> <span class='ocrx_word' id='word_1_180' title='bbox 1839 2278 2148 2332; x_wconf 91' lang='lat' dir='ltr'>opponun-</span> 
     </span>
    </p>
   </div>
   <div class='ocr_carea' id='block_1_26' title="bbox 507 2347 2148 2421">
    <p class='ocr_par' dir='ltr' id='par_1_26' title="bbox 507 2347 2148 2421">
     <span class='ocr_line' id='line_1_26' title="bbox 507 2347 2148 2421; baseline -0.001 -14"><span class='ocrx_word' id='word_1_181' title='bbox 507 2358 605 2407; x_wconf 88' lang='lat' dir='ltr'>tur</span> <span class='ocrx_word' id='word_1_182' title='bbox 617 2350 792 2406; x_wconf 88' lang='lat' dir='ltr'>mala.</span> <span class='ocrx_word' id='word_1_183' title='bbox 811 2347 912 2404; x_wconf 87' lang='lat' dir='ltr'>Isti</span> <span class='ocrx_word' id='word_1_184' title='bbox 925 2349 1297 2421; x_wconf 88' lang='lat' dir='ltr'>suntlapides</span> <span class='ocrx_word' id='word_1_185' title='bbox 1312 2350 1380 2405; x_wconf 92' lang='lat' dir='ltr'>de</span> <span class='ocrx_word' id='word_1_186' title='bbox 1393 2350 1611 2421; x_wconf 90' lang='lat' dir='ltr'>quibus</span> <span class='ocrx_word' id='word_1_187' title='bbox 1640 2354 1935 2407; x_wconf 84' lang='lat' dir='ltr'>exstructu</span> <span class='ocrx_word' id='word_1_188' title='bbox 1945 2366 2071 2404; x_wconf 92' lang='lat' dir='ltr'>rum</span> <span class='ocrx_word' id='word_1_189' title='bbox 2087 2367 2148 2405; x_wconf 94' lang='lat' dir='ltr'>se</span> 
     </span>
    </p>
   </div>
   <div class='ocr_carea' id='block_1_27' title="bbox 505 2438 2148 2509">
    <p class='ocr_par' dir='ltr' id='par_1_27' title="bbox 505 2438 2148 2509">
     <span class='ocr_line' id='line_1_27' title="bbox 505 2438 2148 2509; baseline -0.002 -12"><span class='ocrx_word' id='word_1_190' title='bbox 505 2438 831 2497; x_wconf 89' lang='lat' dir='ltr'>Jerusalem</span> <span class='ocrx_word' id='word_1_191' title='bbox 857 2438 1143 2494; x_wconf 88' lang='lat' dir='ltr'>Dominus</span> <span class='ocrx_word' id='word_1_192' title='bbox 1176 2439 1716 2509; x_wconf 75' lang='lat' dir='ltr'>repromittit:707</span> <span class='ocrx_word' id='word_1_193' title='bbox 1741 2441 1880 2494; x_wconf 82' lang='lat' dir='ltr'>Ecce</span> <span class='ocrx_word' id='word_1_194' title='bbox 1899 2455 1993 2508; x_wconf 88' lang='lat' dir='ltr'>ego</span> <span class='ocrx_word' id='word_1_195' title='bbox 2004 2454 2148 2506; x_wconf 76' lang='lat' dir='ltr'>prae-</span> 
     </span>
    </p>
   </div>
   <div class='ocr_carea' id='block_1_28' title="bbox 502 2527 2149 2604">
    <p class='ocr_par' dir='ltr' id='par_1_28' title="bbox 502 2527 2149 2604">
     <span class='ocr_line' id='line_1_28' title="bbox 502 2527 2149 2604; baseline -0.002 -18"><span class='ocrx_word' id='word_1_196' title='bbox 502 2529 712 2604; x_wconf 81' lang='lat' dir='ltr'>parabo</span> <span class='ocrx_word' id='word_1_197' title='bbox 732 2528 835 2584; x_wconf 89' lang='lat' dir='ltr'>tibi</span> <span class='ocrx_word' id='word_1_198' title='bbox 852 2527 1253 2604; x_wconf 80' lang='lat' dir='ltr'>carbunculum</span> <span class='ocrx_word' id='word_1_199' title='bbox 1276 2527 1515 2599; x_wconf 87' lang='lat' dir='ltr'>lapidem</span> <span class='ocrx_word' id='word_1_200' title='bbox 1533 2533 1711 2597; x_wconf 87' lang='lat' dir='ltr'>tuum,</span> <span class='ocrx_word' id='word_1_201' title='bbox 1726 2534 1778 2583; x_wconf 84' lang='lat' dir='ltr'>et</span> <span class='ocrx_word' id='word_1_202' title='bbox 1788 2531 2149 2600; x_wconf 77' lang='lat' dir='ltr'>fundamenta</span> 
     </span>
    </p>
   </div>
   <div class='ocr_carea' id='block_1_29' title="bbox 504 2617 2148 2690">
    <p class='ocr_par' dir='ltr' id='par_1_29' title="bbox 504 2617 2148 2690">
     <span class='ocr_line' id='line_1_29' title="bbox 504 2617 2148 2690; baseline -0.004 -14"><span class='ocrx_word' id='word_1_203' title='bbox 504 2625 602 2676; x_wconf 87' lang='lat' dir='ltr'>tua</span> <span class='ocrx_word' id='word_1_204' title='bbox 627 2617 934 2690; x_wconf 81' lang='lat' dir='ltr'>saphirum,</span> <span class='ocrx_word' id='word_1_205' title='bbox 978 2625 1032 2672; x_wconf 83' lang='lat' dir='ltr'>et</span> <span class='ocrx_word' id='word_1_206' title='bbox 1055 2631 1257 2688; x_wconf 89' lang='lat' dir='ltr'>ponam</span> <span class='ocrx_word' id='word_1_207' title='bbox 1295 2618 1703 2686; x_wconf 78' lang='lat' dir='ltr'>propugnacula</span> <span class='ocrx_word' id='word_1_208' title='bbox 1755 2627 1852 2672; x_wconf 86' lang='lat' dir='ltr'>tua</span> <span class='ocrx_word' id='word_1_209' title='bbox 1871 2617 2148 2688; x_wconf 88' lang='lat' dir='ltr'>jaspidem</span> 
     </span>
    </p>
   </div>
   <div class='ocr_carea' id='block_1_30' title="bbox 507 2706 2148 2781">
    <p class='ocr_par' dir='ltr' id='par_1_30' title="bbox 507 2706 2148 2781">
     <span class='ocr_line' id='line_1_30' title="bbox 507 2706 2148 2781; baseline -0.002 -17"><span class='ocrx_word' id='word_1_210' title='bbox 507 2708 621 2781; x_wconf 80' lang='lat' dir='ltr'>(Al.</span> <span class='ocrx_word' id='word_1_211' title='bbox 652 2706 899 2779; x_wconf 80' lang='lat' dir='ltr'>jaspim],</span> <span class='ocrx_word' id='word_1_212' title='bbox 932 2713 984 2760; x_wconf 85' lang='lat' dir='ltr'>et</span> <span class='ocrx_word' id='word_1_213' title='bbox 1012 2714 1200 2777; x_wconf 90' lang='lat' dir='ltr'>portas</span> <span class='ocrx_word' id='word_1_214' title='bbox 1230 2714 1350 2760; x_wconf 82' lang='lat' dir='ltr'>tuas</span> <span class='ocrx_word' id='word_1_215' title='bbox 1405 2707 1475 2761; x_wconf 90' lang='lat' dir='ltr'>de</span> <span class='ocrx_word' id='word_1_216' title='bbox 1524 2706 1706 2777; x_wconf 83' lang='lat' dir='ltr'>lapide</span> <span class='ocrx_word' id='word_1_217' title='bbox 1751 2707 2034 2778; x_wconf 80' lang='lat' dir='ltr'>crystallo,</span> <span class='ocrx_word' id='word_1_218' title='bbox 2094 2710 2148 2760; x_wconf 90' lang='lat' dir='ltr'>et</span> 
     </span>
    </p>
   </div>
   <div class='ocr_carea' id='block_1_31' title="bbox 501 2793 2142 2866">
    <p class='ocr_par' dir='ltr' id='par_1_31' title="bbox 501 2793 2142 2866">
     <span class='ocr_line' id='line_1_31' title="bbox 501 2793 2142 2866; baseline -0.004 -12"><span class='ocrx_word' id='word_1_219' title='bbox 501 2813 726 2854; x_wconf 86' lang='lat' dir='ltr'>murum</span> <span class='ocrx_word' id='word_1_220' title='bbox 774 2799 930 2850; x_wconf 89' lang='lat' dir='ltr'>tuum</span> <span class='ocrx_word' id='word_1_221' title='bbox 958 2793 1024 2848; x_wconf 89' lang='lat' dir='ltr'>de</span> <span class='ocrx_word' id='word_1_222' title='bbox 1054 2794 1329 2866; x_wconf 83' lang='lat' dir='ltr'>lapidibus</span> <span class='ocrx_word' id='word_1_223' title='bbox 1371 2795 1555 2849; x_wconf 85' lang='lat' dir='ltr'>electis</span> <span class='ocrx_word' id='word_1_224' title='bbox 1586 2795 1736 2864; x_wconf 84' lang='lat' dir='ltr'>(Isai.</span> <span class='ocrx_word' id='word_1_225' title='bbox 1774 2811 1880 2858; x_wconf 82' lang='lat' dir='ltr'>Liv,</span> <span class='ocrx_word' id='word_1_226' title='bbox 1910 2794 1997 2862; x_wconf 77' lang='grc'>41,</span> <span class='ocrx_word' id='word_1_227' title='bbox 2033 2793 2142 2864; x_wconf 86' lang='grc'>12).</span> 
     </span>
    </p>
   </div>
   <div class='ocr_carea' id='block_1_32' title="bbox 497 2882 2145 2958">
    <p class='ocr_par' dir='ltr' id='par_1_32' title="bbox 497 2882 2145 2958">
     <span class='ocr_line' id='line_1_32' title="bbox 497 2882 2145 2958; baseline -0.004 -15"><span class='ocrx_word' id='word_1_228' title='bbox 497 2888 697 2958; x_wconf 88' lang='lat' dir='ltr'>Neque</span> <span class='ocrx_word' id='word_1_229' title='bbox 714 2885 870 2940; x_wconf 86' lang='lat' dir='ltr'>enim</span> <span class='ocrx_word' id='word_1_230' title='bbox 884 2883 1214 2956; x_wconf 89' lang='lat' dir='ltr'>putandum</span> <span class='ocrx_word' id='word_1_231' title='bbox 1238 2886 1327 2938; x_wconf 89' lang='lat' dir='ltr'>est</span> <span class='ocrx_word' id='word_1_232' title='bbox 1348 2884 1675 2938; x_wconf 89' lang='lat' dir='ltr'>secundum</span> <span class='ocrx_word' id='word_1_233' title='bbox 1697 2885 1720 2938; x_wconf 88' lang='lat' dir='ltr'><strong>J</strong></span> <span class='ocrx_word' id='word_1_234' title='bbox 1732 2882 1970 2938; x_wconf 90' lang='lat' dir='ltr'>udaicas</span> <span class='ocrx_word' id='word_1_235' title='bbox 1987 2882 2145 2937; x_wconf 77' lang='lat' dir='ltr'>fabu-</span> 
     </span>
    </p>
   </div>
   <div class='ocr_carea' id='block_1_33' title="bbox 495 2971 2142 3045">
    <p class='ocr_par' dir='ltr' id='par_1_33' title="bbox 495 2971 2142 3045">
     <span class='ocr_line' id='line_1_33' title="bbox 495 2971 2142 3045; baseline -0.004 -13"><span class='ocrx_word' id='word_1_236' title='bbox 495 2975 584 3032; x_wconf 88' lang='lat' dir='ltr'>las</span> <span class='ocrx_word' id='word_1_237' title='bbox 613 2980 672 3030; x_wconf 89' lang='lat' dir='ltr'>et</span> <span class='ocrx_word' id='word_1_238' title='bbox 701 2975 899 3045; x_wconf 89' lang='lat' dir='ltr'>inepta</span> <span class='ocrx_word' id='word_1_239' title='bbox 926 2972 1222 3044; x_wconf 85' lang='lat' dir='ltr'>ﬁgmenta,</span> <span class='ocrx_word' id='word_1_240' title='bbox 1246 2972 1429 3028; x_wconf 89' lang='lat' dir='ltr'>Deum</span> <span class='ocrx_word' id='word_1_241' title='bbox 1453 2989 1594 3027; x_wconf 89' lang='lat' dir='ltr'>auro</span> <span class='ocrx_word' id='word_1_242' title='bbox 1616 2978 1672 3028; x_wconf 91' lang='lat' dir='ltr'>et</span> <span class='ocrx_word' id='word_1_243' title='bbox 1691 2971 1941 3044; x_wconf 90' lang='lat' dir='ltr'>gemmis</span> <span class='ocrx_word' id='word_1_244' title='bbox 1965 2971 2142 3026; x_wconf 81' lang='lat' dir='ltr'>aedili-</span> 
     </span>
    </p>
   </div>
   <div class='ocr_carea' id='block_1_34' title="bbox 498 3059 2141 3132">
    <p class='ocr_par' dir='ltr' id='par_1_34' title="bbox 498 3059 2141 3132">
     <span class='ocr_line' id='line_1_34' title="bbox 498 3059 2141 3132; baseline -0.004 -11"><span class='ocrx_word' id='word_1_245' title='bbox 498 3070 766 3122; x_wconf 88' lang='lat' dir='ltr'>caturum</span> <span class='ocrx_word' id='word_1_246' title='bbox 823 3060 1171 3126; x_wconf 88' lang='lat' dir='ltr'>Jerusalem,</span> <span class='ocrx_word' id='word_1_247' title='bbox 1202 3065 1258 3116; x_wconf 89' lang='lat' dir='ltr'>et</span> <span class='ocrx_word' id='word_1_248' title='bbox 1304 3078 1419 3116; x_wconf 92' lang='lat' dir='ltr'>non</span> <span class='ocrx_word' id='word_1_249' title='bbox 1467 3061 1614 3116; x_wconf 89' lang='lat' dir='ltr'>vivis</span> <span class='ocrx_word' id='word_1_250' title='bbox 1663 3061 1980 3132; x_wconf 88' lang='lat' dir='ltr'>lapidibus,</span> <span class='ocrx_word' id='word_1_251' title='bbox 2040 3059 2141 3131; x_wconf 91' lang='lat' dir='ltr'>qui</span> 
     </span>
    </p>
   </div>
   <div class='ocr_carea' id='block_1_35' title="bbox 2270 572 3769 650">
    <p class='ocr_par' dir='ltr' id='par_1_35' title="bbox 2270 572 3769 650">
     <span class='ocr_line' id='line_1_35' title="bbox 2270 572 3769 650; baseline 0.006 -22"><span class='ocrx_word' id='word_1_252' title='bbox 2270 573 2550 629; x_wconf 88' lang='lat' dir='ltr'>animalia</span> <span class='ocrx_word' id='word_1_253' title='bbox 2581 573 2638 628; x_wconf 92' lang='lat' dir='ltr'>in</span> <span class='ocrx_word' id='word_1_254' title='bbox 2672 589 2933 640; x_wconf 91' lang='lat' dir='ltr'>munere,</span> <span class='ocrx_word' id='word_1_255' title='bbox 2957 572 3156 643; x_wconf 86' lang='lat' dir='ltr'>viginti</span> <span class='ocrx_word' id='word_1_256' title='bbox 3187 579 3239 628; x_wconf 90' lang='lat' dir='ltr'>et</span> <span class='ocrx_word' id='word_1_257' title='bbox 3265 576 3718 650; x_wconf 87' lang='lat' dir='ltr'>viginti.Simulque</span> <span class='ocrx_word' id='word_1_258' title='bbox 3735 590 3769 637; x_wconf 85' lang='lat' dir='ltr'>et</span> 
     </span>
    </p>
   </div>
   <div class='ocr_carea' id='block_1_36' title="bbox 2269 661 3770 736">
    <p class='ocr_par' dir='ltr' id='par_1_36' title="bbox 2269 661 3770 736">
     <span class='ocr_line' id='line_1_36' title="bbox 2269 661 3770 736; baseline 0.005 -20"><span class='ocrx_word' id='word_1_259' title='bbox 2269 679 2438 718; x_wconf 90' lang='lat' dir='ltr'>cerne</span> <span class='ocrx_word' id='word_1_260' title='bbox 2471 663 2623 734; x_wconf 92' lang='lat' dir='ltr'>quod</span> <span class='ocrx_word' id='word_1_261' title='bbox 2655 663 2780 734; x_wconf 92' lang='lat' dir='ltr'>ipse</span> <span class='ocrx_word' id='word_1_262' title='bbox 2809 661 2991 717; x_wconf 88' lang='lat' dir='ltr'>Jacoh</span> <span class='ocrx_word' id='word_1_263' title='bbox 3010 661 3142 716; x_wconf 89' lang='lat' dir='ltr'>licet</span> <span class='ocrx_word' id='word_1_264' title='bbox 3170 666 3592 736; x_wconf 86' lang='lat' dir='ltr'>sanctus(tamen</span> <span class='ocrx_word' id='word_1_265' title='bbox 3609 683 3658 722; x_wconf 92' lang='lat' dir='ltr'>eo</span> <span class='ocrx_word' id='word_1_266' title='bbox 3679 674 3770 724; x_wconf 85' lang='lat' dir='ltr'>tem-</span> 
     </span>
    </p>
   </div>
   <div class='ocr_carea' id='block_1_37' title="bbox 2279 755 3771 824">
    <p class='ocr_par' dir='ltr' id='par_1_37' title="bbox 2279 755 3771 824">
     <span class='ocr_line' id='line_1_37' title="bbox 2279 755 3771 824; baseline 0.004 -18"><span class='ocrx_word' id='word_1_267' title='bbox 2279 769 2415 824; x_wconf 91' lang='lat' dir='ltr'>pore</span> <span class='ocrx_word' id='word_1_268' title='bbox 2447 769 2562 824; x_wconf 90' lang='lat' dir='ltr'>quo</span> <span class='ocrx_word' id='word_1_269' title='bbox 2595 769 2708 806; x_wconf 89' lang='lat' dir='ltr'>non</span> <span class='ocrx_word' id='word_1_270' title='bbox 2769 757 2892 807; x_wconf 90' lang='lat' dir='ltr'>erat</span> <span class='ocrx_word' id='word_1_271' title='bbox 2921 768 3056 806; x_wconf 89' lang='lat' dir='ltr'>cum</span> <span class='ocrx_word' id='word_1_272' title='bbox 3113 758 3267 822; x_wconf 84' lang='lat' dir='ltr'>patre</span> <span class='ocrx_word' id='word_1_273' title='bbox 3319 771 3414 808; x_wconf 91' lang='lat' dir='ltr'>suo</span> <span class='ocrx_word' id='word_1_274' title='bbox 3465 758 3608 818; x_wconf 82' lang='lat' dir='ltr'>Isaac,</span> <span class='ocrx_word' id='word_1_275' title='bbox 3631 755 3674 810; x_wconf 91' lang='lat' dir='ltr'>id</span> <span class='ocrx_word' id='word_1_276' title='bbox 3705 763 3771 822; x_wconf 85' lang='lat' dir='ltr'>est,</span> 
     </span>
    </p>
   </div>
   <div class='ocr_carea' id='block_1_38' title="bbox 2267 841 3769 914">
    <p class='ocr_par' dir='ltr' id='par_1_38' title="bbox 2267 841 3769 914">
     <span class='ocr_line' id='line_1_38' title="bbox 2267 841 3769 914; baseline 0.003 -19"><span class='ocrx_word' id='word_1_277' title='bbox 2267 843 2422 905; x_wconf 87' lang='lat' dir='ltr'>risu;</span> <span class='ocrx_word' id='word_1_278' title='bbox 2457 845 2514 896; x_wconf 91' lang='lat' dir='ltr'>et</span> <span class='ocrx_word' id='word_1_279' title='bbox 2545 846 2734 895; x_wconf 90' lang='lat' dir='ltr'>matre</span> <span class='ocrx_word' id='word_1_280' title='bbox 2767 857 2875 895; x_wconf 91' lang='lat' dir='ltr'>sua</span> <span class='ocrx_word' id='word_1_281' title='bbox 2927 841 3178 905; x_wconf 80' lang='lat' dir='ltr'>Rebecca,</span> <span class='ocrx_word' id='word_1_282' title='bbox 3232 841 3286 895; x_wconf 93' lang='lat' dir='ltr'>id</span> <span class='ocrx_word' id='word_1_283' title='bbox 3316 846 3414 911; x_wconf 87' lang='lat' dir='ltr'>est,</span> <span class='ocrx_word' id='word_1_284' title='bbox 3437 845 3684 914; x_wconf 76' lang='lat' dir='ltr'>patientia;</span> <span class='ocrx_word' id='word_1_285' title='bbox 3711 848 3769 900; x_wconf 85' lang='lat' dir='ltr'>sed</span> 
     </span>
    </p>
   </div>
   <div class='ocr_carea' id='block_1_39' title="bbox 2273 929 3772 1004">
    <p class='ocr_par' dir='ltr' id='par_1_39' title="bbox 2273 929 3772 1004">
     <span class='ocr_line' id='line_1_39' title="bbox 2273 929 3772 1004; baseline 0.003 -21"><span class='ocrx_word' id='word_1_286' title='bbox 2273 929 2496 985; x_wconf 91' lang='lat' dir='ltr'>vicinos</span> <span class='ocrx_word' id='word_1_287' title='bbox 2521 929 2772 984; x_wconf 86' lang='lat' dir='ltr'>habebat</span> <span class='ocrx_word' id='word_1_288' title='bbox 2793 930 3081 1001; x_wconf 86' lang='lat' dir='ltr'>Assyrios,</span> <span class='ocrx_word' id='word_1_289' title='bbox 3109 935 3164 985; x_wconf 89' lang='lat' dir='ltr'>et</span> <span class='ocrx_word' id='word_1_290' title='bbox 3187 929 3529 986; x_wconf 88' lang='lat' dir='ltr'>habitabatin</span> <span class='ocrx_word' id='word_1_291' title='bbox 3547 933 3772 1004; x_wconf 63' lang='lat' dir='ltr'>Mesopotr</span> 
     </span>
    </p>
   </div>
   <div class='ocr_carea' id='block_1_40' title="bbox 2269 1018 3772 1094">
    <p class='ocr_par' dir='ltr' id='par_1_40' title="bbox 2269 1018 3772 1094">
     <span class='ocr_line' id='line_1_40' title="bbox 2269 1018 3772 1094; baseline 0.002 -21"><span class='ocrx_word' id='word_1_292' title='bbox 2269 1019 2407 1088; x_wconf 86' lang='lat' dir='ltr'>mia,</span> <span class='ocrx_word' id='word_1_293' title='bbox 2442 1018 2577 1072; x_wconf 91' lang='lat' dir='ltr'>hinc</span> <span class='ocrx_word' id='word_1_294' title='bbox 2609 1023 2786 1089; x_wconf 88' lang='lat' dir='ltr'>atque</span> <span class='ocrx_word' id='word_1_295' title='bbox 2808 1018 2942 1072; x_wconf 90' lang='lat' dir='ltr'>inde</span> <span class='ocrx_word' id='word_1_296' title='bbox 2973 1034 3032 1074; x_wconf 91' lang='lat' dir='ltr'>se</span> <span class='ocrx_word' id='word_1_297' title='bbox 3065 1019 3414 1090; x_wconf 86' lang='lat' dir='ltr'>cingentibus</span> <span class='ocrx_word' id='word_1_298' title='bbox 3434 1020 3624 1091; x_wconf 84' lang='lat' dir='ltr'>ﬂuviis),</span> <span class='ocrx_word' id='word_1_299' title='bbox 3641 1023 3772 1094; x_wconf 85' lang='lat' dir='ltr'>viginti</span> 
     </span>
    </p>
   </div>
   <div class='ocr_carea' id='block_1_41' title="bbox 2265 1106 3772 1178">
    <p class='ocr_par' dir='ltr' id='par_1_41' title="bbox 2265 1106 3772 1178">
     <span class='ocr_line' id='line_1_41' title="bbox 2265 1106 3772 1178; baseline 0.002 -16"><span class='ocrx_word' id='word_1_300' title='bbox 2265 1124 2553 1162; x_wconf 91' lang='lat' dir='ltr'>annorum</span> <span class='ocrx_word' id='word_1_301' title='bbox 2585 1106 2796 1178; x_wconf 89' lang='lat' dir='ltr'>spatio,</span> <span class='ocrx_word' id='word_1_302' title='bbox 2829 1106 3233 1163; x_wconf 64' lang='lat' dir='ltr'>crudelissimo</span> <span class='ocrx_word' id='word_1_303' title='bbox 3262 1114 3316 1162; x_wconf 92' lang='lat' dir='ltr'>et</span> <span class='ocrx_word' id='word_1_304' title='bbox 3343 1108 3632 1164; x_wconf 84' lang='lat' dir='ltr'>avarissimo</span> <span class='ocrx_word' id='word_1_305' title='bbox 3661 1111 3772 1165; x_wconf 79' lang='lat' dir='ltr'>seni-</span> 
     </span>
    </p>
   </div>
   <div class='ocr_carea' id='block_1_42' title="bbox 2261 1195 3773 1270">
    <p class='ocr_par' dir='ltr' id='par_1_42' title="bbox 2261 1195 3773 1270">
     <span class='ocr_line' id='line_1_42' title="bbox 2261 1195 3773 1270; baseline 0.002 -20"><span class='ocrx_word' id='word_1_306' title='bbox 2261 1197 2344 1251; x_wconf 88' lang='lat' dir='ltr'>vit</span> <span class='ocrx_word' id='word_1_307' title='bbox 2399 1197 2630 1251; x_wconf 89' lang='lat' dir='ltr'>Labano</span> <span class='ocrx_word' id='word_1_308' title='bbox 2661 1195 2814 1266; x_wconf 80' lang='lat' dir='ltr'>(Gen.</span> <span class='ocrx_word' id='word_1_309' title='bbox 2871 1197 3064 1267; x_wconf 85' lang='lat' dir='ltr'>xxxn).</span> <span class='ocrx_word' id='word_1_310' title='bbox 3122 1197 3234 1251; x_wconf 86' lang='lat' dir='ltr'>Nec</span> <span class='ocrx_word' id='word_1_311' title='bbox 3265 1202 3471 1252; x_wconf 88' lang='lat' dir='ltr'>moveat</span> <span class='ocrx_word' id='word_1_312' title='bbox 3499 1197 3618 1252; x_wconf 74' lang='lat'>768</span> <span class='ocrx_word' id='word_1_313' title='bbox 3647 1215 3773 1270; x_wconf 87' lang='lat' dir='ltr'>quem,</span> 
     </span>
    </p>
   </div>
   <div class='ocr_carea' id='block_1_43' title="bbox 2264 1283 3775 1356">
    <p class='ocr_par' dir='ltr' id='par_1_43' title="bbox 2264 1283 3775 1356">
     <span class='ocr_line' id='line_1_43' title="bbox 2264 1283 3775 1356; baseline 0.001 -18"><span class='ocrx_word' id='word_1_314' title='bbox 2264 1285 2440 1356; x_wconf 91' lang='lat' dir='ltr'>piam,</span> <span class='ocrx_word' id='word_1_315' title='bbox 2476 1285 2526 1338; x_wconf 91' lang='lat' dir='ltr'>si</span> <span class='ocrx_word' id='word_1_316' title='bbox 2557 1283 2823 1339; x_wconf 90' lang='lat' dir='ltr'>dicamus</span> <span class='ocrx_word' id='word_1_317' title='bbox 2855 1283 3082 1354; x_wconf 89' lang='lat' dir='ltr'>aliquos</span> <span class='ocrx_word' id='word_1_318' title='bbox 3113 1291 3246 1340; x_wconf 90' lang='lat' dir='ltr'>ante</span> <span class='ocrx_word' id='word_1_319' title='bbox 3274 1285 3435 1339; x_wconf 88' lang='lat' dir='ltr'>ﬁdem</span> <span class='ocrx_word' id='word_1_320' title='bbox 3459 1285 3632 1340; x_wconf 87' lang='lat' dir='ltr'>Christi</span> <span class='ocrx_word' id='word_1_321' title='bbox 3655 1294 3694 1340; x_wconf 88' lang='lat' dir='ltr'>et</span> <span class='ocrx_word' id='word_1_322' title='bbox 3713 1303 3775 1341; x_wconf 80' lang='lat' dir='ltr'>ex-</span> 
     </span>
    </p>
   </div>
   <div class='ocr_carea' id='block_1_44' title="bbox 2261 1372 3775 1446">
    <p class='ocr_par' dir='ltr' id='par_1_44' title="bbox 2261 1372 3775 1446">
     <span class='ocr_line' id='line_1_44' title="bbox 2261 1372 3775 1446; baseline 0.001 -18"><span class='ocrx_word' id='word_1_323' title='bbox 2261 1373 2646 1428; x_wconf 91' lang='lat' dir='ltr'>structionem</span> <span class='ocrx_word' id='word_1_324' title='bbox 2679 1372 2880 1445; x_wconf 89' lang='lat' dir='ltr'>templi</span> <span class='ocrx_word' id='word_1_325' title='bbox 2911 1374 3059 1444; x_wconf 87' lang='lat' dir='ltr'>ejus,</span> <span class='ocrx_word' id='word_1_326' title='bbox 3091 1373 3337 1429; x_wconf 89' lang='lat' dir='ltr'>mediam</span> <span class='ocrx_word' id='word_1_327' title='bbox 3357 1379 3551 1446; x_wconf 87' lang='lat' dir='ltr'>partem</span> <span class='ocrx_word' id='word_1_328' title='bbox 3571 1392 3618 1428; x_wconf 90' lang='lat' dir='ltr'>se</span> <span class='ocrx_word' id='word_1_329' title='bbox 3634 1374 3775 1430; x_wconf 84' lang='lat' dir='ltr'>laboris</span> 
     </span>
    </p>
   </div>
   <div class='ocr_carea' id='block_1_45' title="bbox 2261 1459 3777 1534">
    <p class='ocr_par' dir='ltr' id='par_1_45' title="bbox 2261 1459 3777 1534">
     <span class='ocr_line' id='line_1_45' title="bbox 2261 1459 3777 1534; baseline 0.001 -18"><span class='ocrx_word' id='word_1_330' title='bbox 2261 1459 2351 1516; x_wconf 91' lang='lat' dir='ltr'>sui</span> <span class='ocrx_word' id='word_1_331' title='bbox 2367 1477 2537 1532; x_wconf 81' lang='lat' dir='ltr'>posse</span> <span class='ocrx_word' id='word_1_332' title='bbox 2554 1461 3012 1532; x_wconf 86' lang='lat' dir='ltr'>percipere,cum</span> <span class='ocrx_word' id='word_1_333' title='bbox 3033 1463 3186 1534; x_wconf 89' lang='lat' dir='ltr'>apud</span> <span class='ocrx_word' id='word_1_334' title='bbox 3203 1461 3507 1517; x_wconf 90' lang='lat' dir='ltr'>incredulos</span> <span class='ocrx_word' id='word_1_335' title='bbox 3522 1462 3777 1518; x_wconf 82' lang='lat' dir='ltr'>nullusiruc-</span> 
     </span>
    </p>
   </div>
   <div class='ocr_carea' id='block_1_46' title="bbox 2260 1549 3781 1622">
    <p class='ocr_par' dir='ltr' id='par_1_46' title="bbox 2260 1549 3781 1622">
     <span class='ocr_line' id='line_1_46' title="bbox 2260 1549 3781 1622; baseline 0.001 -19"><span class='ocrx_word' id='word_1_336' title='bbox 2260 1553 2357 1604; x_wconf 91' lang='lat' dir='ltr'>tus</span> <span class='ocrx_word' id='word_1_337' title='bbox 2386 1549 2461 1603; x_wconf 84' lang='lat' dir='ltr'>sit</span> <span class='ocrx_word' id='word_1_338' title='bbox 2485 1550 2771 1604; x_wconf 87' lang='lat' dir='ltr'>bonorum</span> <span class='ocrx_word' id='word_1_339' title='bbox 2803 1567 3068 1622; x_wconf 91' lang='lat' dir='ltr'>operum.</span> <span class='ocrx_word' id='word_1_340' title='bbox 3105 1551 3229 1608; x_wconf 87' lang='lat' dir='ltr'>Non</span> <span class='ocrx_word' id='word_1_341' title='bbox 3267 1551 3411 1606; x_wconf 89' lang='lat' dir='ltr'>enim</span> <span class='ocrx_word' id='word_1_342' title='bbox 3433 1551 3604 1622; x_wconf 89' lang='lat' dir='ltr'>viginti</span> <span class='ocrx_word' id='word_1_343' title='bbox 3629 1551 3781 1622; x_wconf 85' lang='lat' dir='ltr'>reponit</span> 
     </span>
    </p>
   </div>
   <div class='ocr_carea' id='block_1_47' title="bbox 2259 1637 3782 1711">
    <p class='ocr_par' dir='ltr' id='par_1_47' title="bbox 2259 1637 3782 1711">
     <span class='ocr_line' id='line_1_47' title="bbox 2259 1637 3782 1711; baseline 0.001 -19"><span class='ocrx_word' id='word_1_344' title='bbox 2259 1641 2317 1692; x_wconf 89' lang='lat' dir='ltr'>et</span> <span class='ocrx_word' id='word_1_345' title='bbox 2347 1637 2568 1692; x_wconf 90' lang='lat' dir='ltr'>invenit</span> <span class='ocrx_word' id='word_1_346' title='bbox 2600 1638 2805 1710; x_wconf 87' lang='lat' dir='ltr'>viginti</span> <span class='ocrx_word' id='word_1_347' title='bbox 2834 1657 2847 1706; x_wconf 92' lang='lat'><strong>;</strong></span> <span class='ocrx_word' id='word_1_348' title='bbox 2883 1639 2980 1694; x_wconf 90' lang='lat' dir='ltr'>sed</span> <span class='ocrx_word' id='word_1_349' title='bbox 3006 1655 3137 1694; x_wconf 90' lang='lat' dir='ltr'>cum</span> <span class='ocrx_word' id='word_1_350' title='bbox 3175 1639 3278 1710; x_wconf 82' lang='grc' dir='ltr'>[Αἰ.</span> <span class='ocrx_word' id='word_1_351' title='bbox 3310 1639 3377 1708; x_wconf 85' lang='lat' dir='ltr'>si]</span> <span class='ocrx_word' id='word_1_352' title='bbox 3405 1639 3583 1710; x_wconf 89' lang='lat' dir='ltr'>viginti</span> <span class='ocrx_word' id='word_1_353' title='bbox 3601 1655 3782 1711; x_wconf 85' lang='lat' dir='ltr'>reposue-</span> 
     </span>
    </p>
   </div>
   <div class='ocr_carea' id='block_1_48' title="bbox 2262 1725 3784 1799">
    <p class='ocr_par' dir='ltr' id='par_1_48' title="bbox 2262 1725 3784 1799">
     <span class='ocr_line' id='line_1_48' title="bbox 2262 1725 3784 1799; baseline 0.001 -19"><span class='ocrx_word' id='word_1_354' title='bbox 2262 1726 2354 1793; x_wconf 84' lang='lat' dir='ltr'>rit,</span> <span class='ocrx_word' id='word_1_355' title='bbox 2389 1725 2610 1782; x_wconf 87' lang='lat' dir='ltr'>invenit</span> <span class='ocrx_word' id='word_1_356' title='bbox 2640 1728 2862 1793; x_wconf 88' lang='lat' dir='ltr'>decem,</span> <span class='ocrx_word' id='word_1_357' title='bbox 2897 1728 2954 1783; x_wconf 90' lang='lat' dir='ltr'>id</span> <span class='ocrx_word' id='word_1_358' title='bbox 3009 1734 3117 1794; x_wconf 90' lang='lat' dir='ltr'>est,</span> <span class='ocrx_word' id='word_1_359' title='bbox 3151 1728 3396 1783; x_wconf 87' lang='lat' dir='ltr'>mediam</span> <span class='ocrx_word' id='word_1_360' title='bbox 3423 1732 3617 1799; x_wconf 87' lang='lat' dir='ltr'>partem</span> <span class='ocrx_word' id='word_1_361' title='bbox 3643 1728 3784 1782; x_wconf 82' lang='lat' dir='ltr'>laboris</span> 
     </span>
    </p>
   </div>
   <div class='ocr_carea' id='block_1_49' title="bbox 2261 1814 3782 1888">
    <p class='ocr_par' dir='ltr' id='par_1_49' title="bbox 2261 1814 3782 1888">
     <span class='ocr_line' id='line_1_49' title="bbox 2261 1814 3782 1888; baseline -0.001 -18"><span class='ocrx_word' id='word_1_362' title='bbox 2261 1815 2374 1871; x_wconf 91' lang='lat' dir='ltr'>sui.</span> <span class='ocrx_word' id='word_1_363' title='bbox 2407 1816 2618 1886; x_wconf 62' lang='lat' dir='ltr'>Judaei,</span> <span class='ocrx_word' id='word_1_364' title='bbox 2651 1822 2708 1870; x_wconf 93' lang='lat' dir='ltr'>et</span> <span class='ocrx_word' id='word_1_365' title='bbox 2739 1817 2976 1883; x_wconf 90' lang='lat' dir='ltr'>ethnici,</span> <span class='ocrx_word' id='word_1_366' title='bbox 3011 1822 3067 1872; x_wconf 92' lang='lat' dir='ltr'>et</span> <span class='ocrx_word' id='word_1_367' title='bbox 3095 1816 3420 1888; x_wconf 83' lang='lat' dir='ltr'>PbiIOSOphi</span> <span class='ocrx_word' id='word_1_368' title='bbox 3451 1817 3600 1887; x_wconf 87' lang='lat' dir='ltr'>hujus</span> <span class='ocrx_word' id='word_1_369' title='bbox 3641 1814 3782 1880; x_wconf 74' lang='lat' dir='ltr'>seculi,</span> 
     </span>
    </p>
   </div>
   <div class='ocr_carea' id='block_1_50' title="bbox 2261 1905 3786 1976">
    <p class='ocr_par' dir='ltr' id='par_1_50' title="bbox 2261 1905 3786 1976">
     <span class='ocr_line' id='line_1_50' title="bbox 2261 1905 3786 1976; baseline -0.001 -18"><span class='ocrx_word' id='word_1_370' title='bbox 2261 1905 2572 1976; x_wconf 64' lang='lat' dir='ltr'>caeterique</span> <span class='ocrx_word' id='word_1_371' title='bbox 2602 1905 2701 1976; x_wconf 91' lang='lat' dir='ltr'>qui</span> <span class='ocrx_word' id='word_1_372' title='bbox 2736 1905 3088 1976; x_wconf 89' lang='lat' dir='ltr'>sapientiam</span> <span class='ocrx_word' id='word_1_373' title='bbox 3110 1907 3350 1976; x_wconf 90' lang='lat' dir='ltr'>jactant,</span> <span class='ocrx_word' id='word_1_374' title='bbox 3381 1906 3434 1960; x_wconf 92' lang='lat' dir='ltr'>in</span> <span class='ocrx_word' id='word_1_375' title='bbox 3465 1905 3680 1976; x_wconf 68' lang='lat' dir='ltr'>praesenti</span> <span class='ocrx_word' id='word_1_376' title='bbox 3707 1909 3786 1958; x_wconf 82' lang='lat' dir='ltr'>tan-</span> 
     </span>
    </p>
   </div>
   <div class='ocr_carea' id='block_1_51' title="bbox 2260 1993 3783 2065">
    <p class='ocr_par' dir='ltr' id='par_1_51' title="bbox 2260 1993 3783 2065">
     <span class='ocr_line' id='line_1_51' title="bbox 2260 1993 3783 2065; baseline -0.001 -19"><span class='ocrx_word' id='word_1_377' title='bbox 2260 1997 2386 2047; x_wconf 90' lang='lat' dir='ltr'>tum</span> <span class='ocrx_word' id='word_1_378' title='bbox 2417 1997 2678 2065; x_wconf 88' lang='lat' dir='ltr'>tempore</span> <span class='ocrx_word' id='word_1_379' title='bbox 2707 1995 3170 2050; x_wconf 89' lang='lat' dir='ltr'>conversationis</span> <span class='ocrx_word' id='word_1_380' title='bbox 3186 2012 3300 2050; x_wconf 63' lang='lat' dir='ltr'>sua</span> <span class='ocrx_word' id='word_1_381' title='bbox 3329 1999 3382 2049; x_wconf 89' lang='lat' dir='ltr'>et</span> <span class='ocrx_word' id='word_1_382' title='bbox 3407 1993 3595 2049; x_wconf 91' lang='lat' dir='ltr'>laboris</span> <span class='ocrx_word' id='word_1_383' title='bbox 3614 1993 3783 2046; x_wconf 84' lang='lat' dir='ltr'>fructum</span> 
     </span>
    </p>
   </div>
   <div class='ocr_carea' id='block_1_52' title="bbox 2259 2082 3784 2155">
    <p class='ocr_par' dir='ltr' id='par_1_52' title="bbox 2259 2082 3784 2155">
     <span class='ocr_line' id='line_1_52' title="bbox 2259 2082 3784 2155; baseline -0.002 -18"><span class='ocrx_word' id='word_1_384' title='bbox 2259 2086 2316 2137; x_wconf 90' lang='lat' dir='ltr'>et</span> <span class='ocrx_word' id='word_1_385' title='bbox 2344 2082 2589 2154; x_wconf 88' lang='lat' dir='ltr'>gloriam</span> <span class='ocrx_word' id='word_1_386' title='bbox 2627 2083 2886 2154; x_wconf 90' lang='lat' dir='ltr'>capiunt,</span> <span class='ocrx_word' id='word_1_387' title='bbox 2921 2083 3558 2155; x_wconf 88' lang='lat' dir='ltr'>omnisquespeseorum</span> <span class='ocrx_word' id='word_1_388' title='bbox 3578 2088 3622 2136; x_wconf 89' lang='lat' dir='ltr'>et</span> <span class='ocrx_word' id='word_1_389' title='bbox 3637 2097 3784 2135; x_wconf 81' lang='lat' dir='ltr'>merces</span> 
     </span>
    </p>
   </div>
   <div class='ocr_carea' id='block_1_53' title="bbox 2261 2170 3781 2241">
    <p class='ocr_par' dir='ltr' id='par_1_53' title="bbox 2261 2170 3781 2241">
     <span class='ocr_line' id='line_1_53' title="bbox 2261 2170 3781 2241; baseline -0.001 -18"><span class='ocrx_word' id='word_1_390' title='bbox 2261 2171 2440 2225; x_wconf 81' lang='lat' dir='ltr'>futuri</span> <span class='ocrx_word' id='word_1_391' title='bbox 2472 2171 2665 2226; x_wconf 70' lang='lat' dir='ltr'>saeculi</span> <span class='ocrx_word' id='word_1_392' title='bbox 2698 2171 2942 2228; x_wconf 90' lang='lat' dir='ltr'>tollitur.</span> <span class='ocrx_word' id='word_1_393' title='bbox 2973 2177 3094 2227; x_wconf 87' lang='lat' dir='ltr'>Hoc</span> <span class='ocrx_word' id='word_1_394' title='bbox 3116 2179 3306 2228; x_wconf 92' lang='lat' dir='ltr'>autem</span> <span class='ocrx_word' id='word_1_395' title='bbox 3330 2173 3450 2227; x_wconf 90' lang='lat' dir='ltr'>ideo</span> <span class='ocrx_word' id='word_1_396' title='bbox 3470 2172 3526 2225; x_wconf 83' lang='lat' dir='ltr'>ﬁt</span> <span class='ocrx_word' id='word_1_397' title='bbox 3551 2187 3607 2225; x_wconf 89' lang='lat' dir='ltr'>ne</span> <span class='ocrx_word' id='word_1_398' title='bbox 3625 2170 3781 2241; x_wconf 81' lang='lat' dir='ltr'>penitus</span> 
     </span>
    </p>
   </div>
   <div class='ocr_carea' id='block_1_54' title="bbox 2259 2257 3782 2332">
    <p class='ocr_par' dir='ltr' id='par_1_54' title="bbox 2259 2257 3782 2332">
     <span class='ocr_line' id='line_1_54' title="bbox 2259 2257 3782 2332; baseline -0.003 -18"><span class='ocrx_word' id='word_1_399' title='bbox 2259 2260 2633 2331; x_wconf 87' lang='lat' dir='ltr'>desperantes</span> <span class='ocrx_word' id='word_1_400' title='bbox 2651 2267 3027 2316; x_wconf 88' lang='lat' dir='ltr'>contemnant</span> <span class='ocrx_word' id='word_1_401' title='bbox 3040 2261 3451 2332; x_wconf 67' lang='lat' dir='ltr'>paenitentiam;</span> <span class='ocrx_word' id='word_1_402' title='bbox 3463 2260 3550 2315; x_wconf 91' lang='lat' dir='ltr'>sed</span> <span class='ocrx_word' id='word_1_403' title='bbox 3563 2257 3782 2330; x_wconf 86' lang='lat' dir='ltr'>aliquando</span> 
     </span>
    </p>
   </div>
   <div class='ocr_carea' id='block_1_55' title="bbox 2258 2345 3783 2423">
    <p class='ocr_par' dir='ltr' id='par_1_55' title="bbox 2258 2345 3783 2423">
     <span class='ocr_line' id='line_1_55' title="bbox 2258 2345 3783 2423; baseline -0.003 -21"><span class='ocrx_word' id='word_1_404' title='bbox 2258 2350 2519 2404; x_wconf 85' lang='lat' dir='ltr'>conversi</span> <span class='ocrx_word' id='word_1_405' title='bbox 2555 2354 2775 2420; x_wconf 89' lang='lat' dir='ltr'>ponant</span> <span class='ocrx_word' id='word_1_406' title='bbox 2822 2349 3076 2420; x_wconf 89' lang='lat' dir='ltr'>lapidem</span> <span class='ocrx_word' id='word_1_407' title='bbox 3109 2368 3290 2423; x_wconf 90' lang='lat' dir='ltr'>super</span> <span class='ocrx_word' id='word_1_408' title='bbox 3333 2349 3579 2422; x_wconf 89' lang='lat' dir='ltr'>lapidem,</span> <span class='ocrx_word' id='word_1_409' title='bbox 3606 2353 3651 2402; x_wconf 91' lang='lat' dir='ltr'>et</span> <span class='ocrx_word' id='word_1_410' title='bbox 3672 2345 3783 2399; x_wconf 71' lang='lat' dir='ltr'>adiﬁ-</span> 
     </span>
    </p>
   </div>
   <div class='ocr_carea' id='block_1_56' title="bbox 2258 2437 3782 2509">
    <p class='ocr_par' dir='ltr' id='par_1_56' title="bbox 2258 2437 3782 2509">
     <span class='ocr_line' id='line_1_56' title="bbox 2258 2437 3782 2509; baseline -0.003 -19"><span class='ocrx_word' id='word_1_411' title='bbox 2258 2441 2389 2492; x_wconf 88' lang='lat' dir='ltr'>cent</span> <span class='ocrx_word' id='word_1_412' title='bbox 2410 2440 2694 2509; x_wconf 87' lang='lat' dir='ltr'>templum</span> <span class='ocrx_word' id='word_1_413' title='bbox 2721 2437 2836 2493; x_wconf 87' lang='lat' dir='ltr'>Dei.</span> <span class='ocrx_word' id='word_1_414' title='bbox 2861 2440 3022 2503; x_wconf 89' lang='lat' dir='ltr'>Quod</span> <span class='ocrx_word' id='word_1_415' title='bbox 3055 2439 3184 2495; x_wconf 91' lang='lat' dir='ltr'>siin</span> <span class='ocrx_word' id='word_1_416' title='bbox 3217 2437 3782 2508; x_wconf 79' lang='lat' dir='ltr'>incredulitateperman-</span> 
     </span>
    </p>
   </div>
   <div class='ocr_carea' id='block_1_57' title="bbox 2257 2524 3782 2600">
    <p class='ocr_par' dir='ltr' id='par_1_57' title="bbox 2257 2524 3782 2600">
     <span class='ocr_line' id='line_1_57' title="bbox 2257 2524 3782 2600; baseline -0.003 -20"><span class='ocrx_word' id='word_1_417' title='bbox 2257 2524 2460 2594; x_wconf 87' lang='lat' dir='ltr'>serint,</span> <span class='ocrx_word' id='word_1_418' title='bbox 2496 2527 2554 2580; x_wconf 94' lang='lat' dir='ltr'>id</span> <span class='ocrx_word' id='word_1_419' title='bbox 2589 2527 2782 2598; x_wconf 88' lang='lat' dir='ltr'>ipsum</span> <span class='ocrx_word' id='word_1_420' title='bbox 2814 2529 3073 2583; x_wconf 88' lang='lat' dir='ltr'>medium</span> <span class='ocrx_word' id='word_1_421' title='bbox 3107 2529 3261 2600; x_wconf 90' lang='lat' dir='ltr'>quod</span> <span class='ocrx_word' id='word_1_422' title='bbox 3289 2529 3598 2583; x_wconf 82' lang='lat' dir='ltr'>videbantur</span> <span class='ocrx_word' id='word_1_423' title='bbox 3626 2524 3782 2582; x_wconf 78' lang='lat' dir='ltr'>habere.</span> 
     </span>
    </p>
   </div>
   <div class='ocr_carea' id='block_1_58' title="bbox 2257 2615 3779 2688">
    <p class='ocr_par' dir='ltr' id='par_1_58' title="bbox 2257 2615 3779 2688">
     <span class='ocr_line' id='line_1_58' title="bbox 2257 2615 3779 2688; baseline 0.004 -18"><span class='ocrx_word' id='word_1_424' title='bbox 2257 2615 2517 2685; x_wconf 89' lang='lat' dir='ltr'>perdent.</span> <span class='ocrx_word' id='word_1_425' title='bbox 2553 2616 2829 2688; x_wconf 81' lang='lat' dir='ltr'>Sequitur</span> <span class='ocrx_word' id='word_1_426' title='bbox 2858 2617 3015 2671; x_wconf 90' lang='lat' dir='ltr'>enim</span> <span class='ocrx_word' id='word_1_427' title='bbox 3042 2635 3052 2671; x_wconf 95' lang='lat'>:</span> <span class='ocrx_word' id='word_1_428' title='bbox 3096 2619 3349 2672; x_wconf 79' lang='lat' dir='ltr'>Percussi</span> <span class='ocrx_word' id='word_1_429' title='bbox 3375 2633 3456 2672; x_wconf 86' lang='lat' dir='ltr'>vos</span> <span class='ocrx_word' id='word_1_430' title='bbox 3482 2618 3617 2672; x_wconf 84' lang='lat' dir='ltr'>vento</span> <span class='ocrx_word' id='word_1_431' title='bbox 3639 2619 3779 2676; x_wconf 64' lang='lat' dir='ltr'>arcuit,</span> 
     </span>
    </p>
   </div>
   <div class='ocr_carea' id='block_1_59' title="bbox 2254 2704 3784 2777">
    <p class='ocr_par' dir='ltr' id='par_1_59' title="bbox 2254 2704 3784 2777">
     <span class='ocr_line' id='line_1_59' title="bbox 2254 2704 3784 2777; baseline -0.003 -19"><span class='ocrx_word' id='word_1_432' title='bbox 2254 2707 2304 2758; x_wconf 89' lang='lat' dir='ltr'>et</span> <span class='ocrx_word' id='word_1_433' title='bbox 2334 2705 2611 2773; x_wconf 87' lang='lat' dir='ltr'>aurigine,</span> <span class='ocrx_word' id='word_1_434' title='bbox 2643 2711 2695 2759; x_wconf 85' lang='lat' dir='ltr'>et</span> <span class='ocrx_word' id='word_1_435' title='bbox 2727 2705 2998 2773; x_wconf 84' lang='lat' dir='ltr'>grandine</span> <span class='ocrx_word' id='word_1_436' title='bbox 3019 2709 3209 2761; x_wconf 85' lang='lat' dir='ltr'>omnia</span> <span class='ocrx_word' id='word_1_437' title='bbox 3233 2722 3390 2777; x_wconf 84' lang='lat' dir='ltr'>opera</span> <span class='ocrx_word' id='word_1_438' title='bbox 3411 2721 3636 2759; x_wconf 85' lang='lat' dir='ltr'>manuum</span> <span class='ocrx_word' id='word_1_439' title='bbox 3652 2704 3784 2756; x_wconf 69' lang='lat' dir='ltr'>vestiv-</span> 
     </span>
    </p>
   </div>
   <div class='ocr_carea' id='block_1_60' title="bbox 2254 2793 3784 2868">
    <p class='ocr_par' dir='ltr' id='par_1_60' title="bbox 2254 2793 3784 2868">
     <span class='ocr_line' id='line_1_60' title="bbox 2254 2793 3784 2868; baseline -0.004 -21"><span class='ocrx_word' id='word_1_440' title='bbox 2254 2809 2399 2848; x_wconf 82' lang='lat' dir='ltr'>rum.</span> <span class='ocrx_word' id='word_1_441' title='bbox 2435 2794 2728 2865; x_wconf 86' lang='lat' dir='ltr'>Quidquid</span> <span class='ocrx_word' id='word_1_442' title='bbox 2753 2798 2946 2850; x_wconf 90' lang='lat' dir='ltr'>autem</span> <span class='ocrx_word' id='word_1_443' title='bbox 2981 2795 3248 2868; x_wconf 90' lang='lat' dir='ltr'>aurigine</span> <span class='ocrx_word' id='word_1_444' title='bbox 3268 2801 3323 2850; x_wconf 91' lang='lat' dir='ltr'>et</span> <span class='ocrx_word' id='word_1_445' title='bbox 3350 2793 3603 2867; x_wconf 84' lang='lat' dir='ltr'>grandine</span> <span class='ocrx_word' id='word_1_446' title='bbox 3618 2795 3661 2847; x_wconf 88' lang='lat' dir='ltr'>et</span> <span class='ocrx_word' id='word_1_447' title='bbox 3677 2794 3784 2844; x_wconf 84' lang='lat' dir='ltr'>vento</span> 
     </span>
    </p>
   </div>
   <div class='ocr_carea' id='block_1_61' title="bbox 2255 2877 3785 2956">
    <p class='ocr_par' dir='ltr' id='par_1_61' title="bbox 2255 2877 3785 2956">
     <span class='ocr_line' id='line_1_61' title="bbox 2255 2877 3785 2956; baseline -0.005 -20"><span class='ocrx_word' id='word_1_448' title='bbox 2255 2885 2458 2937; x_wconf 87' lang='lat' dir='ltr'>urente</span> <span class='ocrx_word' id='word_1_449' title='bbox 2491 2884 2833 2953; x_wconf 88' lang='lat' dir='ltr'>percutitur,</span> <span class='ocrx_word' id='word_1_450' title='bbox 2855 2884 2910 2938; x_wconf 93' lang='lat' dir='ltr'>in</span> <span class='ocrx_word' id='word_1_451' title='bbox 2928 2884 3226 2956; x_wconf 86' lang='lat' dir='ltr'>pulverem</span> <span class='ocrx_word' id='word_1_452' title='bbox 3251 2884 3516 2956; x_wconf 86' lang='lat' dir='ltr'>redigitur</span> <span class='ocrx_word' id='word_1_453' title='bbox 3532 2887 3578 2937; x_wconf 92' lang='lat' dir='ltr'>et</span> <span class='ocrx_word' id='word_1_454' title='bbox 3594 2877 3785 2941; x_wconf 80' lang='lat' dir='ltr'>favillam,</span> 
     </span>
    </p>
   </div>
   <div class='ocr_carea' id='block_1_62' title="bbox 2254 2962 3788 3044">
    <p class='ocr_par' dir='ltr' id='par_1_62' title="bbox 2254 2962 3788 3044">
     <span class='ocr_line' id='line_1_62' title="bbox 2254 2962 3788 3044; baseline -0.004 -20"><span class='ocrx_word' id='word_1_455' title='bbox 2254 2969 2518 3042; x_wconf 84' lang='lat' dir='ltr'>nihilque</span> <span class='ocrx_word' id='word_1_456' title='bbox 2550 2971 2607 3026; x_wconf 93' lang='lat' dir='ltr'>in</span> <span class='ocrx_word' id='word_1_457' title='bbox 2638 2989 2703 3027; x_wconf 91' lang='lat' dir='ltr'>eo</span> <span class='ocrx_word' id='word_1_458' title='bbox 2737 2974 2890 3044; x_wconf 89' lang='lat' dir='ltr'>quod</span> <span class='ocrx_word' id='word_1_459' title='bbox 2911 2973 2983 3028; x_wconf 92' lang='lat' dir='ltr'>ad</span> <span class='ocrx_word' id='word_1_460' title='bbox 3019 2973 3326 3028; x_wconf 82' lang='lat' dir='ltr'>utilitatem</span> <span class='ocrx_word' id='word_1_461' title='bbox 3354 2977 3408 3028; x_wconf 92' lang='lat' dir='ltr'>et</span> <span class='ocrx_word' id='word_1_462' title='bbox 3434 2973 3499 3027; x_wconf 92' lang='lat' dir='ltr'>ad</span> <span class='ocrx_word' id='word_1_463' title='bbox 3521 2985 3656 3026; x_wconf 88' lang='lat' dir='ltr'>esum</span> <span class='ocrx_word' id='word_1_464' title='bbox 3677 2962 3788 3038; x_wconf 81' lang='lat' dir='ltr'>perti-</span> 
     </span>
    </p>
   </div>
   <div class='ocr_carea' id='block_1_63' title="bbox 2254 3056 3777 3134">
    <p class='ocr_par' dir='ltr' id='par_1_63' title="bbox 2254 3056 3777 3134">
     <span class='ocr_line' id='line_1_63' title="bbox 2254 3056 3777 3134; baseline -0.004 -21"><span class='ocrx_word' id='word_1_465' title='bbox 2254 3065 2407 3124; x_wconf 89' lang='lat' dir='ltr'>neat,</span> <span class='ocrx_word' id='word_1_466' title='bbox 2442 3060 2753 3115; x_wconf 89' lang='lat' dir='ltr'>invenitur.</span> <span class='ocrx_word' id='word_1_467' title='bbox 2773 3061 2905 3124; x_wconf 75' lang='lat' dir='ltr'>Quzc</span> <span class='ocrx_word' id='word_1_468' title='bbox 2930 3063 3168 3134; x_wconf 83' lang='lat' dir='ltr'>quidem</span> <span class='ocrx_word' id='word_1_469' title='bbox 3193 3068 3400 3118; x_wconf 89' lang='lat' dir='ltr'>cuncta</span> <span class='ocrx_word' id='word_1_470' title='bbox 3419 3061 3540 3116; x_wconf 83' lang='lat' dir='ltr'>fecit</span> <span class='ocrx_word' id='word_1_471' title='bbox 3559 3056 3777 3121; x_wconf 85' lang='lat' dir='ltr'>Dominus,</span> 
     </span>
    </p>
   </div>
   <div class='ocr_carea' id='block_1_64' title="bbox 502 3136 3782 3223">
    <p class='ocr_par' dir='ltr' id='par_1_64' title="bbox 502 3136 3782 3223">
     <span class='ocr_line' id='line_1_64' title="bbox 502 3136 3782 3223; baseline -0.005 -13"><span class='ocrx_word' id='word_1_472' title='bbox 502 3170 658 3211; x_wconf 90' lang='lat' dir='ltr'>nunc</span> <span class='ocrx_word' id='word_1_473' title='bbox 686 3151 1001 3208; x_wconf 89' lang='lat' dir='ltr'>volvuntur</span> <span class='ocrx_word' id='word_1_474' title='bbox 1031 3166 1208 3222; x_wconf 90' lang='lat' dir='ltr'>super</span> <span class='ocrx_word' id='word_1_475' title='bbox 1237 3154 1474 3218; x_wconf 89' lang='lat' dir='ltr'>terram,</span> <span class='ocrx_word' id='word_1_476' title='bbox 1507 3153 1563 3204; x_wconf 89' lang='lat' dir='ltr'>et</span> <span class='ocrx_word' id='word_1_477' title='bbox 1582 3151 1753 3220; x_wconf 83' lang='lat' dir='ltr'>juxta</span> <span class='ocrx_word' id='word_1_478' title='bbox 1782 3148 2141 3204; x_wconf 83' lang='lat' dir='ltr'>naturas.la-</span> <span class='ocrx_word' id='word_1_479' title='bbox 2169 3136 2213 3202; x_wconf 87' lang='lat' dir='ltr'>C</span> <span class='ocrx_word' id='word_1_480' title='bbox 2253 3148 2390 3219; x_wconf 89' lang='lat' dir='ltr'>quia</span> <span class='ocrx_word' id='word_1_481' title='bbox 2408 3166 2522 3204; x_wconf 91' lang='lat' dir='ltr'>non</span> <span class='ocrx_word' id='word_1_482' title='bbox 2543 3155 2631 3204; x_wconf 90' lang='lat' dir='ltr'>est</span> <span class='ocrx_word' id='word_1_483' title='bbox 2648 3150 2919 3205; x_wconf 89' lang='lat' dir='ltr'>inventus</span> <span class='ocrx_word' id='word_1_484' title='bbox 2943 3151 2999 3205; x_wconf 91' lang='lat' dir='ltr'>in</span> <span class='ocrx_word' id='word_1_485' title='bbox 3017 3151 3102 3206; x_wconf 92' lang='lat' dir='ltr'>eis</span> <span class='ocrx_word' id='word_1_486' title='bbox 3124 3152 3227 3223; x_wconf 91' lang='lat' dir='ltr'>qui</span> <span class='ocrx_word' id='word_1_487' title='bbox 3244 3154 3596 3206; x_wconf 88' lang='lat' dir='ltr'>reverteretur</span> <span class='ocrx_word' id='word_1_488' title='bbox 3612 3146 3663 3199; x_wconf 88' lang='lat' dir='ltr'>ad</span> <span class='ocrx_word' id='word_1_489' title='bbox 3683 3157 3782 3198; x_wconf 87' lang='lat' dir='ltr'>eum.</span> 
     </span>
    </p>
   </div>
   <div class='ocr_carea' id='block_1_65' title="bbox 498 3237 2138 3316">
    <p class='ocr_par' dir='ltr' id='par_1_65' title="bbox 498 3237 2138 3316">
     <span class='ocr_line' id='line_1_65' title="bbox 498 3237 2138 3316; baseline -0.004 -17"><span class='ocrx_word' id='word_1_490' title='bbox 498 3244 726 3316; x_wconf 92' lang='lat' dir='ltr'>pidum,</span> <span class='ocrx_word' id='word_1_491' title='bbox 758 3239 846 3296; x_wconf 88' lang='lat' dir='ltr'>vel</span> <span class='ocrx_word' id='word_1_492' title='bbox 902 3239 1070 3312; x_wconf 90' lang='lat' dir='ltr'>igniti</span> <span class='ocrx_word' id='word_1_493' title='bbox 1120 3240 1234 3294; x_wconf 87' lang='lat' dir='ltr'>ﬁde</span> <span class='ocrx_word' id='word_1_494' title='bbox 1265 3243 1426 3304; x_wconf 93' lang='lat' dir='ltr'>sunt,</span> <span class='ocrx_word' id='word_1_495' title='bbox 1477 3242 1540 3292; x_wconf 92' lang='lat' dir='ltr'>ut</span> <span class='ocrx_word' id='word_1_496' title='bbox 1569 3238 2003 3305; x_wconf 87' lang='lat' dir='ltr'>carbunculus;</span> <span class='ocrx_word' id='word_1_497' title='bbox 2051 3237 2138 3293; x_wconf 90' lang='lat' dir='ltr'>vel</span> 
     </span>
    </p>
   </div>
   <div class='ocr_carea' id='block_1_66' title="bbox 496 3327 2138 3399">
    <p class='ocr_par' dir='ltr' id='par_1_66' title="bbox 496 3327 2138 3399">
     <span class='ocr_line' id='line_1_66' title="bbox 496 3327 2138 3399; baseline -0.005 -11"><span class='ocrx_word' id='word_1_498' title='bbox 496 3332 601 3388; x_wconf 88' lang='lat' dir='ltr'>toti</span> <span class='ocrx_word' id='word_1_499' title='bbox 631 3329 916 3394; x_wconf 69' lang='lat' dir='ltr'>caelestes,</span> <span class='ocrx_word' id='word_1_500' title='bbox 949 3333 1006 3384; x_wconf 91' lang='lat' dir='ltr'>et</span> <span class='ocrx_word' id='word_1_501' title='bbox 1032 3328 1094 3383; x_wconf 91' lang='lat' dir='ltr'>in</span> <span class='ocrx_word' id='word_1_502' title='bbox 1119 3327 1398 3383; x_wconf 90' lang='lat' dir='ltr'>thronum</span> <span class='ocrx_word' id='word_1_503' title='bbox 1422 3327 1520 3382; x_wconf 91' lang='lat' dir='ltr'>Dei</span> <span class='ocrx_word' id='word_1_504' title='bbox 1549 3328 1786 3394; x_wconf 90' lang='lat' dir='ltr'>redacti,</span> <span class='ocrx_word' id='word_1_505' title='bbox 1810 3331 1872 3382; x_wconf 92' lang='lat' dir='ltr'>ut</span> <span class='ocrx_word' id='word_1_506' title='bbox 1902 3327 2138 3399; x_wconf 91' lang='lat' dir='ltr'>sapphi-</span> 
     </span>
    </p>
   </div>
   <div class='ocr_carea' id='block_1_67' title="bbox 495 3415 2138 3489">
    <p class='ocr_par' dir='ltr' id='par_1_67' title="bbox 495 3415 2138 3489">
     <span class='ocr_line' id='line_1_67' title="bbox 495 3415 2138 3489; baseline -0.004 -13"><span class='ocrx_word' id='word_1_507' title='bbox 495 3438 598 3476; x_wconf 92' lang='lat' dir='ltr'>rus</span> <span class='ocrx_word' id='word_1_508' title='bbox 625 3439 638 3489; x_wconf 91' lang='lat'><strong>;</strong></span> <span class='ocrx_word' id='word_1_509' title='bbox 663 3418 749 3475; x_wconf 92' lang='lat' dir='ltr'>vel</span> <span class='ocrx_word' id='word_1_510' title='bbox 769 3417 1101 3474; x_wconf 90' lang='lat' dir='ltr'>innocentia</span> <span class='ocrx_word' id='word_1_511' title='bbox 1121 3422 1178 3472; x_wconf 91' lang='lat' dir='ltr'>et</span> <span class='ocrx_word' id='word_1_512' title='bbox 1197 3417 1484 3472; x_wconf 93' lang='lat' dir='ltr'>bonorum</span> <span class='ocrx_word' id='word_1_513' title='bbox 1507 3434 1746 3488; x_wconf 83' lang='lat' dir='ltr'>operum</span> <span class='ocrx_word' id='word_1_514' title='bbox 1767 3415 2138 3488; x_wconf 85' lang='lat' dir='ltr'>simplicitate</span> 
     </span>
    </p>
   </div>
   <div class='ocr_carea' id='block_1_68' title="bbox 493 3503 2139 3580">
    <p class='ocr_par' dir='ltr' id='par_1_68' title="bbox 493 3503 2139 3580">
     <span class='ocr_line' id='line_1_68' title="bbox 493 3503 2139 3580; baseline -0.005 -14"><span class='ocrx_word' id='word_1_515' title='bbox 493 3510 778 3580; x_wconf 84' lang='lat' dir='ltr'>lucentes,</span> <span class='ocrx_word' id='word_1_516' title='bbox 812 3513 878 3563; x_wconf 91' lang='lat' dir='ltr'>ut</span> <span class='ocrx_word' id='word_1_517' title='bbox 904 3505 1234 3579; x_wconf 81' lang='lat' dir='ltr'>crystallus.</span> <span class='ocrx_word' id='word_1_518' title='bbox 1259 3506 1488 3561; x_wconf 92' lang='lat' dir='ltr'>Dicitur</span> <span class='ocrx_word' id='word_1_519' title='bbox 1507 3522 1642 3578; x_wconf 91' lang='lat' dir='ltr'>ergo</span> <span class='ocrx_word' id='word_1_520' title='bbox 1667 3505 1836 3560; x_wconf 89' lang='lat' dir='ltr'>nobis</span> <span class='ocrx_word' id='word_1_521' title='bbox 1866 3508 1932 3560; x_wconf 89' lang='lat' dir='ltr'>ut</span> <span class='ocrx_word' id='word_1_522' title='bbox 1951 3503 2139 3559; x_wconf 90' lang='lat' dir='ltr'>consi-</span> 
     </span>
    </p>
   </div>
   <div class='ocr_carea' id='block_1_69' title="bbox 493 3593 2139 3669">
    <p class='ocr_par' dir='ltr' id='par_1_69' title="bbox 493 3593 2139 3669">
     <span class='ocr_line' id='line_1_69' title="bbox 493 3593 2139 3669; baseline -0.005 -13"><span class='ocrx_word' id='word_1_523' title='bbox 493 3600 769 3656; x_wconf 88' lang='lat' dir='ltr'>deremus</span> <span class='ocrx_word' id='word_1_524' title='bbox 800 3614 928 3669; x_wconf 76' lang='lat' dir='ltr'>quae</span> <span class='ocrx_word' id='word_1_525' title='bbox 959 3600 1111 3652; x_wconf 89' lang='lat' dir='ltr'>retro</span> <span class='ocrx_word' id='word_1_526' title='bbox 1134 3595 1291 3667; x_wconf 89' lang='lat' dir='ltr'>passi</span> <span class='ocrx_word' id='word_1_527' title='bbox 1310 3594 1597 3650; x_wconf 87' lang='lat' dir='ltr'>fuerimus</span> <span class='ocrx_word' id='word_1_528' title='bbox 1614 3599 1928 3666; x_wconf 85' lang='lat' dir='ltr'>antequam</span> <span class='ocrx_word' id='word_1_529' title='bbox 1962 3593 2018 3647; x_wconf 93' lang='lat' dir='ltr'>in</span> <span class='ocrx_word' id='word_1_530' title='bbox 2043 3609 2139 3648; x_wconf 86' lang='lat' dir='ltr'>no-</span> 
     </span>
    </p>
   </div>
   <div class='ocr_carea' id='block_1_70' title="bbox 492 3682 2135 3756">
    <p class='ocr_par' dir='ltr' id='par_1_70' title="bbox 492 3682 2135 3756">
     <span class='ocr_line' id='line_1_70' title="bbox 492 3682 2135 3756; baseline -0.004 -13"><span class='ocrx_word' id='word_1_531' title='bbox 492 3688 584 3744; x_wconf 90' lang='lat' dir='ltr'>bis</span> <span class='ocrx_word' id='word_1_532' title='bbox 614 3686 1038 3742; x_wconf 80' lang='lat' dir='ltr'>sediﬁcaremus</span> <span class='ocrx_word' id='word_1_533' title='bbox 1066 3683 1351 3756; x_wconf 91' lang='lat' dir='ltr'>templum</span> <span class='ocrx_word' id='word_1_534' title='bbox 1374 3683 1495 3739; x_wconf 88' lang='lat' dir='ltr'>Dei.</span> <span class='ocrx_word' id='word_1_535' title='bbox 1523 3682 1657 3738; x_wconf 85' lang='lat' dir='ltr'>Cum</span> <span class='ocrx_word' id='word_1_536' title='bbox 1677 3682 2018 3750; x_wconf 86' lang='lat' dir='ltr'>accederitis,</span> <span class='ocrx_word' id='word_1_537' title='bbox 2046 3685 2135 3736; x_wconf 89' lang='lat' dir='ltr'>in-</span> 
     </span>
    </p>
   </div>
   <div class='ocr_carea' id='block_1_71' title="bbox 491 3771 2135 3849">
    <p class='ocr_par' dir='ltr' id='par_1_71' title="bbox 491 3771 2135 3849">
     <span class='ocr_line' id='line_1_71' title="bbox 491 3771 2135 3849; baseline -0.005 -17"><span class='ocrx_word' id='word_1_538' title='bbox 491 3776 639 3849; x_wconf 92' lang='lat' dir='ltr'>quit,</span> <span class='ocrx_word' id='word_1_539' title='bbox 670 3774 742 3830; x_wconf 86' lang='lat' dir='ltr'>ad</span> <span class='ocrx_word' id='word_1_540' title='bbox 768 3790 1026 3830; x_wconf 84' lang='lat' dir='ltr'>acervum</span> <span class='ocrx_word' id='word_1_541' title='bbox 1049 3773 1250 3841; x_wconf 82' lang='lat' dir='ltr'>viginti</span> <span class='ocrx_word' id='word_1_542' title='bbox 1276 3772 1670 3838; x_wconf 83' lang='lat' dir='ltr'>modiorum,et</span> <span class='ocrx_word' id='word_1_543' title='bbox 1693 3772 1888 3842; x_wconf 80' lang='lat' dir='ltr'>ﬁerent</span> <span class='ocrx_word' id='word_1_544' title='bbox 1906 3771 2087 3826; x_wconf 87' lang='lat' dir='ltr'>decem</span> <span class='ocrx_word' id='word_1_545' title='bbox 2116 3788 2135 3824; x_wconf 90' lang='lat'><strong><em>:</em></strong></span> 
     </span>
    </p>
   </div>
   <div class='ocr_carea' id='block_1_72' title="bbox 491 3861 2138 3936">
    <p class='ocr_par' dir='ltr' id='par_1_72' title="bbox 491 3861 2138 3936">
     <span class='ocr_line' id='line_1_72' title="bbox 491 3861 2138 3936; baseline -0.004 -15"><span class='ocrx_word' id='word_1_546' title='bbox 491 3865 612 3922; x_wconf 87' lang='lat' dir='ltr'>sive</span> <span class='ocrx_word' id='word_1_547' title='bbox 631 3865 802 3936; x_wconf 85' lang='lat' dir='ltr'>juxta</span> <span class='ocrx_word' id='word_1_548' title='bbox 832 3861 1004 3918; x_wconf 89' lang='lat' dir='ltr'>LXX:</span> <span class='ocrx_word' id='word_1_549' title='bbox 1059 3862 1196 3916; x_wconf 86' lang='lat' dir='ltr'>Cum</span> <span class='ocrx_word' id='word_1_550' title='bbox 1222 3861 1506 3915; x_wconf 87' lang='lat' dir='ltr'>mitteretis</span> <span class='ocrx_word' id='word_1_551' title='bbox 1537 3861 1595 3915; x_wconf 83' lang='lat' dir='ltr'>in</span> <span class='ocrx_word' id='word_1_552' title='bbox 1642 3861 1912 3931; x_wconf 75' lang='lat' dir='ltr'>cypselem</span> <span class='ocrx_word' id='word_1_553' title='bbox 1941 3861 2138 3930; x_wconf 82' lang='lat' dir='ltr'>viginti</span> 
     </span>
    </p>
   </div>
   <div class='ocr_carea' id='block_1_73' title="bbox 488 3947 2138 4018">
    <p class='ocr_par' dir='ltr' id='par_1_73' title="bbox 488 3947 2138 4018">
     <span class='ocr_line' id='line_1_73' title="bbox 488 3947 2138 4018; baseline -0.005 -8"><span class='ocrx_word' id='word_1_554' title='bbox 488 3953 696 4010; x_wconf 83' lang='lat' dir='ltr'>modios</span> <span class='ocrx_word' id='word_1_555' title='bbox 728 3951 934 4016; x_wconf 82' lang='lat' dir='ltr'>hordei,</span> <span class='ocrx_word' id='word_1_556' title='bbox 981 3953 1031 4005; x_wconf 86' lang='lat' dir='ltr'>et</span> <span class='ocrx_word' id='word_1_557' title='bbox 1060 3949 1253 4018; x_wconf 82' lang='lat' dir='ltr'>ﬁerent</span> <span class='ocrx_word' id='word_1_558' title='bbox 1307 3948 1488 4003; x_wconf 85' lang='lat' dir='ltr'>decem</span> <span class='ocrx_word' id='word_1_559' title='bbox 1515 3947 1686 4003; x_wconf 87' lang='lat' dir='ltr'>modii</span> <span class='ocrx_word' id='word_1_560' title='bbox 1716 3948 1932 4004; x_wconf 86' lang='lat' dir='ltr'>hordei.</span> <span class='ocrx_word' id='word_1_561' title='bbox 1963 3948 2138 4014; x_wconf 89' lang='lat' dir='ltr'>Quid-</span> 
     </span>
    </p>
   </div>
   <div class='ocr_carea' id='block_1_74' title="bbox 491 4029 2134 4115">
    <p class='ocr_par' dir='ltr' id='par_1_74' title="bbox 491 4029 2134 4115">
     <span class='ocr_line' id='line_1_74' title="bbox 491 4029 2134 4115; baseline -0.004 -18"><span class='ocrx_word' id='word_1_562' title='bbox 491 4043 633 4115; x_wconf 91' lang='lat' dir='ltr'>quid</span> <span class='ocrx_word' id='word_1_563' title='bbox 663 4040 818 4096; x_wconf 89' lang='lat' dir='ltr'>enim</span> <span class='ocrx_word' id='word_1_564' title='bbox 849 4043 986 4094; x_wconf 86' lang='lat' dir='ltr'>ante</span> <span class='ocrx_word' id='word_1_565' title='bbox 1010 4037 1305 4092; x_wconf 85' lang='lat' dir='ltr'>Christum</span> <span class='ocrx_word' id='word_1_566' title='bbox 1336 4036 1678 4092; x_wconf 88' lang='lat' dir='ltr'>videbamur</span> <span class='ocrx_word' id='word_1_567' title='bbox 1704 4037 1918 4092; x_wconf 86' lang='lat' dir='ltr'>habere</span> <span class='ocrx_word' id='word_1_568' title='bbox 1949 4029 2134 4092; x_wconf 86' lang='lat' dir='ltr'>virtu-</span> 
     </span>
    </p>
   </div>
   <div class='ocr_carea' id='block_1_75' title="bbox 488 4118 2134 4199">
    <p class='ocr_par' dir='ltr' id='par_1_75' title="bbox 488 4118 2134 4199">
     <span class='ocr_line' id='line_1_75' title="bbox 488 4118 2134 4199; baseline -0.002 -14"><span class='ocrx_word' id='word_1_569' title='bbox 488 4135 615 4186; x_wconf 93' lang='lat' dir='ltr'>tum</span> <span class='ocrx_word' id='word_1_570' title='bbox 647 4130 1055 4199; x_wconf 90' lang='lat' dir='ltr'>bonorumque</span> <span class='ocrx_word' id='word_1_571' title='bbox 1112 4118 1378 4198; x_wconf 82' lang='lat' dir='ltr'>operum,</span> <span class='ocrx_word' id='word_1_572' title='bbox 1410 4143 1525 4181; x_wconf 92' lang='lat' dir='ltr'>non</span> <span class='ocrx_word' id='word_1_573' title='bbox 1579 4131 1703 4181; x_wconf 89' lang='lat' dir='ltr'>erat</span> <span class='ocrx_word' id='word_1_574' title='bbox 1753 4128 2134 4193; x_wconf 84' lang='lat' dir='ltr'>frumentum,</span> 
     </span>
    </p>
   </div>
   <div class='ocr_carea' id='block_1_76' title="bbox 496 4213 2135 4286">
    <p class='ocr_par' dir='ltr' id='par_1_76' title="bbox 496 4213 2135 4286">
     <span class='ocr_line' id='line_1_76' title="bbox 496 4213 2135 4286; baseline -0.002 -13"><span class='ocrx_word' id='word_1_575' title='bbox 496 4218 597 4273; x_wconf 89' lang='lat' dir='ltr'>sed</span> <span class='ocrx_word' id='word_1_576' title='bbox 631 4216 957 4272; x_wconf 86' lang='lat' dir='ltr'>hordeum:</span> <span class='ocrx_word' id='word_1_577' title='bbox 989 4219 1047 4271; x_wconf 89' lang='lat' dir='ltr'>et</span> <span class='ocrx_word' id='word_1_578' title='bbox 1077 4214 1273 4286; x_wconf 90' lang='lat' dir='ltr'>ipsum</span> <span class='ocrx_word' id='word_1_579' title='bbox 1323 4213 1630 4280; x_wconf 90' lang='lat' dir='ltr'>hordeum,</span> <span class='ocrx_word' id='word_1_580' title='bbox 1664 4233 1776 4270; x_wconf 91' lang='lat' dir='ltr'>non</span> <span class='ocrx_word' id='word_1_581' title='bbox 1811 4216 2135 4272; x_wconf 89' lang='lat' dir='ltr'>secundum</span> 
     </span>
    </p>
   </div>
   <div class='ocr_carea' id='block_1_77' title="bbox 488 4303 2135 4379">
    <p class='ocr_par' dir='ltr' id='par_1_77' title="bbox 488 4303 2135 4379">
     <span class='ocr_line' id='line_1_77' title="bbox 488 4303 2135 4379; baseline -0.003 -16"><span class='ocrx_word' id='word_1_582' title='bbox 488 4317 656 4379; x_wconf 89' lang='lat' dir='ltr'>spem</span> <span class='ocrx_word' id='word_1_583' title='bbox 687 4309 745 4362; x_wconf 92' lang='lat' dir='ltr'>et</span> <span class='ocrx_word' id='word_1_584' title='bbox 770 4308 904 4361; x_wconf 87' lang='lat' dir='ltr'>vota</span> <span class='ocrx_word' id='word_1_585' title='bbox 933 4307 1152 4370; x_wconf 90' lang='lat' dir='ltr'>nostra,</span> <span class='ocrx_word' id='word_1_586' title='bbox 1173 4303 1329 4374; x_wconf 91' lang='lat' dir='ltr'>quod</span> <span class='ocrx_word' id='word_1_587' title='bbox 1353 4303 1426 4358; x_wconf 93' lang='lat' dir='ltr'>de</span> <span class='ocrx_word' id='word_1_588' title='bbox 1456 4304 1617 4360; x_wconf 89' lang='lat' dir='ltr'>Isaac</span> <span class='ocrx_word' id='word_1_589' title='bbox 1642 4303 1914 4376; x_wconf 86' lang='lat' dir='ltr'>legimus,</span> <span class='ocrx_word' id='word_1_590' title='bbox 1937 4309 2135 4359; x_wconf 91' lang='lat' dir='ltr'>cente-</span> 
     </span>
    </p>
   </div>
   <div class='ocr_carea' id='block_1_78' title="bbox 491 4393 2130 4467">
    <p class='ocr_par' dir='ltr' id='par_1_78' title="bbox 491 4393 2130 4467">
     <span class='ocr_line' id='line_1_78' title="bbox 491 4393 2130 4467; baseline -0.002 -16"><span class='ocrx_word' id='word_1_591' title='bbox 491 4411 598 4452; x_wconf 87' lang='lat' dir='ltr'>nas</span> <span class='ocrx_word' id='word_1_592' title='bbox 630 4394 830 4467; x_wconf 81' lang='lat' dir='ltr'>fruges</span> <span class='ocrx_word' id='word_1_593' title='bbox 857 4393 1034 4449; x_wconf 91' lang='lat' dir='ltr'>dabat</span> <span class='ocrx_word' id='word_1_594' title='bbox 1065 4394 1216 4464; x_wconf 86' lang='lat' dir='ltr'>(Gen.</span> <span class='ocrx_word' id='word_1_595' title='bbox 1247 4397 1424 4462; x_wconf 72' lang='lat' dir='ltr'>xxvx),</span> <span class='ocrx_word' id='word_1_596' title='bbox 1457 4393 1559 4448; x_wconf 90' lang='lat' dir='ltr'>sed</span> <span class='ocrx_word' id='word_1_597' title='bbox 1591 4393 1680 4448; x_wconf 87' lang='lat' dir='ltr'>vix</span> <span class='ocrx_word' id='word_1_598' title='bbox 1714 4393 1966 4448; x_wconf 90' lang='lat' dir='ltr'>mediam</span> <span class='ocrx_word' id='word_1_599' title='bbox 2001 4409 2130 4464; x_wconf 87' lang='lat' dir='ltr'>par-</span> 
     </span>
    </p>
   </div>
   <div class='ocr_carea' id='block_1_79' title="bbox 2251 3231 3782 3306">
    <p class='ocr_par' dir='ltr' id='par_1_79' title="bbox 2251 3231 3782 3306">
     <span class='ocr_line' id='line_1_79' title="bbox 2251 3231 3782 3306; baseline -0.001 -16"><span class='ocrx_word' id='word_1_600' title='bbox 2251 3237 2410 3303; x_wconf 83' lang='lat' dir='ltr'>Quod</span> <span class='ocrx_word' id='word_1_601' title='bbox 2445 3237 2493 3292; x_wconf 91' lang='lat' dir='ltr'>si</span> <span class='ocrx_word' id='word_1_602' title='bbox 2545 3239 2756 3294; x_wconf 89' lang='lat' dir='ltr'>reversi</span> <span class='ocrx_word' id='word_1_603' title='bbox 2807 3239 3042 3306; x_wconf 81' lang='lat' dir='ltr'>fuerint,</span> <span class='ocrx_word' id='word_1_604' title='bbox 3077 3246 3136 3294; x_wconf 90' lang='lat' dir='ltr'>et</span> <span class='ocrx_word' id='word_1_605' title='bbox 3167 3239 3563 3295; x_wconf 68' lang='lat' dir='ltr'>aediﬁcaverint</span> <span class='ocrx_word' id='word_1_606' title='bbox 3586 3231 3782 3304; x_wconf 85' lang='lat' dir='ltr'>templum</span> 
     </span>
    </p>
   </div>
   <div class='ocr_carea' id='block_1_80' title="bbox 2255 3322 3785 3401">
    <p class='ocr_par' dir='ltr' id='par_1_80' title="bbox 2255 3322 3785 3401">
     <span class='ocr_line' id='line_1_80' title="bbox 2255 3322 3785 3401; baseline -0.007 -21"><span class='ocrx_word' id='word_1_607' title='bbox 2255 3325 2501 3392; x_wconf 89' lang='lat' dir='ltr'>Domini,</span> <span class='ocrx_word' id='word_1_608' title='bbox 2535 3343 2569 3380; x_wconf 91' lang='lat' dir='ltr'>a</span> <span class='ocrx_word' id='word_1_609' title='bbox 2617 3328 2710 3382; x_wconf 83' lang='lat' dir='ltr'>die</span> <span class='ocrx_word' id='word_1_610' title='bbox 2740 3345 2856 3399; x_wconf 85' lang='lat' dir='ltr'>qua</span> <span class='ocrx_word' id='word_1_611' title='bbox 2914 3327 3203 3384; x_wconf 72' lang='lat' dir='ltr'>aediﬁcare</span> <span class='ocrx_word' id='word_1_612' title='bbox 3261 3329 3532 3401; x_wconf 73' lang='lat' dir='ltr'>casperint,</span> <span class='ocrx_word' id='word_1_613' title='bbox 3577 3322 3785 3379; x_wconf 82' lang='lat' dir='ltr'>habebunt</span> 
     </span>
    </p>
   </div>
   <div class='ocr_carea' id='block_1_81' title="bbox 2249 3415 3259 3487">
    <p class='ocr_par' dir='ltr' id='par_1_81' title="bbox 2249 3415 3259 3487">
     <span class='ocr_line' id='line_1_81' title="bbox 2249 3415 3259 3487; baseline 0.005 -19"><span class='ocrx_word' id='word_1_614' title='bbox 2249 3431 2374 3485; x_wconf 70' lang='lat' dir='ltr'>qua:</span> <span class='ocrx_word' id='word_1_615' title='bbox 2412 3415 2725 3487; x_wconf 81' lang='lat' dir='ltr'>pr0phetiae</span> <span class='ocrx_word' id='word_1_616' title='bbox 2757 3432 2948 3472; x_wconf 87' lang='lat' dir='ltr'>sermo</span> <span class='ocrx_word' id='word_1_617' title='bbox 2980 3417 3259 3473; x_wconf 87' lang='lat' dir='ltr'>subtexit.</span> 
     </span>
    </p>
   </div>
   <div class='ocr_carea' id='block_1_82' title="bbox 2318 3497 3785 3574">
    <p class='ocr_par' dir='ltr' id='par_1_82' title="bbox 2318 3497 3785 3574">
     <span class='ocr_line' id='line_1_82' title="bbox 2318 3497 3785 3574; baseline -0.006 -18"><span class='ocrx_word' id='word_1_618' title='bbox 2318 3503 2503 3573; x_wconf 89' lang='lat' dir='ltr'>(Vers.</span> <span class='ocrx_word' id='word_1_619' title='bbox 2533 3505 2617 3568; x_wconf 85' lang='grc'>19,</span> <span class='ocrx_word' id='word_1_620' title='bbox 2643 3506 2758 3574; x_wconf 81' lang='lat'>20.)</span> <span class='ocrx_word' id='word_1_621' title='bbox 2790 3508 2984 3561; x_wconf 84' lang='lat' dir='ltr'>Ponite</span> <span class='ocrx_word' id='word_1_622' title='bbox 3002 3507 3167 3562; x_wconf 88' lang='lat' dir='ltr'>corda</span> <span class='ocrx_word' id='word_1_623' title='bbox 3206 3511 3377 3563; x_wconf 86' lang='lat' dir='ltr'>vestra</span> <span class='ocrx_word' id='word_1_624' title='bbox 3404 3523 3467 3562; x_wconf 70' lang='lat' dir='ltr'>ex</span> <span class='ocrx_word' id='word_1_625' title='bbox 3493 3505 3570 3559; x_wconf 85' lang='lat' dir='ltr'>die</span> <span class='ocrx_word' id='word_1_626' title='bbox 3594 3504 3672 3556; x_wconf 83' lang='lat' dir='ltr'>ista</span> <span class='ocrx_word' id='word_1_627' title='bbox 3693 3503 3729 3553; x_wconf 80' lang='lat' dir='ltr'>el</span> <span class='ocrx_word' id='word_1_628' title='bbox 3748 3497 3785 3548; x_wconf 74' lang='lat' dir='ltr'>is</span> 
     </span>
    </p>
   </div>
   <div class='ocr_carea' id='block_1_83' title="bbox 2245 3584 3789 3668">
    <p class='ocr_par' dir='ltr' id='par_1_83' title="bbox 2245 3584 3789 3668">
     <span class='ocr_line' id='line_1_83' title="bbox 2245 3584 3789 3668; baseline 0.008 -22"><span class='ocrx_word' id='word_1_629' title='bbox 2245 3593 2516 3662; x_wconf 83' lang='lat' dir='ltr'>futurum,</span> <span class='ocrx_word' id='word_1_630' title='bbox 2549 3611 2583 3647; x_wconf 88' lang='lat' dir='ltr'>a</span> <span class='ocrx_word' id='word_1_631' title='bbox 2621 3593 2713 3648; x_wconf 86' lang='lat' dir='ltr'>die</span> <span class='ocrx_word' id='word_1_632' title='bbox 2742 3596 2998 3649; x_wconf 85' lang='lat' dir='ltr'>vicesima</span> <span class='ocrx_word' id='word_1_633' title='bbox 3026 3603 3077 3650; x_wconf 90' lang='lat' dir='ltr'>et</span> <span class='ocrx_word' id='word_1_634' title='bbox 3121 3600 3320 3668; x_wconf 87' lang='lat' dir='ltr'>quarta</span> <span class='ocrx_word' id='word_1_635' title='bbox 3349 3598 3473 3652; x_wconf 87' lang='lat' dir='ltr'>noni</span> <span class='ocrx_word' id='word_1_636' title='bbox 3497 3595 3674 3656; x_wconf 67' lang='lat' dir='ltr'>mensis,</span> <span class='ocrx_word' id='word_1_637' title='bbox 3697 3584 3789 3641; x_wconf 66' lang='grc' dir='ltr'>αδίθ</span> 
     </span>
    </p>
   </div>
   <div class='ocr_carea' id='block_1_84' title="bbox 2247 3679 3790 3757">
    <p class='ocr_par' dir='ltr' id='par_1_84' title="bbox 2247 3679 3790 3757">
     <span class='ocr_line' id='line_1_84' title="bbox 2247 3679 3790 3757; baseline -0.006 -22"><span class='ocrx_word' id='word_1_638' title='bbox 2247 3698 2355 3752; x_wconf 87' lang='lat' dir='ltr'>qua</span> <span class='ocrx_word' id='word_1_639' title='bbox 2389 3680 2753 3752; x_wconf 76' lang='lat' dir='ltr'>fundamenta</span> <span class='ocrx_word' id='word_1_640' title='bbox 2773 3684 2923 3753; x_wconf 87' lang='lat' dir='ltr'>jacta</span> <span class='ocrx_word' id='word_1_641' title='bbox 2945 3693 3074 3740; x_wconf 85' lang='lat' dir='ltr'>sunt</span> <span class='ocrx_word' id='word_1_642' title='bbox 3107 3687 3300 3757; x_wconf 86' lang='lat' dir='ltr'>templi</span> <span class='ocrx_word' id='word_1_643' title='bbox 3325 3685 3546 3750; x_wconf 84' lang='lat' dir='ltr'>Domini,</span> <span class='ocrx_word' id='word_1_644' title='bbox 3574 3679 3790 3751; x_wconf 79' lang='lat' dir='ltr'>ponitesu-</span> 
     </span>
    </p>
   </div>
   <div class='ocr_carea' id='block_1_85' title="bbox 2242 3767 3788 3844">
    <p class='ocr_par' dir='ltr' id='par_1_85' title="bbox 2242 3767 3788 3844">
     <span class='ocr_line' id='line_1_85' title="bbox 2242 3767 3788 3844; baseline 0 -21"><span class='ocrx_word' id='word_1_645' title='bbox 2242 3786 2342 3840; x_wconf 84' lang='lat' dir='ltr'>per</span> <span class='ocrx_word' id='word_1_646' title='bbox 2369 3786 2462 3824; x_wconf 88' lang='lat' dir='ltr'>cor</span> <span class='ocrx_word' id='word_1_647' title='bbox 2490 3773 2747 3825; x_wconf 86' lang='lat' dir='ltr'>vestrum.</span> <span class='ocrx_word' id='word_1_648' title='bbox 2780 3772 3056 3842; x_wconf 85' lang='lat' dir='ltr'>Numquid</span> <span class='ocrx_word' id='word_1_649' title='bbox 3083 3774 3212 3844; x_wconf 86' lang='lat' dir='ltr'>jam</span> <span class='ocrx_word' id='word_1_650' title='bbox 3235 3790 3413 3829; x_wconf 84' lang='lat' dir='ltr'>semen</span> <span class='ocrx_word' id='word_1_651' title='bbox 3441 3767 3708 3842; x_wconf 72' lang='lat' dir='ltr'>ingemina</span> <span class='ocrx_word' id='word_1_652' title='bbox 3723 3767 3788 3823; x_wconf 73' lang='lat' dir='ltr'>at.</span> 
     </span>
    </p>
   </div>
   <div class='ocr_carea' id='block_1_86' title="bbox 2243 3857 3788 3933">
    <p class='ocr_par' dir='ltr' id='par_1_86' title="bbox 2243 3857 3788 3933">
     <span class='ocr_line' id='line_1_86' title="bbox 2243 3857 3788 3933; baseline 0.001 -20"><span class='ocrx_word' id='word_1_653' title='bbox 2243 3861 2294 3913; x_wconf 87' lang='lat' dir='ltr'>et</span> <span class='ocrx_word' id='word_1_654' title='bbox 2326 3858 2504 3914; x_wconf 78' lang='lat' dir='ltr'>adhuc</span> <span class='ocrx_word' id='word_1_655' title='bbox 2547 3858 2680 3928; x_wconf 76' lang='lat' dir='ltr'>ﬁcus</span> <span class='ocrx_word' id='word_1_656' title='bbox 2703 3864 2752 3915; x_wconf 87' lang='lat' dir='ltr'>et</span> <span class='ocrx_word' id='word_1_657' title='bbox 2806 3862 2965 3916; x_wconf 85' lang='lat' dir='ltr'>vinea</span> <span class='ocrx_word' id='word_1_658' title='bbox 2994 3865 3047 3916; x_wconf 71' lang='lat' dir='ltr'>ct</span> <span class='ocrx_word' id='word_1_659' title='bbox 3098 3863 3540 3933; x_wconf 83' lang='lat' dir='ltr'>malogranalum,</span> <span class='ocrx_word' id='word_1_660' title='bbox 3564 3867 3607 3912; x_wconf 88' lang='lat' dir='ltr'>et</span> <span class='ocrx_word' id='word_1_661' title='bbox 3645 3857 3788 3924; x_wconf 67' lang='lat' dir='ltr'>lignum</span> 
     </span>
    </p>
   </div>
   <div class='ocr_carea' id='block_1_87' title="bbox 2245 3943 3789 4018">
    <p class='ocr_par' dir='ltr' id='par_1_87' title="bbox 2245 3943 3789 4018">
     <span class='ocr_line' id='line_1_87' title="bbox 2245 3943 3789 4018; baseline -0.006 -16"><span class='ocrx_word' id='word_1_662' title='bbox 2245 3948 2406 4004; x_wconf 67' lang='lat' dir='ltr'>olivae</span> <span class='ocrx_word' id='word_1_663' title='bbox 2435 3965 2546 4002; x_wconf 90' lang='lat' dir='ltr'>non</span> <span class='ocrx_word' id='word_1_664' title='bbox 2570 3950 2755 4018; x_wconf 80' lang='lat' dir='ltr'>ﬂoruit</span> <span class='ocrx_word' id='word_1_665' title='bbox 2775 3953 2799 4001; x_wconf 71' lang='grc' dir='ltr'><em>γ</em></span> <span class='ocrx_word' id='word_1_666' title='bbox 2859 3966 2929 4005; x_wconf 69' lang='lat' dir='ltr'>ea:</span> <span class='ocrx_word' id='word_1_667' title='bbox 2957 3951 3045 4006; x_wconf 84' lang='lat' dir='ltr'>die</span> <span class='ocrx_word' id='word_1_668' title='bbox 3076 3955 3188 4006; x_wconf 80' lang='lat' dir='ltr'>ista</span> <span class='ocrx_word' id='word_1_669' title='bbox 3221 3953 3540 4007; x_wconf 82' lang='lat' dir='ltr'>benedicam.</span> <span class='ocrx_word' id='word_1_670' title='bbox 3569 3943 3702 4002; x_wconf 62' lang='lat' dir='ltr'>LXX:</span> <span class='ocrx_word' id='word_1_671' title='bbox 3728 3944 3789 3994; x_wconf 85' lang='lat' dir='ltr'>Po-</span> 
     </span>
    </p>
   </div>
   <div class='ocr_carea' id='block_1_88' title="bbox 2244 4034 3788 4112">
    <p class='ocr_par' dir='ltr' id='par_1_88' title="bbox 2244 4034 3788 4112">
     <span class='ocr_line' id='line_1_88' title="bbox 2244 4034 3788 4112; baseline -0.004 -20"><span class='ocrx_word' id='word_1_672' title='bbox 2244 4039 2360 4092; x_wconf 84' lang='lat' dir='ltr'>nite</span> <span class='ocrx_word' id='word_1_673' title='bbox 2385 4037 2551 4092; x_wconf 87' lang='lat' dir='ltr'>corda</span> <span class='ocrx_word' id='word_1_674' title='bbox 2583 4042 2761 4092; x_wconf 88' lang='lat' dir='ltr'>vestra</span> <span class='ocrx_word' id='word_1_675' title='bbox 2789 4056 2822 4092; x_wconf 93' lang='lat' dir='ltr'>a</span> <span class='ocrx_word' id='word_1_676' title='bbox 2843 4037 2932 4093; x_wconf 86' lang='lat' dir='ltr'>die</span> <span class='ocrx_word' id='word_1_677' title='bbox 2952 4041 3058 4094; x_wconf 84' lang='lat' dir='ltr'>ista</span> <span class='ocrx_word' id='word_1_678' title='bbox 3087 4050 3142 4096; x_wconf 84' lang='lat' dir='ltr'>et</span> <span class='ocrx_word' id='word_1_679' title='bbox 3172 4043 3235 4096; x_wconf 87' lang='lat' dir='ltr'>in</span> <span class='ocrx_word' id='word_1_680' title='bbox 3253 4044 3522 4112; x_wconf 79' lang='lat' dir='ltr'>Iutarum:</span> <span class='ocrx_word' id='word_1_681' title='bbox 3545 4054 3572 4089; x_wconf 88' lang='lat' dir='ltr'>a</span> <span class='ocrx_word' id='word_1_682' title='bbox 3596 4039 3744 4104; x_wconf 76' lang='lat' dir='ltr'>quarta</span> <span class='ocrx_word' id='word_1_683' title='bbox 3756 4034 3788 4080; x_wconf 71' lang='grc' dir='ltr'>εί</span> 
     </span>
    </p>
   </div>
   <div class='ocr_carea' id='block_1_89' title="bbox 2247 4120 3789 4203">
    <p class='ocr_par' dir='ltr' id='par_1_89' title="bbox 2247 4120 3789 4203">
     <span class='ocr_line' id='line_1_89' title="bbox 2247 4120 3789 4203; baseline -0.004 -23"><span class='ocrx_word' id='word_1_684' title='bbox 2247 4128 2502 4182; x_wconf 85' lang='lat' dir='ltr'>vicesima</span> <span class='ocrx_word' id='word_1_685' title='bbox 2521 4129 2656 4182; x_wconf 89' lang='lat' dir='ltr'>noni</span> <span class='ocrx_word' id='word_1_686' title='bbox 2675 4130 2897 4194; x_wconf 83' lang='lat' dir='ltr'>mensis,</span> <span class='ocrx_word' id='word_1_687' title='bbox 2921 4137 2972 4183; x_wconf 85' lang='lat' dir='ltr'>et</span> <span class='ocrx_word' id='word_1_688' title='bbox 2991 4146 3023 4183; x_wconf 89' lang='lat' dir='ltr'>a</span> <span class='ocrx_word' id='word_1_689' title='bbox 3041 4129 3134 4184; x_wconf 87' lang='lat' dir='ltr'>die</span> <span class='ocrx_word' id='word_1_690' title='bbox 3149 4132 3210 4184; x_wconf 85' lang='lat' dir='ltr'>in</span> <span class='ocrx_word' id='word_1_691' title='bbox 3235 4147 3346 4202; x_wconf 88' lang='lat' dir='ltr'>qua</span> <span class='ocrx_word' id='word_1_692' title='bbox 3367 4120 3789 4203; x_wconf 51' lang='lat' dir='ltr'>fundamentajatlf</span> 
     </span>
    </p>
   </div>
   <div class='ocr_carea' id='block_1_90' title="bbox 2243 4200 3790 4288">
    <p class='ocr_par' dir='ltr' id='par_1_90' title="bbox 2243 4200 3790 4288">
     <span class='ocr_line' id='line_1_90' title="bbox 2243 4200 3790 4288; baseline -0.004 -19"><span class='ocrx_word' id='word_1_693' title='bbox 2243 4219 2370 4270; x_wconf 89' lang='lat' dir='ltr'>sunt</span> <span class='ocrx_word' id='word_1_694' title='bbox 2399 4215 2587 4286; x_wconf 82' lang='lat' dir='ltr'>templi</span> <span class='ocrx_word' id='word_1_695' title='bbox 2640 4216 2880 4282; x_wconf 82' lang='lat' dir='ltr'>Domini,</span> <span class='ocrx_word' id='word_1_696' title='bbox 2925 4219 3117 4288; x_wconf 87' lang='lat' dir='ltr'>ponite</span> <span class='ocrx_word' id='word_1_697' title='bbox 3147 4220 3206 4273; x_wconf 87' lang='lat' dir='ltr'>in</span> <span class='ocrx_word' id='word_1_698' title='bbox 3245 4200 3509 4275; x_wconf 58' lang='lat' dir='ltr'>cordibus</span> <span class='ocrx_word' id='word_1_699' title='bbox 3537 4211 3717 4268; x_wconf 58' lang='lat' dir='ltr'>vestri}:</span> <span class='ocrx_word' id='word_1_700' title='bbox 3751 4200 3790 4256; x_wconf 65' lang='lat' dir='ltr'>Si</span> 
     </span>
    </p>
   </div>
   <div class='ocr_carea' id='block_1_91' title="bbox 2247 4297 3792 4376">
    <p class='ocr_par' dir='ltr' id='par_1_91' title="bbox 2247 4297 3792 4376">
     <span class='ocr_line' id='line_1_91' title="bbox 2247 4297 3792 4376; baseline -0.005 -16"><span class='ocrx_word' id='word_1_701' title='bbox 2247 4307 2393 4360; x_wconf 89' lang='lat' dir='ltr'>ultra</span> <span class='ocrx_word' id='word_1_702' title='bbox 2421 4314 2769 4376; x_wconf 87' lang='lat' dir='ltr'>cognoscetur</span> <span class='ocrx_word' id='word_1_703' title='bbox 2786 4321 2948 4376; x_wconf 88' lang='lat' dir='ltr'>super</span> <span class='ocrx_word' id='word_1_704' title='bbox 2969 4313 3180 4362; x_wconf 83' lang='lat' dir='ltr'>terram</span> <span class='ocrx_word' id='word_1_705' title='bbox 3201 4325 3354 4375; x_wconf 90' lang='lat' dir='ltr'>area,</span> <span class='ocrx_word' id='word_1_706' title='bbox 3386 4311 3436 4362; x_wconf 89' lang='lat' dir='ltr'>et</span> <span class='ocrx_word' id='word_1_707' title='bbox 3453 4307 3498 4360; x_wconf 85' lang='lat' dir='ltr'>si</span> <span class='ocrx_word' id='word_1_708' title='bbox 3514 4301 3666 4359; x_wconf 82' lang='lat' dir='ltr'>adhuc</span> <span class='ocrx_word' id='word_1_709' title='bbox 3687 4297 3792 4350; x_wconf 69' lang='lat' dir='ltr'>vim</span> 
     </span>
    </p>
   </div>
   <div class='ocr_carea' id='block_1_92' title="bbox 2247 4389 3792 4468">
    <p class='ocr_par' dir='ltr' id='par_1_92' title="bbox 2247 4389 3792 4468">
     <span class='ocr_line' id='line_1_92' title="bbox 2247 4389 3792 4468; baseline 0.001 -18"><span class='ocrx_word' id='word_1_710' title='bbox 2247 4397 2297 4450; x_wconf 87' lang='lat' dir='ltr'>et</span> <span class='ocrx_word' id='word_1_711' title='bbox 2326 4395 2457 4465; x_wconf 87' lang='lat' dir='ltr'>ﬁcus</span> <span class='ocrx_word' id='word_1_712' title='bbox 2486 4400 2538 4450; x_wconf 87' lang='lat' dir='ltr'>et</span> <span class='ocrx_word' id='word_1_713' title='bbox 2559 4396 3021 4466; x_wconf 79' lang='lat' dir='ltr'>malogranatum,</span> <span class='ocrx_word' id='word_1_714' title='bbox 3051 4401 3102 4451; x_wconf 88' lang='lat' dir='ltr'>et</span> <span class='ocrx_word' id='word_1_715' title='bbox 3133 4399 3289 4468; x_wconf 83' lang='lat' dir='ltr'>ligna</span> <span class='ocrx_word' id='word_1_716' title='bbox 3318 4399 3468 4454; x_wconf 69' lang='lat' dir='ltr'>olivae</span> <span class='ocrx_word' id='word_1_717' title='bbox 3509 4406 3613 4464; x_wconf 49' lang='lat' dir='ltr'>qua</span> <span class='ocrx_word' id='word_1_718' title='bbox 3633 4402 3712 4441; x_wconf 75' lang='grc' dir='ltr'><em>ποπ</em></span> <span class='ocrx_word' id='word_1_719' title='bbox 3731 4389 3792 4452; x_wconf 74' lang='grc' dir='ltr'>Ῑθ·</span> 
     </span>
    </p>
   </div>
   <div class='ocr_carea' id='block_1_93' title="bbox 489 4469 3792 4570">
    <p class='ocr_par' dir='ltr' id='par_1_93' title="bbox 489 4469 3792 4570">
     <span class='ocr_line' id='line_1_93' title="bbox 489 4469 3792 4570; baseline -0.003 -29"><span class='ocrx_word' id='word_1_720' title='bbox 489 4476 608 4541; x_wconf 71' lang='lat' dir='ltr'>tom</span> <span class='ocrx_word' id='word_1_721' title='bbox 639 4483 858 4540; x_wconf 88' lang='lat' dir='ltr'>laboris</span> <span class='ocrx_word' id='word_1_722' title='bbox 889 4482 1074 4538; x_wconf 89' lang='lat' dir='ltr'>nostri</span> <span class='ocrx_word' id='word_1_723' title='bbox 1095 4499 1163 4538; x_wconf 84' lang='lat' dir='ltr'>ex</span> <span class='ocrx_word' id='word_1_724' title='bbox 1192 4499 1258 4538; x_wconf 89' lang='lat' dir='ltr'>eo</span> <span class='ocrx_word' id='word_1_725' title='bbox 1289 4481 1545 4537; x_wconf 90' lang='lat' dir='ltr'>invenire</span> <span class='ocrx_word' id='word_1_726' title='bbox 1570 4486 1926 4553; x_wconf 86' lang='lat' dir='ltr'>poteramus,</span> <span class='ocrx_word' id='word_1_727' title='bbox 1959 4487 2017 4536; x_wconf 92' lang='lat' dir='ltr'>et</span> <span class='ocrx_word' id='word_1_728' title='bbox 2044 4481 2133 4536; x_wconf 91' lang='lat' dir='ltr'>di-</span> <span class='ocrx_word' id='word_1_729' title='bbox 2163 4505 2212 4570; x_wconf 84' lang='lat' dir='ltr'><strong>D</strong></span> <span class='ocrx_word' id='word_1_730' title='bbox 2244 4493 2370 4539; x_wconf 82' lang='lat' dir='ltr'>rant</span> <span class='ocrx_word' id='word_1_731' title='bbox 2400 4484 2689 4555; x_wconf 81' lang='lat' dir='ltr'>fructum?</span> <span class='ocrx_word' id='word_1_732' title='bbox 2741 4503 2778 4540; x_wconf 85' lang='grc' dir='ltr'><em>α</em></span> <span class='ocrx_word' id='word_1_733' title='bbox 2805 4485 2894 4540; x_wconf 90' lang='lat' dir='ltr'>die</span> <span class='ocrx_word' id='word_1_734' title='bbox 2922 4485 3024 4541; x_wconf 82' lang='lat' dir='ltr'>hac</span> <span class='ocrx_word' id='word_1_735' title='bbox 3071 4487 3408 4543; x_wconf 86' lang='lat' dir='ltr'>benedicam.</span> <span class='ocrx_word' id='word_1_736' title='bbox 3460 4477 3676 4554; x_wconf 85' lang='lat' dir='ltr'>Exposui,</span> <span class='ocrx_word' id='word_1_737' title='bbox 3713 4469 3792 4570; x_wconf 43' lang='lat' dir='ltr'>fini.</span> 
     </span>
    </p>
   </div>
   <div class='ocr_carea' id='block_1_94' title="bbox 489 4571 2138 4641">
    <p class='ocr_par' dir='ltr' id='par_1_94' title="bbox 489 4571 2138 4641">
     <span class='ocr_line' id='line_1_94' title="bbox 489 4571 2138 4641; baseline -0.002 -12"><span class='ocrx_word' id='word_1_738' title='bbox 489 4573 732 4629; x_wconf 81' lang='lat' dir='ltr'>cabatur</span> <span class='ocrx_word' id='word_1_739' title='bbox 785 4572 858 4628; x_wconf 90' lang='lat' dir='ltr'>ad</span> <span class='ocrx_word' id='word_1_740' title='bbox 921 4587 1068 4627; x_wconf 90' lang='lat' dir='ltr'>nos:</span> <span class='ocrx_word' id='word_1_741' title='bbox 1132 4571 1297 4626; x_wconf 90' lang='lat' dir='ltr'>Tanta</span> <span class='ocrx_word' id='word_1_742' title='bbox 1361 4572 1509 4641; x_wconf 86' lang='lat' dir='ltr'>passi</span> <span class='ocrx_word' id='word_1_743' title='bbox 1578 4571 1704 4624; x_wconf 85' lang='lat' dir='ltr'>estis</span> <span class='ocrx_word' id='word_1_744' title='bbox 1773 4572 1891 4625; x_wconf 73' lang='lat' dir='ltr'>sint</span> <span class='ocrx_word' id='word_1_745' title='bbox 1971 4587 2138 4626; x_wconf 86' lang='lat' dir='ltr'>causa</span> 
     </span>
    </p>
   </div>
   <div class='ocr_carea' id='block_1_95' title="bbox 489 4659 2132 4735">
    <p class='ocr_par' dir='ltr' id='par_1_95' title="bbox 489 4659 2132 4735">
     <span class='ocr_line' id='line_1_95' title="bbox 489 4659 2132 4735; baseline -0.002 -18"><span class='ocrx_word' id='word_1_746' title='bbox 489 4661 688 4735; x_wconf 87' lang='lat' dir='ltr'>(Gatat.</span> <span class='ocrx_word' id='word_1_747' title='bbox 724 4677 806 4728; x_wconf 82' lang='grc' dir='ltr'>ιιι,</span> <span class='ocrx_word' id='word_1_748' title='bbox 841 4661 894 4732; x_wconf 80' lang='grc'>4)</span> <span class='ocrx_word' id='word_1_749' title='bbox 913 4660 941 4715; x_wconf 84' lang='lat'><strong>?</strong></span> <span class='ocrx_word' id='word_1_750' title='bbox 981 4660 1092 4715; x_wconf 92' lang='lat' dir='ltr'>Sed</span> <span class='ocrx_word' id='word_1_751' title='bbox 1121 4665 1180 4715; x_wconf 93' lang='lat' dir='ltr'>et</span> <span class='ocrx_word' id='word_1_752' title='bbox 1209 4676 1343 4715; x_wconf 91' lang='lat' dir='ltr'>cum</span> <span class='ocrx_word' id='word_1_753' title='bbox 1373 4659 1729 4714; x_wconf 90' lang='lat' dir='ltr'>intraremus</span> <span class='ocrx_word' id='word_1_754' title='bbox 1757 4659 1828 4714; x_wconf 89' lang='lat' dir='ltr'>ad</span> <span class='ocrx_word' id='word_1_755' title='bbox 1860 4659 2132 4728; x_wconf 89' lang='lat' dir='ltr'>torcular,</span> 
     </span>
    </p>
   </div>
   <div class='ocr_carea' id='block_1_96' title="bbox 487 4748 2133 4824">
    <p class='ocr_par' dir='ltr' id='par_1_96' title="bbox 487 4748 2133 4824">
     <span class='ocr_line' id='line_1_96' title="bbox 487 4748 2133 4824; baseline -0.002 -16"><span class='ocrx_word' id='word_1_756' title='bbox 487 4755 543 4808; x_wconf 88' lang='lat' dir='ltr'>et</span> <span class='ocrx_word' id='word_1_757' title='bbox 557 4748 1119 4824; x_wconf 74' lang='lat' dir='ltr'>&#39;quinquagintavini</span> <span class='ocrx_word' id='word_1_758' title='bbox 1132 4749 1445 4820; x_wconf 89' lang='lat' dir='ltr'>amphoras</span> <span class='ocrx_word' id='word_1_759' title='bbox 1458 4765 1523 4804; x_wconf 92' lang='lat' dir='ltr'><strong>su</strong></span> <span class='ocrx_word' id='word_1_760' title='bbox 1533 4754 1914 4820; x_wconf 89' lang='lat' dir='ltr'>pputaremus</span> <span class='ocrx_word' id='word_1_761' title='bbox 1935 4751 2133 4820; x_wconf 90' lang='lat' dir='ltr'>(quem</span> 
     </span>
    </p>
   </div>
   <div class='ocr_carea' id='block_1_97' title="bbox 488 4837 2133 4910">
    <p class='ocr_par' dir='ltr' id='par_1_97' title="bbox 488 4837 2133 4910">
     <span class='ocr_line' id='line_1_97' title="bbox 488 4837 2133 4910; baseline -0.002 -13"><span class='ocrx_word' id='word_1_762' title='bbox 488 4856 826 4908; x_wconf 89' lang='lat' dir='ltr'>numerum,</span> <span class='ocrx_word' id='word_1_763' title='bbox 859 4838 1164 4910; x_wconf 78' lang='lat' dir='ltr'>cempletis</span> <span class='ocrx_word' id='word_1_764' title='bbox 1193 4842 1415 4909; x_wconf 90' lang='lat' dir='ltr'>septem</span> <span class='ocrx_word' id='word_1_765' title='bbox 1473 4837 1963 4904; x_wconf 89' lang='lat' dir='ltr'>hebdomadibus,</span> <span class='ocrx_word' id='word_1_766' title='bbox 1997 4838 2133 4894; x_wconf 87' lang='lat' dir='ltr'>unio</span> 
     </span>
    </p>
   </div>
   <div class='ocr_carea' id='block_1_98' title="bbox 488 4922 2130 4998">
    <p class='ocr_par' dir='ltr' id='par_1_98' title="bbox 488 4922 2130 4998">
     <span class='ocr_line' id='line_1_98' title="bbox 488 4922 2130 4998; baseline -0.001 -14"><span class='ocrx_word' id='word_1_767' title='bbox 488 4927 808 4984; x_wconf 88' lang='lat' dir='ltr'>divinitatis</span> <span class='ocrx_word' id='word_1_768' title='bbox 821 4922 1113 4993; x_wconf 89' lang='lat' dir='ltr'>includit),</span> <span class='ocrx_word' id='word_1_769' title='bbox 1143 4930 1199 4981; x_wconf 90' lang='lat' dir='ltr'>et</span> <span class='ocrx_word' id='word_1_770' title='bbox 1213 4930 1550 4998; x_wconf 85' lang='lat' dir='ltr'>putaremus</span> <span class='ocrx_word' id='word_1_771' title='bbox 1565 4942 1671 4980; x_wconf 92' lang='lat' dir='ltr'>nos</span> <span class='ocrx_word' id='word_1_772' title='bbox 1684 4925 1896 4980; x_wconf 89' lang='lat' dir='ltr'>habere</span> <span class='ocrx_word' id='word_1_773' title='bbox 1908 4927 2130 4993; x_wconf 91' lang='lat' dir='ltr'>vinum,</span> 
     </span>
    </p>
   </div>
   <div class='ocr_carea' id='block_1_99' title="bbox 465 5012 2133 5090">
    <p class='ocr_par' dir='ltr' id='par_1_99' title="bbox 465 5012 2133 5090">
     <span class='ocr_line' id='line_1_99' title="bbox 465 5012 2133 5090; baseline -0.001 -16"><span class='ocrx_word' id='word_1_774' title='bbox 465 5017 645 5090; x_wconf 85' lang='lat' dir='ltr'>&#39;quod</span> <span class='ocrx_word' id='word_1_775' title='bbox 675 5015 933 5072; x_wconf 72' lang='lat' dir='ltr'>laetiﬁcat</span> <span class='ocrx_word' id='word_1_776' title='bbox 981 5031 1078 5070; x_wconf 91' lang='lat' dir='ltr'>cor</span> <span class='ocrx_word' id='word_1_777' title='bbox 1111 5014 1390 5081; x_wconf 90' lang='lat' dir='ltr'>hominis,</span> <span class='ocrx_word' id='word_1_778' title='bbox 1451 5012 1913 5070; x_wconf 87' lang='lat' dir='ltr'>subtrahebatur</span> <span class='ocrx_word' id='word_1_779' title='bbox 1965 5015 2133 5072; x_wconf 90' lang='lat' dir='ltr'>nobis</span> 
     </span>
    </p>
   </div>
   <div class='ocr_carea' id='block_1_100' title="bbox 493 5101 2134 5176">
    <p class='ocr_par' dir='ltr' id='par_1_100' title="bbox 493 5101 2134 5176">
     <span class='ocr_line' id='line_1_100' title="bbox 493 5101 2134 5176; baseline -0.002 -12"><span class='ocrx_word' id='word_1_780' title='bbox 493 5111 736 5164; x_wconf 87' lang='lat' dir='ltr'>sanctus</span> <span class='ocrx_word' id='word_1_781' title='bbox 766 5120 1049 5161; x_wconf 91' lang='lat' dir='ltr'>numerus</span> <span class='ocrx_word' id='word_1_782' title='bbox 1067 5101 1418 5159; x_wconf 86' lang='lat' dir='ltr'>tricenarius</span> <span class='ocrx_word' id='word_1_783' title='bbox 1437 5102 1519 5173; x_wconf 92' lang='lat' dir='ltr'>(in</span> <span class='ocrx_word' id='word_1_784' title='bbox 1543 5119 1658 5174; x_wconf 91' lang='lat' dir='ltr'>quo</span> <span class='ocrx_word' id='word_1_785' title='bbox 1680 5103 2011 5176; x_wconf 90' lang='lat' dir='ltr'>baptizatur</span> <span class='ocrx_word' id='word_1_786' title='bbox 2031 5111 2134 5161; x_wconf 91' lang='lat' dir='ltr'>Do-</span> 
     </span>
    </p>
   </div>
   <div class='ocr_carea' id='block_1_101' title="bbox 488 5191 2130 5266">
    <p class='ocr_par' dir='ltr' id='par_1_101' title="bbox 488 5191 2130 5266">
     <span class='ocr_line' id='line_1_101' title="bbox 488 5191 2130 5266; baseline 0 -15"><span class='ocrx_word' id='word_1_787' title='bbox 488 5196 709 5262; x_wconf 90' lang='lat' dir='ltr'>minus,</span> <span class='ocrx_word' id='word_1_788' title='bbox 763 5198 822 5250; x_wconf 92' lang='lat' dir='ltr'>et</span> <span class='ocrx_word' id='word_1_789' title='bbox 871 5191 1134 5249; x_wconf 87' lang='lat' dir='ltr'>Ezechiel</span> <span class='ocrx_word' id='word_1_790' title='bbox 1165 5191 1446 5248; x_wconf 91' lang='lat' dir='ltr'>visionem</span> <span class='ocrx_word' id='word_1_791' title='bbox 1477 5193 1663 5249; x_wconf 90' lang='lat' dir='ltr'>cernit</span> <span class='ocrx_word' id='word_1_792' title='bbox 1720 5193 1778 5248; x_wconf 92' lang='lat' dir='ltr'>in</span> <span class='ocrx_word' id='word_1_793' title='bbox 1818 5194 2130 5266; x_wconf 69' lang='lat' dir='ltr'>prophetiae</span> 
     </span>
    </p>
   </div>
   <div class='ocr_carea' id='block_1_102' title="bbox 495 5281 2131 5355">
    <p class='ocr_par' dir='ltr' id='par_1_102' title="bbox 495 5281 2131 5355">
     <span class='ocr_line' id='line_1_102' title="bbox 495 5281 2131 5355; baseline -0.002 -12"><span class='ocrx_word' id='word_1_794' title='bbox 495 5303 615 5343; x_wconf 68' lang='lat' dir='ltr'>suae</span> <span class='ocrx_word' id='word_1_795' title='bbox 645 5282 902 5354; x_wconf 88' lang='lat' dir='ltr'>exordio,</span> <span class='ocrx_word' id='word_1_796' title='bbox 929 5287 987 5338; x_wconf 93' lang='lat' dir='ltr'>et</span> <span class='ocrx_word' id='word_1_797' title='bbox 1007 5283 1180 5355; x_wconf 88' lang='lat' dir='ltr'>juxta</span> <span class='ocrx_word' id='word_1_798' title='bbox 1225 5281 1574 5338; x_wconf 89' lang='lat' dir='ltr'>Hebraicum</span> <span class='ocrx_word' id='word_1_799' title='bbox 1608 5283 1940 5339; x_wconf 88' lang='lat' dir='ltr'>sacerdotes</span> <span class='ocrx_word' id='word_1_800' title='bbox 1971 5301 2131 5340; x_wconf 88' lang='lat' dir='ltr'>accc-</span> 
     </span>
    </p>
   </div>
   <div class='ocr_carea' id='block_1_103' title="bbox 482 5369 2130 5444">
    <p class='ocr_par' dir='ltr' id='par_1_103' title="bbox 482 5369 2130 5444">
     <span class='ocr_line' id='line_1_103' title="bbox 482 5369 2130 5444; baseline -0.002 -11"><span class='ocrx_word' id='word_1_801' title='bbox 482 5375 705 5432; x_wconf 82' lang='lat' dir='ltr'>dobant</span> <span class='ocrx_word' id='word_1_802' title='bbox 733 5373 805 5428; x_wconf 90' lang='lat' dir='ltr'>ad</span> <span class='ocrx_word' id='word_1_803' title='bbox 835 5370 1228 5428; x_wconf 89' lang='lat' dir='ltr'>ministerium</span> <span class='ocrx_word' id='word_1_804' title='bbox 1259 5369 1401 5442; x_wconf 85' lang='lat' dir='ltr'>Dei),</span> <span class='ocrx_word' id='word_1_805' title='bbox 1434 5374 1493 5428; x_wconf 91' lang='lat' dir='ltr'>et</span> <span class='ocrx_word' id='word_1_806' title='bbox 1521 5369 2002 5444; x_wconf 89' lang='lat' dir='ltr'>relinquebantur</span> <span class='ocrx_word' id='word_1_807' title='bbox 2041 5374 2130 5429; x_wconf 89' lang='lat' dir='ltr'>vi-</span> 
     </span>
    </p>
   </div>
   <div class='ocr_carea' id='block_1_104' title="bbox 2244 4557 3794 4648">
    <p class='ocr_par' dir='ltr' id='par_1_104' title="bbox 2244 4557 3794 4648">
     <span class='ocr_line' id='line_1_104' title="bbox 2244 4557 3794 4648; baseline -0.012 -20"><span class='ocrx_word' id='word_1_808' title='bbox 2244 4574 2410 4628; x_wconf 89' lang='lat' dir='ltr'>vobis</span> <span class='ocrx_word' id='word_1_809' title='bbox 2439 4590 2566 4644; x_wconf 73' lang='lat' dir='ltr'>quae</span> <span class='ocrx_word' id='word_1_810' title='bbox 2589 4574 2991 4631; x_wconf 90' lang='lat' dir='ltr'>sustinueritis</span> <span class='ocrx_word' id='word_1_811' title='bbox 3017 4580 3342 4648; x_wconf 90' lang='lat' dir='ltr'>antequam</span> <span class='ocrx_word' id='word_1_812' title='bbox 3370 4566 3652 4646; x_wconf 87' lang='lat' dir='ltr'>inciperetis</span> <span class='ocrx_word' id='word_1_813' title='bbox 3665 4557 3794 4617; x_wconf 74' lang='lat' dir='ltr'>ediﬁ-</span> 
     </span>
    </p>
   </div>
   <div class='ocr_carea' id='block_1_105' title="bbox 2245 4653 3793 4738">
    <p class='ocr_par' dir='ltr' id='par_1_105' title="bbox 2245 4653 3793 4738">
     <span class='ocr_line' id='line_1_105' title="bbox 2245 4653 3793 4738; baseline -0.01 -20"><span class='ocrx_word' id='word_1_814' title='bbox 2245 4679 2374 4718; x_wconf 91' lang='lat' dir='ltr'>care</span> <span class='ocrx_word' id='word_1_815' title='bbox 2393 4662 2679 4734; x_wconf 87' lang='lat' dir='ltr'>templum</span> <span class='ocrx_word' id='word_1_816' title='bbox 2693 4679 2888 4719; x_wconf 90' lang='lat' dir='ltr'>meum</span> <span class='ocrx_word' id='word_1_817' title='bbox 2908 4681 2920 4719; x_wconf 89' lang='lat'>:</span> <span class='ocrx_word' id='word_1_818' title='bbox 2948 4681 3104 4720; x_wconf 93' lang='lat' dir='ltr'>nunc</span> <span class='ocrx_word' id='word_1_819' title='bbox 3125 4682 3413 4738; x_wconf 82' lang='lat' dir='ltr'>exponam</span> <span class='ocrx_word' id='word_1_820' title='bbox 3435 4679 3547 4735; x_wconf 67' lang='lat' dir='ltr'>qua</span> <span class='ocrx_word' id='word_1_821' title='bbox 3560 4653 3689 4713; x_wconf 83' lang='lat' dir='ltr'>vobis</span> <span class='ocrx_word' id='word_1_822' title='bbox 3702 4663 3793 4738; x_wconf 78' lang='lat' dir='ltr'>ven-</span> 
     </span>
    </p>
   </div>
   <div class='ocr_carea' id='block_1_106' title="bbox 2243 4735 3791 4831">
    <p class='ocr_par' dir='ltr' id='par_1_106' title="bbox 2243 4735 3791 4831">
     <span class='ocr_line' id='line_1_106' title="bbox 2243 4735 3791 4831; baseline -0.012 -24"><span class='ocrx_word' id='word_1_823' title='bbox 2243 4758 2375 4807; x_wconf 91' lang='lat' dir='ltr'>tura</span> <span class='ocrx_word' id='word_1_824' title='bbox 2430 4752 2551 4808; x_wconf 91' lang='lat' dir='ltr'>sint</span> <span class='ocrx_word' id='word_1_825' title='bbox 2588 4769 2883 4824; x_wconf 89' lang='lat' dir='ltr'>prospera,</span> <span class='ocrx_word' id='word_1_826' title='bbox 2929 4754 3066 4824; x_wconf 90' lang='lat' dir='ltr'>quia</span> <span class='ocrx_word' id='word_1_827' title='bbox 3124 4735 3412 4826; x_wconf 80' lang='lat' dir='ltr'>templum</span> <span class='ocrx_word' id='word_1_828' title='bbox 3469 4763 3631 4806; x_wconf 87' lang='lat' dir='ltr'>meum</span> <span class='ocrx_word' id='word_1_829' title='bbox 3667 4735 3791 4831; x_wconf 48' lang='lat' dir='ltr'>editi:</span> 
     </span>
    </p>
   </div>
   <div class='ocr_carea' id='block_1_107' title="bbox 2243 4838 3790 4914">
    <p class='ocr_par' dir='ltr' id='par_1_107' title="bbox 2243 4838 3790 4914">
     <span class='ocr_line' id='line_1_107' title="bbox 2243 4838 3790 4914; baseline -0.008 -18"><span class='ocrx_word' id='word_1_830' title='bbox 2243 4857 2374 4896; x_wconf 90' lang='lat' dir='ltr'>care</span> <span class='ocrx_word' id='word_1_831' title='bbox 2403 4841 2670 4914; x_wconf 72' lang='lat' dir='ltr'>caapistis.</span> <span class='ocrx_word' id='word_1_832' title='bbox 2702 4847 2750 4895; x_wconf 84' lang='lat' dir='ltr'><strong>A</strong></span> <span class='ocrx_word' id='word_1_833' title='bbox 2811 4842 2903 4896; x_wconf 91' lang='lat' dir='ltr'>die</span> <span class='ocrx_word' id='word_1_834' title='bbox 2933 4842 3114 4914; x_wconf 90' lang='lat' dir='ltr'>igitur</span> <span class='ocrx_word' id='word_1_835' title='bbox 3173 4843 3452 4900; x_wconf 89' lang='lat' dir='ltr'>vicesima</span> <span class='ocrx_word' id='word_1_836' title='bbox 3505 4838 3678 4911; x_wconf 84' lang='lat' dir='ltr'>quarta</span> <span class='ocrx_word' id='word_1_837' title='bbox 3698 4838 3790 4884; x_wconf 79' lang='lat' dir='ltr'>nom</span> 
     </span>
    </p>
   </div>
   <div class='ocr_carea' id='block_1_108' title="bbox 2243 4919 3788 5002">
    <p class='ocr_par' dir='ltr' id='par_1_108' title="bbox 2243 4919 3788 5002">
     <span class='ocr_line' id='line_1_108' title="bbox 2243 4919 3788 5002; baseline -0.005 -18"><span class='ocrx_word' id='word_1_838' title='bbox 2243 4930 2464 4986; x_wconf 91' lang='lat' dir='ltr'>mensis</span> <span class='ocrx_word' id='word_1_839' title='bbox 2523 4931 2582 4985; x_wconf 92' lang='lat' dir='ltr'>in</span> <span class='ocrx_word' id='word_1_840' title='bbox 2639 4947 2755 5002; x_wconf 93' lang='lat' dir='ltr'>quo</span> <span class='ocrx_word' id='word_1_841' title='bbox 2800 4930 2998 5002; x_wconf 89' lang='lat' dir='ltr'>templi</span> <span class='ocrx_word' id='word_1_842' title='bbox 3081 4932 3467 4988; x_wconf 85' lang='lat' dir='ltr'>fundamenta</span> <span class='ocrx_word' id='word_1_843' title='bbox 3517 4930 3631 4982; x_wconf 88' lang='lat' dir='ltr'>sunt</span> <span class='ocrx_word' id='word_1_844' title='bbox 3666 4919 3788 4989; x_wconf 46' lang='lat' dir='ltr'>jam,</span> 
     </span>
    </p>
   </div>
   <div class='ocr_carea' id='block_1_109' title="bbox 2248 5003 3790 5091">
    <p class='ocr_par' dir='ltr' id='par_1_109' title="bbox 2248 5003 3790 5091">
     <span class='ocr_line' id='line_1_109' title="bbox 2248 5003 3790 5091; baseline -0.01 -18"><span class='ocrx_word' id='word_1_845' title='bbox 2248 5019 2394 5074; x_wconf 75' lang='lat'><strong>769</strong></span> <span class='ocrx_word' id='word_1_846' title='bbox 2427 5023 2648 5091; x_wconf 87' lang='lat' dir='ltr'>quanta</span> <span class='ocrx_word' id='word_1_847' title='bbox 2676 5036 2872 5074; x_wconf 90' lang='lat' dir='ltr'>rerum</span> <span class='ocrx_word' id='word_1_848' title='bbox 2905 5021 3272 5078; x_wconf 84' lang='lat' dir='ltr'>abundantia</span> <span class='ocrx_word' id='word_1_849' title='bbox 3303 5023 3491 5076; x_wconf 76' lang='lat' dir='ltr'>futura</span> <span class='ocrx_word' id='word_1_850' title='bbox 3509 5003 3790 5091; x_wconf 59' lang='lat' dir='ltr'>sit,conside</span> 
     </span>
    </p>
   </div>
   <div class='ocr_carea' id='block_1_110' title="bbox 2242 5086 3788 5182">
    <p class='ocr_par' dir='ltr' id='par_1_110' title="bbox 2242 5086 3788 5182">
     <span class='ocr_line' id='line_1_110' title="bbox 2242 5086 3788 5182; baseline -0.007 -19"><span class='ocrx_word' id='word_1_851' title='bbox 2242 5115 2383 5164; x_wconf 86' lang='lat' dir='ltr'>rate.</span> <span class='ocrx_word' id='word_1_852' title='bbox 2421 5108 2619 5166; x_wconf 89' lang='lat' dir='ltr'>Nonus</span> <span class='ocrx_word' id='word_1_853' title='bbox 2650 5111 2740 5164; x_wconf 70' lang='lat' dir='ltr'>es:</span> <span class='ocrx_word' id='word_1_854' title='bbox 2769 5110 2988 5164; x_wconf 89' lang='lat' dir='ltr'>mensis</span> <span class='ocrx_word' id='word_1_855' title='bbox 3019 5126 3195 5182; x_wconf 90' lang='lat' dir='ltr'>quem</span> <span class='ocrx_word' id='word_1_856' title='bbox 3216 5105 3337 5166; x_wconf 86' lang='lat' dir='ltr'>nos</span> <span class='ocrx_word' id='word_1_857' title='bbox 3367 5105 3715 5165; x_wconf 85' lang='lat' dir='ltr'>Novembrem.</span> <span class='ocrx_word' id='word_1_858' title='bbox 3737 5086 3788 5143; x_wconf 66' lang='lat' dir='ltr'>vel</span> 
     </span>
    </p>
   </div>
   <div class='ocr_carea' id='block_1_111' title="bbox 2242 5189 3786 5288">
    <p class='ocr_par' dir='ltr' id='par_1_111' title="bbox 2242 5189 3786 5288">
     <span class='ocr_line' id='line_1_111' title="bbox 2242 5189 3786 5288; baseline -0.009 -35"><span class='ocrx_word' id='word_1_859' title='bbox 2242 5197 2616 5253; x_wconf 89' lang='lat' dir='ltr'>Decembrem</span> <span class='ocrx_word' id='word_1_860' title='bbox 2630 5198 3086 5254; x_wconf 74' lang='lat' dir='ltr'>dlClmUS.NISAN</span> <span class='ocrx_word' id='word_1_861' title='bbox 3103 5201 3269 5288; x_wconf 51' lang='lat'>(3:33;)</span> <span class='ocrx_word' id='word_1_862' title='bbox 3285 5199 3437 5255; x_wconf 79' lang='lat' dir='ltr'>enim</span> <span class='ocrx_word' id='word_1_863' title='bbox 3451 5193 3588 5269; x_wconf 83' lang='lat' dir='ltr'>apud</span> <span class='ocrx_word' id='word_1_864' title='bbox 3599 5189 3786 5288; x_wconf 43' lang='lat' dir='ltr'>Hebrus</span> 
     </span>
    </p>
   </div>
   <div class='ocr_carea' id='block_1_112' title="bbox 2215 5282 3785 5360">
    <p class='ocr_par' dir='ltr' id='par_1_112' title="bbox 2215 5282 3785 5360">
     <span class='ocr_line' id='line_1_112' title="bbox 2215 5282 3785 5360; baseline -0.008 -16"><span class='ocrx_word' id='word_1_865' title='bbox 2215 5285 2462 5344; x_wconf 82' lang='lat' dir='ltr'>~~mensis</span> <span class='ocrx_word' id='word_1_866' title='bbox 2492 5292 2582 5342; x_wconf 89' lang='lat' dir='ltr'>est</span> <span class='ocrx_word' id='word_1_867' title='bbox 2603 5287 2850 5358; x_wconf 88' lang='lat' dir='ltr'>primus,</span> <span class='ocrx_word' id='word_1_868' title='bbox 2875 5287 2974 5359; x_wconf 91' lang='lat' dir='ltr'>qui</span> <span class='ocrx_word' id='word_1_869' title='bbox 3006 5282 3339 5360; x_wconf 85' lang='lat' dir='ltr'>appellatur</span> <span class='ocrx_word' id='word_1_870' title='bbox 3364 5287 3550 5342; x_wconf 79' lang='lat' dir='ltr'>mensis</span> <span class='ocrx_word' id='word_1_871' title='bbox 3575 5282 3785 5360; x_wconf 55' lang='lat' dir='ltr'>novom:</span> 
     </span>
    </p>
   </div>
   <div class='ocr_carea' id='block_1_113' title="bbox 2239 5359 3786 5450">
    <p class='ocr_par' dir='ltr' id='par_1_113' title="bbox 2239 5359 3786 5450">
     <span class='ocr_line' id='line_1_113' title="bbox 2239 5359 3786 5450; baseline -0.012 -18"><span class='ocrx_word' id='word_1_872' title='bbox 2239 5393 2306 5432; x_wconf 92' lang='lat' dir='ltr'>eo</span> <span class='ocrx_word' id='word_1_873' title='bbox 2337 5380 2596 5447; x_wconf 89' lang='lat' dir='ltr'>tempore</span> <span class='ocrx_word' id='word_1_874' title='bbox 2628 5392 2743 5448; x_wconf 88' lang='lat' dir='ltr'>quo</span> <span class='ocrx_word' id='word_1_875' title='bbox 2793 5375 3014 5433; x_wconf 88' lang='lat' dir='ltr'>Pascha</span> <span class='ocrx_word' id='word_1_876' title='bbox 3045 5359 3287 5450; x_wconf 73' lang='lat' dir='ltr'>iaciunt,</span> <span class='ocrx_word' id='word_1_877' title='bbox 3351 5376 3407 5433; x_wconf 92' lang='lat' dir='ltr'>id</span> <span class='ocrx_word' id='word_1_878' title='bbox 3437 5379 3536 5441; x_wconf 90' lang='lat' dir='ltr'>est,</span> <span class='ocrx_word' id='word_1_879' title='bbox 3564 5359 3786 5439; x_wconf 73' lang='lat' dir='ltr'>incipiente</span> 
     </span>
    </p>
   </div>
   <div class='ocr_carea' id='block_1_114' title="bbox 456 5547 2641 5672">
    <p class='ocr_par' dir='ltr' id='par_1_114' title="bbox 456 5547 2641 5672">
     <span class='ocr_line' id='line_1_114' title="bbox 456 5547 2641 5672; baseline 0 -23"><span class='ocrx_word' id='word_1_880' title='bbox 456 5557 473 5564; x_wconf 52' lang='grc'><em>’</em></span> <span class='ocrx_word' id='word_1_881' title='bbox 551 5547 634 5672; x_wconf 80' lang='lat' dir='ltr'>(a)</span> <span class='ocrx_word' id='word_1_882' title='bbox 665 5588 729 5652; x_wconf 85' lang='lat' dir='ltr'>In</span> <span class='ocrx_word' id='word_1_883' title='bbox 757 5587 982 5666; x_wconf 84' lang='lat' dir='ltr'>aliquot</span> <span class='ocrx_word' id='word_1_884' title='bbox 1011 5603 1181 5659; x_wconf 69' lang='grc' dir='ltr'>ωδε..</span> <span class='ocrx_word' id='word_1_885' title='bbox 1212 5587 1462 5658; x_wconf 76' lang='lat' dir='ltr'>adusum</span> <span class='ocrx_word' id='word_1_886' title='bbox 1476 5589 1770 5666; x_wconf 77' lang='lat' dir='ltr'>pertineat,</span> <span class='ocrx_word' id='word_1_887' title='bbox 1800 5585 2038 5660; x_wconf 83' lang='lat' dir='ltr'>Victor.,</span> <span class='ocrx_word' id='word_1_888' title='bbox 2060 5587 2133 5647; x_wconf 85' lang='lat' dir='ltr'>ad</span> <span class='ocrx_word' id='word_1_889' title='bbox 2168 5603 2317 5651; x_wconf 80' lang='lat' dir='ltr'>esum</span> <span class='ocrx_word' id='word_1_890' title='bbox 2338 5591 2641 5667; x_wconf 83' lang='lat' dir='ltr'>perveniet.</span> 
     </span>
    </p>
   </div>
  </div>
