3940 6166
227 329 351 392 Ml?

897 329 1643 392 COMMENTARIORUM
1691 330 1768 388 IN
1815 329 2275 390 ZACHARIAM
2321 332 2465 392 LIB.
2516 332 2560 391 I.
2609 331 2781 392 CAP.
2828 334 2875 392 I.

3434 317 3590 394 ista

185 460 551 534 dignationis
579 461 887 533 epistolam
919 463 1208 518 reddidit:
1245 481 1362 534 qua
1401 463 1565 533 lecta,
1598 462 1835 533 gavisus
1865 465 1911 525 Α
1948 461 2072 530 ejus
2103 462 2198 531 qui
2232 479 2569 517 reversurus
2599 466 2706 529 est,
2742 462 2963 518 nullam
2998 477 3221 519 moram
3249 465 3470 535 patitur
3497 462 3590 520 ind

223 567 332 606 sum
353 565 477 605 esse
492 553 550 605 te
569 549 868 621 sospitem,
890 553 946 604 et
963 565 1280 605 memorem
1301 549 1435 615 mei,
1455 548 1838 619 omniumque

221 641 436 695 fratrum
468 639 567 711 qui
608 639 667 692 in
696 639 914 693 sanctis
965 639 1109 693 locis
1158 639 1400 700 Domino
1461 637 1743 706 serviunt,
1775 635 1836 690 in

219 745 440 801 quorum
463 727 779 798 refrigeriis
803 727 944 782 facis
968 727 1068 781 tibi
1094 728 1312 782 amicos
1337 728 1406 782 de
1426 726 1626 797 iniquo
1649 741 1835 780 mam-

219 833 388 882 mona,
420 821 477 872 et
505 832 800 888 przsparas
858 818 1072 870 aeterna
1126 814 1520 881 tabernacula,
1555 821 1619 868 ut
1649 812 1838 885 possis

215 923 331 962 cum
359 906 533 960 David
568 905 796 960 dicere:
859 905 1030 972 Quam
1086 905 1286 959 dilecta
1339 895 1692 959 tabernacula
1719 905 1833 969 tua,

217 995 418 1049 Domine
446 996 758 1049 virtutum:
787 995 1121 1064 concupiscit
1155 998 1206 1047 et
1262 993 1445 1063 deﬁcit
1491 994 1687 1047 anima
1715 1005 1837 1044 mea

213 1086 408 1138 matria
425 1084 648 1138 Domini
668 1083 780 1153 (Ps.
802 1099 1031 1152 LXXXIII,
1062 1083 1132 1153 1).
1155 1081 1213 1136 Si
1236 1081 1392 1136 enim
1419 1083 1606 1135 Passer
1627 1081 1837 1135 invenit

210 1173 307 1227 sibi
329 1173 565 1239 domum,
600 1180 650 1226 et
679 1175 862 1226 turtur
888 1171 1086 1225 nidum
1140 1172 1236 1226 ubi
1286 1177 1454 1241 ponat
1503 1170 1685 1241 pullos
1711 1183 1835 1224 suos

211 1262 422 1331 (lbid.):
451 1277 554 1315 cur
582 1265 646 1314 tu
679 1261 780 1330 qui
803 1260 1056 1329 pontifex
1095 1259 1327 1314 Domini
1349 1276 1430 1328 es,
1477 1263 1532 1313 et
1553 1257 1740 1312 calcas
1773 1256 1835 1310 in

211 1350 314 1404 ﬁne
335 1350 532 1404 mundi
553 1348 887 1417 toreularia,
911 1355 976 1402 ut
994 1348 1330 1403 sitientibus
1351 1345 1582 1419 populis
1604 1345 1836 1417 sangui-

209 1439 295 1493 nis
319 1437 522 1494 Christi
553 1437 754 1492 vinum
788 1437 1035 1504 tribuas,
1070 1453 1183 1492 non
1220 1436 1400 1490 libere
1446 1434 1836 1507 proclamabis

207 1543 270 1582 ac
295 1527 480 1582 dices:
525 1527 628 1581 Cor
654 1541 835 1580 meum
878 1531 929 1580 et
985 1541 1112 1580 caro
1165 1541 1286 1579 mea
1317 1525 1398 1595 (α)
1428 1525 1837 1579 cxsuttaverunt

206 1618 260 1668 in
289 1615 444 1671 Deum
501 1616 733 1669 vivum:
792 1615 936 1669 beati
988 1615 1082 1683 qai
1128 1613 1381 1668 habitant
1439 1615 1497 1667 in
1555 1613 1710 1668 domo
1740 1620 1836 1667 tua

205 1704 309 1774 (Ps.
332 1703 649 1772 Lxxxtu,3).
669 1703 878 1757 Audito
902 1706 956 1756 te
971 1704 1027 1756 in
1040 1701 1615 1773 vallelacrymarum,
1634 1702 1693 1755 in
1711 1701 1834 1756 loco

1947 550 2281 620 terpretatio
2307 567 2318 604 :
2350 551 2450 605 sed
2481 549 2652 605 velim
2686 549 2886 616 nolim,
2921 550 3128 606 saltem
3168 550 3466 607 lucrativis
3491 563 3592 623 per

1949 644 2176 692 noctem
2205 638 2362 693 horis
2383 644 2555 710 atque
2581 639 2807 694 furtivis
2829 641 3048 694 dictare
3069 640 3407 712 compellor,
3432 641 3589 711 quod

1947 725 2054 779 tibi
2081 726 2350 797 dirigam.
2387 727 2633 798 Scripsit
2661 728 2719 781 in
2754 728 2910 782 hunc
2940 728 3282 799 prophetam
3316 729 3594 802 Origenes

1948 813 2062 868 duo
2089 814 2406 878 volumina,
2435 831 2621 886 usque
2639 815 2709 870 ad
2733 816 2963 871 tertiam
2983 821 3205 887 partem
3224 817 3356 873 libri
3381 835 3414 872 a
3435 817 3593 889 prin-

1947 902 2119 974 cipio.
2144 902 2490 975 Hippolytus
2513 920 2745 974 quoque
2787 905 2970 959 edidit
3014 906 3498 973 Commentarios,
3533 908 3591 961 et

1947 990 2230 1062 Didymus
2251 1007 2482 1063 quoque
2495 990 2976 1063 Explanationum
2996 992 3195 1059 libros,
3218 1011 3308 1049 me
3326 999 3586 1067 rogante,

1946 1079 2202 1144 dictavit,
2235 1080 2302 1151 (ι’)
2335 1097 2481 1151 quos
2535 1097 2666 1135 cum
2701 1080 2830 1136 aliis
2875 1081 3062 1136 tribus
3093 1081 3151 1136 in
3179 1082 3322 1138 Osee
3353 1087 3410 1138 et
3441 1082 3588 1138 mihi

1944 1168 2358 1243 προσεφώνησεν
2387 1186 2400 1223 :
2435 1170 2533 1224 sed
2567 1171 2688 1223 tota
2730 1185 2929 1224 eorum
2989 1167 3244 1242 ἐξήγησις
3279 1170 3589 1243 allegorica

1947 1256 2074 1322 fuit,
2103 1262 2159 1312 et
2181 1257 2434 1313 historias
2456 1257 2549 1312 vix
2569 1273 2755 1329 pauca
2776 1259 3111 1330 tetigerunt.
3147 1259 3344 1331 Itaque
3370 1259 3588 1315 imitari

1946 1345 2187 1416 cupiens
2203 1345 2369 1401 illum
2388 1345 2889 1418 patremfamilias,
2914 1350 3009 1417 qui
3013 1351 3227 1419 pro/ert
3246 1348 3312 1403 de
3336 1350 3590 1405 thesauro

1943 1449 2038 1488 suo
2068 1449 2208 1489 nova
2238 1443 2287 1489 et
2317 1443 2498 1490 vetera
2529 1436 2734 1504 (Matth.
2779 1453 2859 1490 ιιι.
2919 1437 3006 1506 52)
3034 1454 3047 1492 :
3099 1443 3154 1492 et
3206 1453 3484 1508 sponsam
3518 1438 3590 1494 de

1946 1522 2177 1578 Cantico
2200 1525 2579 1594 canticorum,
2606 1541 2730 1595 quas
2783 1525 2950 1580 dicit:
2995 1526 3143 1580 Nova
3164 1542 3289 1581 cum
3313 1526 3592 1582 veteribus

1943 1613 2227 1682 fratruelis
2254 1629 2406 1669 meus
2425 1616 2646 1669 servavi
2674 1615 2777 1668 tibi
2805 1614 2985 1684 (Cant.
3018 1615 3118 1686 vn)
3148 1633 3160 1670 :
3193 1614 3448 1671 historiae
3483 1615 3590 1671 He-

1948 1701 2234 1756 brazorum
2257 1701 2640 1774 tropologiam
2667 1708 3000 1758 nostrorum
3029 1704 3261 1771 miscui,
3309 1706 3374 1759 ut
3409 1703 3594 1759 azdiﬂ-

206 1807 367 1864 quem
387 1791 541 1847 Deus
567 1791 763 1862 posuit
785 1791 856 1846 ad
893 1795 1208 1854 certamen,
1237 1795 1299 1844 ut
1349 1789 1718 1844 vincentibus
1739 1805 1834 1844 co-
1869 1829 1915 1891 Β
1946 1805 2137 1844 carem
2161 1807 2226 1844 su
2238 1808 2337 1862 per
2352 1795 2572 1861 petram
2591 1795 2648 1845 et
2667 1807 2780 1845 non
2801 1808 2975 1862 super
2988 1809 3222 1847 arenam
3240 1792 3448 1861 (Matth.
3465 1792 3589 1865 vn),

205 1897 391 1936 ronam
424 1881 608 1947 daret,
658 1879 1029 1935 escensiones
1081 1879 1137 1933 in
1168 1883 1267 1934 tuo
1307 1879 1480 1934 corde
1509 1878 1836 1949 disponere,

208 1974 263 2025 et
287 1969 360 2024 ire
383 1969 451 2024 de
471 1968 681 2024 virtute
701 1967 762 2023 in
785 1969 1078 2032 virtutem,
1106 1972 1163 2022 et
1184 1967 1400 2022 imitari
1425 1967 1654 2022 Domini
1690 1983 1840 2038 pau-

200 2061 496 2130 pertatem,
529 2062 595 2112 ut
625 2073 761 2111 cum
787 2055 885 2112 illo
916 2055 1078 2111 dives
1137 2057 1265 2127 ﬁas,
1312 2060 1370 2110 et
1425 2056 1485 2110 in
1515 2060 1569 2111 te
1599 2054 1841 2111 reclinet

199 2149 379 2218 caput,
404 2151 460 2200 et
487 2160 591 2216 per
611 2144 874 2217 singulos
901 2144 976 2215 (b)
1001 2144 1125 2199 dies
1147 2144 1523 2215 suscipiatur,
1551 2143 1838 2211 visitetur,

198 2234 396 2301 alatur,
420 2235 720 2300 vestiatur,
749 2239 806 2289 et
832 2234 1120 2306 praecipue
1155 2238 1490 2288 sanctarum
1515 2232 1841 2305 Scriptura-

201 2341 324 2379 rum
345 2324 588 2380 lectione
613 2324 847 2379 fervere.
889 2324 1151 2394 Cumque
1175 2323 1277 2377 tibi
1303 2325 1341 2376 7
1357 2325 1393 2377 7
1411 2324 1528 2378 7-7
1545 2323 1640 2377 78
1665 2338 1838 2394 cupe-

207 2412 616 2485 remingenioli
642 2413 752 2468 mei
789 2412 1022 2483 aliquod
1064 2411 1267 2466 offerre
1306 2411 1750 2478 munusculum,
1783 2415 1842 2466 et

203 2505 380 2574 coepta
412 2503 468 2556 in
493 2501 804 2556 duodecim
832 2501 1144 2572 prophetas
1166 2499 1494 2571 explanatio
1519 2499 1843 2572 perveniret

203 2592 273 2646 ad
299 2590 528 2656 calcem,
550 2596 890 2662 susceptum
914 2606 1061 2660 opus
1079 2591 1346 2644 deserere
1364 2589 1542 2653 nolui,
1566 2589 1664 2644 sed
1686 2590 1838 2661 quod

203 2685 258 2735 et
289 2681 504 2751 absque
538 2685 593 2734 te
624 2680 951 2734 dictaturus
981 2695 1162 2743 eram,
1194 2681 1292 2732 tuo
1324 2678 1698 2749 potissimum
1739 2693 1839 2733 no-

203 2768 342 2823 mini
363 2767 690 2823 consecravi
716 2768 1040 2839 ,etgaudeo
1054 2767 1209 2837 quod
1225 2767 1403 2821 obscu
1415 2766 1684 2821 rissimus
1698 2765 1844 2821 liber

202 2855 484 2912 Zacharias
516 2855 834 2928 prophetis,
855 2861 912 2910 et
935 2855 1088 2909 inter
1111 2854 1416 2909 duodecim
1439 2854 1838 2925 longissimus,

197 2963 262 3001 eo
296 2949 554 3017 tempore
583 2944 961 3000 disserendas
991 2949 1098 3012 est,
1132 2959 1247 3013 quo
1298 2942 1370 2997 ob
1411 2942 1840 2997 festinationem

269 3107 346 3177 (α)
369 3106 450 3160 Ita
473 3122 616 3177 mss.
643 3104 826 3159 nostri
850 3103 1305 3177 etVictoriusex
1339 3103 1566 3158 cunctis
1589 3101 1841 3175 vulgatis

196 3175 381 3232 libris.
417 3176 785 3232 Martianieus
817 3175 1074 3240 retinnit,
1102 3175 1390 3229 exultavit.

270 3249 343 3319 (b)
372 3247 580 3303 Vocem
605 3249 721 3302 dies
752 3245 951 3319 Regia.
985 3263 1092 3300 ms.
1151 3246 1455 3319 nescit.__Et
1498 3245 1690 3319 verius
1723 3246 1836 3299 lor-

192 3315 352 3375 tasse
381 3325 561 3390 vacat,
595 3323 799 3389 estque
830 3315 1079 3373 bomines
1122 3315 1702 3387 subintelligendum,
1738 3333 1841 3389 pro

195 3392 334 3448 dies.

263 3468 339 3528 (c)
358 3460 612 3528 Insignis
643 3461 738 3514 hic
760 3475 920 3514 error
944 3461 999 3514 in
1023 3459 1314 3514 veteribus
1336 3458 1691 3512 editionibus
1713 3475 1840 3528 quae

193 3534 420 3605 absque
454 3529 571 3605 ullo
604 3549 778 3587 sensu
813 3531 1032 3605 legunt,
1085 3545 1214 3600 quos
1263 3530 1591 3605 cumtrib-us
1622 3529 1753 3605 aliis
1783 3531 1839 3582 in

189 3599 405 3661 Osee'et
428 3603 653 3676 Michzra
670 3599 1107 3676 προσεφὶὒντβξνέ
1136 3605 1246 3653 Pro
1268 3600 1410 3676 mihi
1431 3599 1626 3676 itaque
1647 3600 1844 3676 obtru-

184 3677 344 3730 dunt
373 3691 582 3730 nomen
607 3669 863 3737 Michasaj
908 3673 1062 3743 quod
1094 3671 1388 3743 imperitia
1416 3669 1840 3743 exscriptorum

182 3747 571 3824 antiquorum
597 3745 880 3824 ﬂuxitinq
891 3740 1113 3798 unadam
1133 3740 1838 3824 recentioraexemplaria.

186 3824 260 3874 At
280 3812 455 3872 lectio
478 3817 725 3872 aliorum
751 3812 1016 3871 codicum
1042 3831 1152 3870 ms.
1181 3812 1659 3868 manifestissime
1683 3827 1840 3867 com-

179 3889 480 3971 probatur
506 3887 920 3971 etp‘rze‘faiione
942 3887 1000 3941 in
1020 3885 1161 3942 Osee
1189 3884 1552 3968 prophetam,
1582 3882 1681 3971 ubi
1704 3882 1841 3971 scri-

174 3955 358 4032 ptum
381 3963 471 4016 est
495 3977 507 4015 :
538 3955 653 4014 Vidi
674 3958 1056 4029 Didymum....
1083 3955 1376 4029 rogavique
1395 3972 1519 4011 eum
1539 3959 1600 4009 ut
1620 3955 1823 4010 scribe-

1951 1894 2016 1932 ac
2036 1878 2242 1933 stabile
2256 1881 2513 1948 jacerem
2546 1880 3014 1950 fundamentum,
3053 1881 3207 1952 quod
3247 1880 3466 1937 Paulus
3498 1895 3592 1937 ar-

1949 1965 2235 2022 chitectus
2267 1967 2534 2038 posuisse
2565 1985 2625 2022 se
2657 1968 2860 2023 scribit
2889 1969 2933 2038 (Ι
2966 1968 3084 2025 Cor.
3121 1970 3227 2039 In).
3261 1970 3396 2025 Tuae
3419 1970 3593 2026 bene-

1947 2055 2208 2110 volentia:
2241 2057 2374 2122 erit,
2416 2073 2528 2111 non
2587 2056 2971 2112 eruditionem
3033 2062 3315 2125 nostram,
3350 2074 3475 2130 quae
3503 2057 3594 2114 vel

1949 2143 2128 2213 nulla,
2147 2144 2236 2199 vel
2258 2161 2433 2216 parva
2458 2151 2547 2200 est
2571 2162 2584 2212 ;
2611 2146 2708 2200 sed
2736 2161 2977 2217 pronam
3018 2146 3075 2200 in
3100 2151 3155 2201 te
3176 2147 3475 2218 suspicere
3495 2162 3592 2203 vo-

1950 2231 2272 2288 luntatem:
2308 2237 2373 2287 ut
2402 2250 2508 2288 nos
2539 2234 2609 2288 ad
2662 2237 2866 2289 caetera
2906 2250 3201 2306 provoces,
3246 2236 3388 2290 etin
3419 2235 3596 2308 longo

1949 2321 2380 2392 Scripturarum
2414 2337 2620 2394 campo
2643 2338 2873 2377 currere
2905 2323 3244 2379 cohorteris.
3277 2324 3335 2379 Si
3359 2324 3459 2395 qui
3490 2340 3595 2380 au-

1949 2414 2066 2465 tem
2100 2414 2257 2476 sunt,
2304 2411 2520 2481 quibus
2576 2411 3112 2481 interpretationem
3165 2417 3220 2466 et
3274 2411 3507 2480 horum,
3540 2414 3598 2468 et

1953 2497 2200 2553 aliorum
2231 2498 2597 2553 voluminum
2633 2504 2766 2553 ante
2790 2500 3052 2571 promisi,
3075 2499 3385 2572 ignoscant
3407 2501 3595 2556 incre-

1953 2586 2114 2640 dibili
2147 2587 2206 2641 in
2231 2592 2284 2641 te
2310 2588 2495 2641 amori
2524 2603 2671 2656 meo,
2698 2592 2755 2642 et
2780 2587 3065 2660 quidquid
3090 2588 3194 2642 tibi
3232 2589 3460 2661 scripsi,
3482 2587 3596 2644 sibi

1951 2677 2234 2747 scriptum
2267 2676 2656 2731 arbitrentur:
2711 2677 2960 2732 Charitas
3011 2679 3160 2733 enim
3211 2678 3455 2750 benigna
3485 2679 3592 2746 est,

1948 2752 2192 2819 Charitas
2222 2781 2330 2819 non
2353 2765 2668 2833 wmulatur,
2695 2782 2803 2820 non
2826 2767 3024 2836 quaerit
3044 2781 3162 2836 qua
3187 2782 3288 2820 sua
3307 2769 3456 2820 sunt.
3483 2766 3596 2822 Sed

1943 2853 2067 2923 jam
2093 2857 2325 2924 tempus
2347 2857 2452 2918 est,
2505 2857 2570 2908 ut
2592 2853 2880 2908 Zachariae
2930 2855 3102 2909 verba
3151 2859 3450 2926 ponentes,
3473 2854 3597 2927 Spi-

1950 2941 2086 2996 ritui
2121 2945 2322 2997 sancto
2349 2941 2842 3014 interpretationis
2871 2941 2998 2998 vela
3028 2943 3378 3015 pendamus.

1952 3106 2032 3174 rei
2061 3103 2125 3156 in
2156 3101 2281 3156 Osee
2306 3104 2723 3157 commentarios
2747 3120 2760 3169 ;
2788 3104 2884 3172 qui
2911 3107 3022 3158 tre:
3042 3104 3233 3170 libros,
3265 3119 3350 3158 me
3380 3111 3599 3174 patente

1870 3193 1912 3258 ρ
1949 3173 2192 3258 dz’ctatttt,
2225 3175 2464 3258 quinque
2484 3190 2689 3258 quoque
2710 3175 2848 3228 alios
2870 3176 2927 3228 in
2949 3173 3597 3258 Z_ucharianiszeclper¢

1953 3245 2095 3299 fecte
2121 3245 2410 3316 quadrent
2435 3247 2505 3298 ad
2527 3244 2718 3316 locum
2744 3251 3085 3316 praesentem
3112 3263 3144 3300 a
3174 3246 3341 3302 nobis
3360 3244 3597 3302 restitu-

1950 3321 2200 3390 tum,_u_t
2230 3317 2511 3390 prudenti
2543 3315 2759 3390 lectori:
2794 3316 3157 3390 exploratum
3180 3324 3284 3390 est.
3315 3317 3438 3372 Non
3461 3334 3598 3390 ergo

1949 3387 2010 3441 in
2052 3387 2354 3440 Michaeam
2403 3387 2637 3457 scripsit
2659 3387 2960 3458 Didymus,
2991 3388 3090 3442 sed
3126 3389 3182 3441 in
3235 3388 3378 3443 Osee
3411 3394 3468 3442 et
3496 3387 3600 3444 Z'a-

1951 3459 2230 3511 chariam.
2266 3461 2446 3513 MART.
2482 3488 2549 3495 —
2580 3462 2688 3512 Pro
2745 3459 2905 3522 mihi,
2967 3460 3081 3512 duo
3120 3475 3149 3511 e
3181 3459 3397 3513 nostris
3427 3459 3595 3516 codd.

1951 3527 2197 3600 Palatio,
2228 3527 2394 3600 aliter
2413 3532 2470 3581 et
2489 3527 2724 3600 Regius,
2749 3528 2941 3594 illic/ia,
2967 3534 3068 3600 aut
3096 3528 3300 3589 Hic/ite,
3324 3545 3459 3582 cum
3491 3546 3594 3600 an-

1950 3598 2130 3669 tiquis
2153 3597 2884 3670 editionibusprstiterunt:
2913 3598 3056 3670 falso
3091 3605 3305 3665 tamen,
3332 3605 3395 3653 ut
3418 3599 3596 3670 probe

1952 3674 2214 3723 notatum
2236 3675 2324 3724 est
2355 3669 2708 3724 Martianaao.
2741 3669 2883 3723 Nam
2907 3669 2964 3722 in
2993 3669 3135 3724 Osee
3162 3675 3218 3724 et
3255 3669 3595 3725 Zachariam

1951 3739 2326 3812 elucubrasse
2356 3740 2669 3810 Didymum
2696 3741 3178 3812 Commentarios,
3209 3741 3442 3796 Hieron.
3471 3741 3597 3812 ipse

1992 3811 2188 3883 rologo
2213 3812 2269 3866 in
2293 3812 2438 3866 Osee
2465 3815 2730 3883 testatur,
2763 3827 2940 3881 seque
2963 3811 3046 3866 ait
3065 3816 3296 3883 petente
3319 3811 3592 3868 dictatos.

1992 3829 2188 3880 ronogo
2213 3829 2269 3866 in
2293 3829 2438 3866 usee
2465 3829 2712 3865 metatur

1951 3829 2012 3938 Fu
2064 3881 2364 3938 Michteam
2396 3899 2511 3937 non
2554 3881 2713 3937 item.

1381 4178 1800 4272 LIBER
1862 4176 2408 4270 PRIMUS.

257 4467 426 4539 (Cap.
463 4470 504 4520 Ι.
535 4497 603 4507 --
623 4464 784 4521 Vers.
813 4465 888 4536 1.)
939 4465 1000 4520 In
1054 4479 1238 4518 mense
1263 4469 1470 4529 octavo,
1499 4464 1559 4517 in
1587 4479 1738 4519 anno
1767 4476 1848 4517 se-
1881 4464 1927 4528 D
1960 4462 2218 4518 dazorum
2250 4462 2535 4518 destruxit
2559 4462 2894 4535 imperium,
2930 4463 3118 4535 primo
3147 4480 3298 4519 anno
3330 4462 3494 4534 regni
3516 4464 3610 4519 sui

167 4555 371 4611 eundo
407 4556 565 4610 Darii
594 4556 674 4626 (τι)
729 4557 938 4625 factum
998 4557 1072 4608 est
1128 4553 1350 4608 verbum
1411 4553 1627 4606 Domini
1657 4551 1730 4605 ad
1759 4552 1854 4605 Za-

163 4645 466 4710 chariam,
500 4645 681 4714 ﬁlium
712 4643 1022 4708 Barachim,
1056 4642 1233 4711 ﬁlium
1291 4639 1481 4712 (Vulg.
1516 4639 1852 4710 ﬁlii)‘Addo,

159 4733 520 4806 prophetam
553 4733 758 4786 dicens.
793 4731 934 4786 LXX
960 4749 972 4785 :
1002 4733 1062 4786 In
1093 4733 1273 4784 octavo
1305 4744 1489 4783 mense
1507 4731 1648 4783 anni
1665 4745 1856 4784 secun-

163 4822 237 4876 di
275 4822 388 4876 sub
419 4822 606 4885 Dario,
637 4822 849 4891 factum
869 4823 946 4874 est
962 4820 1187 4874 verbum
1209 4818 1427 4873 Domini
1445 4816 1515 4871 ad
1535 4818 1858 4873 Zachariam

160 4910 510 4977 Barachiae,
542 4909 725 4979 ﬁlium
752 4908 900 4964 Addo
952 4907 1291 4979 praphetam,
1350 4905 1550 4961 dicens.
1585 4907 1855 4962 Secundo

163 5015 356 5056 anno
383 4997 538 5052 Darii
563 4997 667 5052 ﬁlii
687 4996 1016 5068 Hystaspis,
1036 4994 1534 5066 septuagesimum
1553 4995 1857 5050 desolatio-

167 5087 289 5142 nis
321 5086 529 5158 templi
550 5102 794 5153 annum,
819 5085 917 5156 qui
943 5085 1014 5140 ab
1031 5083 1456 5154 Jeremia(Cap.
1481 5101 1589 5137 xxv
1625 5093 1674 5138 et
1702 5087 1858 5156 xxtx)

169 5175 529 5250 prmdictus
551 5181 660 5241 est,
688 5175 868 5230 fuisse
891 5173 1268 5245 completum,
1297 5172 1421 5243 ipse
1449 5173 1756 5229 Zacharias
1778 5178 1858 5229 te—

165 5262 315 5318 stis
351 5265 466 5330 est,
498 5262 715 5329 dicens,
749 5263 980 5317 Domine
1028 5262 1388 5324 exercituum,
1448 5278 1722 5333 usquequo
1752 5279 1860 5318 non

147 5349 560 5407 vnisereberis
579 5351 884 5406 Jerusalem
913 5350 963 5406 el
992 5351 1213 5405 urbium
1243 5349 1412 5416 Juda,
1441 5351 1638 5420 quibus
1683 5353 1861 5407 iratus

141 5456 225 5497 es
275 5442 310 5491 .9
335 5442 481 5494 Ecce
503 5441 608 5494 iste
625 5441 1059 5511 septuagesimus
1107 5455 1288 5494 annus
1317 5442 1396 5494 est
1430 5440 1624 5510 (Zach.
1659 5457 1696 5510 ι,
1733 5442 1858 5513 12);

135 5525 469 5599 nullique
485 5527 724 5583 dubium
744 5528 883 5600 quin
899 5529 1104 5601 Cyrus,
1122 5545 1220 5583 rex
1237 5529 1671 5600 Persarum,qui
1686 5530 1858 5586 Ghal-

1963 4551 2391 4623 quinquaginta
2403 4552 2634 4607 circiter
2647 4551 2831 4607 millia
2843 4552 3150 4607 hominum
3165 4551 3524 4623 captivorum
3539 4552 3612 4609 de

1965 4639 2252 4711 Babylone
2277 4640 2566 4695 remiserit
2580 4641 2636 4694 in
2651 4641 2913 4695 Judzeam
2933 4656 2946 4694 :
2963 4640 3064 4711 qui
3077 4658 3214 4697 vasa
3235 4657 3467 4712 quoque
3481 4655 3609 4712 qua

1966 4728 2500 4783 Nabuchodonosor
2530 4727 2870 4798 abstulerat,
2917 4728 3186 4797 reddidit;
3239 4735 3295 4784 et
3323 4728 3608 4801 templum

1968 4816 2300 4870 reasdiﬁcari
2325 4817 2445 4885 [ΑΙ.
2471 4816 2960 4887 mdiﬁcariﬁussit
2979 4818 3035 4872 in
3058 4817 3383 4874 Jerusalem
3409 4835 3421 4874 :
3447 4817 3608 4891 prin-

1967 4904 2240 4975 cipesque
2267 4903 2463 4976 populi
2488 4903 2587 4976 qui
2611 4921 2876 4960 reversus
2897 4911 3006 4970 est,
3043 4908 3348 4964 constituit
3368 4907 3611 4965 Zoroba—

1969 4992 2081 5057 bel,
2109 4993 2292 5047 {ilium
2321 4992 2620 5058 Salathiel,
2648 4998 2703 5048 et
2720 4994 2944 5064 Jesum,
2964 4995 3410 5053 tiliumJosedec
3427 5013 3610 5053 sacer-

1970 5083 2164 5138 dotem
2195 5099 2492 5152 magnum.
2519 5083 2821 5138 Interfecto
2851 5083 3032 5155 igitur
3060 5085 3214 5157 apud
3249 5085 3610 5159 Massagetas

1969 5173 2132 5244 Cyro,
2175 5171 2273 5241 qui
2296 5170 2534 5242 triginta
2554 5171 2726 5226 annis
2743 5174 3001 5244 regnavit
3024 5174 3081 5228 in
3103 5174 3312 5242 Persis,
3333 5175 3614 5248 aTomyri

1972 5261 2171 5333 regina
2184 5260 2666 5331 Messagetarum.
2683 5260 3000 5333 Cambyses
3018 5262 3174 5318 filius
3187 5263 3314 5334 ejus
3331 5265 3617 5321 successit

1972 5351 2031 5405 in
2055 5367 2322 5422 regnum,
2349 5349 2444 5420 qui
2469 5348 2714 5420 expletis
2735 5354 2862 5405 octo
2887 5352 3080 5419 annis,
3105 5352 3252 5408 duos
3274 5369 3476 5425 magos
3498 5354 3612 5410 fta-

1971 5445 2089 5495 tres
2118 5439 2322 5493 habuit
2352 5453 2718 5492 successores
2745 5454 2756 5492 :
2817 5439 3035 5510 quibus
3073 5440 3281 5496 occisis
3313 5459 3346 5496 a
3377 5441 3614 5515 populo,

1975 5531 2200 5599 Darius,
2223 5527 2376 5582 ﬁlius
2396 5526 2721 5598 Hystaspis,
2744 5544 2811 5582 ex
2824 5530 3111 5584 sententia
3127 5536 3350 5604 septem
3375 5531 3620 5591 familia-

242 5650 346 5725 (α)
363 5650 650 5708 Additum
671 5653 837 5722 regis,
861 5653 1016 5724 quod
1041 5666 1228 5725 neque
1260 5651 1321 5709 in
1349 5651 1588 5710 Hebraeo
1615 5659 1850 5718 resonat
1885 5673 2030 5718 mss.
2067 5657 2414 5713 nostrorum
2445 5665 2552 5724 ope
2582 5649 2676 5707 hic
2707 5649 3072 5708 induximus.

530 5778 795 5844 Panos.
841 5779 1032 5846 XXV.

3216 5782 3294 5846 45
