4022 6192
399 306 554 366 ΜΙΘ

1639 303 1704 364 S.
1737 304 2062 366 EUSEBII
2105 303 2548 366 HIERONYMI

3579 301 3696 366 1420

397 454 528 502 rum
553 455 651 494 rex
670 442 978 494 Persarum
1002 437 1354 493 constitutus
1375 439 1482 492 est.
1507 435 1686 507 Cujus
1707 436 1868 509 regni
1887 453 2038 493 anno
2067 439 2122 505 Α
2149 437 2476 509 Zacharias,
2511 436 2668 492 ﬁlius
2693 433 3004 503 Barachias,
3028 431 3183 489 filius
3201 432 3354 488 Addo
3374 432 3700 493 mittiturzla-

396 528 650 583 secundo
670 528 856 582 factus
877 531 966 582 est
986 543 1177 582 sermo
1220 525 1451 582 Domini
1493 526 1563 581 ad
1612 528 1888 598 Aggeeum
1913 544 2042 598 pro-

396 616 653 687 phetam,
685 620 743 671 et
771 616 843 671 ad
873 615 1232 685 Zachariam,
1270 615 1456 670 ﬁlium
1507 615 1816 684 Barachia,
1851 615 2040 672 ﬁlium

393 704 582 760 Addo.
615 705 801 778 Super
828 706 1036 778 Aggaeo
1059 707 1185 777 jam
1227 705 1504 773 diximus,
1554 704 1626 760 de
1654 704 1940 760 Zachariae
1971 704 2041 759 ti-

395 792 518 849 tulo
541 810 728 865 pauca
747 794 994 850 dicenda
1015 798 1171 850 sunt.
1198 793 1460 860 Quicum
1481 794 1557 849 sit
1577 793 1732 849 ﬁlius
1751 794 2042 849 Barachiaa

397 882 678 954 quaeritur
707 899 888 954 quare
919 882 1150 938 dicatur
1180 882 1336 938 ﬁlius
1363 883 1549 938 Addo.
1583 883 1698 938 Nec
1728 883 2045 954 ambigitur

391 971 563 1042 juxta
595 971 1076 1043 Paralipomenon
1127 971 1365 1038 librum,
1425 971 1565 1043 quin
1597 971 1722 1044 ipse
1752 972 1830 1028 sit
1858 972 2042 1037 Addo,

398 1060 499 1131 qui
526 1059 746 1117 missus
768 1065 857 1116 est
877 1061 949 1116 ad
972 1061 1306 1128 Jeroboam,
1346 1060 1534 1116 filium
1567 1061 1794 1116 Nabath
1819 1061 1890 1132 (ΙΙ
1909 1063 2042 1116 Par.

398 1151 523 1221 xu),
553 1150 661 1206 sub
683 1166 800 1222 quo
823 1149 1004 1205 altare
1035 1150 1298 1205 dirutum
1333 1150 1439 1220 [Αι.
1493 1149 1818 1221 diruptum]
1851 1154 1957 1218 est,
1990 1153 2048 1204 et

401 1255 616 1294 manus
639 1239 792 1310 regis
819 1238 992 1310 aruit,
1018 1255 1373 1310 rursumque
1393 1239 1466 1294 ad
1509 1255 1710 1310 preces
1735 1238 1852 1294 illis
1875 1239 2046 1295 resti-

400 1331 529 1384 tuta
548 1331 638 1383 est
658 1327 757 1399 (ΙΙΙ
781 1328 906 1396 Reg.
928 1327 1049 1399 xm)
1083 1344 1094 1382 2
1118 1328 1305 1399 Igitur
1324 1344 1358 1382 a
1379 1329 1568 1400 primo
1591 1345 1744 1383 anno
1792 1327 1922 1400 Cyri
1953 1343 2047 1382 re-

401 1416 510 1488 gis,
536 1432 723 1487 usque
743 1418 780 1471 7
796 1417 890 1470 79
915 1417 988 1471 ad
1014 1417 1341 1471 secundum
1365 1432 1584 1471 annum
1613 1416 1786 1482 Darii,
1809 1415 1912 1470 filii
1935 1415 2047 1487 Hy-

402 1504 639 1576 staspis,
662 1521 728 1559 su
738 1507 1058 1576 pputantur
1072 1505 1208 1560 anni
1228 1504 1685 1577 quadragintain
1701 1505 2050 1576 quibustan-

401 1598 527 1651 tum
545 1592 726 1648 altare
749 1593 936 1648 fuerat
957 1597 1342 1662 exstructum,
1363 1597 1420 1648 et
1435 1594 1592 1664 jacta
1614 1593 1814 1665 templi
1840 1593 2049 1648 funda-

402 1686 621 1750 menta,
640 1681 848 1736 vicinis
870 1681 926 1736 in
948 1681 1196 1736 circuitu
1219 1680 1556 1737 nationibus
1575 1697 1722 1753 opus
1745 1680 2051 1753 prohiben-

405 1771 588 1842 tibus,
620 1775 676 1825 et
706 1770 988 1842 Cambyse
1045 1786 1179 1842 rege
1224 1773 1556 1837 Persarum,
1601 1770 1702 1841 qui
1733 1771 1838 1838 [Αι.
1873 1769 2050 1841 quod]

401 1876 579 1930 super
598 1859 704 1914 hac
726 1875 787 1914 re
809 1858 879 1914 ad
909 1858 1204 1930 principes
1223 1857 1400 1930 Syriae
1420 1854 1638 1926 κοίλης,
1661 1862 1719 1912 et
1737 1857 2051 1926 Phcenicis,

402 1966 468 2006 ac
494 1947 774 2004 Samaria
795 1946 1019 2002 litteras
1041 1947 1302 2002 miserat.
1331 1947 1521 2018 Super
1541 1963 1657 2018 quo
1703 1946 1931 2018 plenius
1949 1947 2050 2001 Es-

403 2039 539 2093 dras
569 2036 773 2091 scribit
804 2035 1130 2091 historiam.
1163 2036 1270 2090 Sed
1290 2037 1539 2108 Aggaeus
1571 2036 1631 2090 in
1662 2052 1862 2091 mense
1892 2040 2050 2091 sexto

403 2127 464 2184 in
487 2126 580 2181 die
592 2125 780 2197 primo
795 2125 1059 2195 ejusdem
1079 2125 1299 2180 mensis
1319 2123 1665 2196 prophetare
1682 2141 1924 2180 exorsus
1942 2128 2048 2180 est.

404 2214 711 2271 Zacharias
744 2231 874 2269 vero
899 2213 959 2268 in
990 2214 1193 2270 eodem
1227 2213 1463 2284 quidem
1495 2230 1669 2280 anno,
1703 2214 1802 2269 sed
1842 2231 1958 2268 non
1992 2213 2052 2267 in

404 2305 607 2361 eodem
632 2319 835 2358 mense
860 2319 874 2357 :
896 2318 1029 2358 nam
1054 2307 1188 2374 post
1203 2303 1352 2358 duos
1366 2319 1596 2358 menses
1614 2306 1812 2358 octavo
1827 2302 1900 2374 (a)
1915 2302 2053 2356 anni

405 2408 607 2448 mense
639 2391 790 2446 fudit
815 2391 1179 2446 vaticinium.
1216 2391 1376 2447 Unde
1414 2396 1566 2447 recte
1590 2392 1762 2462 juxta
1789 2391 2053 2446 ordinem

406 2480 713 2537 duodecim
737 2479 1174 2552 prophetarum,
1204 2479 1300 2535 ille
1317 2481 1606 2548 decimus,
1628 2485 1685 2536 et
1711 2480 1802 2536 hic
1825 2479 2055 2536 undeci-

405 2587 540 2626 mus
561 2570 816 2642 ponitur.
841 2573 1174 2642 Magnaeque
1199 2569 1564 2626 confidentiae
1591 2573 1700 2637 est,
1727 2569 1909 2624 immo
1931 2567 2055 2640 spei

405 2659 660 2731 fideique
681 2659 741 2714 in
762 2659 1100 2730 Dominum,
1115 2663 1180 2714 ut
1197 2659 1352 2730 quod
1372 2663 1534 2714 tanto
1552 2663 1666 2713 tem
1676 2674 1812 2730 pore
1829 2662 2057 2730 prester-

405 2748 654 2804 missum
687 2752 793 2816 est,
824 2747 909 2803 vel
943 2764 1076 2820 rege
1107 2747 1474 2818 prohibente,
1530 2746 1619 2802 vel
1652 2747 1949 2819 gentibus,
1982 2747 2054 2802 ad

404 2836 856 2894 commotionem
889 2837 1140 2892 duorum
1192 2835 1499 2892 hominum
1532 2835 1722 2891 facere
1748 2835 2052 2906 incipiant.

405 2927 721 2997 Haecjuxta
744 2925 1045 2981 historiam
1071 2924 1240 2980 solito
1263 2941 1424 2980 more
1447 2924 1862 2997 praemisimus.
1890 2924 2056 2978 Nunc

406 3015 732 3071 secundum
751 3013 1041 3088 ἀναγωγήν
1059 3013 1306 3068 breviter
1317 3013 1616 3069 disserend
1630 3029 1722 3067 um
1758 3016 1866 3068 est.
1883 3012 2052 3067 Octa—

406 3122 514 3159 vus
537 3104 692 3176 apud
718 3104 988 3158 Hebraeos
1012 3103 1233 3157 mensis
1275 3103 1376 3174 qui
1426 3101 1580 3174 apud
1602 3101 1734 3158 illos
1752 3117 2053 3156 suaesvm

2081 1817 2128 1881 B

2149 529 2368 582 charias
2399 528 2814 598 interpretatur
2863 526 3125 580 memoria
3179 524 3419 578 Domini:
3464 521 3698 594 Barachia,

2153 617 2450 672 benedictio
2479 617 2731 672 Domini:
2790 615 2976 682 Addo,
3028 613 3385 669 testimonium
3409 612 3526 683 ejus.
3552 612 3702 669 Videa-

2153 723 2286 761 mus
2307 722 2464 778 ergo,
2491 721 2680 761 sermo
2704 703 2932 760 Domini
2955 702 3053 774 qui
3076 706 3194 758 erat
3228 701 3286 756 in
3325 701 3575 773 principio
3591 702 3704 773 apud

2154 795 2336 850 Deum
2363 795 2614 860 Patrem,
2638 794 2776 866 quid
2797 793 2858 848 in
2878 791 3152 848 Zacharia
3172 788 3440 862 propheta
3453 789 3521 844 sit
3534 787 3713 846 locutus

2154 885 2226 938 ad
2258 884 2565 955 populum.

2226 973 2412 1043 (Vers.
2435 974 2491 1043 2,
2514 973 2592 1042 3.)
2613 973 2793 1026 Iratus
2812 975 2890 1026 est
2906 971 3167 1026 Dominus
3202 984 3357 1041 super
3381 975 3544 1041 patres
3559 971 3710 1023 vestros

2155 1062 2468 1129 iracundia,
2491 1065 2544 1116 et
2567 1060 2708 1116 dices
2728 1060 2799 1115 ad
2815 1076 2901 1116 eos
2921 1077 2939 1113 :
2971 1061 3094 1116 Haec
3128 1058 3261 1114 dicit
3293 1058 3530 1113 Dominus
3553 1057 3712 1112 exerci-

2155 1156 2346 1206 tuum:
2383 1150 2778 1206 Convertimini
2807 1149 2876 1204 ad
2911 1165 3019 1215 me,
3055 1149 3134 1202 ait
3163 1148 3411 1201 Dominus
3444 1148 3715 1201 exercituum

2155 1245 2210 1296 et
2228 1248 2510 1296 convertar
2530 1240 2608 1296 ad
2631 1255 2750 1305 vos,
2768 1238 2903 1294 dicit
2921 1239 3183 1293 Dominus
3199 1237 3534 1292 exercituum
3554 1235 3616 1289 Ne
3629 1234 3716 1287 sitis

2155 1331 2294 1385 sicut
2308 1333 2493 1401 patres
2511 1329 2680 1384 vestri
2693 1327 2764 1383 ad
2784 1343 2914 1398 quos
2936 1326 3244 1382 clamabant
3260 1325 3521 1396 prophetae
3531 1324 3718 1394 priores,

2156 1419 2410 1474 dicentes.
2445 1418 2584 1473 LXX
2618 1433 2630 1472 :
2664 1419 2846 1472 Iratus
2875 1424 2953 1472 est
3001 1417 3264 1471 Dominus
3309 1429 3463 1482 super
3484 1416 3635 1484 patres
3656 1427 3720 1465 ve-

2157 1512 2296 1563 stros
2334 1510 2422 1562 ira
2449 1522 2672 1576 magna,
2705 1515 2757 1561 et
2787 1505 2932 1560 dices
2961 1504 3032 1559 ad
3059 1520 3182 1560 eos:
3227 1505 3347 1560 Ηιτσ
3373 1502 3494 1556 dicit
3518 1501 3720 1556 Dominus

2159 1599 2495 1668 omnipotens
2517 1613 2536 1647 :
2558 1595 2664 1650 Con
2673 1595 2956 1650 vertimini
2975 1593 3046 1648 ad
3066 1609 3170 1662 me,
3191 1593 3326 1648 dicit
3345 1592 3578 1647 Dominus
3593 1591 3723 1643 virtu-

2160 1690 2297 1757 tum,
2328 1690 2379 1741 et
2409 1693 2695 1740 convertar
2724 1684 2796 1740 ad
2823 1700 2938 1751 vos,
2963 1681 3101 1738 dicit
3134 1683 3385 1737 Dominus
3412 1680 3668 1733 virtutum:
3689 1680 3724 1732 et

2161 1776 2330 1830 nolite
2360 1774 2483 1843 ﬁeri
2510 1776 2652 1829 sicut
2704 1782 2890 1844 patres
2943 1773 3130 1839 vestri,
3189 1785 3320 1842 quos
3354 1774 3620 1837 arguerunt
3635 1780 3725 1836 pro-

2157 1863 2353 1933 pheta,
2387 1865 2483 1933 qui
2511 1865 2664 1927 prius
2696 1864 2938 1926 fuerant,
2979 1859 3237 1914 dicentes.
3290 1858 3378 1913 Ira
3421 1853 3620 1911 Domini
3645 1868 3725 1908 non

2161 1953 2656 2025 perturbationem
2680 1951 2806 2020 ejus
2828 1948 3122 2020 significat
3145 1947 3245 2019 qui
3275 1947 3344 2018 (ο)
3365 1944 3636 2010 irascitur;
3655 1941 3726 1996 sed

2161 2056 2361 2096 eorum
2381 2039 2589 2094 merita
2606 2043 2781 2110 atque
2798 2043 3055 2109 peccata,
3076 2037 3137 2091 in
3157 2052 3304 2108 quos
3325 2035 3407 2090 ira
3420 2032 3506 2088 Dei
3523 2030 3728 2087 deserit:

2161 2129 2424 2200 alioquin
2437 2127 2720 2182 Dominus
2734 2142 3056 2197 numquam
3071 2125 3259 2179 iratus
3272 2123 3574 2188 ulciscitur,
3591 2119 3668 2176 sed
3680 2116 3730 2173 ad

2162 2218 2271 2274 hoc
2298 2191 2560 2288 cori‘ipit,
2592 2220 2654 2271 ut
2683 2191 2972 2270 emendet.
3005 2213 3172 2270 Unde
3202 2218 3259 2269 et
3297 2210 3558 2285 propheta
3581 2223 3730 2281 preca-

2160 2313 2258 2363 tur
2286 2307 2346 2361 in
2375 2304 2625 2361 Psalmis
2651 2321 2664 2360 :
2696 2306 2942 2373 Domine,
2976 2321 3044 2358 ne
3074 2305 3138 2358 in
3166 2305 3354 2373 furore
3381 2305 3466 2356 tuo
3488 2311 3733 2370 arguasms

2163 2411 2335 2467 neque
2367 2397 2426 2450 in
2455 2397 2542 2449 ira
2561 2399 2659 2449 tua
2691 2395 2965 2465 corripias
2991 2408 3078 2447 me
3114 2391 3290 2460 (Psat.
3320 2407 3395 2459 v1,
3422 2390 3489 2460 1).
3511 2388 3571 2443 Et
3588 2387 3634 2440 in
3652 2383 3732 2439 alio

2165 2485 2289 2541 loco
2313 2484 2562 2555 legimus
2590 2499 2603 2538 :
2631 2482 2858 2553 Corripe
2879 2497 2998 2552 nos,
3021 2482 3254 2536 Domine
3273 2499 3291 2535 :
3311 2482 3640 2536 verumtamen
3656 2488 3735 2527 non

2165 2577 2222 2629 in
2246 2576 2435 2644 furore
2463 2580 2573 2643 tuo,
2601 2572 2696 2627 sed
2725 2573 2786 2626 in
2821 2570 3212 2626 misericordia
3233 2570 3361 2641 (Jer.
3391 2585 3444 2638 x,
3470 2566 3570 2636 24).
3596 2564 3736 2618 Iratus

2163 2667 2254 2718 est
2277 2678 2413 2734 ergo
2440 2659 2726 2716 Dominus
2747 2675 2920 2730 super
2941 2663 3138 2730 patres
3160 2674 3361 2714 eorum
3384 2655 3476 2728 qui
3498 2667 3629 2709 nunc
3645 2665 3734 2704 car-

2165 2751 2480 2823 ripiuntur,
2506 2766 2618 2804 non
2635 2749 2808 2820 juxta
2829 2746 3218 2820 Septuaginta
3240 2747 3562 2817 interpretes
3576 2743 3645 2796 ira
3657 2753 3738 2792 nta-

2164 2855 2312 2908 gna;
2340 2839 2438 2894 sed
2472 2839 2562 2893 ira
2591 2836 2960 2908 simpliciter.
2992 2836 3047 2890 Si
3077 2836 3237 2892 enim
3287 2836 3374 2891 ira
3418 2847 3607 2903 magna
3626 2829 3739 2884 esset

2164 2929 2369 2993 iratus,
2394 2942 2719 2997 numquam
2749 2941 2850 2998 per
2875 2924 3169 2981 Danielem
3191 2929 3250 2981 et
3270 2919 3597 2979 Ezechielem
3610 2914 3737 2986 capti-

2164 3033 2266 3072 vos
2297 3016 2368 3070 ad
2398 3015 2801 3087 pcenitentiam
2842 3018 3234 3086 provocasset.
3283 3013 3532 3082 Cumque
3570 3008 3618 3064 in
3641 3003 3735 3060 illos

2163 3106 2348 3160 iratus
2371 3104 2467 3173 sit,
2492 3105 2563 3159 ad
2586 3120 2686 3159 vos
2706 3103 2972 3174 loquitur
2995 3103 3286 3158 Dominus
3308 3099 3648 3160 exercituum,
3665 3107 3736 3165 pro

411 3193 690 3279 (prima)
723 3193 876 3264 apud
907 3195 1184 3264 Egyptos
1214 3191 1393 3257 Athir,
1418 3190 1592 3279 apud
1623 3207 1730 3245 nos
1759 3191 2055 3279 November
2083 3182 2126 3249 C
2165 3210 2279 3265 quo
2305 3193 2364 3247 in
2388 3191 2667 3248 Hebraico
2691 3193 2948 3264 positum
2989 3195 3078 3246 est
3127 3208 3381 3247 samo-ru
3427 3189 3604 3260 (ΖΗΕ),
3626 3179 3735 3279 αλαοά

409 3277 644 3351 dicitur,
683 3279 912 3352 hyemis
934 3280 1236 3335 exordium
1261 3283 1352 3334 est
1374 3296 1386 3333 :
1413 3278 1470 3333 in
1492 3295 1606 3350 quo
1628 3278 1845 3333 aestatis
1867 3277 2056 3334 calore

411 3373 783 3441 consumpto,
818 3369 1012 3424 omnis
1043 3373 1195 3424 terra
1222 3368 1410 3424 virore
1441 3368 1718 3433 nudatur,
1751 3372 1808 3421 et
1837 3371 2056 3422 morta-

410 3457 557 3514 lium
579 3474 822 3530 corpora
843 3457 1288 3529 contrahuntur,
1323 3473 1427 3513 nec
1470 3462 1560 3512 est
1581 3455 1700 3512 ulla
1720 3473 1788 3511 ex
1810 3455 1935 3528 lege
1966 3472 2060 3512 so-

411 3547 706 3603 lemnitas.
730 3547 1026 3619 Scriptum
1079 3551 1168 3602 est
1216 3547 1372 3602 enim
1407 3546 1561 3618 quod
1591 3551 1680 3601 ter
1707 3563 1809 3618 per
1839 3561 2059 3600 annum

410 3644 690 3710 apparere
711 3636 918 3692 debeat
937 3652 1110 3692 omne
1139 3636 1368 3707 generis
1391 3633 1703 3691 masculini
1725 3651 1921 3690 eoram
1953 3639 2059 3689 Do-

412 3725 570 3780 mino
593 3725 708 3780 Deo
731 3729 930 3780 nostro
952 3723 1143 3795 (Exod.
1168 3723 1380 3794 xxxxv).
1429 3723 1620 3778 Prima
1671 3722 1954 3778 festivitas
1976 3725 2064 3778 est

407 3817 790 3888 Azymorum,
823 3813 1187 3885 Phase,quod
1221 3812 1375 3884 apud
1396 3829 1503 3868 nos
1523 3812 1718 3867 Graeco
1741 3811 2062 3882 Latinoque

412 3919 681 3960 sermone
711 3904 923 3959 Pascha
953 3903 1187 3958 dicitur.
1221 3902 1486 3958 Secunda
1532 3901 1901 3957 Pentecostes
1932 3904 2063 3972 post

405 3997 630 4066 septem
653 3993 1075 4062 hebdomadas,
1101 3993 1160 4046 in
1185 4008 1302 4062 qua
1323 4006 1504 4063 panes
1543 3989 1960 4062 propositionis
1990 3989 2060 4044 de

404 4082 567 4137 novis
591 4081 847 4153 primum
874 4081 1143 4152 frugibus
1165 4081 1507 4135 offeruntur.
1537 4079 1752 4145 Tertia,
1776 4078 1834 4133 in
1859 4095 2059 4134 mense

414 4170 686 4241 septimo,
710 4170 786 4240 (b)
811 4170 1085 4224 tubarum
1123 4168 1552 4241 propitiationis
1582 4173 1637 4223 et
1664 4167 2061 4223 tabernaculo-

418 4273 550 4312 rum
565 4256 644 4324 ,id
659 4253 1272 4330 θει,σκηνοπηγίας,ου]
1283 4274 1351 4312 us
1372 4260 1630 4312 extrema
1645 4257 1767 4312 dies
1782 4257 2061 4328 egressio-

411 4347 503 4402 nis
517 4345 1390 4420 appellaturetterminus.Ergo
1418 4346 1478 4401 in
1519 4345 1855 4418 captivitate
1883 4362 2063 4418 popu-

409 4437 503 4493 lus
517 4436 891 4504 constitutus,
911 4441 968 4492 et
980 4435 1170 4492 adhuc
1184 4436 1294 4492 sub
1307 4452 1440 4508 rege
1453 4435 1759 4490 Persarum
1773 4478 1786 4502 ,
1808 4436 2058 4490 necdum

410 4527 691 4583 aedificato
714 4526 952 4598 templo,
979 4527 1227 4581 necdum
1249 4525 1542 4581 mcenibus
1565 4524 1867 4594 murisque
1896 4524 2058 4578 urbis

411 4615 745 4682 exstructis,
778 4633 894 4670 non
926 4615 1081 4671 videt
1125 4614 1489 4687 prophetiam
1535 4619 1795 4685 tempore
1826 4612 2058 4678 laetitiae,

411 4706 512 4779 sed
537 4704 971 4778 postlzetitiam.
995 4705 1066 4758 Et
1086 4709 1304 4760 tamem
1333 4704 1434 4774 qui
1453 4703 1704 4758 habebat
1719 4708 2060 4758 memoriam

410 4795 664 4862 Domini,
688 4799 743 4850 et
760 4798 996 4866 propter
1009 4793 1376 4863 memoriam,
1399 4792 1883 4862 benedictionem,
1912 4791 2063 4847 780

407 4891 467 4949 et.
491 4884 565 4940 ob
596 4883 1084 4950 benedictionem,
1117 4882 1525 4938 testimonium
1550 4899 1562 4936 :
1591 4880 1805 4936 idcirco
1833 4882 1901 4936 ad
1927 4897 2060 4938 eum

479 5063 556 5190 Sa)
577 5061 892 5128 Victorius,
917 5066 1102 5117 octavo
1123 5062 1331 5116 scilicet
1347 5061 1485 5114 anni
1497 5075 1699 5115 mense.
1727 5057 1908 5114 Paulo
1934 5063 2066 5130 post

505 5134 622 5190 nati
654 5150 858 5189 omnes
889 5132 1045 5190 libri.
1076 5132 1510 5190 commotionem.
1543 5148 1644 5190 pro
1675 5132 2060 5186 commonitio-

403 5132 636 5207 vulgati
654 5132 1045 5207 omneslibri,
1076 5132 1510 5207 commotionem,
1542 5148 1644 5202 pro
1675 5132 2060 5186 commonitio-

412 5202 558 5263 nem.
592 5205 708 5261 Nos
743 5205 947 5277 Regin.
979 5221 1091 5260 ms.
1127 5202 1510 5277 praterimus.

482 5279 557 5351 (ὁ)
589 5273 858 5333 Mendose
881 5282 1013 5351 erat
1043 5273 1220 5351 penes
1249 5274 1733 5351 Littliartianaaum,
1754 5273 2061 5351 turbarum.

418 5343 550 5405 Mox
567 5366 667 5420 pro
685 5343 1507 5420 egressionisfcorrigitYictor
1526 5343 1865 5420 egressighin
1888 5347 2060 5398 recto.

417 5410 604 5477 Locu‘s
636 5410 735 5476 est
756 5419 928 5475 Levit.
961 5410 1121 5487 xxm,
1156 5410 1254 5473 ubi
1283 5416 1422 5472 LXX
1454 5410 1666 5487 habent
1697 5410 1920 5487 éééaioy.

492 5492 561 5564 (ι’)
593 5492 936 5564 Amovimus
960 5485 1368 5564 hincnegandi
1392 5485 1738 5564 particulam
1764 5487 1835 5541 ad
1859 5485 2063 5558 Regin.

424 5557 759 5630 msfﬁdem,
783 5569 837 5619 et
859 5564 918 5620 S.
944 5557 1497 5619 Doctoris'mentém.
1521 5557 1816 5630 Victorius
1834 5573 2066 5630 quoque

421 5631 516 5692 cui
539 5631 660 5691 haec
689 5627 858 5693 lectio
892 5633 1078 5712 magis
1119 5632 1360 5708 placuit,
1410 5647 1540 5692 eam
1598 5627 1986 5715 negationem
2005 5627 2067 5696 in

2165 3282 2350 3336 interd
2362 3298 2458 3336 um
2476 3280 2858 3352 Septuaginta
2867 3281 3315 3351 omnipotentem,
3336 3277 3598 3334 interdum
3618 3274 3737 3328 virtu

2167 3380 2282 3426 tum
2300 3369 2744 3425 transtulerunt.
2765 3369 2834 3424 Et
2854 3368 3147 3438 loquitur:
3170 3363 3566 3424 Convertimini
3582 3361 3638 3418 ad
3655 3372 3734 3420 me.

2168 3465 2224 3514 et
2245 3464 2550 3514 convertar
2569 3459 2639 3513 ad
2665 3475 2787 3526 vos,
2809 3459 2978 3529 juxta
3000 3456 3145 3512 illud
3198 3457 3354 3528 quod
3398 3454 3645 3527 legimus:
3673 3447 3739 3501 Ac-

2167 3549 2340 3605 cedite
2368 3548 2438 3603 ad
2467 3549 2779 3617 Dominum,
2811 3551 2861 3602 et
2917 3545 3130 3602 accedet
3191 3546 3261 3601 ad
3317 3561 3424 3601 vos.
3454 3540 3641 3607 Quibus
3664 3533 3741 3588 hoc

2170 3638 2526 3694 contrarium
2560 3641 2647 3691 est
2673 3653 2685 3691 :
2720 3636 3032 3691 Recessistis
3063 3652 3099 3689 a
3127 3651 3239 3705 me,
3273 3638 3325 3690 et
3345 3648 3437 3702 ego
3461 3627 3740 3686 recessiaw-

2172 3729 2271 3782 bis.
2295 3725 2562 3798 Praecipit
2587 3729 2782 3780 autem
2807 3725 2912 3793 eis,
2941 3729 3006 3778 ut
3027 3728 3393 3779 revertantur
3411 3721 3478 3776 ad
3498 3715 3738 3774 Dominum

2171 3813 2269 3886 qui
2296 3815 2366 3869 de
2388 3813 2703 3884 Babylonia
2720 3816 2859 3867 sunt
2880 3811 3113 3879 reversi,
3144 3816 3214 3867 ut
3241 3816 3297 3866 et
3331 3809 3581 3865 Dominus
3599 3814 3738 3886 rever:

2168 3883 2324 3958 tatur
2347 3903 2489 3957 781
2516 3883 2588 3957 ad
2611 3919 2729 3971 eos,
2756 3917 2827 3956 ne
2849 3901 3132 3972 incipiant
3170 3901 3456 3957 sustinere
3490 3893 3595 3960 ﬁlii,
3629 3883 3740 3962 quod

2168 3993 2467 4063 quondam
2496 3991 2866 4047 sustinerunt
2886 3995 3101 4062 patres,
3126 3991 3202 4045 ad
3230 4006 3378 4062 quos
3397 3984 3631 4044 similiter
3653 3990 3744 4063 prof

2168 4061 2354 4152 pheta:
2386 4079 2545 4134 illius
2570 4079 2855 4152 temporis
2887 4061 3027 4134 sunt
3063 4061 3269 4135 locuti.
3303 4075 3603 4133 Notandum
3628 4061 3741 4139 (ιιιοά

2168 4169 2226 4223 in
2255 4168 2457 4241 paucis
2473 4167 2777 4223 versiculis
2794 4168 3190 4240 brevibusque
3205 4164 3499 4223 sententiis
3509 4152 3742 4241 semperin

2169 4240 2374 4331 Aggzeo
2404 4261 2461 4314 et
2505 4256 2783 4312 Zacharia
2832 4257 3100 4324 addatur,
3130 4256 3272 4312 dicit
3309 4255 3557 4312 Dominus
3579 4240 3741 4303 exerci-

2167 4350 2347 4417 tuum,
2369 4351 2432 4401 ut
2453 4346 2661 4414 sciant,
2681 4345 2968 4400 Dominus
2987 4361 3114 4401 esse
3135 4345 3242 4416 qui
3266 4343 3512 4417 praecipit
3530 4337 3743 4393 adversus

2171 4436 2325 4508 regis
2355 4435 2670 4507 imperium
2703 4438 2760 4489 et
2788 4433 2986 4489 hostes
3011 4433 3570 4489 circumfrementes:
3595 4425 3639 4476 et
3659 4418 3740 4472 hac

2171 4525 2241 4580 ad
2273 4523 2715 4578 aedificationem
2747 4521 2950 4593 templi
2983 4521 3202 4576 fiducia
3232 4520 3581 4577 concitentur.

2243 4615 2430 4685 (Vers.
2462 4612 2538 4683 4.)
2571 4613 2690 4666 Huc
2720 4612 2860 4667 dicit
2887 4611 3150 4666 Dominus
3182 4611 3542 4666 exercituum:
3568 4598 3745 4654 ϐοηθεῖ·

2169 4702 2359 4757 timini
2369 4701 2436 4756 de
2453 4702 2556 4755 viis
2577 4702 2772 4755 vestris
2788 4699 2974 4764 malis,
2993 4707 3045 4754 et
3059 4699 3483 4769 cogitationibus
3502 4688 3745 4778 vestris

2170 4792 2326 4845 simis
2353 4806 2364 4842 :
2394 4793 2443 4845 et
2465 4805 2576 4844 non
2598 4789 2925 4853 audierunt,
2957 4803 3129 4857 neque
3149 4787 3494 4843 attenderunt
3510 4779 3567 4836 ad
3584 4789 3668 4839 me,
3685 4769 3748 4824 ἀί⁸

2176 4881 2250 4935 cit
2268 4879 2552 4935 Dominus.
2577 4877 2712 4932 LXX
2728 4895 2748 4932 .·
2764 4878 2891 4933 Hec
2901 4875 3037 4930 dicit
3057 4877 3327 4931 Dominus
3350 4874 3424 4946 (ἀ)
3443 4869 3746 4939 omnipotens!

2173 5057 2432 5130 quinque
2454 5055 2755 5130 Florentiae
2776 5053 3024 5130 aliisque
3059 5053 3266 5130 Brixiae
3314 5049 3591 5130 codicibus
3604 5041 3747 5130 sciti!“

2171 5121 2466 5184 tatur'non
2489 5126 2798 5182 invenisse.
2824 5121 3182 5196 Sen—susque,
3207 5126 3310 5191 ait,
3333 5127 3425 5196 est
3447 5139 3459 5176 :
3484 5122 3538 5196 In
3559 5121 3745 5196 0019193

2171 5203 2390 5286 ira‘non
2413 5199 2703 5286 significat
2723 5186 3219 5286 perturbationem
3248 5186 3496 5286 Dei,cum
3511 5186 3742 5286 nesciis):

2173 5273 2272 5327 sed
2297 5262 2803 5343 significateorum
2830 5268 3057 5343 merita,
3077 5271 3256 5343 atque
3297 5269 3540 5338 peccata,
3561 5262 3616 5338 in
3637 5262 3743 5343 (tny

2173 5343 2273 5399 Dei
2297 5327 2383 5397 ira
2406 5340 2656 5396 desaevit.
2685 5339 2958 5409 Alioquin
2983 5327 3265 5394 Dominus
3286 5327 3584 5409 numquam
3605 5327 3742 5381 iratus

2175 5413 2514 5478 ulciscitur;
2549 5412 2647 5467 sed
2680 5411 2787 5466 hoc
2813 5407 3075 5480 corripit,
3109 5414 3175 5465 ut
3210 5407 3495 5465 emendet.
3570 5470 3583 5480 _
3651 5466 3660 5477 O

2307 5489 2322 5555 )
2347 5485 2453 5539 Pro
2475 5469 2835 5565 omnipgtens,
2855 5482 2915 5565 in
2938 5469 3139 5565 Regii}:
3167 5497 3282 5536 ms.
3304 5469 3744 5565 virtutumiggiiu:

2175 5543 2376 5686 gnate
2406 5555 2578 5612 estin
2626 5543 3054 5628 'Complutensi
3093 5551 3292 5610 Graeco
3344 5543 3742 5625 exemplari.”

2209 5647 2264 5686 υν
2310 5646 2475 5686 μεων.

2209 5646 2475 5706 υναμεων,

2207 5485 2300 5568 ,(ίλ

2175 5573 2258 5612 SlC
