4022 6192
324 421 476 482 1421

1034 424 1779 486 COMMENTARIORUM
1827 426 1901 484 IN
1951 427 2403 487 ZACHAlllAM
2452 427 2598 488 LIB.
2647 427 2695 487 Ι.
2744 431 2923 491 (ΙΑΡί
2965 432 3012 492 l.

3574 432 3729 496 uss

327 555 735 610 Convertimini
753 571 787 609 a
809 556 911 611 viis
930 559 1124 611 vestris
1140 559 1471 629 pessimis,et
1485 557 1553 613 ab
1571 557 1972 612 adinventioni-
2001 560 2055 624 Α
2083 558 2226 613 mini
2244 559 2324 613 ad
2343 559 2691 625 Zachariam,
2714 560 2895 630 ﬁlium
2924 563 3234 628 Barachiee,
3255 562 3434 634 ﬁlium
3455 562 3644 636 [Vulg.
3666 565 3731 635 ﬁ-

323 646 421 699 bus
448 646 642 699 vestris
671 645 835 699 malis
856 663 875 698 .·
907 653 959 699 et
986 662 1095 700 non
1126 646 1474 701 attenderunt
1493 651 1555 701 ut
1582 646 1839 701 audirent
1861 664 1966 711 me,

317 736 453 789 dicit
486 734 775 788 Dominus.
812 734 889 786 Ex
922 734 1321 806 superioribus
1349 736 1559 806 pendet
1581 736 1890 801 sententia,
1915 740 1972 790 et

314 841 443 894 qua:
470 829 803 894 sequuntur
825 822 1119 893 prioribus
1144 825 1468 895 coaptanda
1489 825 1787 879 sunt.Non
1811 825 1965 879 enim

311 912 621 968 Zacharias
653 912 723 965 ad
761 910 1040 983 populum
1076 912 1375 983 loquitur;
1415 913 1514 968 sed
1548 913 1964 984 ostenditquid

311 1002 537 1074 priores
570 999 865 1072 propheta:
898 1001 968 1054 ad
1001 1006 1194 1072 patres
1239 1018 1441 1057 eorum
1493 1001 1665 1056 locuti
1700 1007 1856 1066 sunt,
1891 1003 1964 1057 ad

311 1090 465 1161 quod
518 1088 939 1154 clamaverunt,
990 1090 1294 1145 dicentes:
1354 1096 1484 1146 1133c
1533 1091 1671 1145 dicit
1703 1091 1963 1146 Dominus

308 1180 653 1235 exercituum
679 1194 691 1231 :
724 1179 1122 1233 Convertimini
1144 1179 1209 1234 de
1228 1182 1331 1234 viis
1352 1182 1540 1235 vestris
1559 1180 1725 1234 malis
1745 1189 1796 1233 et
1814 1182 1961 1247 cogi-

310 1268 612 1322 tationibus
648 1269 836 1323 vestris
861 1269 1137 1339 pessimis.
1172 1273 1290 1323 Hoc
1316 1268 1606 1323 clamabat
1628 1268 1830 1333 Isaias,
1854 1268 1961 1323 hoc

311 1356 476 1423 Osee,
500 1355 644 1421 Joel,
670 1358 868 1422 Amos,
892 1361 949 1411 et
971 1356 1276 1424 Jeremias,
1296 1363 1359 1412 ut
1382 1358 1504 1412 vias
1528 1356 1713 1412 malas
1733 1358 1960 1413 desere-

312 1449 525 1513 rent,et
542 1445 921 1516 cogitationes
942 1446 1231 1517 pessimas
1246 1446 1962 1518 derelinquerent,quibus

315 1538 371 1589 et
426 1549 619 1605 opere,
643 1538 699 1587 et
751 1540 943 1587 mente
992 1535 1345 1603 peccabant:
1379 1540 1435 1589 et
1456 1533 1841 1589 nihilominus
1862 1551 1963 1606 per

307 1622 622 1694 prophetas
644 1622 958 1677 Dominum
986 1628 1455 1678 ceii'imonentem
1482 1640 1596 1678 non
1621 1624 1977 1693 audierunt;

306 1728 495 1783 neque
508 1710 1290 1783 attenderunt,nequaquam
1314 1712 1629 1783 prophetas
1651 1712 1749 1783 qui
1775 1711 1857 1767 eis
1882 1712 1957 1767 lo-

303 1802 655 1873 quebantur,
679 1799 781 1853 sed
810 1815 921 1863 me,
944 1800 1021 1869 (τι)
1043 1800 1185 1854 dicit
1208 1801 1523 1855 Dominus:
1556 1802 1619 1854 In
1650 1798 1767 1854 illis
1798 1802 1952 1854 enim

2083 647 2172 717 lii]
2207 648 2374 713 Addo,
2407 650 2751 719 praphetam,
2776 650 2979 706 dicens.
3006 652 3141 706 LXX
3167 670 3180 707 :
3215 654 3428 721 Quarta
3454 656 3507 708 et
3537 654 3732 708 vicesi-

2081 752 2189 803 ma,
2213 737 2496 790 undecimo
2519 753 2721 801 mense,
2754 741 2848 810 qui
2866 748 2942 794 est
2970 742 3173 796 mensis
3193 741 3389 796 Sabat:
3409 743 3473 797 in
3492 742 3729 799 secundo

2077 841 2224 878 anno
2261 829 2365 879 sub
2410 828 2605 889 Dario,
2654 829 2830 897 factus
2858 831 2935 882 est
2963 845 3144 885 sermo
3172 831 3396 886 Domini
3420 830 3492 885 ad
3518 830 3728 887 Zacha-

2075 915 2221 967 riam
2242 913 2533 971 Barachiae
2551 915 2732 984 ﬁlium
2748 915 2900 977 Adda
2911 919 3235 989 prophetam
3257 919 3461 976 dicens.
3475 916 3726 983 Quidam

2077 1017 2177 1071 pro
2205 1003 2514 1059 undecimo
2540 1020 2740 1059 mense
2763 1011 2989 1077 ponunt
3008 1007 3421 1063 duodecimum
3450 1025 3462 1063 :
3498 1012 3553 1064 et
3581 1008 3727 1065 vice-

2072 1089 2186 1145 sim
2200 1108 2298 1146 um
2330 1097 2605 1163 quartum
2637 1094 2792 1149 diem
2813 1094 3076 1165 ejusdem
3097 1098 3320 1153 mensis
3340 1097 3725 1156 arithmeticis

2074 1178 2398 1236 rationibus
2424 1182 2890 1253 interpretantes,
2911 1185 3388 1258 quadrangulum
3411 1187 3648 1243 ﬁrmum
3665 1191 3724 1243 et

2072 1267 2336 1323 stabilem
2372 1286 2683 1325 numerum
2707 1272 3102 1345 suspicantur,
3134 1274 3391 1331 volentes
3416 1280 3574 1331 certa
3592 1291 3722 1332 esse

2071 1360 2128 1410 et
2145 1357 2378 1413 stabilia
2396 1376 2521 1430 quae
2543 1360 2913 1429 scribuntur;
2936 1379 3040 1418 nos
3064 1368 3258 1420 autem
3276 1364 3542 1420 dicamus
3560 1365 3718 1437 quod

2074 1444 2131 1498 in
2163 1447 2363 1501 eodem
2399 1464 2552 1503 anno
2584 1448 2741 1503 Darii
2773 1451 2926 1522 regis
2965 1452 3243 1516 secundo,
3296 1453 3467 1507 tertio
3515 1468 3720 1509 mense

2072 1540 2203 1604 post
2237 1536 2484 1606 primam
2510 1536 2826 1605 Visionem,
2863 1538 2919 1593 id
2945 1543 3054 1605 est,
3076 1540 3386 1597 undecimo
3409 1545 3540 1613 post
3558 1545 3719 1598 octa-

2069 1639 2226 1691 vum,
2282 1625 2383 1695 qui
2428 1626 2582 1696 apud
2624 1627 2896 1683 Hebrasos
2929 1627 3258 1699 appellatur
3286 1646 3462 1685 sana'r
3489 1630 3712 1703 (7:318),

2069 1728 2304 1767 rursum
2325 1714 2397 1768 ad
2421 1714 2756 1770 Zachariam
2788 1716 2977 1771 factus
3010 1717 3086 1772 sit
3115 1733 3307 1773 sermo
3337 1718 3588 1774 Domini.
3608 1718 3714 1775 Se-

2065 1801 2325 1855 cundum
2352 1819 2665 1857 numerum
2688 1820 2818 1858 esse
2838 1804 3237 1873 immundum,
3262 1811 3320 1861 et
3338 1807 3412 1862 ad
3435 1808 3712 1879 conjunc-

301 1906 409 1961 ego
457 1905 613 1944 eram
663 1886 762 1959 qui
806 1886 1086 1958 loquebar
1115 1894 1171 1943 et
1200 1888 1634 1944 contemnebar.
1695 1888 1855 1944 Unde
1899 1894 1957 1943 et
1987 1923 2033 1987 Β
2065 1888 2280 1944 tionem
2312 1892 2527 1957 carnis,
2575 1897 2632 1946 et
2661 1909 2854 1947 rerum
2886 1893 3103 1959 saeculi,
3135 1896 3207 1950 ad
3243 1896 3499 1950 materias
3530 1896 3713 1967 perti-

304 1977 591 2033 Dominus
624 1976 680 2030 in
713 1976 1021 2047 Evangelio
1059 1994 1071 2031 :
1108 1978 1213 2045 Qui
1245 1994 1355 2045 vos,
1386 1977 1599 2049 inquit,
1628 1980 1837 2048 recipit,
1870 1993 1955 2033 me

304 2068 499 2138 recipit
528 2064 749 2137 (Matth.
786 2082 842 2129 x,
872 2066 982 2135 40).
1204 2068 1218 2075 ’

375 2156 563 2227 (Vers.
594 2156 649 2224 5,
680 2156 761 2225 6.)
806 2156 998 2209 Patres
1043 2156 1208 2209 vestri
1250 2156 1347 2209 ubi
1372 2163 1517 2220 sunt,
1550 2159 1602 2209 et
1629 2156 1956 2227 prophetae?

302 2245 569 2316 numquid
586 2246 645 2298 in
665 2246 1057 2315 sempiternum
1072 2244 1146 2315 (b)
1168 2246 1380 2299 vivent?
1396 2245 1773 2299 Verumtamen
1790 2244 1953 2299 verba

298 2351 426 2390 mea
450 2338 501 2388 et
523 2334 765 2404 legitima
784 2350 925 2403 mea,
948 2349 1067 2405 quae
1094 2333 1357 2388 mandavi
1373 2336 1543 2388 servis
1562 2335 1697 2388 meis
1718 2334 1947 2404 prophe-

297 2426 392 2489 tis,
426 2424 701 2495 numquid
729 2440 835 2477 non
866 2421 1385 2493 comprehenderunt
1412 2431 1598 2493 patres
1640 2426 1871 2477 vestros?
1900 2431 1951 2477 et

294 2513 543 2568 conversi
586 2516 735 2577 sunt,
769 2520 820 2566 et
850 2512 1121 2566 dixerunt
1150 2528 1168 2565 :
1219 2510 1367 2565 Sicut
1396 2512 1657 2580 cogitavit
1688 2511 1948 2565 Dominus

293 2603 595 2656 exercitum
625 2603 808 2671 facere
837 2602 992 2655 nobis
1023 2599 1135 2668 [AL
1168 2600 1473 2669 nobiscum]
1503 2598 1796 2653 secundum
1828 2600 1948 2653 vias

289 2700 510 2746 nostras
532 2694 583 2743 et
604 2689 900 2744 secundum
920 2689 1330 2743 adinvcntiones
1360 2692 1593 2751 nostras,
1616 2689 1747 2758 fecit
1768 2688 1941 2742 nobis.

295 2780 433 2833 LXX
460 2795 473 2834 :
511 2780 700 2833 Patres
734 2780 905 2832 vestri
950 2778 1043 2832 ubi
1071 2786 1218 2843 sunt,
1249 2781 1300 2831 et
1327 2778 1603 2847 prophetae
1623 2780 1648 2829 γ
1676 2777 1945 2847 numquid

291 2869 355 2922 in
381 2868 772 2939 sempiternum
800 2869 1020 2921 vivent?
1054 2868 1433 2920 Verumtamen
1468 2880 1744 2920 sermones
1773 2881 1941 2934 meos,

291 2964 345 3010 et
377 2957 621 3027 legitima
648 2973 770 3009 mea
799 2956 1077 3025 suscipite,
1111 2969 1237 3025 quae
1266 2970 1358 3024 ego
1382 2956 1642 3025 principio
1664 2955 1726 3007 in
1742 2954 1945 3024 spiritu

296 3061 415 3101 meo
462 3046 632 3100 servis
648 3045 785 3099 meis
802 3043 1101 3115 praphetis,
1117 3044 1212 3113 qui
1228 3042 1745 3114 comprehenderunt
1764 3050 1944 3113 patres

294 3139 496 3190 vestros
520 3153 538 3188 :
568 3137 621 3189 et
649 3132 1053 3203 responderunt
1071 3131 1534 3202 atquedixerunt:
1560 3132 1710 3186 Sicut
1730 3146 1943 3202 praepa-

289 3232 446 3278 ratus
473 3231 547 3278 est
578 3224 843 3278 Dominus
874 3222 1215 3287 omnipotens
1248 3225 1305 3274 ut
1352 3224 1545 3276 faceret
1594 3220 1745 3276 782
1784 3221 1943 3275 nobis

2066 1984 2321 2048 nentem,
2354 1996 2506 2050 saepe
2533 1980 2863 2036 docuimus.
2894 1981 3110 2037 Mensis
3139 1987 3334 2038 autem
3360 1984 3709 2041 undecimus

2065 2066 2166 2136 qui
2188 2066 2520 2137 appellatur
2536 2084 2734 2135 sanar,
2749 2074 2806 2122 et
2826 2068 3029 2141 lingua
3049 2074 3252 2126 nostra
3272 2071 3330 2125 in
3355 2072 3573 2141 virgam
3590 2087 3713 2128 ver-

2062 2153 2224 2223 titur,
2258 2156 2659 2211 austeritatem
2688 2160 2745 2210 et
2773 2156 3199 2229 correptionem
3230 2164 3418 2227 sonat,
3437 2160 3612 2230 juxta
3637 2158 3709 2215 il-

2061 2242 2160 2297 lud
2185 2243 2448 2314 Apostoli
2477 2260 2490 2297 :
2524 2244 2665 2312 Quid
2694 2246 2900 2299 vultis?
2932 2247 3083 2303 788
3115 2249 3175 2301 in
3203 2249 3359 2318 virga
3388 2250 3611 2305 veniam
3637 2248 3710 2304 ad

2061 2346 2149 2385 vos
2179 2332 2222 2398 (Ι
2252 2330 2375 2385 Cor.
2403 2349 2475 2399 ιν,
2504 2332 2638 2400 21)?
2668 2333 2735 2387 Et
2759 2333 3083 2389 Psalmistaa
3109 2335 3353 2391 dicentis
3379 2354 3393 2391 :
3429 2337 3592 2405 Virga
3611 2340 3709 2392 tua

2058 2428 2107 2474 ct
2139 2420 2537 2501 baculus’tuus,
2572 2423 2691 2492 ipsa
2718 2438 2806 2477 me
2833 2423 3110 2479 consolata
3138 2428 3270 2479 sunt
3293 2425 3446 2495 (Psal
3465 2442 3605 2496 xxxi,
3624 2426 3704 2497 5).

2059 2511 2125 2562 Et
2152 2512 2242 2563 est
2269 2508 2327 2561 in
2359 2509 2674 2563 accerrimo
2707 2514 2966 2581 tempore
2996 2510 3238 2583 hyemis,
3272 2513 3371 2584 qui
3403 2515 3474 2569 ab
3494 2514 3703 2587 [Egyp-

2056 2596 2152 2650 tiis
2184 2596 2404 2666 Mechir,
2437 2616 2472 2652 a
2500 2598 2907 2653 Macedonibus
2932 2597 3205 2672 περίτιος,
3239 2618 3273 2655 a
3301 2601 3582 2659 Romanis
3609 2604 3704 2659 Fe-

2057 2686 2315 2741 bruarius
2332 2686 2680 2758 appellatur.
2696 2686 2987 2743 Vicesima
3007 2704 3239 2761 quoque
3256 2695 3466 2762 quarta
3482 2691 3703 2747 mensis

2055 2775 2179 2829 dies
2212 2774 2503 2830 illustrem
2537 2770 2725 2831 noctis
2755 2776 3028 2832 umbram
3059 2777 3371 2849 signiﬁcat,
3400 2778 3704 2837 deﬁciente

2042 2863 2194 2919 luna
2223 2864 2281 2918 in
2313 2864 2583 2919 tenebras
2603 2908 2617 2929 ,
2669 2869 2726 2920 et
2756 2882 2904 2920 ceco
2936 2882 3000 2921 ac
3031 2871 3311 2939 perpetuo
3342 2868 3531 2923 noctis
3559 2868 3699 2925 hor-

2054 2968 2182 3008 rorc
2213 2957 2527 3008 crescente.
2565 2953 2724 3008 Unde
2755 2970 3010 3026 congrue
3038 2956 3140 3026 qui
3165 2956 3358 3012 adhuc
3379 2956 3439 3012 in
3462 2957 3700 3029 captivi-

2051 3045 2169 3096 tate
2200 3046 2382 3109 erant,
2416 3046 2472 3096 et
2503 3042 2723 3111 majore
2745 3042 2837 3097 sui
2860 3046 3022 3114 parte
3044 3044 3102 3098 in
3126 3043 3311 3100 Medis
3333 3049 3506 3118 atque
3527 3045 3697 3103 Chal-

2052 3130 2213 3195 daeis,
2244 3135 2301 3184 et
2322 3130 2578 3203 Assyriis
2601 3130 2937 3198 exulabant,
2969 3132 3030 3187 in
3053 3134 3308 3189 secundo
3330 3151 3483 3190 anno
3508 3139 3566 3190 et
3590 3152 3697 3191 un-

2054 3218 2264 3273 decimi
2298 3220 2517 3273 mensis
2547 3219 2893 3292 gravissimo
2926 3220 3166 3293 frigore,
3218 3227 3275 3277 et
3320 3222 3381 3277 in
3408 3223 3701 3280 vecesima

287 3313 589 3368 secundum
611 3313 727 3366 vias
751 3314 1049 3373 nostras,ct
1073 3310 1369 3364 secundum
1392 3309 1803 3365 adinventiones
1821 3325 1940 3363 nos—
1971 3290 2013 3356 (ἶ
2053 3312 2259 3378 quarte
2280 3307 2372 3362 die
2393 3308 2654 3378 ejusdem
2678 3308 2924 3376 mensis,
2954 3315 3201 3366 cernunt
3219 3310 3464 3368 Judaico
3480 3311 3696 3385 populo

290 3407 429 3470 iras,
460 3403 538 3456 sic
567 3402 694 3471 fecit
724 3400 896 3455 nobis.
940 3399 1042 3454 Ubi
1078 3404 1234 3467 sunt,
1272 3398 1482 3469 inquit,
1514 3402 1709 3469 patres
1739 3397 1934 3465 vestri,

289 3490 393 3562 qui
419 3507 531 3545 non
557 3489 889 3551 audierunt,
915 3504 1101 3558 neque
1125 3487 1497 3541 attenderunt
1520 3487 1653 3540 me?
1684 3486 1780 3541 ubi
1806 3503 1935 3556 pro-

289 3580 477 3652 phetae
493 3582 689 3633 vestrae
703 3576 730 3632 ?
744 3574 845 3629 ἀπὸ
862 3595 1047 3628 κοίνου
1062 3575 1218 3629 enim
1232 3574 1589 3629 audiendum
1611 3578 1699 3628 est
1717 3591 1728 3627 :
1744 3577 1939 3643 patres

286 3667 466 3723 vestri
498 3667 596 3721 ubi
630 3670 788 3731 sunt,
814 3670 870 3720 et
900 3664 1192 3738 propheta:
1215 3662 1389 3719 vestri
1413 3662 1510 3716 ubi
1540 3661 1716 3716 sunt?
1746 3662 1801 3715 id
1828 3665 1935 3731 est,

290 3754 814 3829 pseudoprophetze
834 3771 845 3808 :
868 3770 1191 3824 numquam
1208 3752 1367 3806 enim
1382 3752 1451 3805 de
1466 3751 1684 3805 sanctis
1698 3750 1940 3821 prophe-

286 3846 369 3901 tis
400 3845 653 3900 diceret:
685 3843 954 3913 numquid
984 3846 1044 3896 in.
1073 3843 1464 3912 sempiternum
1494 3839 1707 3894 vivent?
1737 3839 1806 3892 Et
1848 3839 1939 3894 his

291 3950 432 4007 ergo
462 3934 558 4005 qui
595 3936 997 4005 peccaverunt,
1048 3937 1106 3985 et
1155 3928 1467 3984 noluerunt
1505 3929 1575 3983 ad
1612 3945 1700 3983 me
1733 3928 1938 3982 reverti

294 4025 405 4095 ιᾹι.
438 4021 737 4093 οοηγθιιῐὶι,
772 4025 829 4076 et
859 4020 951 4074 his
983 4018 1081 4090 qui
1116 4023 1419 4090 peccantes
1460 4017 1624 4072 falsis
1655 4017 1940 4084 pollicita-

288 4111 574 4177 tionibus,
603 4110 971 4180 deceperunt,
1009 4114 1195 4163 morte
1224 4107 1560 4171 subtractis,
1585 4107 1764 4161 verba
1789 4123 1937 4173 mea,

290 4218 426 4273 quas
449 4217 550 4272 per
570 4199 883 4271 prophetas
906 4214 1065 4252 meos
1086 4197 1315 4251 locutus
1338 4214 1491 4261 sum,
1516 4200 1859 4267 permanent
1881 4196 1940 4249 in

291 4294 600 4355 aeternum,
636 4304 762 4359 qua:
794 4284 1361 4356 comprehenperunt
1394 4290 1588 4355 patres
1618 4291 1861 4353 vestros,
1886 4288 1944 4340 et

290 4377 676 4434 ostenderunt
695 4393 829 4431 vera
850 4392 978 4430 esse
1000 4391 1126 4444 qua:
1150 4373 1284 4428 dixi.
1311 4373 1416 4439 Qui
1443 4380 1634 4444 patres
1652 4373 1828 4429 vestri
1852 4389 1941 4428 re-

290 4482 429 4521 rum
448 4465 602 4520 exitu
627 4464 1038 4536 prophetarum
1067 4478 1328 4516 meorum
1347 4461 1407 4515 in
1426 4478 1488 4516 se
1509 4462 1943 4516 vaticiniacom-

288 4555 628 4627 probantes,
644 4552 903 4609 conversi
927 4556 1068 4607 sunt
1088 4552 1157 4604 ad
1189 4549 1588 4621 pmnitentiam
1608 4553 1781 4620 atque
1793 4550 1945 4604 dixe-

2047 3414 2173 3467 qua:
2207 3402 2554 3467 sequuntur.

2117 3485 2300 3551 (Vers.
2335 3486 2368 3536 8
2400 3490 2588 3554 seqq.)
2623 3484 2741 3539 Vidi
2766 3501 2865 3556 per
2893 3490 3104 3541 noctem
3124 3505 3142 3540 :
3171 3491 3223 3541 et
3250 3504 3370 3543 ecce
3397 3490 3487 3543 vir
3513 3504 3696 3544 ascen-

2045 3572 2176 3626 dens
2209 3588 2373 3643 super
2398 3588 2597 3644 equum
2626 3575 2835 3643 rufum,
2865 3582 2916 3628 et
2934 3576 3049 3644 ipse
3066 3575 3245 3629 stabat
3270 3578 3414 3631 inter
3430 3580 3695 3648 myrteta,

2046 3677 2163 3733 qua:
2192 3670 2351 3716 erant
2380 3663 2441 3715 in
2466 3661 2757 3732 profundo,
2784 3666 2835 3716 et
2862 3665 2979 3733 post
3010 3678 3135 3717 eum
3162 3668 3289 3735 equi
3316 3664 3443 3733 ruﬁ,
3477 3666 3622 3721 varii
3639 3669 3695 3722 et

2046 3751 2183 3815 albi,
2217 3759 2268 3805 et
2295 3751 2424 3805 dixi
2442 3768 2461 3804 :
2495 3750 2635 3818 Quid
2663 3758 2789 3805 sunt
2818 3752 2929 3812 isti.
2962 3750 3180 3807 domine
3206 3751 3330 3806 mi?
3357 3755 3424 3808 Et
3450 3753 3595 3809 dixit
3622 3754 3695 3810 ad

2048 3856 2134 3895 me
2162 3841 2389 3910 angelus
2418 3843 2510 3910 qui
2542 3839 2865 3908 loquebatur
2891 3841 2951 3893 in
2983 3856 3071 3895 me
3092 3858 3111 3895 :
3142 3842 3256 3912 Ego
3284 3841 3563 3897 ostendam
3592 3843 3698 3899 tibi

2049 3928 2180 4000 quid
2197 3929 2310 3983 sint
2330 3928 2466 3984 haec.
2487 3929 2550 3982 Et
2570 3927 2910 3999 respondebit
2924 3930 3015 3983 vir
3032 3930 3128 3999 qui
3143 3929 3318 3984 stabat
3336 3931 3481 3986 inter
3497 3933 3701 4002 myrte-

2049 4025 2125 4077 ta,
2156 4020 2208 4071 et
2236 4016 2384 4071 dixit
2409 4033 2421 4069 :
2454 4017 2550 4070 Isti
2575 4024 2703 4070 sunt
2731 4032 2860 4088 quos
2886 4018 3040 4071 misit
3072 4019 3368 4083 Dominus,
3395 4022 3457 4073 ut
3475 4035 3698 4091 peram-

2051 4104 2311 4159 bularent
2343 4113 2574 4160 terram.
2606 4105 2669 4158 Et
2700 4105 3095 4175 responderunt
3122 4108 3315 4174 angelo
3344 4108 3584 4176 Domini,
3605 4108 3702 4179 qui

2048 4194 2223 4248 stabat
2245 4196 2388 4248 inter
2404 4201 2658 4264 myrteta,
2682 4199 2735 4248 et
2753 4193 3046 4249 dixerunt:
3062 4196 3573 4253 Perambulavimus
3591 4200 3700 4254 ter-

2050 4300 2190 4351 ram,
2224 4288 2276 4336 et
2306 4298 2423 4337 ecce
2448 4284 2626 4337 omnis
2654 4287 2807 4337 terra
2865 4284 3151 4338 habitatur
3191 4290 3244 4340 et
3264 4288 3514 4356 quiescit.
3535 4289 3598 4342 Et
3619 4303 3704 4343 re-

2050 4371 2265 4443 spondit
2293 4372 2518 4441 angelus
2539 4373 2782 4441 Domini,
2806 4376 2856 4427 et
2875 4372 3021 4439 dicit
3044 4389 3057 4426 :
3091 4375 3315 4429 Domine
3333 4376 3698 4444 exercituum,

2051 4462 2122 4531 (ε)
2153 4477 2426 4531 usq-aequo
2457 4465 2519 4515 tu
2538 4477 2647 4516 non
2677 4461 3027 4516 misereberis
3046 4462 3370 4529 Jerusalem,
3397 4471 3451 4519 et
3473 4464 3701 4519 urbium

2049 4549 2209 4615 Iuda,
2241 4551 2438 4620 quibus
2470 4552 2647 4604 iratus
2674 4553 2768 4603 es?
2801 4552 2903 4603 Iste
2928 4551 3360 4617 septuagesima:
3392 4567 3573 4607 annus
3599 4559 3696 4608 est.

291 4648 463 4699 runt:
491 4641 651 4697 Sicut
674 4641 938 4713 prtedixit
959 4638 1243 4695 Dominus
1264 4638 1623 4694 exercituum
1649 4642 1711 4692 ut
1732 4638 1942 4693 faceret
1973 4656 2021 4719 ι)
2050 4640 2116 4693 Ει
2148 4638 2427 4709 respondit
2454 4638 2722 4692 Dominus
2752 4638 2947 4704 angelo
2978 4639 3074 4708 qui
3113 4638 3439 4708 loquebatur
3482 4641 3543 4693 in
3588 4655 3697 4707 me,

288 4732 486 4795 nobis,
511 4731 835 4785 secundum
860 4745 1034 4800 opera
1057 4731 1256 4782 nostra
1295 4730 1472 4797 atque
1494 4731 1730 4797 peccata
1751 4726 1941 4782 reddi-

288 4819 381 4874 dit
402 4818 590 4873 nobis.
620 4823 903 4890 legamus
932 4814 1227 4870 Danielem
1255 4831 1320 4868 ex
1345 4829 1593 4885 persona
1614 4831 1741 4880 sua,
1765 4819 1821 4869 et
1842 4831 1944 4886 po-

290 4907 443 4980 puli,
480 4906 727 4962 Domino
758 4907 1152 4967 conﬁtentem,
1186 4903 1339 4974 quod
1364 4920 1498 4957 eum
1521 4902 1723 4957 audire
1747 4902 1945 4958 nolue-

290 4995 437 5062 rint,
486 5001 540 5049 et
580 4996 741 5065 juste
783 4994 895 5049 sibi
928 4991 1239 5048 acciderint
1272 5007 1654 5063 quaecumque
1685 4992 1945 5063 perpessi

293 5089 442 5142 sunt
471 5084 629 5155 (Dan.
664 5086 773 5150 In).

375 5172 565 5245 (Vers.
594 5172 673 5243 7.)
703 5174 763 5227 In
796 5171 883 5227 die
910 5172 1165 5226 vicesima
1195 5173 1392 5241 quarta
1433 5168 1709 5224 undecimi
1752 5172 1950 5225 mensis

296 5263 470 5319 Sabat
489 5280 508 5316 :
540 5263 599 5317 in
628 5277 773 5317 anno
802 5259 1035 5317 secundo
1065 5260 1238 5327 Darii,
1260 5261 1467 5330 factum
1495 5266 1570 5314 est
1598 5263 1824 5315 verbum
1845 5259 1948 5315 Do-

377 5459 467 5541 (α)⁸
489 5457 649 5513 Unus
681 5457 882 5530 Regin.
918 5474 1052 5524 ms.,
1097 5456 1190 5511 sed
1217 5462 1658 5525 contempserunt
1686 5470 1787 5521 me,
1821 5453 1954 5510 dicit

292 5534 593 5680 ῥοᾶς-Έιὲ
620 5618 689 5657 ex
719 5600 941 5680 nostris.
957 5616 1126 5665 mss.,
1150 5598 1387 5680 Hebraeo
1408 5602 1464 5652 et
1483 5595 1731 5668 Vulgata
1758 5611 1954 5680 assen-

296 5671 614 5737 tientibus,
674 5671 1082 5743 rescripsimus
1134 5672 1335 5739 vivent,
1390 5686 1493 5741 pro
1545 5671 1957 5743 quoeratpi-

298 5747 462 5809 vunt.
496 5743 560 5802 In
594 5744 709 5801 ﬁne
738 5738 872 5802 cuni
916 5742 1223 5816 legeretur,
1273 5738 1355 5801 ita
1391 5738 1528 5815 fecit
1566 5738 1723 5799 nobis
1753 5755 1821 5799 ex
1851 5738 1951 5799 iis~

2055 4728 2213 4782 verba
2247 4727 2401 4795 bona,
2436 4735 2487 4780 et
2515 4728 2685 4781 verba
2714 4726 3092 4781 consolatoria.
3130 4726 3267 4782 LXX
3295 4743 3307 4780 :
3346 4727 3472 4783 Vidi
3489 4730 3546 4782 in
3567 4742 3699 4783 noc-

2053 4821 2104 4871 te
2124 4833 2141 4868 :
2170 4823 2221 4869 et
2249 4830 2366 4869 ecce
2399 4815 2486 4869 vir
2514 4814 2818 4869 ascendens
2844 4830 3012 4885 super
3039 4830 3237 4885 equum
3264 4818 3483 4887 rufum,
3506 4820 3559 4873 et
3585 4819 3702 4897 ipse

2053 4904 2228 4957 stabat
2268 4904 2416 4957 inter
2458 4901 2590 4957 duos
2621 4906 2828 4957 montes
2858 4903 3164 4969 umbrosas,
3195 4908 3246 4959 et
3269 4911 3392 4976 post
3417 4921 3546 4960 eum
3571 4906 3703 4976 equi

2056 4991 2184 5061 ruﬁ,
2216 4999 2266 5046 ct
2294 4991 2457 5052 varii,
2490 4995 2538 5045 et
2559 4991 2693 5059 albi,
2724 4998 2774 5046 et
2798 4991 2921 5047 dixi
2944 5010 2961 5045 :
2992 4992 3136 5062 Quid
3155 4996 3280 5048 sunt
3300 4995 3413 5061 isti,
3443 4994 3705 5051 domine?

2058 5082 2119 5135 Et
2134 5079 2282 5133 dixit
2312 5078 2381 5133 ad
2412 5095 2498 5133 me
2525 5081 2750 5150 angelus
2771 5082 2868 5150 qui
2896 5081 3213 5152 loquebatur
3242 5083 3303 5137 in
3331 5098 3418 5137 me
3438 5100 3456 5136 :
3478 5083 3584 5154 Ego
3615 5098 3702 5139 os-

2056 5167 2279 5225 tendam
2308 5168 2409 5222 tibi
2438 5168 2567 5239 quid
2594 5171 2707 5224 sint
2740 5169 2875 5226 tunc.
2909 5170 2974 5225 Et
3004 5171 3283 5241 respondit
3302 5174 3389 5227 vir
3413 5174 3510 5244 qui
3527 5172 3706 5228 stabat

2058 5260 2202 5313 inter
2230 5261 2453 5324 montes,
2485 5265 2536 5312 et
2564 5256 2709 5312 dixit
2737 5258 2807 5313 ad
2837 5275 2922 5314 me
2941 5277 2960 5314 :
2992 5262 3092 5315 Isti
3118 5265 3245 5317 sunt
3273 5277 3403 5332 quos
3423 5262 3576 5317 misit
3599 5262 3705 5318 Do-

2060 5455 2191 5509 dem
2226 5470 2367 5508 mss.
2408 5456 2465 5508 et
2492 5452 2769 5519 textibus,
2799 5471 2907 5510 nos
2938 5456 3020 5510 ita
3051 5456 3391 5512 adverbium
3424 5455 3705 5530 expunxi-

2062 5542 2217 5668 mili).
2236 5599 2450 5651 Vocem
2474 5611 2779 5668 usquequo,
2831 5612 2959 5668 quas
2998 5602 3060 5668 et
3106 5598 3163 5653 in
3209 5599 3448 5655 Hebraeo
3486 5607 3707 5666 vnn-1y

2063 5666 2317 5739 resenat,
2364 5673 2422 5723 et
2470 5666 2526 5721 in
2582 5666 2826 5739 Vulgata
2871 5667 3168 5725 editione:
3219 5672 3416 5727 deerat
3449 5688 3579 5729 vero
3611 5669 3706 5729 hic

2063 5754 2241 5819 penes
2272 5738 2715 5810 Martianaaum,
2730 5754 2836 5801 nos
2858 5755 2927 5801 ex
2951 5738 3182 5821 Regina
3206 5760 3318 5801 ms.
3342 5741 3704 5821 suti‘soimus.
