4022 6192
456 396 614 460 1423

1695 406 1758 463 S.
1807 405 2114 465 EUSEBll
2163 407 2602 468 HIERONYMI

3647 409 3763 469 ιω

455 529 661 596 minus,
708 537 771 587 ut
823 534 1125 590 circuirent
1143 540 1369 590 terram.
1391 535 1458 590 Et
1486 537 1876 606 responderunt
1907 541 2105 608 angelo
2134 545 2188 605 Α
2219 543 3056 611 myrteta,commemorat.lsta
3078 543 3214 596 sunt
3231 539 3599 612 regnaquibus
3613 557 3764 612 prace-

453 617 695 690 Damini,
729 621 826 694 qui
854 623 1030 679 stabat
1052 625 1200 680 inter
1217 633 1446 688 montes,
1469 633 1632 696 atque
1649 625 1911 681 dixerunt
1931 643 1948 680 :
1983 626 2102 680 Cir-

451 707 728 765 mu'm'mus
756 726 973 766 omnem
995 716 1225 779 terram,
1249 722 1302 768 et
1322 729 1440 769 ecce
1459 716 1635 768 omnis
1657 722 1804 769 terra
1826 716 2108 770 habitatur

453 797 774 867 “quiescit.
807 801 873 854 Et
891 801 1173 873 respondit
1191 803 1422 871 angelus
1445 804 1684 870 Domini,
1715 807 1764 859 et
1796 804 1978 859 dixit:
2008 806 2106 860 Do-

453 885 606 943 mine
623 889 982 960 omnipotens,
1001 907 1278 962 usquequo
1297 908 1405 947 non
1419 893 1763 948 misereberis
1773 894 2103 957 Jerusalem,

435 977 507 1033 et
531 978 760 1033 urbium
786 979 950 1047 Iuda,
982 981 1178 1050 quibus
1207 982 1384 1036 iratus
1415 998 1469 1036 es
1487 984 1514 1035 ?
1536 984 1636 1036 Iste
1665 986 1738 1036 est
1771 985 2104 1053 septuagesi-

453 1079 578 1122 ων..
607 1081 808 1122 annus.
855 1068 921 1122 Et
950 1070 1232 1140 respondit
1265 1073 1530 1126 Dominus
1576 1071 1772 1139 angelo
1801 1074 1898 1142 qui
1923 1073 2104 1143 loque-

460 1152 620 1211 batur
646 1156 708 1210 in
737 1171 843 1221 me,
873 1158 1038 1212 verba
1067 1158 1233 1226 bona,
1277 1164 1330 1214 et
1374 1175 1648 1216 sermones
1697 1162 2103 1216 consolatorios.

457 1241 1138 1315 Primumgfdisseramus
1187 1247 1532 1303 historiam:
1569 1249 1710 1313 Vidi,
1743 1249 1957 1319 inquit,
2004 1265 2109 1320 per

464 1329 618 1396 184
642 1338 892 1390 noctem:
925 1351 1043 1390 non
1076 1335 1135 1390 in
1165 1336 1279 1401 die,
1312 1337 1467 1392 sicut
1493 1336 1739 1409 Moyses,
1777 1337 1876 1408 qui
1927 1339 2106 1392 Deum

442 1419 604 1478 t‘aeie
630 1421 865 1478 videbat
893 1424 964 1478 ad
997 1423 1205 1480 faciem
1241 1443 1253 1480 :
1288 1430 1344 1479 et
1375 1425 1556 1480 Isaias
1587 1426 1686 1497 qui
1716 1425 2066 1497 loquebatur
2092 1443 2103 1478 :

462 1508 597 1566 Fidi
623 1510 921 1568 Dominum
947 1529 1109 1586 super
1135 1514 1398 1570 thronum
1426 1515 1700 1570 excelsum
1745 1522 1795 1570 et
1841 1515 2107 1570 eleuatum

460 1599 609 1668 (kat.
641 1616 718 1669 VI,
754 1601 845 1670 1):
879 1606 1192 1673 antequam
1223 1602 1477 1674 populus
1507 1603 1822 1659 duceretur
1848 1604 1906 1658 in
1931 1602 2108 1675 capti-

458 1686 716 1756 vitatem,
751 1693 1065 1761 antequam
1097 1691 1420 1746 Jerusalem
1453 1691 1854 1747 destrueretur
1875 1696 1932 1747 et
1952 1696 2105 1746 tem—

458 1775 622 1847 plum
641 1779 791 1848 ;'.sed
821 1778 1012 1835 adhuc
1044 1779 1101 1834 in
1135 1779 1433 1836 servitutis
1462 1780 1632 1836 malis
1659 1781 1873 1852 populo
1896 1779 2108 1835 consti-

453 1870 603 1936 tuto,
653 1882 722 1922 ea
769 1883 899 1938 qua:
946 1884 1049 1938 pro
1088 1867 1174 1924 eis
1205 1867 1376 1937 videt,
1409 1868 1593 1924 cernit
1622 1870 1680 1924 in
1713 1869 1991 1924 tenebris.
2042 1869 2106 1922 Et

455 1969 574 2010 ecce
601 1956 688 2010 vir
711 1955 1002 2012 ascendens
1028 1973 1192 2028 super
1217 1973 1416 2029 equum
1445 1960 1654 2026 rufum.
1690 1959 1854 2012 Hunc
1891 1958 2107 2012 Hebraei

459 2042 801 2098 Michaelem
819 2044 1092 2116 angelum
1117 2051 1345 2117 putant,
1361 2046 1462 2118 qui
1481 2047 1635 2102 ultor
1657 2046 2036 2117 iniquitatum
2057 2050 2112 2102 et

461 2137 834 2204 peccatorum
884 2134 962 2189 sit
1001 2133 1198 2189 Israel.
1233 2136 1300 2190 Et
1329 2136 1483 2206 quod
1517 2135 1742 2191 steterit
1771 2135 1923 2190 inter
1956 2152 2107 2206 myr-

457 2225 579 2276 teta
609 2238 737 2292 qua:
765 2226 933 2278 erant
961 2222 1020 2276 in
1053 2223 1362 2294 profundo,
1395 2224 1615 2296 Myrtos
1640 2223 1889 2295 intelligi
1911 2224 2114 2278 volunt

459 2310 778 2382 prophetas
807 2317 866 2366 et
894 2317 1149 2378 sanctos,
1201 2313 1301 2384 qui
1342 2313 1402 2367 in
1447 2313 1637 2368 medio
1670 2312 1878 2385 captivi
1912 2311 2110 2384 populi

461 2399 867 2470 versabantur,
898 2404 956 2455 et
985 2405 1152 2455 erant
1181 2402 1240 2455 in
1273 2401 1563 2472 profundo
1598 2419 1610 2456 :
1666 2402 1858 2456 virum
1891 2406 2110 2466 autem,

462 2487 520 2546 id
546 2491 655 2554 est,
688 2487 1052 2557 Michaelem,
1085 2490 1217 2561 equi
1250 2491 1358 2545 rufi
1388 2495 1444 2546 et
1472 2490 1636 2557 varii,
1671 2495 1727 2546 et
1756 2489 1872 2546 albi
1905 2507 2110 2562 seque-

462 2577 697 2645 bantur,
731 2578 955 2648 ordine,
989 2584 1054 2633 ut
1081 2579 1439 2650 existimant,
1471 2584 1830 2635 commutato
1856 2597 1868 2634 :
1906 2584 1970 2634 ut
1995 2579 2110 2634 albi

462 2667 661 2723 Medos
686 2667 1008 2739 Persasque
1031 2667 1384 2740 signiﬁcent,
1410 2669 1548 2740 quia
1569 2669 1677 2724 sub
1703 2668 1849 2740 ipsis
1870 2669 2115 2724 dimissa

461 2756 768 2830 captivitas
789 2761 849 2812 et
866 2755 1154 2828 templum
1175 2755 1572 2812 instauratum
1595 2762 1712 2813 est:
1739 2757 1901 2824 varii,
1928 2758 2114 2812 Mace-

455 2846 666 2915 donas,
682 2861 933 2916 quorum
959 2844 1225 2900 nonnulli
1249 2845 1444 2912 amici,
1461 2845 1559 2900 alii
1584 2851 1984 2917 persecutores
1998 2847 2118 2901 fue-

458 2937 602 2990 runt
631 2932 997 3005 (plenissime
1028 2949 1206 3004 super
1231 2933 1340 2988 hoc
1370 2933 1627 2989 Dunielis
1647 2935 1802 3006 (Cap.
1825 2936 1880 3005 8)
1909 2934 2116 2990 ultima

458 3023 610 3080 visio
658 3021 990 3094 loquitur);
1052 3022 1182 3077 Ruﬁ
1234 3038 1365 3078 vero
1419 3038 1664 3095 regnum
1717 3023 2115 3079 Romanorum

463 3115 776 3167 cruentum
806 3115 864 3166 et
894 3110 1362 3182 sanguinarium,
1383 3111 1538 3182 quod
1570 3111 1851 3182 populum
1875 3112 2116 3167 interfe-

461 3199 631 3268 cerit,
663 3198 1070 3271 templumque
1101 3199 1470 3255 subverterit.
1521 3199 1634 3253 Alii
1686 3216 1818 3255 vero
1849 3200 2111 3256 ordinem

2216 629 2300 699 pit
2327 629 2627 696 Dominus,
2651 635 2714 685 ut
2737 629 3208 702 perambularent
3235 633 3459 694 terram,
3484 633 3533 683 et
3551 645 3648 682 suis
3671 645 3762 684 eam

2219 717 2363 773 785
2401 719 2754 788 subiicerent
2785 719 3078 790 potestati.
3129 717 3373 788 Denique
3401 717 3573 788 angeli
3600 718 3678 788 qui
3703 735 3766 772 re-

2215 807 2346 876 gnis
2377 811 2434 861 et
2460 808 2796 863 nationibus
2829 808 3247 880 praesidebant,
3298 823 3406 860 non
3435 805 3500 860 ad
3528 805 3678 860 alium
3701 823 3768 861 ve-

2217 896 2412 958 niunt,
2449 897 2546 950 sed
2577 897 2648 949 ad
2672 895 2864 968 ipsum
2888 897 3080 950 virum
3100 902 3154 950 et
3175 894 3435 965 angelum
3459 893 3765 963 Domini,qui

2215 984 2407 1038 stabat
2430 984 2580 1038 inter
2603 991 2869 1056 myrteta,
2893 991 2948 1040 et
2971 986 3199 1039 dicunt:
3223 983 3681 1038 Perambulavimus
3698 987 3772 1037 ter-

2205 1085 2337 1126 ‘ram
2355 1115 2368 1136 ,
2401 1081 2450 1127 et
2479 1089 2593 1128 ecce
2621 1076 2800 1128 omnis
2829 1085 2979 1128 terra
3009 1075 3288 1128 habitatur
3313 1077 3362 1127 et
3389 1074 3608 1142 quiescit.
3636 1071 3687 1125 Et
3710 1076 3770 1126 est

2215 1177 2424 1216 sensus
2451 1179 2462 1215 :
2488 1162 2698 1217 Omnia
2718 1164 2831 1217 sub
2856 1163 3020 1217 nobis
3045 1178 3222 1233 regna
3246 1167 3370 1215 tuta
3389 1166 3517 1215 sunt
3534 1165 3583 1214 et
3599 1165 3767 1230 pacata,

2216 1267 2319 1303 nec
2341 1249 2536 1321 aliqua
2559 1254 2904 1322 premuntur
2921 1250 3208 1322 angustia.
3236 1251 3312 1304 Ex
3337 1266 3444 1320 qua
3472 1248 3769 1319 responsione

2216 1338 2493 1409 angelus,
2541 1341 2638 1410 qui
2683 1340 3091 1410 interpellabat
3123 1356 3225 1409 pro
3257 1337 3454 1405 Israel,
3483 1336 3769 1392 occasionem

2216 1427 2425 1498 accipit
2474 1445 2575 1499 pro
2624 1427 2837 1500 populo
2889 1428 3272 1498 deprecandi,
3304 1432 3357 1481 et
3385 1426 3516 1480 dicit
3540 1424 3601 1478 ad
3627 1423 3770 1478 Domi-

2217 1533 2357 1570 num
2385 1533 2397 1571 :
2433 1515 2576 1571 Cum
2603 1517 2795 1572 omnis
2817 1515 2974 1570 orbis
3001 1516 3232 1587 quietus
3259 1515 3332 1568 sit
3351 1521 3405 1569 et
3426 1519 3650 1586 pacatus,
3670 1526 3771 1582 qua-

2217 1623 2303 1670 re,
2369 1604 2632 1671 Domine,
2682 1621 2795 1660 non
2830 1604 3123 1660 misereris
3154 1602 3468 1659 Jerusalem
3514 1605 3564 1657 et
3598 1601 3771 1676 urbium

2214 1693 2392 1749 Juda:
2420 1695 2671 1749 maxime
2692 1711 2825 1749 cum
2850 1694 3173 1749 secundum
3202 1693 3478 1764 promissa
3495 1695 3583 1744 tua
3597 1687 3773 1760 captivi-

2216 1783 2352 1836 tatis
2385 1788 2617 1852 tempus
2644 1781 2940 1853 expletum
2971 1781 3088 1836 sit?
3120 1781 3539 1852 Responditque
3559 1777 3772 1834 Dominus

2214 1870 2419 1941 angelo
2451 1872 2547 1941 qui
2570 1871 2918 1942 loquebatur
2939 1871 2998 1924 in
3023 1870 3308 1942 prOpheta
3337 1869 3500 1924 verba
3519 1868 3775 1932 bona,ver-

2222 1960 2295 2014 ba
2316 1959 2705 2014 consolatorie
2731 1977 2743 2014 :
2777 1960 2928 2014 bona
2947 2003 2960 2024 ,
2991 1959 3062 2013 de
3085 1960 3409 2037 futurorum
3435 1955 3775 2028 promissione:

2221 2047 2630 2112 consolatoria,
2659 2049 2729 2101 de
2760 2047 3133 2118 praesentium
3169 2046 3518 2102 necessitate.
3538 2043 3775 2113 Hacjuxti

2220 2136 2473 2190 litteram
2493 2177 2506 2201 ,
2531 2153 2604 2191 ne
2627 2137 2959 2191 videremus
2990 2135 3178 2190 celare
3212 2140 3465 2199 nostros,
3497 2151 3604 2204 quae
3625 2149 3651 2187 a
3669 2145 3776 2202 peie-

2221 2224 2400 2296 grinze
2434 2223 2644 2295 linguae
2677 2225 2974 2295 magistris
3003 2224 3340 2278 didicimus.
3370 2224 3619 2278 Craterum
3643 2217 3772 2274 Eccle-

2223 2314 2443 2366 siarum
2482 2313 2768 2384 magistri,
2801 2318 3027 2368 noctem
3061 2312 3117 2366 in
3144 2329 3263 2383 qua
3283 2313 3522 2367 cernitur
3545 2311 3684 2374 visio,
3705 2306 3772 2362 ob-

2224 2401 2558 2456 scuritatem
2588 2402 2847 2472 mysticaa
2870 2401 3109 2456 visionis
3133 2401 3479 2472 intelligunt.
3499 2400 3658 2454 Posuit
3672 2396 3772 2450 una

2221 2490 2360 2544 Deus
2415 2493 2659 2545 tenebras
2708 2491 2998 2545 latibulum
3049 2508 3212 2545 suum
3266 2491 3430 2561 (Psal.
3478 2505 3598 2554 xvn,
3627 2482 3772 2554 l2).Et

2215 2579 2384 2648 juxta
2403 2579 2786 2649 Septuaginta
2807 2579 3151 2650 interpretes
3176 2581 3246 2634 de
3269 2596 3332 2634 eo
3357 2579 3581 2633 dicitur:
3606 2575 3772 2643 Abyssu:

2220 2669 2359 2722 sicut
2388 2670 2770 2722 vestimentum
2798 2670 3034 2723 amictus
3063 2669 3182 2739 ejus
3214 2671 3324 2739 (Ps.
3356 2685 3474 2732 om,
3510 2667 3576 2736 ὃ).
3605 2663 3683 2716 Vir
3703 2675 3770 2716 au-

2225 2761 2341 2810 tem
2374 2756 2474 2827 qui
2508 2756 2855 2811 ascendebat
2877 2773 3055 2828 super
3085 2775 3305 2828 equum
3331 2757 3537 2822 rufum,
3567 2749 3771 2806 Dominus

2224 2843 2486 2899 Salvator
2508 2849 2624 2914 est,
2659 2845 2798 2916 quia
2817 2847 2896 2916 (a)
2918 2846 3414 2917 dispensationem
3437 2847 3618 2899 nostra
3639 2834 3769 2893 carnis

2225 2949 2554 3001 assumens,
2605 2934 2769 2988 audit
2798 2934 2856 2988 in
2891 2934 3075 2989 Isaia:
3111 2940 3303 3007 Quare
3331 2935 3488 2988 rubra
3532 2937 3636 2985 sunt
3659 2925 3768 2980 vesti-

2226 3031 2518 3077 mentatua
2539 3023 2692 3090 (Isai.
2713 3024 2973 3093 LXIII,2)?
2997 3023 3101 3077 Hic
3128 3025 3232 3094 qui
3256 3039 3406 3078 nunc
3425 3021 3496 3093 (ὸ)
3514 3015 3690 3088 captivo
3706 3026 3768 3082 po-

2226 3110 2360 3180 pulo
2384 3111 2549 3164 rufus
2570 3111 2918 3179 ostenditur,
2942 3111 3000 3165 in
3016 3111 3365 3183 Apocalypsi
3385 3107 3598 3165 Joannis
3615 3105 3658 3158 in
3677 3117 3766 3156 can-

2225 3198 2381 3253 didis
2415 3199 2693 3267 vestibus,
2726 3205 2782 3253 et
2813 3199 2871 3252 in
2904 3199 3158 3255 candido
3190 3216 3337 3270 equo
3368 3199 3549 3253 sedere
3570 3184 3765 3248 describi-

459 3287 570 3359 -qui
591 3287 850 3358 scriptus
870 3291 1430 3356 est,oonservantes,
1454 3287 1642 3343 virum
1666 3287 1764 3360 qui
1787 3290 2114 3346 ascenderit
2142 3277 2184 3343 C
2225 3292 2320 3341 tur
2349 3287 2528 3357 (Apoc.
2564 3304 2626 3341 ιιι
2657 3296 2707 3342 et
2739 3288 2837 3357 γι).
2873 3288 3036 3351 Quod
3069 3293 3268 3343 autem
3299 3294 3450 3343 stare
3475 3280 3764 3340 diciturinter

469 3393 648 3449 super
675 3392 890 3448 equum
925 3377 1143 3442 rufum,
1195 3381 1251 3432 et
1293 3393 1476 3448 equos
1507 3377 1688 3443 rufos,
1717 3377 1910 3433 varios
1938 3382 1996 3434 et
2024 3379 2112 3434 al-

459 3467 595 3537 bos,
627 3470 879 3537 quatuor
907 3482 1085 3538 regna
1116 3466 1590 3538 interpretantur.
1641 3466 1896 3522 Primum
1936 3471 1994 3522 et
2021 3485 2109 3522 se-

469 3555 732 3616 cundum
763 3555 1233 3628 sanguinarium,
1263 3555 1524 3627 Assyrios
1549 3560 1605 3610 et
1622 3554 1941 3626 Chaldaeos,
1967 3573 2108 3628 quo~

466 3661 600 3700 rum
618 3643 792 3717 primi
821 3644 1015 3700 decem
1037 3644 1226 3700 tribus
1245 3645 1356 3699 sub
1369 3643 1745 3699 Salmanasar
1761 3645 1972 3700 duxere
1985 3662 2114 3717 cap-

461 3733 632 3788 tivas.
665 3733 918 3789 Secundi
947 3733 1161 3788 Judam
1184 3737 1241 3788 et
1263 3733 1587 3803 Benjamin,
1614 3734 1848 3788 incensa
1870 3733 2111 3789 Jerusa-

455 3822 573 3878 lem
603 3822 853 3890 civitate,
887 3822 1224 3894 temploque
1254 3823 1552 3878 subverso.
1587 3823 1816 3878 Tertios
1845 3827 1902 3876 et
1935 3839 2107 3894 quar-

451 3916 549 3967 toe
577 3912 771 3969 varios
803 3915 861 3966 et
891 3910 1283 3975 albos,Medos
1315 3910 1631 3982 signiﬁcari
1664 3916 1871 3982 putant
1900 3915 1957 3966 et
1983 3916 2110 3967 Per-

456 4017 592 4056 sas:
627 4017 877 4072 quorum
910 3999 1009 4055 alii
1038 3999 1352 4055 clementes
1383 3999 1639 4066 fuerunt,
1695 4005 1757 4055 ut
1795 4000 2001 4072 Cyrus,
2051 4006 2110 4056 et

451 4088 679 4148 Darius
726 4087 884 4144 ﬁlius
929 4089 1256 4161 Hystaspis,
1289 4093 1346 4143 et
1375 4090 1686 4155 Assuerus,
1721 4105 1894 4160 quem
1929 4089 2107 4144 Graeci

458 4181 833 4232 Artaxerxem
863 4182 1092 4246 vocant,
1119 4179 1230 4234 sub
1253 4195 1368 4250 quo
1389 4178 1597 4233 Esther
1618 4177 1900 4250 impletur
1920 4178 2104 4234 histo-

441 4265 571 4338 ria:
607 4264 706 4321 alii
737 4265 1024 4334 crudeles,
1058 4270 1122 4322 ut
1150 4267 1483 4339 Cambyses,
1505 4270 1562 4321 et
1590 4267 1802 4322 αδδιδι-ἰ,
1855 4261 2106 4323 Vidente

443 4371 583 4428 ergo
605 4357 890 4430 propheta
911 4356 1100 4412 virum
1131 4357 1541 4412 ascendentem
1564 4372 1741 4424 super
1769 4372 1987 4426 equum
2015 4373 2108 4411 ru-

445 4446 603 4517 fum,
654 4452 712 4502 et
741 4451 872 4518 post
900 4461 1035 4502 eum
1065 4461 1249 4517 equos
1281 4445 1461 4511 rufos,
1493 4444 1707 4509 varios,
1739 4449 1795 4499 et
1826 4444 2015 4512 albos,
2047 4451 2104 4502 et

449 4533 754 4605 ignorante
783 4533 937 4604 quod
968 4533 1208 4602 viderat,
1261 4531 1619 4601 visionisque
1667 4547 1786 4586 suae
1831 4532 2102 4602 cupiente

2222 3375 2369 3430 duos
2394 3379 2621 3430 montes
2654 3375 2961 3431 umbrosos
2993 3376 3154 3448 (licet
3177 3378 3234 3431 in
3259 3377 3480 3431 Hebraeo
3497 3389 3598 3428 non
3616 3367 3760 3423 habea-

2220 3469 2317 3519 tur
2344 3465 2519 3536 duos),
2553 3482 2764 3520 novum
2799 3470 2855 3520 et
2884 3471 3047 3521 vetus
3072 3467 3339 3522 sentiunt
3368 3464 3758 3520 lnstrumentum.

2223 3555 2376 3624 quod
2400 3553 2771 3609 densissimis
2795 3553 2968 3618 foliis,
3003 3566 3059 3609 et
3081 3572 3340 3622 nemore,
3373 3560 3423 3610 et
3449 3548 3684 3607 umbrosis
3701 3538 3761 3596 sil-

2221 3640 2307 3694 vis
2331 3641 2544 3695 dicitur
2564 3657 2691 3696 esse
2721 3647 3058 3712 coopertum
3079 3685 3091 3709 ,
3130 3643 3233 3714 qui
3267 3629 3458 3696 multis
3485 3625 3760 3694 obscuritati-

2222 3731 2330 3784 bus
2354 3729 2675 3784 involutum
2699 3737 2805 3786 est.
2834 3731 3077 3802 Myrteta
3102 3742 3304 3786 autem
3328 3746 3446 3801 qua:
3466 3723 3660 3783 erantin
3677 3729 3760 3802 ρφ·

2221 3819 2422 3888 fundo,
2456 3819 2605 3873 inter
2635 3836 2760 3890 quae
2794 3800 2947 3874 stare
2979 3800 3359 3887 describitur,
3386 3800 3761 3899 angelicasintel-

2220 3907 2408 3978 ligunt
2439 3913 2773 3978 potestates,
2809 3926 2936 3978 quae
2967 3910 3015 3962 ei
3053 3911 3231 3964 etiam
3257 3909 3314 3964 in
3346 3921 3500 3962 carne
3521 3899 3667 3974 posito
3685 3906 3759 3978 mnf

2219 3975 2561 4051 nistrarunt.
2613 3996 2714 4052 Vel
2758 3975 2911 4051 certe
2961 4003 3193 4052 montes
3245 4001 3343 4069 (ut
3386 3994 3620 4050 tollamus
3653 3975 3757 4055 quod

2217 4086 2501 4157 scriptum
2558 4086 2707 4139 786
2749 4103 2862 4140 non
2896 4092 3008 4151 est,
3043 4086 3214 4158 duos)
3263 4083 3508 4142 absolute
3534 4083 3580 4133 et
3603 4076 3756 4139 absque

2217 4191 2481 4241 numero,
2513 4174 2798 4245 plurimos
2821 4180 3053 4231 sanctos
3075 4177 3296 4231 sentire
3319 4184 3594 4246 possumus
3607 4169 3650 4219 et
3665 4171 3754 4246 8P9-

2216 4262 2394 4319 stolos
2419 4242 2592 4333 atq—ue
2613 4263 2962 4334 apostolicos
2981 4263 3161 4331 viros,
3177 4266 3274 4336 qui
3296 4242 3466 4319 totum
3492 4257 3648 4314 orbem
3666 4242 3752 4309 ruﬁ,

2215 4358 2270 4407 et
2300 4351 2470 4418 varii,
2519 4355 2575 4407 et
2623 4350 2740 4406 albi
2771 4368 3114 4423 peragrasse
3148 4355 3542 4408 memorantur.
3568 4344 3751 4427 Quorum

2216 4441 2312 4496 alii
2337 4440 2611 4512 martyrio
2639 4420 2893 4497 coronati
2915 4420 3074 4510 sunt,
3113 4449 3172 4498 et
3194 4441 3536 4515 appellantur
3557 4420 3750 4515 ruﬁ.

2214 4531 2487 4602 operibus
2516 4535 2572 4585 et
2601 4531 2893 4596 doctrina,
2945 4537 3000 4586 et
3027 4533 3308 4588 varietate
3339 4532 3612 4602 signorum.
3647 4523 3751 4602 tu“

444 4600 594 4679 scire
625 4600 932 4691 rationem,
965 4625 1140 4693 atque
1171 4600 1398 4676 dicente
1433 4637 1444 4675 :
1497 4600 1637 4687 Quid
1679 4628 1807 4676 sunt
1845 4600 1957 4690 isti,
2003 4621 2097 4675 do-
2130 4642 2176 4706 D
2213 4600 2649 4691 nuncupantur.
2681 4618 2792 4673 Alii
2824 4619 3180 4691 virginitatis
3213 4600 3621 4692 integrorumque

443 4713 594 4766 mine
610 4711 731 4765 mi?
751 4709 1006 4783 Angelus
1035 4711 1134 4782 qui
1158 4710 1508 4782 loquebatur
1526 4709 1585 4763 in
1609 4725 1696 4779 eo,
1722 4710 2011 4781 promittit
2031 4727 2092 4766 se

442 4816 570 4862 esse
595 4800 890 4856 dicturum
919 4817 931 4854 :
965 4803 1023 4854 et.
1050 4798 1154 4854 illo
1175 4798 1468 4866 reticente,
1494 4799 1583 4853 vir
1603 4799 1702 4870 qui
1729 4798 1922 4854 stabat
1941 4798 2093 4854 inter

507 4964 586 5030 (a)
616 4959 919 5020 M'aluisset
947 4958 1256 5024 Victorius,
1275 4974 1407 5014 cum
1440 4961 1604 5012 vetus
1633 4957 1773 5013 olim
1804 4957 1973 5013 lectio
2005 4975 2090 5014 es-

438 5039 545 5100 set,
583 5034 699 5104 Qui
726 5035 785 5088 in
814 5032 1276 5104 dispensationem
1318 5033 1520 5085 nostra?
1567 5031 1756 5084 carnis
1785 5047 2084 5099 assumens,

435 5103 710 5174 rescribi,
745 5104 848 5174 Qui
871 5106 929 5158 in
959 5103 1416 5174 dispensationem
1443 5108 1652 5174 nostra:
1677 5104 1862 5156 carnis
1882 5118 2089 5174 assum-

470 5185 564 5232 (an
598 5173 721 5242 Sic,
762 5171 871 5246 ait,
915 5171 1068 5229 infra
1097 5173 1509 5246 Zacharjaa_1x:
1544 5171 1847 5246 Rharetra,
1899 5172 2089 5242 inquit

488 5243 864 5318 ieronymus,
889 5247 950 5300 in
979 5261 1089 5317 qua
1116 5246 1318 5318 sagitta
1347 5243 1725 5318 absconditur,
1755 5243 2087 5318 dispensatio

433 5329 514 5374 est
562 5314 750 5374 carnis
795 5314 1112 5388 assumpta.
1170 5317 1236 5370 Et
1263 5315 1597 5388 Ephessiv:
1631 5314 1737 5388 Nec
1765 5316 1961 5380 statin,
1997 5314 2083 5368 in-

477 5390 593 5455 uit,
637 5392 741 5444 ista
771 5385 1036 5457 dicentes,
1077 5390 1254 5443 locum
1283 5385 1450 5442 alteri
1477 5386 1677 5442 hwresi
1704 5385 1896 5439 damus
1916 5427 1929 5452 ,
1965 5401 2089 5456 qum

477 5407 593 5455 υιι,
637 5407 741 5444 ma
771 5407 1036 5457 amentes,
1077 5407 1254 5443 locum
1283 5407 1448 5442 αιιϐη
1477 5407 1674 5442 Ιιὶενϐδῑ
1704 5407 1896 5439 damus
1916 5427 1929 5452 ,
1965 5407 2088 5456 quae

434 5407 781 5516 dimidiatam
831 5461 1036 5516 Christi
1081 5461 1277 5515 asserit
1320 5459 1805 5528 dispensationem.
1857 5457 1960 5511 Sed
2005 5459 2088 5512 sic

435 5549 608 5600 unum
637 5541 687 5596 et
718 5533 816 5588 Dei
845 5533 1082 5590 hominis
1110 5531 1289 5601 ﬁlium
1317 5530 1667 5601 conﬁtemur,
1699 5544 1768 5581 ne
1798 5528 2084 5599 dispensa-

435 5604 635 5676 tionem
665 5609 933 5676 assumpti
955 5599 1225 5670 hominis,
1253 5619 1360 5674 qua
1382 5599 1588 5676 saluati
1605 5615 1811 5676 sumus,
1836 5615 1906 5654 ex
1931 5606 2088 5670 parte

435 5672 712 5731 credentes
730 5714 744 5740 ,
776 5676 836 5729 in
851 5671 1022 5745 parte
1052 5671 1385 5730 truncemus.
1406 5671 1674 5745 Christus
1702 5671 1857 5745 enim
1888 5686 2084 5725 veram

436 5749 700 5806 nostram
717 5741 950 5804 carnem
968 5787 982 5815 ,
1006 5761 1111 5804 seu
1133 5745 1288 5820 quod
1311 5743 1596 5802 sacratius
1618 5741 1862 5816 dicitur,
1887 5757 2085 5802 veram

2200 4777 2610 4868 susceperunt.
2646 4796 2902 4866 Denique
2935 4777 3258 4869 interrogat
3280 4794 3532 4869 propheta
3549 4777 3740 4840 eumdem

2198 4958 2390 5012 carnis
2417 4961 2624 5011 nostra:
2648 4956 3146 5025 dispensationem
3169 4952 3507 5025 assumpsit:
3535 4927 3734 5025 conﬂant“!

2200 5029 2354 5099 quod
2401 5029 2653 5082 Marcion
2675 5068 2687 5092 ,
2741 5012 3089 5082 Manichacus
3121 5035 3178 5082 et
3210 5012 3734 5099 Valen'tinus‘hm‘l‘f-‘ﬂfi

2199 5079 2704 5171 blasphemabant.
2740 5099 2832 5171 Sic
2855 5099 3008 5152 enim
3031 5117 3230 5154 verum
3249 5145 3262 5168 ,
3301 5104 3354 5153 ct
3378 5111 3477 5171 non

2200 5149 2362 5240 cum‘,
2418 5187 2522 5224 nec
2557 5169 2888 5241 spirituale,
2940 5187 3174 5224 aereum
3197 5214 3210 5237 ,
3243 5149 3565 5241 iiutcmleste
3590 5149 3730 5241 Cbﬂfg

2198 5227 2409 5314 corpus
2443 5227 2622 5296 fuisse
2647 5227 3006 5314 mpnstratur
3024 5283 3036 5304 ,
3063 5248 3126 5295 ut
3148 5227 3523 5314 eruditissime
3542 5227 3730 5314 1.111993

2197 5295 2383 5368 rorem
2411 5315 2672 5367 confutet
2696 5312 2758 5365 D.
2787 5295 3174 5383 Hieronymus
3202 5312 3382 5383 capite
3409 5295 3729 5383 i‘i‘etltsugf

2701 5390 2831 5452 post
2862 5365 3331 5460 euinjpatbolidm
3357 5365 3723 5460 γεπὶωξξξ-Εδξξί

2198 5437 2335 5519 niis,
2364 5437 2874 5526 propugniatorque
2897 5455 2960 5509 D.
2989 5437 3264 5522 Thomas,
3299 5454 3355 5506 in
3378 5466 3434 5504 ιιι
3456 5465 3503 5518 ρ.
3531 5437 3721 5496 Summa,

2198 5544 2252 5598 q.
2287 5529 2339 5590 5,
2375 5528 2542 5598 art._l
2579 5532 2634 5580 et
2663 5527 2716 5578 ‘2.

2375 5569 2747 5668 fi‘eyginfin—s'”
2781 5598 2876 5667 qui
2906 5612 3051 5651 nunc
3075 5595 3142 5649 de
3171 5597 3377 5667 captivo
3394 5583 3566 5663 populo
3586 5569 3723 5642 "iam

2194 5669 2514 5725 ostenditur.

2265 5742 2336 5816 (c)
2367 5741 2526 5798 Idem
2558 5755 2692 5809 ms.,
2725 5755 2828 5813 quo
2858 5745 3083 5798 cernunt
3112 5739 3305 5796 Deum.

2204 4669 2518 4777 matumjet
2549 4707 2677 4778 puri
2701 4669 2990 4779 cordisjo)
3013 4710 3170 4779 quod
3195 4669 3376 4764 cernijt
3395 4684 3748 4779 Deum.PW_mi‘
3845 4669 3857 4779 ἶ]
