  <div class='ocr_page' id='page_1' title='image "/cluster/home/n/w/nwhite01/storage/ocr_20150623/25/hvd.32044096580493/722.png"; bbox 0 0 3938 6174; ppageno 0'>
   <div class='ocr_carea' id='block_1_1' title="bbox 180 317 338 382">
    <p class='ocr_par' dir='ltr' id='par_1_1' title="bbox 180 317 338 382">
     <span class='ocr_line' id='line_1_1' title="bbox 180 317 338 382; baseline 0 0"><span class='ocrx_word' id='word_1_1' title='bbox 180 317 338 382; x_wconf 68' lang='grc'>4433</span> 
     </span>
    </p>
   </div>
   <div class='ocr_carea' id='block_1_2' title="bbox 883 315 1778 386">
    <p class='ocr_par' dir='ltr' id='par_1_2' title="bbox 883 321 1752 386">
     <span class='ocr_line' id='line_1_2' title="bbox 883 321 1752 386; baseline 0 -3"><span class='ocrx_word' id='word_1_2' title='bbox 883 322 1624 386; x_wconf 64' lang='grc' dir='ltr'>ΟΟΜΜΕΝΤΑΗΙΟΠΠῩ»Ῐ</span> <span class='ocrx_word' id='word_1_3' title='bbox 1672 321 1752 384; x_wconf 67' lang='lat' dir='ltr'>IN</span> 
     </span>
    </p>
   </div>
   <div class='ocr_carea' id='block_1_3' title="bbox 2014 315 2890 386">
    <p class='ocr_par' dir='ltr' id='par_1_3' title="bbox 2014 321 2890 386">
     <span class='ocr_line' id='line_1_3' title="bbox 2014 321 2890 386; baseline 0.003 -3"><span class='ocrx_word' id='word_1_4' title='bbox 2014 321 2265 385; x_wconf 82' lang='lat' dir='ltr'>ARIAM</span> <span class='ocrx_word' id='word_1_5' title='bbox 2306 325 2452 386; x_wconf 79' lang='lat' dir='ltr'>LIB.</span> <span class='ocrx_word' id='word_1_6' title='bbox 2501 328 2548 386; x_wconf 93' lang='lat' dir='ltr'>l.</span> <span class='ocrx_word' id='word_1_7' title='bbox 2597 326 2765 386; x_wconf 84' lang='lat' dir='ltr'>CAP.</span> <span class='ocrx_word' id='word_1_8' title='bbox 2811 323 2890 386; x_wconf 89' lang='lat' dir='ltr'>Il.</span> 
     </span>
    </p>
   </div>
   <div class='ocr_carea' id='block_1_4' title="bbox 3427 317 3581 380">
    <p class='ocr_par' dir='ltr' id='par_1_4' title="bbox 3427 317 3581 380">
     <span class='ocr_line' id='line_1_4' title="bbox 3427 317 3581 380; baseline 0 0"><span class='ocrx_word' id='word_1_9' title='bbox 3427 317 3581 380; x_wconf 70' lang='grc'><strong>1434</strong></span> 
     </span>
    </p>
   </div>
   <div class='ocr_carea' id='block_1_5' title="bbox 180 452 3571 533">
    <p class='ocr_par' dir='ltr' id='par_1_5' title="bbox 180 452 3571 533">
     <span class='ocr_line' id='line_1_5' title="bbox 180 452 3571 533; baseline 0 -21"><span class='ocrx_word' id='word_1_10' title='bbox 180 453 348 526; x_wconf 76' lang='lat' dir='ltr'>nm).</span> <span class='ocrx_word' id='word_1_11' title='bbox 383 452 721 528; x_wconf 65' lang='lat' dir='ltr'>Pracipitur</span> <span class='ocrx_word' id='word_1_12' title='bbox 744 454 943 528; x_wconf 81' lang='lat' dir='ltr'>itaque</span> <span class='ocrx_word' id='word_1_13' title='bbox 972 456 1142 513; x_wconf 90' lang='lat' dir='ltr'>nobis</span> <span class='ocrx_word' id='word_1_14' title='bbox 1189 457 1289 529; x_wconf 88' lang='lat' dir='ltr'>qui</span> <span class='ocrx_word' id='word_1_15' title='bbox 1319 457 1716 514; x_wconf 81' lang='lat' dir='ltr'>habitavimus</span> <span class='ocrx_word' id='word_1_16' title='bbox 1746 457 1819 513; x_wconf 92' lang='lat' dir='ltr'>ad</span> <span class='ocrx_word' id='word_1_17' title='bbox 1850 454 1906 520; x_wconf 82' lang='grc' dir='ltr'><strong>Α</strong></span> <span class='ocrx_word' id='word_1_18' title='bbox 1934 458 2112 531; x_wconf 88' lang='lat' dir='ltr'>giam,</span> <span class='ocrx_word' id='word_1_19' title='bbox 2147 461 2468 517; x_wconf 87' lang='lat' dir='ltr'>contrarias</span> <span class='ocrx_word' id='word_1_20' title='bbox 2497 459 2694 533; x_wconf 88' lang='lat' dir='ltr'>accipe</span> <span class='ocrx_word' id='word_1_21' title='bbox 2725 457 3118 522; x_wconf 83' lang='lat' dir='ltr'>fortitudines,</span> <span class='ocrx_word' id='word_1_22' title='bbox 3151 473 3278 530; x_wconf 75' lang='lat' dir='ltr'>quas</span> <span class='ocrx_word' id='word_1_23' title='bbox 3309 455 3571 528; x_wconf 84' lang='lat' dir='ltr'>quotidie</span> 
     </span>
    </p>
   </div>
   <div class='ocr_carea' id='block_1_6' title="bbox 179 544 1822 616">
    <p class='ocr_par' dir='ltr' id='par_1_6' title="bbox 179 544 1822 616">
     <span class='ocr_line' id='line_1_6' title="bbox 179 544 1822 616; baseline 0.001 -15"><span class='ocrx_word' id='word_1_24' title='bbox 179 544 620 616; x_wconf 77' lang='lat' dir='ltr'>Aquilonem,et</span> <span class='ocrx_word' id='word_1_25' title='bbox 641 546 892 602; x_wconf 89' lang='lat' dir='ltr'>calorem</span> <span class='ocrx_word' id='word_1_26' title='bbox 922 546 1209 602; x_wconf 85' lang='lat' dir='ltr'>Dominici</span> <span class='ocrx_word' id='word_1_27' title='bbox 1235 548 1471 603; x_wconf 81' lang='lat' dir='ltr'>fervoris</span> <span class='ocrx_word' id='word_1_28' title='bbox 1492 548 1822 616; x_wconf 88' lang='lat' dir='ltr'>amisimus,</span> 
     </span>
    </p>
   </div>
   <div class='ocr_carea' id='block_1_7' title="bbox 179 633 1825 707">
    <p class='ocr_par' dir='ltr' id='par_1_7' title="bbox 179 633 1825 707">
     <span class='ocr_line' id='line_1_7' title="bbox 179 633 1825 707; baseline 0.001 -17"><span class='ocrx_word' id='word_1_29' title='bbox 179 633 282 705; x_wconf 87' lang='lat' dir='ltr'>qui</span> <span class='ocrx_word' id='word_1_30' title='bbox 311 633 560 705; x_wconf 82' lang='lat' dir='ltr'>dispersi</span> <span class='ocrx_word' id='word_1_31' title='bbox 594 650 801 690; x_wconf 91' lang='lat' dir='ltr'>sumus</span> <span class='ocrx_word' id='word_1_32' title='bbox 832 634 891 690; x_wconf 93' lang='lat' dir='ltr'>in</span> <span class='ocrx_word' id='word_1_33' title='bbox 923 636 1061 690; x_wconf 91' lang='lat' dir='ltr'>orbe</span> <span class='ocrx_word' id='word_1_34' title='bbox 1090 640 1398 702; x_wconf 88' lang='lat' dir='ltr'>terrarum,</span> <span class='ocrx_word' id='word_1_35' title='bbox 1423 640 1479 690; x_wconf 90' lang='lat' dir='ltr'>et</span> <span class='ocrx_word' id='word_1_36' title='bbox 1507 637 1578 691; x_wconf 89' lang='lat' dir='ltr'>de</span> <span class='ocrx_word' id='word_1_37' title='bbox 1609 635 1825 707; x_wconf 78' lang='lat' dir='ltr'>quibus</span> 
     </span>
    </p>
   </div>
   <div class='ocr_carea' id='block_1_8' title="bbox 178 722 1824 795">
    <p class='ocr_par' dir='ltr' id='par_1_8' title="bbox 178 722 1824 795">
     <span class='ocr_line' id='line_1_8' title="bbox 178 722 1824 795; baseline 0 -17"><span class='ocrx_word' id='word_1_38' title='bbox 178 722 552 795; x_wconf 79' lang='lat' dir='ltr'>Evangelium</span> <span class='ocrx_word' id='word_1_39' title='bbox 574 723 869 794; x_wconf 83' lang='lat' dir='ltr'>praedicat,</span> <span class='ocrx_word' id='word_1_40' title='bbox 886 726 1041 793; x_wconf 89' lang='lat' dir='ltr'>quod</span> <span class='ocrx_word' id='word_1_41' title='bbox 1057 724 1114 778; x_wconf 91' lang='lat' dir='ltr'>in</span> <span class='ocrx_word' id='word_1_42' title='bbox 1135 730 1385 794; x_wconf 86' lang='lat' dir='ltr'>quatuor</span> <span class='ocrx_word' id='word_1_43' title='bbox 1401 730 1604 780; x_wconf 87' lang='lat' dir='ltr'>ventos</span> <span class='ocrx_word' id='word_1_44' title='bbox 1631 725 1824 780; x_wconf 83' lang='lat' dir='ltr'>mittat</span> 
     </span>
    </p>
   </div>
   <div class='ocr_carea' id='block_1_9' title="bbox 176 811 1822 885">
    <p class='ocr_par' dir='ltr' id='par_1_9' title="bbox 176 811 1822 885">
     <span class='ocr_line' id='line_1_9' title="bbox 176 811 1822 885; baseline 0 -19"><span class='ocrx_word' id='word_1_45' title='bbox 176 811 415 883; x_wconf 79' lang='lat' dir='ltr'>angelos</span> <span class='ocrx_word' id='word_1_46' title='bbox 463 827 602 866; x_wconf 89' lang='lat' dir='ltr'>suos</span> <span class='ocrx_word' id='word_1_47' title='bbox 659 811 943 867; x_wconf 86' lang='lat' dir='ltr'>Dominus</span> <span class='ocrx_word' id='word_1_48' title='bbox 998 815 1189 883; x_wconf 61' lang='lat' dir='ltr'>(Marc.</span> <span class='ocrx_word' id='word_1_49' title='bbox 1229 814 1374 883; x_wconf 84' lang='lat' dir='ltr'>xm),</span> <span class='ocrx_word' id='word_1_50' title='bbox 1408 819 1464 868; x_wconf 90' lang='lat' dir='ltr'>et</span> <span class='ocrx_word' id='word_1_51' title='bbox 1516 817 1822 885; x_wconf 83' lang='lat' dir='ltr'>congregat</span> 
     </span>
    </p>
   </div>
   <div class='ocr_carea' id='block_1_10' title="bbox 176 899 1825 971">
    <p class='ocr_par' dir='ltr' id='par_1_10' title="bbox 176 899 1825 971">
     <span class='ocr_line' id='line_1_10' title="bbox 176 899 1825 971; baseline 0.001 -17"><span class='ocrx_word' id='word_1_52' title='bbox 176 904 395 968; x_wconf 75' lang='lat' dir='ltr'>nos,&quot;et</span> <span class='ocrx_word' id='word_1_53' title='bbox 425 899 526 969; x_wconf 91' lang='lat' dir='ltr'>qui</span> <span class='ocrx_word' id='word_1_54' title='bbox 559 899 616 953; x_wconf 89' lang='lat' dir='ltr'>in</span> <span class='ocrx_word' id='word_1_55' title='bbox 651 901 828 969; x_wconf 82' lang='lat' dir='ltr'>hujus</span> <span class='ocrx_word' id='word_1_56' title='bbox 860 901 1053 955; x_wconf 68' lang='lat' dir='ltr'>saeculi</span> <span class='ocrx_word' id='word_1_57' title='bbox 1077 903 1150 971; x_wconf 83' lang='grc' dir='ltr'>(α)</span> <span class='ocrx_word' id='word_1_58' title='bbox 1181 901 1336 956; x_wconf 87' lang='lat' dir='ltr'>vitiis</span> <span class='ocrx_word' id='word_1_59' title='bbox 1367 907 1422 956; x_wconf 90' lang='lat' dir='ltr'>et</span> <span class='ocrx_word' id='word_1_60' title='bbox 1452 900 1825 956; x_wconf 85' lang='lat' dir='ltr'>conclusione</span> 
     </span>
    </p>
   </div>
   <div class='ocr_carea' id='block_1_11' title="bbox 173 988 1820 1058">
    <p class='ocr_par' dir='ltr' id='par_1_11' title="bbox 173 988 1820 1058">
     <span class='ocr_line' id='line_1_11' title="bbox 173 988 1820 1058; baseline 0 -16"><span class='ocrx_word' id='word_1_61' title='bbox 173 1003 520 1043; x_wconf 84' lang='lat' dir='ltr'>versamur:</span> <span class='ocrx_word' id='word_1_62' title='bbox 555 993 619 1042; x_wconf 91' lang='lat' dir='ltr'>ut</span> <span class='ocrx_word' id='word_1_63' title='bbox 650 988 944 1058; x_wconf 74' lang='lat' dir='ltr'>fugiamus</span> <span class='ocrx_word' id='word_1_64' title='bbox 971 989 1031 1043; x_wconf 90' lang='lat' dir='ltr'>in</span> <span class='ocrx_word' id='word_1_65' title='bbox 1055 990 1191 1044; x_wconf 90' lang='lat' dir='ltr'>Sion</span> <span class='ocrx_word' id='word_1_66' title='bbox 1224 989 1536 1044; x_wconf 86' lang='lat' dir='ltr'>Ecclesiam</span> <span class='ocrx_word' id='word_1_67' title='bbox 1576 989 1820 1058; x_wconf 87' lang='lat' dir='ltr'>Domini,</span> 
     </span>
    </p>
   </div>
   <div class='ocr_carea' id='block_1_12' title="bbox 174 1073 1826 1147">
    <p class='ocr_par' dir='ltr' id='par_1_12' title="bbox 174 1073 1826 1147">
     <span class='ocr_line' id='line_1_12' title="bbox 174 1073 1826 1147; baseline -0.002 -17"><span class='ocrx_word' id='word_1_68' title='bbox 174 1079 233 1130; x_wconf 87' lang='lat' dir='ltr'>et</span> <span class='ocrx_word' id='word_1_69' title='bbox 254 1073 502 1129; x_wconf 86' lang='lat' dir='ltr'>humilia</span> <span class='ocrx_word' id='word_1_70' title='bbox 532 1073 949 1146; x_wconf 79' lang='lat' dir='ltr'>relinquentes,</span> <span class='ocrx_word' id='word_1_71' title='bbox 978 1077 1034 1130; x_wconf 89' lang='lat' dir='ltr'>in</span> <span class='ocrx_word' id='word_1_72' title='bbox 1069 1075 1305 1147; x_wconf 87' lang='lat' dir='ltr'>specula</span> <span class='ocrx_word' id='word_1_73' title='bbox 1335 1076 1460 1143; x_wconf 86' lang='lat' dir='ltr'>ejus</span> <span class='ocrx_word' id='word_1_74' title='bbox 1480 1080 1537 1130; x_wconf 88' lang='lat' dir='ltr'>et</span> <span class='ocrx_word' id='word_1_75' title='bbox 1566 1075 1826 1129; x_wconf 88' lang='lat' dir='ltr'>sublimi-</span> 
     </span>
    </p>
   </div>
   <div class='ocr_carea' id='block_1_13' title="bbox 174 1163 1822 1234">
    <p class='ocr_par' dir='ltr' id='par_1_13' title="bbox 174 1163 1822 1234">
     <span class='ocr_line' id='line_1_13' title="bbox 174 1163 1822 1234; baseline -0.001 -15"><span class='ocrx_word' id='word_1_76' title='bbox 174 1168 296 1220; x_wconf 86' lang='lat' dir='ltr'>tate</span> <span class='ocrx_word' id='word_1_77' title='bbox 313 1164 652 1234; x_wconf 88' lang='lat' dir='ltr'>dogmatum</span> <span class='ocrx_word' id='word_1_78' title='bbox 674 1163 1089 1219; x_wconf 88' lang='lat' dir='ltr'>consistamus.</span> <span class='ocrx_word' id='word_1_79' title='bbox 1107 1165 1266 1231; x_wconf 77' lang='lat' dir='ltr'>Quod</span> <span class='ocrx_word' id='word_1_80' title='bbox 1303 1169 1495 1218; x_wconf 91' lang='lat' dir='ltr'>autem</span> <span class='ocrx_word' id='word_1_81' title='bbox 1521 1163 1787 1234; x_wconf 87' lang='lat' dir='ltr'>sequitur</span> <span class='ocrx_word' id='word_1_82' title='bbox 1810 1181 1822 1218; x_wconf 87' lang='lat'><strong>:</strong></span> 
     </span>
    </p>
   </div>
   <div class='ocr_carea' id='block_1_14' title="bbox 173 1251 1834 1324">
    <p class='ocr_par' dir='ltr' id='par_1_14' title="bbox 173 1251 1834 1324">
     <span class='ocr_line' id='line_1_14' title="bbox 173 1251 1834 1324; baseline -0.002 -14"><span class='ocrx_word' id='word_1_83' title='bbox 173 1254 304 1310; x_wconf 70' lang='lat' dir='ltr'>Haec</span> <span class='ocrx_word' id='word_1_84' title='bbox 339 1251 475 1306; x_wconf 80' lang='lat' dir='ltr'>dicit</span> <span class='ocrx_word' id='word_1_85' title='bbox 521 1252 782 1306; x_wconf 85' lang='lat' dir='ltr'>Dominus</span> <span class='ocrx_word' id='word_1_86' title='bbox 830 1255 1196 1317; x_wconf 74' lang='lat' dir='ltr'>exercituum,</span> <span class='ocrx_word' id='word_1_87' title='bbox 1227 1261 1346 1324; x_wconf 88' lang='lat' dir='ltr'>post</span> <span class='ocrx_word' id='word_1_88' title='bbox 1391 1253 1628 1323; x_wconf 75' lang='lat' dir='ltr'>gloriam</span> <span class='ocrx_word' id='word_1_89' title='bbox 1674 1254 1834 1306; x_wconf 46' lang='lat' dir='ltr'>misit.</span> 
     </span>
    </p>
   </div>
   <div class='ocr_carea' id='block_1_15' title="bbox 172 1338 1822 1413">
    <p class='ocr_par' dir='ltr' id='par_1_15' title="bbox 172 1338 1822 1413">
     <span class='ocr_line' id='line_1_15' title="bbox 172 1338 1822 1413; baseline -0.002 -16"><span class='ocrx_word' id='word_1_90' title='bbox 172 1356 281 1407; x_wconf 78' lang='lat' dir='ltr'>me,</span> <span class='ocrx_word' id='word_1_91' title='bbox 312 1344 370 1394; x_wconf 90' lang='lat' dir='ltr'>et</span> <span class='ocrx_word' id='word_1_92' title='bbox 401 1338 642 1410; x_wconf 87' lang='lat' dir='ltr'>reliqua,</span> <span class='ocrx_word' id='word_1_93' title='bbox 671 1357 779 1395; x_wconf 91' lang='lat' dir='ltr'>vox</span> <span class='ocrx_word' id='word_1_94' title='bbox 809 1339 1122 1396; x_wconf 88' lang='lat' dir='ltr'>Salvatoris</span> <span class='ocrx_word' id='word_1_95' title='bbox 1155 1341 1447 1413; x_wconf 87' lang='lat' dir='ltr'>loquentis</span> <span class='ocrx_word' id='word_1_96' title='bbox 1501 1341 1822 1406; x_wconf 87' lang='lat' dir='ltr'>inducitur,</span> 
     </span>
    </p>
   </div>
   <div class='ocr_carea' id='block_1_16' title="bbox 175 1427 1823 1501">
    <p class='ocr_par' dir='ltr' id='par_1_16' title="bbox 175 1427 1823 1501">
     <span class='ocr_line' id='line_1_16' title="bbox 175 1427 1823 1501; baseline 0.001 -18"><span class='ocrx_word' id='word_1_97' title='bbox 175 1428 280 1498; x_wconf 86' lang='lat' dir='ltr'>qui</span> <span class='ocrx_word' id='word_1_98' title='bbox 312 1427 682 1499; x_wconf 86' lang='lat' dir='ltr'>omnipotens</span> <span class='ocrx_word' id='word_1_99' title='bbox 711 1433 862 1484; x_wconf 87' lang='lat' dir='ltr'>Deus</span> <span class='ocrx_word' id='word_1_100' title='bbox 895 1446 928 1483; x_wconf 87' lang='lat' dir='ltr'>a</span> <span class='ocrx_word' id='word_1_101' title='bbox 959 1430 1126 1485; x_wconf 86' lang='lat' dir='ltr'>Patre</span> <span class='ocrx_word' id='word_1_102' title='bbox 1147 1430 1543 1501; x_wconf 86' lang='lat' dir='ltr'>omnipotente</span> <span class='ocrx_word' id='word_1_103' title='bbox 1575 1431 1823 1486; x_wconf 88' lang='lat' dir='ltr'>missum</span> 
     </span>
    </p>
   </div>
   <div class='ocr_carea' id='block_1_17' title="bbox 173 1516 1822 1590">
    <p class='ocr_par' dir='ltr' id='par_1_17' title="bbox 173 1516 1822 1590">
     <span class='ocr_line' id='line_1_17' title="bbox 173 1516 1822 1590; baseline 0.001 -17"><span class='ocrx_word' id='word_1_104' title='bbox 173 1533 241 1573; x_wconf 80' lang='lat' dir='ltr'>se</span> <span class='ocrx_word' id='word_1_105' title='bbox 260 1533 388 1573; x_wconf 83' lang='lat' dir='ltr'>esse</span> <span class='ocrx_word' id='word_1_106' title='bbox 409 1516 572 1582; x_wconf 84' lang='lat' dir='ltr'>dicit,</span> <span class='ocrx_word' id='word_1_107' title='bbox 594 1533 708 1572; x_wconf 90' lang='lat' dir='ltr'>non</span> <span class='ocrx_word' id='word_1_108' title='bbox 725 1519 898 1588; x_wconf 86' lang='lat' dir='ltr'>juxta</span> <span class='ocrx_word' id='word_1_109' title='bbox 923 1519 977 1573; x_wconf 89' lang='lat' dir='ltr'>id</span> <span class='ocrx_word' id='word_1_110' title='bbox 1006 1519 1162 1590; x_wconf 89' lang='lat' dir='ltr'>quod</span> <span class='ocrx_word' id='word_1_111' title='bbox 1181 1519 1552 1590; x_wconf 84' lang='lat' dir='ltr'>omnipotens</span> <span class='ocrx_word' id='word_1_112' title='bbox 1573 1523 1662 1574; x_wconf 89' lang='lat' dir='ltr'>est</span> <span class='ocrx_word' id='word_1_113' title='bbox 1685 1537 1698 1586; x_wconf 92' lang='lat'><strong>;</strong></span> <span class='ocrx_word' id='word_1_114' title='bbox 1723 1519 1822 1574; x_wconf 91' lang='lat' dir='ltr'>sed</span> 
     </span>
    </p>
   </div>
   <div class='ocr_carea' id='block_1_18' title="bbox 165 1604 1821 1678">
    <p class='ocr_par' dir='ltr' id='par_1_18' title="bbox 165 1604 1821 1678">
     <span class='ocr_line' id='line_1_18' title="bbox 165 1604 1821 1678; baseline 0.002 -18"><span class='ocrx_word' id='word_1_115' title='bbox 165 1606 342 1676; x_wconf 85' lang='lat' dir='ltr'>juxta</span> <span class='ocrx_word' id='word_1_116' title='bbox 369 1604 426 1659; x_wconf 89' lang='lat' dir='ltr'>id</span> <span class='ocrx_word' id='word_1_117' title='bbox 459 1606 612 1676; x_wconf 89' lang='lat' dir='ltr'>quod</span> <span class='ocrx_word' id='word_1_118' title='bbox 649 1611 778 1678; x_wconf 89' lang='lat' dir='ltr'>post</span> <span class='ocrx_word' id='word_1_119' title='bbox 806 1607 1054 1678; x_wconf 86' lang='lat' dir='ltr'>gloriam</span> <span class='ocrx_word' id='word_1_120' title='bbox 1086 1609 1307 1663; x_wconf 88' lang='lat' dir='ltr'>missus</span> <span class='ocrx_word' id='word_1_121' title='bbox 1337 1613 1444 1662; x_wconf 89' lang='lat' dir='ltr'>est.</span> <span class='ocrx_word' id='word_1_122' title='bbox 1480 1610 1586 1676; x_wconf 85' lang='lat' dir='ltr'>Qui</span> <span class='ocrx_word' id='word_1_123' title='bbox 1612 1625 1735 1663; x_wconf 90' lang='lat' dir='ltr'>cum</span> <span class='ocrx_word' id='word_1_124' title='bbox 1765 1611 1821 1663; x_wconf 86' lang='lat' dir='ltr'>in</span> 
     </span>
    </p>
   </div>
   <div class='ocr_carea' id='block_1_19' title="bbox 171 1695 1826 1768">
    <p class='ocr_par' dir='ltr' id='par_1_19' title="bbox 171 1695 1826 1768">
     <span class='ocr_line' id='line_1_19' title="bbox 171 1695 1826 1768; baseline 0.001 -19"><span class='ocrx_word' id='word_1_125' title='bbox 171 1695 364 1764; x_wconf 76' lang='lat' dir='ltr'>fama</span> <span class='ocrx_word' id='word_1_126' title='bbox 392 1695 490 1749; x_wconf 86' lang='lat' dir='ltr'>Dei</span> <span class='ocrx_word' id='word_1_127' title='bbox 514 1697 667 1761; x_wconf 86' lang='lat' dir='ltr'>esset,</span> <span class='ocrx_word' id='word_1_128' title='bbox 697 1711 804 1750; x_wconf 86' lang='lat' dir='ltr'>non</span> <span class='ocrx_word' id='word_1_129' title='bbox 837 1697 1096 1766; x_wconf 81' lang='lat' dir='ltr'>rapinam</span> <span class='ocrx_word' id='word_1_130' title='bbox 1114 1697 1421 1752; x_wconf 85' lang='lat' dir='ltr'>arbitratus</span> <span class='ocrx_word' id='word_1_131' title='bbox 1449 1701 1526 1752; x_wconf 86' lang='lat' dir='ltr'>est</span> <span class='ocrx_word' id='word_1_132' title='bbox 1555 1697 1826 1768; x_wconf 71' lang='lat' dir='ltr'>aequalem</span> 
     </span>
    </p>
   </div>
   <div class='ocr_carea' id='block_1_20' title="bbox 171 1783 1906 1887">
    <p class='ocr_par' dir='ltr' id='par_1_20' title="bbox 171 1783 1906 1887">
     <span class='ocr_line' id='line_1_20' title="bbox 171 1783 1906 1887; baseline 0.002 -50"><span class='ocrx_word' id='word_1_133' title='bbox 171 1799 235 1838; x_wconf 79' lang='lat' dir='ltr'>se</span> <span class='ocrx_word' id='word_1_134' title='bbox 263 1798 378 1838; x_wconf 88' lang='lat' dir='ltr'>esse</span> <span class='ocrx_word' id='word_1_135' title='bbox 413 1783 540 1847; x_wconf 90' lang='lat' dir='ltr'>Deo,</span> <span class='ocrx_word' id='word_1_136' title='bbox 573 1783 663 1838; x_wconf 87' lang='lat' dir='ltr'>sed</span> <span class='ocrx_word' id='word_1_137' title='bbox 708 1786 1055 1854; x_wconf 81' lang='lat' dir='ltr'>semetipsum</span> <span class='ocrx_word' id='word_1_138' title='bbox 1085 1787 1392 1840; x_wconf 75' lang='lat' dir='ltr'>exinanivit</span> <span class='ocrx_word' id='word_1_139' title='bbox 1420 1788 1657 1857; x_wconf 84' lang='lat' dir='ltr'>formam</span> <span class='ocrx_word' id='word_1_140' title='bbox 1683 1787 1828 1842; x_wconf 85' lang='lat' dir='ltr'>servi</span> <span class='ocrx_word' id='word_1_141' title='bbox 1857 1821 1906 1887; x_wconf 72' lang='grc' dir='ltr'><strong>Β</strong></span> 
     </span>
    </p>
   </div>
   <div class='ocr_carea' id='block_1_21' title="bbox 172 1873 1823 1945">
    <p class='ocr_par' dir='ltr' id='par_1_21' title="bbox 172 1873 1823 1945">
     <span class='ocr_line' id='line_1_21' title="bbox 172 1873 1823 1945; baseline 0.001 -18"><span class='ocrx_word' id='word_1_142' title='bbox 172 1873 468 1940; x_wconf 77' lang='lat' dir='ltr'>accipiens,</span> <span class='ocrx_word' id='word_1_143' title='bbox 495 1875 550 1925; x_wconf 82' lang='lat' dir='ltr'>et</span> <span class='ocrx_word' id='word_1_144' title='bbox 577 1876 756 1943; x_wconf 79' lang='lat' dir='ltr'>factus</span> <span class='ocrx_word' id='word_1_145' title='bbox 784 1875 861 1928; x_wconf 88' lang='lat' dir='ltr'>est</span> <span class='ocrx_word' id='word_1_146' title='bbox 891 1873 1142 1928; x_wconf 83' lang='lat' dir='ltr'>obediens</span> <span class='ocrx_word' id='word_1_147' title='bbox 1175 1879 1337 1930; x_wconf 82' lang='lat' dir='ltr'>Patri</span> <span class='ocrx_word' id='word_1_148' title='bbox 1374 1891 1545 1945; x_wconf 85' lang='lat' dir='ltr'>usque</span> <span class='ocrx_word' id='word_1_149' title='bbox 1571 1875 1642 1929; x_wconf 86' lang='lat' dir='ltr'>ad</span> <span class='ocrx_word' id='word_1_150' title='bbox 1671 1891 1823 1929; x_wconf 89' lang='lat' dir='ltr'>mor-</span> 
     </span>
    </p>
   </div>
   <div class='ocr_carea' id='block_1_22' title="bbox 177 1963 1825 2034">
    <p class='ocr_par' dir='ltr' id='par_1_22' title="bbox 177 1963 1825 2034">
     <span class='ocr_line' id='line_1_22' title="bbox 177 1963 1825 2034; baseline 0.001 -18"><span class='ocrx_word' id='word_1_151' title='bbox 177 1968 308 2026; x_wconf 84' lang='lat' dir='ltr'>tem,</span> <span class='ocrx_word' id='word_1_152' title='bbox 341 1969 391 2015; x_wconf 83' lang='lat' dir='ltr'>et</span> <span class='ocrx_word' id='word_1_153' title='bbox 433 1969 662 2016; x_wconf 88' lang='lat' dir='ltr'>mortem</span> <span class='ocrx_word' id='word_1_154' title='bbox 707 1964 886 2017; x_wconf 87' lang='lat' dir='ltr'>erucis</span> <span class='ocrx_word' id='word_1_155' title='bbox 934 1963 1165 2034; x_wconf 80' lang='lat' dir='ltr'>(Philip.</span> <span class='ocrx_word' id='word_1_156' title='bbox 1216 1980 1278 2027; x_wconf 81' lang='grc' dir='ltr'>ιι,</span> <span class='ocrx_word' id='word_1_157' title='bbox 1333 1966 1411 2032; x_wconf 86' lang='grc'>6).</span> <span class='ocrx_word' id='word_1_158' title='bbox 1448 1965 1562 2019; x_wconf 90' lang='lat' dir='ltr'>Nec</span> <span class='ocrx_word' id='word_1_159' title='bbox 1611 1963 1825 2018; x_wconf 88' lang='lat' dir='ltr'>mirum</span> 
     </span>
    </p>
   </div>
   <div class='ocr_carea' id='block_1_23' title="bbox 177 2048 1830 2124">
    <p class='ocr_par' dir='ltr' id='par_1_23' title="bbox 177 2048 1830 2124">
     <span class='ocr_line' id='line_1_23' title="bbox 177 2048 1830 2124; baseline 0.001 -19"><span class='ocrx_word' id='word_1_160' title='bbox 177 2049 335 2120; x_wconf 78' lang='lat' dir='ltr'>quod</span> <span class='ocrx_word' id='word_1_161' title='bbox 368 2048 636 2105; x_wconf 85' lang='lat' dir='ltr'>Christus</span> <span class='ocrx_word' id='word_1_162' title='bbox 656 2051 885 2106; x_wconf 85' lang='lat' dir='ltr'>dicatur</span> <span class='ocrx_word' id='word_1_163' title='bbox 900 2052 1290 2122; x_wconf 88' lang='lat' dir='ltr'>omnipotens,</span> <span class='ocrx_word' id='word_1_164' title='bbox 1307 2069 1374 2108; x_wconf 83' lang='lat' dir='ltr'>ex</span> <span class='ocrx_word' id='word_1_165' title='bbox 1391 2053 1562 2123; x_wconf 86' lang='lat' dir='ltr'>cujus</span> <span class='ocrx_word' id='word_1_166' title='bbox 1582 2068 1830 2124; x_wconf 84' lang='lat' dir='ltr'>persona</span> 
     </span>
    </p>
   </div>
   <div class='ocr_carea' id='block_1_24' title="bbox 177 2137 1829 2211">
    <p class='ocr_par' dir='ltr' id='par_1_24' title="bbox 177 2137 1829 2211">
     <span class='ocr_line' id='line_1_24' title="bbox 177 2137 1829 2211; baseline 0.002 -18"><span class='ocrx_word' id='word_1_167' title='bbox 177 2137 434 2209; x_wconf 78' lang='lat' dir='ltr'>legimus</span> <span class='ocrx_word' id='word_1_168' title='bbox 465 2138 524 2193; x_wconf 90' lang='lat' dir='ltr'>in</span> <span class='ocrx_word' id='word_1_169' title='bbox 553 2138 895 2211; x_wconf 78' lang='lat' dir='ltr'>Apocalypsi</span> <span class='ocrx_word' id='word_1_170' title='bbox 917 2140 1162 2196; x_wconf 81' lang='lat' dir='ltr'>Joannis</span> <span class='ocrx_word' id='word_1_171' title='bbox 1187 2158 1199 2195; x_wconf 94' lang='lat'><strong>:</strong></span> <span class='ocrx_word' id='word_1_172' title='bbox 1226 2143 1351 2198; x_wconf 68' lang='lat' dir='ltr'>Haec</span> <span class='ocrx_word' id='word_1_173' title='bbox 1370 2143 1504 2197; x_wconf 80' lang='lat' dir='ltr'>dicit</span> <span class='ocrx_word' id='word_1_174' title='bbox 1534 2143 1681 2196; x_wconf 86' lang='lat' dir='ltr'>testis</span> <span class='ocrx_word' id='word_1_175' title='bbox 1701 2141 1829 2211; x_wconf 83' lang='lat' dir='ltr'>ﬁde-</span> 
     </span>
    </p>
   </div>
   <div class='ocr_carea' id='block_1_25' title="bbox 177 2227 1828 2301">
    <p class='ocr_par' dir='ltr' id='par_1_25' title="bbox 177 2227 1828 2301">
     <span class='ocr_line' id='line_1_25' title="bbox 177 2227 1828 2301; baseline 0.002 -20"><span class='ocrx_word' id='word_1_176' title='bbox 177 2227 272 2297; x_wconf 77' lang='lat' dir='ltr'>lis,</span> <span class='ocrx_word' id='word_1_177' title='bbox 305 2228 528 2282; x_wconf 79' lang='lat' dir='ltr'>initium</span> <span class='ocrx_word' id='word_1_178' title='bbox 559 2236 830 2285; x_wconf 75' lang='lat' dir='ltr'>creaturae</span> <span class='ocrx_word' id='word_1_179' title='bbox 852 2230 966 2299; x_wconf 88' lang='lat' dir='ltr'>Dei,</span> <span class='ocrx_word' id='word_1_180' title='bbox 989 2232 1086 2300; x_wconf 87' lang='lat' dir='ltr'>qui</span> <span class='ocrx_word' id='word_1_181' title='bbox 1111 2239 1214 2295; x_wconf 84' lang='lat' dir='ltr'>est,</span> <span class='ocrx_word' id='word_1_182' title='bbox 1238 2235 1290 2285; x_wconf 89' lang='lat' dir='ltr'>et</span> <span class='ocrx_word' id='word_1_183' title='bbox 1318 2247 1458 2301; x_wconf 84' lang='lat' dir='ltr'>eras,</span> <span class='ocrx_word' id='word_1_184' title='bbox 1489 2236 1547 2285; x_wconf 87' lang='lat' dir='ltr'>et</span> <span class='ocrx_word' id='word_1_185' title='bbox 1565 2239 1828 2285; x_wconf 87' lang='lat' dir='ltr'>venturus</span> 
     </span>
    </p>
   </div>
   <div class='ocr_carea' id='block_1_26' title="bbox 173 2318 1826 2390">
    <p class='ocr_par' dir='ltr' id='par_1_26' title="bbox 173 2318 1826 2390">
     <span class='ocr_line' id='line_1_26' title="bbox 173 2318 1826 2390; baseline 0.001 -18"><span class='ocrx_word' id='word_1_186' title='bbox 173 2319 278 2388; x_wconf 83' lang='lat' dir='ltr'>est,</span> <span class='ocrx_word' id='word_1_187' title='bbox 348 2318 612 2372; x_wconf 78' lang='lat' dir='ltr'>Dominus</span> <span class='ocrx_word' id='word_1_188' title='bbox 676 2319 815 2372; x_wconf 90' lang='lat' dir='ltr'>Deus</span> <span class='ocrx_word' id='word_1_189' title='bbox 882 2320 1230 2388; x_wconf 83' lang='lat' dir='ltr'>omnipotens</span> <span class='ocrx_word' id='word_1_190' title='bbox 1295 2322 1476 2390; x_wconf 83' lang='lat' dir='ltr'>(Apoc.</span> <span class='ocrx_word' id='word_1_191' title='bbox 1529 2337 1569 2383; x_wconf 82' lang='grc' dir='ltr'>ι,</span> <span class='ocrx_word' id='word_1_192' title='bbox 1632 2321 1684 2388; x_wconf 91' lang='grc'>4,</span> <span class='ocrx_word' id='word_1_193' title='bbox 1748 2320 1826 2389; x_wconf 87' lang='grc'>5).</span> 
     </span>
    </p>
   </div>
   <div class='ocr_carea' id='block_1_27' title="bbox 180 2404 1827 2480">
    <p class='ocr_par' dir='ltr' id='par_1_27' title="bbox 180 2404 1827 2480">
     <span class='ocr_line' id='line_1_27' title="bbox 180 2404 1827 2480; baseline 0.002 -20"><span class='ocrx_word' id='word_1_194' title='bbox 180 2404 336 2460; x_wconf 89' lang='lat' dir='ltr'>Illud</span> <span class='ocrx_word' id='word_1_195' title='bbox 368 2421 606 2476; x_wconf 83' lang='lat' dir='ltr'>quoque</span> <span class='ocrx_word' id='word_1_196' title='bbox 631 2407 784 2477; x_wconf 91' lang='lat' dir='ltr'>quod</span> <span class='ocrx_word' id='word_1_197' title='bbox 820 2407 878 2461; x_wconf 89' lang='lat' dir='ltr'>in</span> <span class='ocrx_word' id='word_1_198' title='bbox 910 2406 1182 2462; x_wconf 86' lang='lat' dir='ltr'>vicesimo</span> <span class='ocrx_word' id='word_1_199' title='bbox 1209 2409 1379 2463; x_wconf 89' lang='lat' dir='ltr'>tertio</span> <span class='ocrx_word' id='word_1_200' title='bbox 1413 2407 1639 2480; x_wconf 88' lang='lat' dir='ltr'>psalmo</span> <span class='ocrx_word' id='word_1_201' title='bbox 1683 2407 1827 2478; x_wconf 83' lang='lat' dir='ltr'>legi-</span> 
     </span>
    </p>
   </div>
   <div class='ocr_carea' id='block_1_28' title="bbox 175 2496 1828 2567">
    <p class='ocr_par' dir='ltr' id='par_1_28' title="bbox 175 2496 1828 2567">
     <span class='ocr_line' id='line_1_28' title="bbox 175 2496 1828 2567; baseline 0.002 -18"><span class='ocrx_word' id='word_1_202' title='bbox 175 2509 317 2550; x_wconf 87' lang='lat' dir='ltr'>mus</span> <span class='ocrx_word' id='word_1_203' title='bbox 349 2511 362 2550; x_wconf 91' lang='lat'>:</span> <span class='ocrx_word' id='word_1_204' title='bbox 395 2496 588 2550; x_wconf 84' lang='lat' dir='ltr'>Levate</span> <span class='ocrx_word' id='word_1_205' title='bbox 623 2499 836 2566; x_wconf 85' lang='lat' dir='ltr'>portas,</span> <span class='ocrx_word' id='word_1_206' title='bbox 868 2498 1162 2567; x_wconf 75' lang='lat' dir='ltr'>principes,</span> <span class='ocrx_word' id='word_1_207' title='bbox 1194 2501 1419 2566; x_wconf 85' lang='lat' dir='ltr'>vestras,</span> <span class='ocrx_word' id='word_1_208' title='bbox 1450 2505 1501 2552; x_wconf 88' lang='lat' dir='ltr'>et</span> <span class='ocrx_word' id='word_1_209' title='bbox 1533 2498 1677 2552; x_wconf 93' lang='lat'>797</span> <span class='ocrx_word' id='word_1_210' title='bbox 1714 2498 1828 2552; x_wconf 87' lang='lat' dir='ltr'>ele-</span> 
     </span>
    </p>
   </div>
   <div class='ocr_carea' id='block_1_29' title="bbox 172 2584 1830 2656">
    <p class='ocr_par' dir='ltr' id='par_1_29' title="bbox 172 2584 1830 2656">
     <span class='ocr_line' id='line_1_29' title="bbox 172 2584 1830 2656; baseline 0.001 -16"><span class='ocrx_word' id='word_1_211' title='bbox 172 2584 416 2650; x_wconf 80' lang='lat' dir='ltr'>vamini,</span> <span class='ocrx_word' id='word_1_212' title='bbox 466 2587 636 2654; x_wconf 74' lang='lat' dir='ltr'>portae</span> <span class='ocrx_word' id='word_1_213' title='bbox 694 2585 998 2652; x_wconf 74' lang='lat' dir='ltr'>srternales,</span> <span class='ocrx_word' id='word_1_214' title='bbox 1056 2592 1107 2640; x_wconf 89' lang='lat' dir='ltr'>et</span> <span class='ocrx_word' id='word_1_215' title='bbox 1168 2588 1419 2641; x_wconf 84' lang='lat' dir='ltr'>introibit</span> <span class='ocrx_word' id='word_1_216' title='bbox 1479 2603 1580 2641; x_wconf 69' lang='lat' dir='ltr'>rex</span> <span class='ocrx_word' id='word_1_217' title='bbox 1632 2586 1830 2656; x_wconf 70' lang='lat' dir='ltr'>gloria!</span> 
     </span>
    </p>
   </div>
   <div class='ocr_carea' id='block_1_30' title="bbox 174 2673 1828 2745">
    <p class='ocr_par' dir='ltr' id='par_1_30' title="bbox 174 2673 1828 2745">
     <span class='ocr_line' id='line_1_30' title="bbox 174 2673 1828 2745; baseline -0.001 -17"><span class='ocrx_word' id='word_1_218' title='bbox 174 2673 362 2743; x_wconf 73' lang='lat' dir='ltr'>(Vers.</span> <span class='ocrx_word' id='word_1_219' title='bbox 393 2674 450 2739; x_wconf 90' lang='lat'>7)</span> <span class='ocrx_word' id='word_1_220' title='bbox 483 2689 496 2726; x_wconf 88' lang='lat'>:</span> <span class='ocrx_word' id='word_1_221' title='bbox 532 2688 887 2744; x_wconf 86' lang='lat' dir='ltr'>rursumque</span> <span class='ocrx_word' id='word_1_222' title='bbox 908 2674 981 2729; x_wconf 91' lang='lat' dir='ltr'>ab</span> <span class='ocrx_word' id='word_1_223' title='bbox 1011 2673 1142 2729; x_wconf 88' lang='lat' dir='ltr'>aliis</span> <span class='ocrx_word' id='word_1_224' title='bbox 1172 2673 1395 2744; x_wconf 85' lang='lat' dir='ltr'>angelis</span> <span class='ocrx_word' id='word_1_225' title='bbox 1427 2674 1640 2729; x_wconf 89' lang='lat' dir='ltr'>dicitur</span> <span class='ocrx_word' id='word_1_226' title='bbox 1661 2675 1828 2745; x_wconf 71' lang='lat' dir='ltr'>igno~</span> 
     </span>
    </p>
   </div>
   <div class='ocr_carea' id='block_1_31' title="bbox 177 2760 1828 2834">
    <p class='ocr_par' dir='ltr' id='par_1_31' title="bbox 177 2760 1828 2834">
     <span class='ocr_line' id='line_1_31' title="bbox 177 2760 1828 2834; baseline 0 -18"><span class='ocrx_word' id='word_1_227' title='bbox 177 2760 449 2821; x_wconf 84' lang='lat' dir='ltr'>rantibus</span> <span class='ocrx_word' id='word_1_228' title='bbox 463 2761 804 2832; x_wconf 76' lang='lat' dir='ltr'>mysterium</span> <span class='ocrx_word' id='word_1_229' title='bbox 820 2763 1012 2816; x_wconf 88' lang='lat' dir='ltr'>carnis</span> <span class='ocrx_word' id='word_1_230' title='bbox 1025 2763 1131 2833; x_wconf 82' lang='lat' dir='ltr'>[AL</span> <span class='ocrx_word' id='word_1_231' title='bbox 1149 2763 1587 2834; x_wconf 85' lang='lat' dir='ltr'>incarnationis]</span> <span class='ocrx_word' id='word_1_232' title='bbox 1602 2779 1828 2817; x_wconf 85' lang='lat' dir='ltr'>assum-</span> 
     </span>
    </p>
   </div>
   <div class='ocr_carea' id='block_1_32' title="bbox 176 2851 1832 2932">
    <p class='ocr_par' dir='ltr' id='par_1_32' title="bbox 176 2851 1832 2932">
     <span class='ocr_line' id='line_1_32' title="bbox 176 2851 1832 2932; baseline -0.001 -28"><span class='ocrx_word' id='word_1_233' title='bbox 176 2853 296 2921; x_wconf 68' lang='lat' dir='ltr'>ptis</span> <span class='ocrx_word' id='word_1_234' title='bbox 325 2866 340 2904; x_wconf 87' lang='lat'><strong>:</strong></span> <span class='ocrx_word' id='word_1_235' title='bbox 361 2851 497 2919; x_wconf 85' lang='lat' dir='ltr'>Quis</span> <span class='ocrx_word' id='word_1_236' title='bbox 517 2853 594 2904; x_wconf 87' lang='lat' dir='ltr'>est</span> <span class='ocrx_word' id='word_1_237' title='bbox 612 2851 712 2905; x_wconf 89' lang='lat' dir='ltr'>iste</span> <span class='ocrx_word' id='word_1_238' title='bbox 749 2866 850 2905; x_wconf 65' lang='lat' dir='ltr'>rex</span> <span class='ocrx_word' id='word_1_239' title='bbox 867 2851 1063 2920; x_wconf 75' lang='lat' dir='ltr'>gloria:</span> <span class='ocrx_word' id='word_1_240' title='bbox 1076 2851 1104 2905; x_wconf 72' lang='lat' dir='ltr'>‘I</span> <span class='ocrx_word' id='word_1_241' title='bbox 1122 2853 1389 2932; x_wconf 60' lang='lat' dir='ltr'>Dominus</span> <span class='ocrx_word' id='word_1_242' title='bbox 1426 2853 1690 2906; x_wconf 85' lang='lat' dir='ltr'>virtutum</span> <span class='ocrx_word' id='word_1_243' title='bbox 1714 2853 1832 2922; x_wconf 72' lang='lat' dir='ltr'>ipse</span> 
     </span>
    </p>
   </div>
   <div class='ocr_carea' id='block_1_33' title="bbox 174 2939 1830 3008">
    <p class='ocr_par' dir='ltr' id='par_1_33' title="bbox 174 2939 1830 3008">
     <span class='ocr_line' id='line_1_33' title="bbox 174 2939 1830 3008; baseline -0.001 -13"><span class='ocrx_word' id='word_1_244' title='bbox 174 2943 265 2995; x_wconf 67' lang='lat' dir='ltr'>est</span> <span class='ocrx_word' id='word_1_245' title='bbox 294 2955 393 2994; x_wconf 72' lang='lat' dir='ltr'>rea:</span> <span class='ocrx_word' id='word_1_246' title='bbox 417 2939 632 3008; x_wconf 74' lang='lat' dir='ltr'>gloriae,</span> <span class='ocrx_word' id='word_1_247' title='bbox 668 2939 915 2993; x_wconf 81' lang='lat' dir='ltr'>refertur</span> <span class='ocrx_word' id='word_1_248' title='bbox 943 2940 1015 2994; x_wconf 91' lang='lat' dir='ltr'>ad</span> <span class='ocrx_word' id='word_1_249' title='bbox 1045 2939 1362 2994; x_wconf 82' lang='lat' dir='ltr'>Christum.</span> <span class='ocrx_word' id='word_1_250' title='bbox 1397 2939 1501 2994; x_wconf 88' lang='lat' dir='ltr'>Ubi</span> <span class='ocrx_word' id='word_1_251' title='bbox 1535 2939 1692 2994; x_wconf 89' lang='lat' dir='ltr'>enim</span> <span class='ocrx_word' id='word_1_252' title='bbox 1725 2956 1830 2995; x_wconf 90' lang='lat' dir='ltr'>nos</span> 
     </span>
    </p>
   </div>
   <div class='ocr_carea' id='block_1_34' title="bbox 176 3027 1832 3100">
    <p class='ocr_par' dir='ltr' id='par_1_34' title="bbox 176 3027 1832 3100">
     <span class='ocr_line' id='line_1_34' title="bbox 176 3027 1832 3100; baseline -0.001 -16"><span class='ocrx_word' id='word_1_253' title='bbox 176 3027 437 3100; x_wconf 82' lang='lat' dir='ltr'>legimus</span> <span class='ocrx_word' id='word_1_254' title='bbox 463 3029 731 3083; x_wconf 77' lang='lat' dir='ltr'>Dominus</span> <span class='ocrx_word' id='word_1_255' title='bbox 751 3030 1035 3091; x_wconf 82' lang='lat' dir='ltr'>virtutum,</span> <span class='ocrx_word' id='word_1_256' title='bbox 1056 3029 1116 3082; x_wconf 91' lang='lat' dir='ltr'>in</span> <span class='ocrx_word' id='word_1_257' title='bbox 1133 3028 1414 3084; x_wconf 85' lang='lat' dir='ltr'>Hebraico</span> <span class='ocrx_word' id='word_1_258' title='bbox 1437 3028 1722 3100; x_wconf 89' lang='lat' dir='ltr'>scriptum</span> <span class='ocrx_word' id='word_1_259' title='bbox 1743 3033 1832 3084; x_wconf 89' lang='lat' dir='ltr'>est</span> 
     </span>
    </p>
   </div>
   <div class='ocr_carea' id='block_1_35' title="bbox 179 3116 1830 3188">
    <p class='ocr_par' dir='ltr' id='par_1_35' title="bbox 179 3116 1830 3188">
     <span class='ocr_line' id='line_1_35' title="bbox 179 3116 1830 3188; baseline -0.001 -15"><span class='ocrx_word' id='word_1_260' title='bbox 179 3134 429 3173; x_wconf 67' lang='lat' dir='ltr'>suasore</span> <span class='ocrx_word' id='word_1_261' title='bbox 480 3116 745 3187; x_wconf 61' lang='lat' dir='ltr'>(manu),</span> <span class='ocrx_word' id='word_1_262' title='bbox 779 3117 930 3188; x_wconf 89' lang='lat' dir='ltr'>quod</span> <span class='ocrx_word' id='word_1_263' title='bbox 965 3134 999 3171; x_wconf 85' lang='lat' dir='ltr'>a</span> <span class='ocrx_word' id='word_1_264' title='bbox 1030 3117 1164 3172; x_wconf 78' lang='lat' dir='ltr'><strong>LXX</strong></span> <span class='ocrx_word' id='word_1_265' title='bbox 1195 3118 1614 3187; x_wconf 85' lang='lat' dir='ltr'>interpretibus</span> <span class='ocrx_word' id='word_1_266' title='bbox 1646 3119 1830 3172; x_wconf 87' lang='lat' dir='ltr'>omni-</span> 
     </span>
    </p>
   </div>
   <div class='ocr_carea' id='block_1_36' title="bbox 1937 546 3578 621">
    <p class='ocr_par' dir='ltr' id='par_1_36' title="bbox 1937 546 3578 621">
     <span class='ocr_line' id='line_1_36' title="bbox 1937 546 3578 621; baseline -0.001 -17"><span class='ocrx_word' id='word_1_267' title='bbox 1937 553 2267 620; x_wconf 87' lang='lat' dir='ltr'>peccatores</span> <span class='ocrx_word' id='word_1_268' title='bbox 2296 567 2414 606; x_wconf 65' lang='lat' dir='ltr'>suae</span> <span class='ocrx_word' id='word_1_269' title='bbox 2444 550 2768 621; x_wconf 82' lang='lat' dir='ltr'>subjiciunt</span> <span class='ocrx_word' id='word_1_270' title='bbox 2793 547 3162 621; x_wconf 87' lang='lat' dir='ltr'>potestati,et</span> <span class='ocrx_word' id='word_1_271' title='bbox 3191 546 3302 602; x_wconf 87' lang='lat' dir='ltr'>sibi</span> <span class='ocrx_word' id='word_1_272' title='bbox 3335 562 3434 603; x_wconf 85' lang='lat' dir='ltr'>eos</span> <span class='ocrx_word' id='word_1_273' title='bbox 3456 561 3578 602; x_wconf 84' lang='lat' dir='ltr'>ser-</span> 
     </span>
    </p>
   </div>
   <div class='ocr_carea' id='block_1_37' title="bbox 1933 637 2464 710">
    <p class='ocr_par' dir='ltr' id='par_1_37' title="bbox 1933 637 2464 710">
     <span class='ocr_line' id='line_1_37' title="bbox 1933 637 2464 710; baseline 0.004 -18"><span class='ocrx_word' id='word_1_274' title='bbox 1933 637 2053 693; x_wconf 88' lang='lat' dir='ltr'>vire</span> <span class='ocrx_word' id='word_1_275' title='bbox 2084 639 2464 710; x_wconf 87' lang='lat' dir='ltr'>compellunt.</span> 
     </span>
    </p>
   </div>
   <div class='ocr_carea' id='block_1_38' title="bbox 2005 726 3583 800">
    <p class='ocr_par' dir='ltr' id='par_1_38' title="bbox 2005 726 3583 800">
     <span class='ocr_line' id='line_1_38' title="bbox 2005 726 3583 800; baseline 0 -18"><span class='ocrx_word' id='word_1_276' title='bbox 2005 727 2189 798; x_wconf 88' lang='lat' dir='ltr'>(Vers.</span> <span class='ocrx_word' id='word_1_277' title='bbox 2227 729 2292 782; x_wconf 92' lang='grc'>10</span> <span class='ocrx_word' id='word_1_278' title='bbox 2322 729 2511 800; x_wconf 89' lang='lat' dir='ltr'>seqq.)</span> <span class='ocrx_word' id='word_1_279' title='bbox 2541 729 2731 784; x_wconf 82' lang='lat' dir='ltr'>Lauda</span> <span class='ocrx_word' id='word_1_280' title='bbox 2761 735 2812 784; x_wconf 87' lang='lat' dir='ltr'>et</span> <span class='ocrx_word' id='word_1_281' title='bbox 2840 729 3055 793; x_wconf 76' lang='lat' dir='ltr'>laetare,</span> <span class='ocrx_word' id='word_1_282' title='bbox 3095 727 3212 781; x_wconf 68' lang='lat' dir='ltr'>ﬁlia</span> <span class='ocrx_word' id='word_1_283' title='bbox 3260 726 3414 794; x_wconf 85' lang='lat' dir='ltr'>Sion,</span> <span class='ocrx_word' id='word_1_284' title='bbox 3447 728 3583 798; x_wconf 85' lang='lat' dir='ltr'>quia</span> 
     </span>
    </p>
   </div>
   <div class='ocr_carea' id='block_1_39' title="bbox 1932 817 3581 888">
    <p class='ocr_par' dir='ltr' id='par_1_39' title="bbox 1932 817 3581 888">
     <span class='ocr_line' id='line_1_39' title="bbox 1932 817 3581 888; baseline -0.001 -16"><span class='ocrx_word' id='word_1_285' title='bbox 1932 831 2053 872; x_wconf 80' lang='lat' dir='ltr'>ecce</span> <span class='ocrx_word' id='word_1_286' title='bbox 2081 833 2175 888; x_wconf 89' lang='lat' dir='ltr'>ego</span> <span class='ocrx_word' id='word_1_287' title='bbox 2205 819 2383 882; x_wconf 83' lang='lat' dir='ltr'>venio,</span> <span class='ocrx_word' id='word_1_288' title='bbox 2415 827 2464 873; x_wconf 90' lang='lat' dir='ltr'>et</span> <span class='ocrx_word' id='word_1_289' title='bbox 2494 818 2746 873; x_wconf 81' lang='lat' dir='ltr'>habitabo</span> <span class='ocrx_word' id='word_1_290' title='bbox 2768 819 2822 871; x_wconf 89' lang='lat' dir='ltr'>in</span> <span class='ocrx_word' id='word_1_291' title='bbox 2854 817 3033 872; x_wconf 75' lang='lat' dir='ltr'>medio</span> <span class='ocrx_word' id='word_1_292' title='bbox 3063 818 3162 884; x_wconf 84' lang='lat' dir='ltr'>tui,</span> <span class='ocrx_word' id='word_1_293' title='bbox 3188 817 3266 871; x_wconf 86' lang='lat' dir='ltr'>ait</span> <span class='ocrx_word' id='word_1_294' title='bbox 3297 817 3581 871; x_wconf 77' lang='lat' dir='ltr'>Dominus.</span> 
     </span>
    </p>
   </div>
   <div class='ocr_carea' id='block_1_40' title="bbox 1935 905 3584 977">
    <p class='ocr_par' dir='ltr' id='par_1_40' title="bbox 1935 905 3584 977">
     <span class='ocr_line' id='line_1_40' title="bbox 1935 905 3584 977; baseline 0 -18"><span class='ocrx_word' id='word_1_295' title='bbox 1935 906 2000 961; x_wconf 86' lang='lat' dir='ltr'>Et</span> <span class='ocrx_word' id='word_1_296' title='bbox 2043 907 2474 977; x_wconf 77' lang='lat' dir='ltr'>applicabuntur</span> <span class='ocrx_word' id='word_1_297' title='bbox 2498 913 2682 977; x_wconf 81' lang='lat' dir='ltr'>gentes</span> <span class='ocrx_word' id='word_1_298' title='bbox 2729 905 2922 961; x_wconf 74' lang='lat' dir='ltr'>multa:</span> <span class='ocrx_word' id='word_1_299' title='bbox 2951 906 3022 961; x_wconf 87' lang='lat' dir='ltr'>ad</span> <span class='ocrx_word' id='word_1_300' title='bbox 3069 907 3361 960; x_wconf 88' lang='lat' dir='ltr'>Dominum</span> <span class='ocrx_word' id='word_1_301' title='bbox 3405 907 3465 959; x_wconf 87' lang='lat' dir='ltr'>in</span> <span class='ocrx_word' id='word_1_302' title='bbox 3495 905 3584 959; x_wconf 87' lang='lat' dir='ltr'>die</span> 
     </span>
    </p>
   </div>
   <div class='ocr_carea' id='block_1_41' title="bbox 1933 993 3581 1066">
    <p class='ocr_par' dir='ltr' id='par_1_41' title="bbox 1933 993 3581 1066">
     <span class='ocr_line' id='line_1_41' title="bbox 1933 993 3581 1066; baseline -0.001 -17"><span class='ocrx_word' id='word_1_303' title='bbox 1933 995 2057 1064; x_wconf 87' lang='lat' dir='ltr'>illa,</span> <span class='ocrx_word' id='word_1_304' title='bbox 2091 1003 2141 1049; x_wconf 90' lang='lat' dir='ltr'>et</span> <span class='ocrx_word' id='word_1_305' title='bbox 2171 1000 2333 1050; x_wconf 86' lang='lat' dir='ltr'>erunt</span> <span class='ocrx_word' id='word_1_306' title='bbox 2363 996 2508 1050; x_wconf 83' lang='lat' dir='ltr'>mihi</span> <span class='ocrx_word' id='word_1_307' title='bbox 2535 997 2596 1049; x_wconf 88' lang='lat' dir='ltr'>in</span> <span class='ocrx_word' id='word_1_308' title='bbox 2621 996 2902 1066; x_wconf 84' lang='lat' dir='ltr'>populum,</span> <span class='ocrx_word' id='word_1_309' title='bbox 2937 997 2986 1050; x_wconf 91' lang='lat' dir='ltr'>et</span> <span class='ocrx_word' id='word_1_310' title='bbox 3015 994 3268 1049; x_wconf 84' lang='lat' dir='ltr'>habitabo</span> <span class='ocrx_word' id='word_1_311' title='bbox 3311 996 3373 1048; x_wconf 90' lang='lat' dir='ltr'>in</span> <span class='ocrx_word' id='word_1_312' title='bbox 3401 993 3581 1049; x_wconf 79' lang='lat' dir='ltr'>medio</span> 
     </span>
    </p>
   </div>
   <div class='ocr_carea' id='block_1_42' title="bbox 1935 1083 3581 1155">
    <p class='ocr_par' dir='ltr' id='par_1_42' title="bbox 1935 1083 3581 1155">
     <span class='ocr_line' id='line_1_42' title="bbox 1935 1083 3581 1155; baseline -0.001 -17"><span class='ocrx_word' id='word_1_313' title='bbox 1935 1086 2038 1150; x_wconf 87' lang='lat' dir='ltr'>tui,</span> <span class='ocrx_word' id='word_1_314' title='bbox 2062 1087 2116 1138; x_wconf 89' lang='lat' dir='ltr'>et</span> <span class='ocrx_word' id='word_1_315' title='bbox 2141 1085 2278 1138; x_wconf 76' lang='lat' dir='ltr'>scies</span> <span class='ocrx_word' id='word_1_316' title='bbox 2299 1087 2431 1155; x_wconf 84' lang='lat' dir='ltr'>quia</span> <span class='ocrx_word' id='word_1_317' title='bbox 2461 1086 2724 1139; x_wconf 85' lang='lat' dir='ltr'>Dominus</span> <span class='ocrx_word' id='word_1_318' title='bbox 2742 1085 3082 1138; x_wconf 70' lang='lat' dir='ltr'>exercituum</span> <span class='ocrx_word' id='word_1_319' title='bbox 3105 1085 3257 1138; x_wconf 83' lang='lat' dir='ltr'>misit</span> <span class='ocrx_word' id='word_1_320' title='bbox 3282 1100 3374 1137; x_wconf 87' lang='lat' dir='ltr'>me</span> <span class='ocrx_word' id='word_1_321' title='bbox 3403 1083 3478 1137; x_wconf 84' lang='lat' dir='ltr'>ad</span> <span class='ocrx_word' id='word_1_322' title='bbox 3510 1088 3581 1138; x_wconf 83' lang='lat' dir='ltr'>te.</span> 
     </span>
    </p>
   </div>
   <div class='ocr_carea' id='block_1_43' title="bbox 1934 1173 3584 1244">
    <p class='ocr_par' dir='ltr' id='par_1_43' title="bbox 1934 1173 3584 1244">
     <span class='ocr_line' id='line_1_43' title="bbox 1934 1173 3584 1244; baseline -0.001 -18"><span class='ocrx_word' id='word_1_323' title='bbox 1934 1174 1998 1228; x_wconf 84' lang='lat' dir='ltr'>Et</span> <span class='ocrx_word' id='word_1_324' title='bbox 2038 1173 2329 1243; x_wconf 81' lang='lat' dir='ltr'>possidebit</span> <span class='ocrx_word' id='word_1_325' title='bbox 2359 1175 2620 1228; x_wconf 83' lang='lat' dir='ltr'>Dominus</span> <span class='ocrx_word' id='word_1_326' title='bbox 2648 1173 2843 1229; x_wconf 69' lang='lat' dir='ltr'>ludam</span> <span class='ocrx_word' id='word_1_327' title='bbox 2882 1180 3098 1244; x_wconf 78' lang='lat' dir='ltr'>partem</span> <span class='ocrx_word' id='word_1_328' title='bbox 3134 1187 3297 1226; x_wconf 85' lang='lat' dir='ltr'>suam</span> <span class='ocrx_word' id='word_1_329' title='bbox 3343 1173 3404 1226; x_wconf 90' lang='lat' dir='ltr'>in</span> <span class='ocrx_word' id='word_1_330' title='bbox 3433 1176 3584 1226; x_wconf 86' lang='lat' dir='ltr'>terra</span> 
     </span>
    </p>
   </div>
   <div class='ocr_carea' id='block_1_44' title="bbox 1932 1261 3578 1332">
    <p class='ocr_par' dir='ltr' id='par_1_44' title="bbox 1932 1261 3578 1332">
     <span class='ocr_line' id='line_1_44' title="bbox 1932 1261 3578 1332; baseline -0.001 -17"><span class='ocrx_word' id='word_1_331' title='bbox 1932 1263 2291 1330; x_wconf 80' lang='lat' dir='ltr'>sanctiﬁcata,</span> <span class='ocrx_word' id='word_1_332' title='bbox 2323 1267 2376 1316; x_wconf 81' lang='lat' dir='ltr'>et</span> <span class='ocrx_word' id='word_1_333' title='bbox 2405 1263 2564 1332; x_wconf 88' lang='lat' dir='ltr'>eliget</span> <span class='ocrx_word' id='word_1_334' title='bbox 2593 1261 2770 1316; x_wconf 81' lang='lat' dir='ltr'>adhuc</span> <span class='ocrx_word' id='word_1_335' title='bbox 2797 1262 3114 1317; x_wconf 84' lang='lat' dir='ltr'>Jerusalem.</span> <span class='ocrx_word' id='word_1_336' title='bbox 3147 1261 3282 1316; x_wconf 83' lang='lat' dir='ltr'>LXX</span> <span class='ocrx_word' id='word_1_337' title='bbox 3315 1275 3328 1315; x_wconf 90' lang='lat'><strong>:</strong></span> <span class='ocrx_word' id='word_1_338' title='bbox 3367 1264 3578 1315; x_wconf 65' lang='lat' dir='ltr'>Lwtare</span> 
     </span>
    </p>
   </div>
   <div class='ocr_carea' id='block_1_45' title="bbox 1933 1349 3583 1422">
    <p class='ocr_par' dir='ltr' id='par_1_45' title="bbox 1933 1349 3583 1422">
     <span class='ocr_line' id='line_1_45' title="bbox 1933 1349 3583 1422; baseline -0.001 -17"><span class='ocrx_word' id='word_1_339' title='bbox 1933 1354 1985 1405; x_wconf 87' lang='lat' dir='ltr'>et</span> <span class='ocrx_word' id='word_1_340' title='bbox 2010 1351 2212 1419; x_wconf 84' lang='lat' dir='ltr'>gaude.</span> <span class='ocrx_word' id='word_1_341' title='bbox 2241 1352 2362 1420; x_wconf 82' lang='lat' dir='ltr'>ﬁlia</span> <span class='ocrx_word' id='word_1_342' title='bbox 2394 1351 2544 1416; x_wconf 85' lang='lat' dir='ltr'>Sion,</span> <span class='ocrx_word' id='word_1_343' title='bbox 2578 1355 2708 1422; x_wconf 85' lang='lat' dir='ltr'>quia</span> <span class='ocrx_word' id='word_1_344' title='bbox 2737 1366 2857 1406; x_wconf 87' lang='lat' dir='ltr'>ecce</span> <span class='ocrx_word' id='word_1_345' title='bbox 2885 1352 3125 1415; x_wconf 87' lang='lat' dir='ltr'>veniam,</span> <span class='ocrx_word' id='word_1_346' title='bbox 3157 1357 3207 1404; x_wconf 90' lang='lat' dir='ltr'>et</span> <span class='ocrx_word' id='word_1_347' title='bbox 3240 1349 3390 1405; x_wconf 85' lang='lat'><strong>798</strong></span> <span class='ocrx_word' id='word_1_348' title='bbox 3423 1349 3583 1404; x_wconf 85' lang='lat' dir='ltr'>habi-</span> 
     </span>
    </p>
   </div>
   <div class='ocr_carea' id='block_1_46' title="bbox 1936 1439 3584 1509">
    <p class='ocr_par' dir='ltr' id='par_1_46' title="bbox 1936 1439 3584 1509">
     <span class='ocr_line' id='line_1_46' title="bbox 1936 1439 3584 1509; baseline 0 -15"><span class='ocrx_word' id='word_1_349' title='bbox 1936 1439 2058 1494; x_wconf 89' lang='lat' dir='ltr'>tabo</span> <span class='ocrx_word' id='word_1_350' title='bbox 2089 1441 2150 1493; x_wconf 89' lang='lat' dir='ltr'>in</span> <span class='ocrx_word' id='word_1_351' title='bbox 2179 1441 2358 1494; x_wconf 77' lang='lat' dir='ltr'>medio</span> <span class='ocrx_word' id='word_1_352' title='bbox 2381 1441 2484 1506; x_wconf 89' lang='lat' dir='ltr'>lui,</span> <span class='ocrx_word' id='word_1_353' title='bbox 2509 1441 2642 1495; x_wconf 84' lang='lat' dir='ltr'>dicit</span> <span class='ocrx_word' id='word_1_354' title='bbox 2672 1441 2932 1494; x_wconf 85' lang='lat' dir='ltr'>Dominus</span> <span class='ocrx_word' id='word_1_355' title='bbox 2955 1459 2972 1493; x_wconf 91' lang='lat'><strong><em>:</em></strong></span> <span class='ocrx_word' id='word_1_356' title='bbox 2993 1442 3044 1494; x_wconf 87' lang='lat' dir='ltr'>et</span> <span class='ocrx_word' id='word_1_357' title='bbox 3071 1440 3387 1509; x_wconf 78' lang='lat' dir='ltr'>confugient</span> <span class='ocrx_word' id='word_1_358' title='bbox 3403 1445 3584 1508; x_wconf 80' lang='lat' dir='ltr'>gentes</span> 
     </span>
    </p>
   </div>
   <div class='ocr_carea' id='block_1_47' title="bbox 1931 1528 3584 1598">
    <p class='ocr_par' dir='ltr' id='par_1_47' title="bbox 1931 1528 3584 1598">
     <span class='ocr_line' id='line_1_47' title="bbox 1931 1528 3584 1598; baseline -0.001 -16"><span class='ocrx_word' id='word_1_359' title='bbox 1931 1529 2125 1584; x_wconf 72' lang='lat' dir='ltr'>multae</span> <span class='ocrx_word' id='word_1_360' title='bbox 2140 1529 2210 1583; x_wconf 86' lang='lat' dir='ltr'>ad</span> <span class='ocrx_word' id='word_1_361' title='bbox 2240 1530 2536 1584; x_wconf 88' lang='lat' dir='ltr'>Dominum</span> <span class='ocrx_word' id='word_1_362' title='bbox 2554 1531 2615 1584; x_wconf 86' lang='lat' dir='ltr'>in</span> <span class='ocrx_word' id='word_1_363' title='bbox 2643 1529 2731 1584; x_wconf 85' lang='lat' dir='ltr'>die</span> <span class='ocrx_word' id='word_1_364' title='bbox 2761 1530 2878 1594; x_wconf 86' lang='lat' dir='ltr'>illa,</span> <span class='ocrx_word' id='word_1_365' title='bbox 2894 1537 2945 1584; x_wconf 90' lang='lat' dir='ltr'>et</span> <span class='ocrx_word' id='word_1_366' title='bbox 2960 1531 3122 1583; x_wconf 88' lang='lat' dir='ltr'>erunt</span> <span class='ocrx_word' id='word_1_367' title='bbox 3140 1529 3193 1583; x_wconf 89' lang='lat' dir='ltr'>ei</span> <span class='ocrx_word' id='word_1_368' title='bbox 3211 1529 3272 1582; x_wconf 89' lang='lat' dir='ltr'>in</span> <span class='ocrx_word' id='word_1_369' title='bbox 3295 1528 3584 1598; x_wconf 84' lang='lat' dir='ltr'>populum,</span> 
     </span>
    </p>
   </div>
   <div class='ocr_carea' id='block_1_48' title="bbox 1933 1617 3587 1689">
    <p class='ocr_par' dir='ltr' id='par_1_48' title="bbox 1933 1617 3587 1689">
     <span class='ocr_line' id='line_1_48' title="bbox 1933 1617 3587 1689; baseline -0.002 -16"><span class='ocrx_word' id='word_1_370' title='bbox 1933 1621 1983 1673; x_wconf 87' lang='lat' dir='ltr'>et</span> <span class='ocrx_word' id='word_1_371' title='bbox 2032 1617 2356 1673; x_wconf 79' lang='lat' dir='ltr'>habitabant</span> <span class='ocrx_word' id='word_1_372' title='bbox 2385 1621 2444 1674; x_wconf 89' lang='lat' dir='ltr'>in</span> <span class='ocrx_word' id='word_1_373' title='bbox 2498 1620 2670 1674; x_wconf 84' lang='lat' dir='ltr'>medio</span> <span class='ocrx_word' id='word_1_374' title='bbox 2701 1620 2785 1673; x_wconf 90' lang='lat' dir='ltr'>tui</span> <span class='ocrx_word' id='word_1_375' title='bbox 2813 1636 2831 1673; x_wconf 91' lang='lat'><strong><em>:</em></strong></span> <span class='ocrx_word' id='word_1_376' title='bbox 2863 1627 2912 1674; x_wconf 90' lang='lat' dir='ltr'>et</span> <span class='ocrx_word' id='word_1_377' title='bbox 2939 1620 3072 1672; x_wconf 82' lang='lat' dir='ltr'>scies</span> <span class='ocrx_word' id='word_1_378' title='bbox 3114 1620 3376 1689; x_wconf 88' lang='lat' dir='ltr'>quoniam</span> <span class='ocrx_word' id='word_1_379' title='bbox 3406 1617 3587 1672; x_wconf 86' lang='lat' dir='ltr'>Domi-</span> 
     </span>
    </p>
   </div>
   <div class='ocr_carea' id='block_1_49' title="bbox 1933 1706 3586 1778">
    <p class='ocr_par' dir='ltr' id='par_1_49' title="bbox 1933 1706 3586 1778">
     <span class='ocr_line' id='line_1_49' title="bbox 1933 1706 3586 1778; baseline 0 -18"><span class='ocrx_word' id='word_1_380' title='bbox 1933 1723 2040 1761; x_wconf 89' lang='lat' dir='ltr'>nus</span> <span class='ocrx_word' id='word_1_381' title='bbox 2068 1709 2404 1777; x_wconf 81' lang='lat' dir='ltr'>omnipotens</span> <span class='ocrx_word' id='word_1_382' title='bbox 2435 1709 2588 1763; x_wconf 87' lang='lat' dir='ltr'>misit</span> <span class='ocrx_word' id='word_1_383' title='bbox 2618 1723 2703 1763; x_wconf 89' lang='lat' dir='ltr'>me</span> <span class='ocrx_word' id='word_1_384' title='bbox 2731 1707 2800 1762; x_wconf 86' lang='lat' dir='ltr'>ad</span> <span class='ocrx_word' id='word_1_385' title='bbox 2828 1711 2898 1776; x_wconf 85' lang='lat' dir='ltr'>te,</span> <span class='ocrx_word' id='word_1_386' title='bbox 2921 1711 2973 1762; x_wconf 87' lang='lat' dir='ltr'>et</span> <span class='ocrx_word' id='word_1_387' title='bbox 2997 1706 3290 1778; x_wconf 85' lang='lat' dir='ltr'>possidebit</span> <span class='ocrx_word' id='word_1_388' title='bbox 3319 1707 3586 1762; x_wconf 88' lang='lat' dir='ltr'>Dominus</span> 
     </span>
    </p>
   </div>
   <div class='ocr_carea' id='block_1_50' title="bbox 1934 1794 3587 1866">
    <p class='ocr_par' dir='ltr' id='par_1_50' title="bbox 1934 1794 3587 1866">
     <span class='ocr_line' id='line_1_50' title="bbox 1934 1794 3587 1866; baseline -0.002 -14"><span class='ocrx_word' id='word_1_389' title='bbox 1934 1796 2130 1852; x_wconf 81' lang='lat' dir='ltr'>ludam</span> <span class='ocrx_word' id='word_1_390' title='bbox 2170 1805 2381 1866; x_wconf 88' lang='lat' dir='ltr'>partem</span> <span class='ocrx_word' id='word_1_391' title='bbox 2408 1812 2569 1852; x_wconf 86' lang='lat' dir='ltr'>suam</span> <span class='ocrx_word' id='word_1_392' title='bbox 2598 1799 2658 1851; x_wconf 87' lang='lat' dir='ltr'>in</span> <span class='ocrx_word' id='word_1_393' title='bbox 2703 1801 2850 1852; x_wconf 87' lang='lat' dir='ltr'>terra</span> <span class='ocrx_word' id='word_1_394' title='bbox 2877 1805 3086 1862; x_wconf 83' lang='lat' dir='ltr'>sancta,</span> <span class='ocrx_word' id='word_1_395' title='bbox 3119 1805 3170 1851; x_wconf 89' lang='lat' dir='ltr'>et</span> <span class='ocrx_word' id='word_1_396' title='bbox 3201 1796 3368 1866; x_wconf 84' lang='lat' dir='ltr'>eliget</span> <span class='ocrx_word' id='word_1_397' title='bbox 3410 1794 3587 1850; x_wconf 85' lang='lat' dir='ltr'>adhuc</span> 
     </span>
    </p>
   </div>
   <div class='ocr_carea' id='block_1_51' title="bbox 1936 1882 3585 1956">
    <p class='ocr_par' dir='ltr' id='par_1_51' title="bbox 1936 1882 3585 1956">
     <span class='ocr_line' id='line_1_51' title="bbox 1936 1882 3585 1956; baseline -0.003 -14"><span class='ocrx_word' id='word_1_398' title='bbox 1936 1885 2259 1942; x_wconf 87' lang='lat' dir='ltr'>Jerusalem.</span> <span class='ocrx_word' id='word_1_399' title='bbox 2290 1886 2360 1940; x_wconf 85' lang='lat' dir='ltr'>Et</span> <span class='ocrx_word' id='word_1_400' title='bbox 2387 1885 2508 1940; x_wconf 73' lang='lat' dir='ltr'>haec</span> <span class='ocrx_word' id='word_1_401' title='bbox 2541 1885 2731 1940; x_wconf 90' lang='lat' dir='ltr'>adhuc</span> <span class='ocrx_word' id='word_1_402' title='bbox 2765 1901 2833 1940; x_wconf 81' lang='lat' dir='ltr'>ex</span> <span class='ocrx_word' id='word_1_403' title='bbox 2864 1901 3113 1956; x_wconf 89' lang='lat' dir='ltr'>persona</span> <span class='ocrx_word' id='word_1_404' title='bbox 3142 1883 3375 1939; x_wconf 87' lang='lat' dir='ltr'>Domini</span> <span class='ocrx_word' id='word_1_405' title='bbox 3408 1882 3585 1938; x_wconf 62' lang='lat' dir='ltr'>intel«</span> 
     </span>
    </p>
   </div>
   <div class='ocr_carea' id='block_1_52' title="bbox 1937 1971 3589 2046">
    <p class='ocr_par' dir='ltr' id='par_1_52' title="bbox 1937 1971 3589 2046">
     <span class='ocr_line' id='line_1_52' title="bbox 1937 1971 3589 2046; baseline -0.002 -18"><span class='ocrx_word' id='word_1_406' title='bbox 1937 1973 2171 2046; x_wconf 88' lang='lat' dir='ltr'>ligenda</span> <span class='ocrx_word' id='word_1_407' title='bbox 2189 1989 2202 2028; x_wconf 89' lang='lat'><strong>:</strong></span> <span class='ocrx_word' id='word_1_408' title='bbox 2219 1974 2373 2044; x_wconf 87' lang='lat' dir='ltr'>quod</span> <span class='ocrx_word' id='word_1_409' title='bbox 2389 1973 2654 2028; x_wconf 87' lang='lat' dir='ltr'>hortetur</span> <span class='ocrx_word' id='word_1_410' title='bbox 2673 1973 2954 2045; x_wconf 88' lang='lat' dir='ltr'>populum</span> <span class='ocrx_word' id='word_1_411' title='bbox 2971 1989 3145 2028; x_wconf 88' lang='lat' dir='ltr'>suum</span> <span class='ocrx_word' id='word_1_412' title='bbox 3164 1973 3234 2027; x_wconf 92' lang='lat' dir='ltr'>de</span> <span class='ocrx_word' id='word_1_413' title='bbox 3256 1971 3589 2042; x_wconf 82' lang='lat' dir='ltr'>captivitate</span> 
     </span>
    </p>
   </div>
   <div class='ocr_carea' id='block_1_53' title="bbox 1936 2059 3586 2133">
    <p class='ocr_par' dir='ltr' id='par_1_53' title="bbox 1936 2059 3586 2133">
     <span class='ocr_line' id='line_1_53' title="bbox 1936 2059 3586 2133; baseline -0.002 -16"><span class='ocrx_word' id='word_1_414' title='bbox 1936 2061 1997 2117; x_wconf 89' lang='lat' dir='ltr'>in</span> <span class='ocrx_word' id='word_1_415' title='bbox 2029 2062 2226 2117; x_wconf 90' lang='lat' dir='ltr'>sedem</span> <span class='ocrx_word' id='word_1_416' title='bbox 2242 2062 2550 2133; x_wconf 89' lang='lat' dir='ltr'>pristinam</span> <span class='ocrx_word' id='word_1_417' title='bbox 2566 2062 2898 2118; x_wconf 88' lang='lat' dir='ltr'>restitutum</span> <span class='ocrx_word' id='word_1_418' title='bbox 2915 2061 3168 2132; x_wconf 86' lang='lat' dir='ltr'>gaudere</span> <span class='ocrx_word' id='word_1_419' title='bbox 3183 2065 3357 2133; x_wconf 89' lang='lat' dir='ltr'>atque</span> <span class='ocrx_word' id='word_1_420' title='bbox 3381 2059 3586 2129; x_wconf 74' lang='lat' dir='ltr'>laetari,</span> 
     </span>
    </p>
   </div>
   <div class='ocr_carea' id='block_1_54' title="bbox 1938 2148 3587 2222">
    <p class='ocr_par' dir='ltr' id='par_1_54' title="bbox 1938 2148 3587 2222">
     <span class='ocr_line' id='line_1_54' title="bbox 1938 2148 3587 2222; baseline -0.002 -17"><span class='ocrx_word' id='word_1_421' title='bbox 1938 2151 2091 2222; x_wconf 90' lang='lat' dir='ltr'>quod</span> <span class='ocrx_word' id='word_1_422' title='bbox 2119 2150 2246 2222; x_wconf 88' lang='lat' dir='ltr'>ipse</span> <span class='ocrx_word' id='word_1_423' title='bbox 2275 2151 2560 2206; x_wconf 89' lang='lat' dir='ltr'>Dominus</span> <span class='ocrx_word' id='word_1_424' title='bbox 2581 2151 2794 2216; x_wconf 87' lang='lat' dir='ltr'>veniat,</span> <span class='ocrx_word' id='word_1_425' title='bbox 2811 2155 2869 2206; x_wconf 89' lang='lat' dir='ltr'>et</span> <span class='ocrx_word' id='word_1_426' title='bbox 2891 2151 3114 2206; x_wconf 87' lang='lat' dir='ltr'>habitet</span> <span class='ocrx_word' id='word_1_427' title='bbox 3134 2149 3193 2205; x_wconf 92' lang='lat' dir='ltr'>in</span> <span class='ocrx_word' id='word_1_428' title='bbox 3216 2148 3409 2205; x_wconf 91' lang='lat' dir='ltr'>medio</span> <span class='ocrx_word' id='word_1_429' title='bbox 3436 2149 3587 2219; x_wconf 83' lang='lat' dir='ltr'>ejus,</span> 
     </span>
    </p>
   </div>
   <div class='ocr_carea' id='block_1_55' title="bbox 1938 2238 3590 2311">
    <p class='ocr_par' dir='ltr' id='par_1_55' title="bbox 1938 2238 3590 2311">
     <span class='ocr_line' id='line_1_55' title="bbox 1938 2238 3590 2311; baseline -0.001 -17"><span class='ocrx_word' id='word_1_430' title='bbox 1938 2244 1997 2294; x_wconf 91' lang='lat' dir='ltr'>et</span> <span class='ocrx_word' id='word_1_431' title='bbox 2025 2239 2222 2294; x_wconf 63' lang='lat' dir='ltr'>multa;</span> <span class='ocrx_word' id='word_1_432' title='bbox 2254 2244 2454 2311; x_wconf 86' lang='lat' dir='ltr'>gentes</span> <span class='ocrx_word' id='word_1_433' title='bbox 2486 2241 2793 2296; x_wconf 67' lang='lat' dir='ltr'>creditura:</span> <span class='ocrx_word' id='word_1_434' title='bbox 2841 2240 2961 2295; x_wconf 88' lang='lat' dir='ltr'>sint</span> <span class='ocrx_word' id='word_1_435' title='bbox 2991 2239 3050 2294; x_wconf 89' lang='lat' dir='ltr'>in</span> <span class='ocrx_word' id='word_1_436' title='bbox 3082 2255 3238 2304; x_wconf 90' lang='lat' dir='ltr'>eum,</span> <span class='ocrx_word' id='word_1_437' title='bbox 3270 2239 3342 2293; x_wconf 90' lang='lat' dir='ltr'>de</span> <span class='ocrx_word' id='word_1_438' title='bbox 3371 2238 3590 2310; x_wconf 89' lang='lat' dir='ltr'>quibus</span> 
     </span>
    </p>
   </div>
   <div class='ocr_carea' id='block_1_56' title="bbox 1938 2326 3591 2400">
    <p class='ocr_par' dir='ltr' id='par_1_56' title="bbox 1938 2326 3591 2400">
     <span class='ocr_line' id='line_1_56' title="bbox 1938 2326 3591 2400; baseline -0.001 -18"><span class='ocrx_word' id='word_1_439' title='bbox 1938 2328 2152 2383; x_wconf 89' lang='lat' dir='ltr'>dicitur</span> <span class='ocrx_word' id='word_1_440' title='bbox 2176 2347 2189 2384; x_wconf 91' lang='lat'><strong>:</strong></span> <span class='ocrx_word' id='word_1_441' title='bbox 2218 2329 2441 2383; x_wconf 86' lang='lat' dir='ltr'>Postula</span> <span class='ocrx_word' id='word_1_442' title='bbox 2461 2346 2495 2382; x_wconf 90' lang='lat' dir='ltr'>a</span> <span class='ocrx_word' id='word_1_443' title='bbox 2522 2332 2684 2394; x_wconf 85' lang='lat' dir='ltr'>me,el</span> <span class='ocrx_word' id='word_1_444' title='bbox 2706 2329 2844 2384; x_wconf 89' lang='lat' dir='ltr'>dabo</span> <span class='ocrx_word' id='word_1_445' title='bbox 2869 2330 2973 2383; x_wconf 88' lang='lat' dir='ltr'>tibi</span> <span class='ocrx_word' id='word_1_446' title='bbox 2997 2338 3188 2400; x_wconf 80' lang='lat' dir='ltr'>gentes</span> <span class='ocrx_word' id='word_1_447' title='bbox 3209 2326 3591 2382; x_wconf 68' lang='lat' dir='ltr'>harreditatem</span> 
     </span>
    </p>
   </div>
   <div class='ocr_carea' id='block_1_57' title="bbox 1939 2414 3586 2488">
    <p class='ocr_par' dir='ltr' id='par_1_57' title="bbox 1939 2414 3586 2488">
     <span class='ocr_line' id='line_1_57' title="bbox 1939 2414 3586 2488; baseline -0.001 -16"><span class='ocrx_word' id='word_1_448' title='bbox 1939 2421 2117 2479; x_wconf 82' lang='lat' dir='ltr'>tuam,</span> <span class='ocrx_word' id='word_1_449' title='bbox 2140 2422 2191 2472; x_wconf 86' lang='lat' dir='ltr'>et</span> <span class='ocrx_word' id='word_1_450' title='bbox 2217 2419 2607 2488; x_wconf 72' lang='lat' dir='ltr'>possessionem</span> <span class='ocrx_word' id='word_1_451' title='bbox 2627 2425 2773 2472; x_wconf 88' lang='lat' dir='ltr'>tuam</span> <span class='ocrx_word' id='word_1_452' title='bbox 2789 2418 3054 2472; x_wconf 85' lang='lat' dir='ltr'>terminos</span> <span class='ocrx_word' id='word_1_453' title='bbox 3075 2425 3237 2471; x_wconf 62' lang='lat' dir='ltr'>terrm</span> <span class='ocrx_word' id='word_1_454' title='bbox 3269 2416 3385 2485; x_wconf 89' lang='lat' dir='ltr'>(Ps.</span> <span class='ocrx_word' id='word_1_455' title='bbox 3411 2431 3472 2480; x_wconf 81' lang='grc' dir='ltr'>ιι,</span> <span class='ocrx_word' id='word_1_456' title='bbox 3494 2414 3546 2484; x_wconf 91' lang='grc'>8)</span> <span class='ocrx_word' id='word_1_457' title='bbox 3574 2431 3586 2471; x_wconf 89' lang='lat'><strong>:</strong></span> 
     </span>
    </p>
   </div>
   <div class='ocr_carea' id='block_1_58' title="bbox 1938 2503 3590 2577">
    <p class='ocr_par' dir='ltr' id='par_1_58' title="bbox 1938 2503 3590 2577">
     <span class='ocr_line' id='line_1_58' title="bbox 1938 2503 3590 2577; baseline -0.002 -15"><span class='ocrx_word' id='word_1_458' title='bbox 1938 2510 1996 2562; x_wconf 91' lang='lat' dir='ltr'>et</span> <span class='ocrx_word' id='word_1_459' title='bbox 2016 2506 2239 2561; x_wconf 87' lang='lat' dir='ltr'>habitet</span> <span class='ocrx_word' id='word_1_460' title='bbox 2255 2506 2314 2559; x_wconf 90' lang='lat' dir='ltr'>in</span> <span class='ocrx_word' id='word_1_461' title='bbox 2344 2506 2538 2561; x_wconf 88' lang='lat' dir='ltr'>medio</span> <span class='ocrx_word' id='word_1_462' title='bbox 2559 2507 2687 2576; x_wconf 78' lang='lat' dir='ltr'>ejus</span> <span class='ocrx_word' id='word_1_463' title='bbox 2709 2504 2954 2577; x_wconf 88' lang='lat' dir='ltr'>loquens</span> <span class='ocrx_word' id='word_1_464' title='bbox 2977 2505 3048 2560; x_wconf 89' lang='lat' dir='ltr'>ad</span> <span class='ocrx_word' id='word_1_465' title='bbox 3075 2503 3395 2575; x_wconf 79' lang='lat' dir='ltr'>discipulos</span> <span class='ocrx_word' id='word_1_466' title='bbox 3421 2518 3434 2559; x_wconf 90' lang='lat'><strong>:</strong></span> <span class='ocrx_word' id='word_1_467' title='bbox 3459 2504 3590 2558; x_wconf 86' lang='lat' dir='ltr'>Ecce</span> 
     </span>
    </p>
   </div>
   <div class='ocr_carea' id='block_1_59' title="bbox 1937 2593 3589 2666">
    <p class='ocr_par' dir='ltr' id='par_1_59' title="bbox 1937 2593 3589 2666">
     <span class='ocr_line' id='line_1_59' title="bbox 1937 2593 3589 2666; baseline -0.002 -16"><span class='ocrx_word' id='word_1_468' title='bbox 1937 2611 2034 2666; x_wconf 83' lang='lat' dir='ltr'>ego</span> <span class='ocrx_word' id='word_1_469' title='bbox 2062 2596 2342 2650; x_wconf 85' lang='lat' dir='ltr'>vobiscum</span> <span class='ocrx_word' id='word_1_470' title='bbox 2373 2611 2496 2650; x_wconf 80' lang='lat' dir='ltr'>sum</span> <span class='ocrx_word' id='word_1_471' title='bbox 2525 2594 2774 2650; x_wconf 84' lang='lat' dir='ltr'>omnibus</span> <span class='ocrx_word' id='word_1_472' title='bbox 2803 2594 3008 2659; x_wconf 86' lang='lat' dir='ltr'>diebus,</span> <span class='ocrx_word' id='word_1_473' title='bbox 3040 2609 3210 2666; x_wconf 80' lang='lat' dir='ltr'>usque</span> <span class='ocrx_word' id='word_1_474' title='bbox 3239 2593 3309 2648; x_wconf 84' lang='lat' dir='ltr'>ad</span> <span class='ocrx_word' id='word_1_475' title='bbox 3338 2607 3589 2647; x_wconf 84' lang='lat' dir='ltr'>consum-</span> 
     </span>
    </p>
   </div>
   <div class='ocr_carea' id='block_1_60' title="bbox 1938 2681 3583 2754">
    <p class='ocr_par' dir='ltr' id='par_1_60' title="bbox 1938 2681 3583 2754">
     <span class='ocr_line' id='line_1_60' title="bbox 1938 2681 3583 2754; baseline -0.002 -15"><span class='ocrx_word' id='word_1_476' title='bbox 1938 2687 2238 2739; x_wconf 88' lang='lat' dir='ltr'>mationem</span> <span class='ocrx_word' id='word_1_477' title='bbox 2267 2684 2456 2739; x_wconf 75' lang='lat' dir='ltr'>saeculi</span> <span class='ocrx_word' id='word_1_478' title='bbox 2485 2685 2641 2754; x_wconf 81' lang='lat' dir='ltr'>(Mat.</span> <span class='ocrx_word' id='word_1_479' title='bbox 2673 2701 2871 2751; x_wconf 85' lang='lat' dir='ltr'>xxvm,</span> <span class='ocrx_word' id='word_1_480' title='bbox 2903 2684 3015 2754; x_wconf 85' lang='lat'>2-0).</span> <span class='ocrx_word' id='word_1_481' title='bbox 3050 2687 3116 2736; x_wconf 82' lang='lat' dir='ltr'>Et</span> <span class='ocrx_word' id='word_1_482' title='bbox 3146 2681 3446 2754; x_wconf 88' lang='lat' dir='ltr'>possideat</span> <span class='ocrx_word' id='word_1_483' title='bbox 3481 2685 3583 2735; x_wconf 90' lang='lat' dir='ltr'>Do-</span> 
     </span>
    </p>
   </div>
   <div class='ocr_carea' id='block_1_61' title="bbox 1941 2768 3589 2843">
    <p class='ocr_par' dir='ltr' id='par_1_61' title="bbox 1941 2768 3589 2843">
     <span class='ocr_line' id='line_1_61' title="bbox 1941 2768 3589 2843; baseline -0.002 -18"><span class='ocrx_word' id='word_1_484' title='bbox 1941 2770 2138 2825; x_wconf 89' lang='lat' dir='ltr'>minus</span> <span class='ocrx_word' id='word_1_485' title='bbox 2167 2770 2384 2825; x_wconf 89' lang='lat' dir='ltr'>Judam</span> <span class='ocrx_word' id='word_1_486' title='bbox 2409 2775 2630 2843; x_wconf 88' lang='lat' dir='ltr'>partem</span> <span class='ocrx_word' id='word_1_487' title='bbox 2658 2787 2827 2826; x_wconf 88' lang='lat' dir='ltr'>suam</span> <span class='ocrx_word' id='word_1_488' title='bbox 2856 2769 3250 2838; x_wconf 84' lang='lat' dir='ltr'>confitentem,</span> <span class='ocrx_word' id='word_1_489' title='bbox 3269 2773 3325 2823; x_wconf 90' lang='lat' dir='ltr'>et</span> <span class='ocrx_word' id='word_1_490' title='bbox 3353 2768 3589 2824; x_wconf 84' lang='lat' dir='ltr'>creden-</span> 
     </span>
    </p>
   </div>
   <div class='ocr_carea' id='block_1_62' title="bbox 1938 2856 3586 2930">
    <p class='ocr_par' dir='ltr' id='par_1_62' title="bbox 1938 2856 3586 2930">
     <span class='ocr_line' id='line_1_62' title="bbox 1938 2856 3586 2930; baseline -0.002 -16"><span class='ocrx_word' id='word_1_491' title='bbox 1938 2863 2054 2914; x_wconf 85' lang='lat' dir='ltr'>tem</span> <span class='ocrx_word' id='word_1_492' title='bbox 2088 2859 2308 2914; x_wconf 89' lang='lat' dir='ltr'>nomini</span> <span class='ocrx_word' id='word_1_493' title='bbox 2333 2865 2535 2926; x_wconf 88' lang='lat' dir='ltr'>suo,et</span> <span class='ocrx_word' id='word_1_494' title='bbox 2563 2877 2676 2915; x_wconf 87' lang='lat' dir='ltr'>non</span> <span class='ocrx_word' id='word_1_495' title='bbox 2699 2858 2834 2916; x_wconf 83' lang='lat' dir='ltr'>alibi</span> <span class='ocrx_word' id='word_1_496' title='bbox 2861 2859 3179 2930; x_wconf 85' lang='lat' dir='ltr'>possideat,</span> <span class='ocrx_word' id='word_1_497' title='bbox 3200 2856 3316 2912; x_wconf 86' lang='lat' dir='ltr'>nisi</span> <span class='ocrx_word' id='word_1_498' title='bbox 3342 2857 3398 2911; x_wconf 89' lang='lat' dir='ltr'>in</span> <span class='ocrx_word' id='word_1_499' title='bbox 3431 2861 3586 2911; x_wconf 82' lang='lat' dir='ltr'>terra</span> 
     </span>
    </p>
   </div>
   <div class='ocr_carea' id='block_1_63' title="bbox 1938 2945 3587 3019">
    <p class='ocr_par' dir='ltr' id='par_1_63' title="bbox 1938 2945 3587 3019">
     <span class='ocr_line' id='line_1_63' title="bbox 1938 2945 3587 3019; baseline -0.001 -17"><span class='ocrx_word' id='word_1_500' title='bbox 1938 2953 2159 3011; x_wconf 90' lang='lat' dir='ltr'>sancta,</span> <span class='ocrx_word' id='word_1_501' title='bbox 2192 2964 2320 3019; x_wconf 63' lang='lat' dir='ltr'>qua</span> <span class='ocrx_word' id='word_1_502' title='bbox 2353 2948 2768 3019; x_wconf 86' lang='lat' dir='ltr'>interpretatur</span> <span class='ocrx_word' id='word_1_503' title='bbox 2797 2947 3077 3012; x_wconf 86' lang='lat' dir='ltr'>Ecclesia,</span> <span class='ocrx_word' id='word_1_504' title='bbox 3100 2952 3157 3002; x_wconf 91' lang='lat' dir='ltr'>et</span> <span class='ocrx_word' id='word_1_505' title='bbox 3185 2945 3363 3019; x_wconf 87' lang='lat' dir='ltr'>eligat</span> <span class='ocrx_word' id='word_1_506' title='bbox 3394 2945 3587 3001; x_wconf 89' lang='lat' dir='ltr'>adhuc</span> 
     </span>
    </p>
   </div>
   <div class='ocr_carea' id='block_1_64' title="bbox 1937 3035 3588 3108">
    <p class='ocr_par' dir='ltr' id='par_1_64' title="bbox 1937 3035 3588 3108">
     <span class='ocr_line' id='line_1_64' title="bbox 1937 3035 3588 3108; baseline -0.001 -17"><span class='ocrx_word' id='word_1_507' title='bbox 1937 3035 2284 3102; x_wconf 86' lang='lat' dir='ltr'>Jerusalem,</span> <span class='ocrx_word' id='word_1_508' title='bbox 2318 3053 2495 3107; x_wconf 90' lang='lat' dir='ltr'>quam</span> <span class='ocrx_word' id='word_1_509' title='bbox 2529 3037 2832 3092; x_wconf 90' lang='lat' dir='ltr'>tentationi</span> <span class='ocrx_word' id='word_1_510' title='bbox 2865 3037 2923 3091; x_wconf 89' lang='lat' dir='ltr'>in</span> <span class='ocrx_word' id='word_1_511' title='bbox 2958 3035 3464 3108; x_wconf 87' lang='lat' dir='ltr'>persecutionibus</span> <span class='ocrx_word' id='word_1_512' title='bbox 3493 3035 3588 3089; x_wconf 91' lang='lat' dir='ltr'>de-</span> 
     </span>
    </p>
   </div>
   <div class='ocr_carea' id='block_1_65' title="bbox 1939 3121 3594 3198">
    <p class='ocr_par' dir='ltr' id='par_1_65' title="bbox 1939 3121 3594 3198">
     <span class='ocr_line' id='line_1_65' title="bbox 1939 3121 3594 3198; baseline -0.002 -18"><span class='ocrx_word' id='word_1_513' title='bbox 1939 3124 2276 3196; x_wconf 89' lang='lat' dir='ltr'>reliquerat.</span> <span class='ocrx_word' id='word_1_514' title='bbox 2308 3126 2638 3181; x_wconf 82' lang='lat' dir='ltr'>Judaeorum</span> <span class='ocrx_word' id='word_1_515' title='bbox 2672 3125 2768 3181; x_wconf 87' lang='lat' dir='ltr'>alii</span> <span class='ocrx_word' id='word_1_516' title='bbox 2803 3130 3011 3198; x_wconf 85' lang='lat' dir='ltr'>putant</span> <span class='ocrx_word' id='word_1_517' title='bbox 3040 3126 3152 3180; x_wconf 90' lang='lat' dir='ltr'>sub</span> <span class='ocrx_word' id='word_1_518' title='bbox 3181 3121 3496 3181; x_wconf 87' lang='lat' dir='ltr'>Zorobabel</span> <span class='ocrx_word' id='word_1_519' title='bbox 3535 3124 3594 3178; x_wconf 86' lang='lat' dir='ltr'>et</span> 
     </span>
    </p>
   </div>
   <div class='ocr_carea' id='block_1_66' title="bbox 173 3187 3589 3286">
    <p class='ocr_par' dir='ltr' id='par_1_66' title="bbox 173 3187 3589 3286">
     <span class='ocr_line' id='line_1_66' title="bbox 173 3187 3589 3286; baseline 0.002 -25"><span class='ocrx_word' id='word_1_520' title='bbox 173 3209 450 3277; x_wconf 74' lang='lat' dir='ltr'>potentem</span> <span class='ocrx_word' id='word_1_521' title='bbox 477 3206 744 3261; x_wconf 87' lang='lat' dir='ltr'>vertitur.</span> <span class='ocrx_word' id='word_1_522' title='bbox 777 3206 857 3260; x_wconf 85' lang='lat' dir='ltr'>Ex</span> <span class='ocrx_word' id='word_1_523' title='bbox 887 3221 1004 3276; x_wconf 86' lang='lat' dir='ltr'>quo</span> <span class='ocrx_word' id='word_1_524' title='bbox 1033 3205 1442 3277; x_wconf 81' lang='lat' dir='ltr'>intelligimus,</span> <span class='ocrx_word' id='word_1_525' title='bbox 1475 3206 1832 3278; x_wconf 88' lang='lat' dir='ltr'>ubicumque</span> <span class='ocrx_word' id='word_1_526' title='bbox 1863 3187 1905 3254; x_wconf 63' lang='grc' dir='ltr'><strong>(ἶ</strong></span> <span class='ocrx_word' id='word_1_527' title='bbox 1943 3187 2100 3279; x_wconf 34' lang='lat' dir='ltr'>Iesu:</span> <span class='ocrx_word' id='word_1_528' title='bbox 2137 3215 2316 3269; x_wconf 74' lang='lat' dir='ltr'>Esdra</span> <span class='ocrx_word' id='word_1_529' title='bbox 2365 3220 2424 3269; x_wconf 76' lang='lat' dir='ltr'>et,</span> <span class='ocrx_word' id='word_1_530' title='bbox 2451 3215 2750 3284; x_wconf 68' lang='lat' dir='ltr'>Nehemia,</span> <span class='ocrx_word' id='word_1_531' title='bbox 2784 3187 2905 3270; x_wconf 65' lang='lat' dir='ltr'>lian</span> <span class='ocrx_word' id='word_1_532' title='bbox 2955 3229 3023 3270; x_wconf 83' lang='lat' dir='ltr'>ex</span> <span class='ocrx_word' id='word_1_533' title='bbox 3071 3220 3234 3286; x_wconf 84' lang='lat' dir='ltr'>parte</span> <span class='ocrx_word' id='word_1_534' title='bbox 3281 3211 3589 3283; x_wconf 82' lang='lat' dir='ltr'>completa,</span> 
     </span>
    </p>
   </div>
   <div class='ocr_carea' id='block_1_67' title="bbox 175 3292 3593 3375">
    <p class='ocr_par' dir='ltr' id='par_1_67' title="bbox 175 3292 3593 3375">
     <span class='ocr_line' id='line_1_67' title="bbox 175 3292 3593 3375; baseline 0 -23"><span class='ocrx_word' id='word_1_535' title='bbox 175 3292 468 3352; x_wconf 88' lang='lat' dir='ltr'>Dominus</span> <span class='ocrx_word' id='word_1_536' title='bbox 490 3293 770 3348; x_wconf 87' lang='lat' dir='ltr'>virtutum</span> <span class='ocrx_word' id='word_1_537' title='bbox 790 3295 862 3348; x_wconf 89' lang='lat' dir='ltr'>de</span> <span class='ocrx_word' id='word_1_538' title='bbox 877 3293 1102 3349; x_wconf 84' lang='lat' dir='ltr'>Christo</span> <span class='ocrx_word' id='word_1_539' title='bbox 1123 3293 1833 3365; x_wconf 87' lang='lat' dir='ltr'>dicitur,omnipotentem</span> <span class='ocrx_word' id='word_1_540' title='bbox 1944 3303 2197 3358; x_wconf 74' lang='lat' dir='ltr'>maxime</span> <span class='ocrx_word' id='word_1_541' title='bbox 2229 3304 2508 3375; x_wconf 77' lang='lat' dir='ltr'>quoniam</span> <span class='ocrx_word' id='word_1_542' title='bbox 2530 3303 2858 3359; x_wconf 74' lang='lat' dir='ltr'>Jerusalem</span> <span class='ocrx_word' id='word_1_543' title='bbox 2889 3301 3145 3374; x_wconf 78' lang='lat' dir='ltr'>eligitur,</span> <span class='ocrx_word' id='word_1_544' title='bbox 3169 3306 3226 3357; x_wconf 85' lang='lat' dir='ltr'>et</span> <span class='ocrx_word' id='word_1_545' title='bbox 3257 3301 3593 3374; x_wconf 79' lang='lat' dir='ltr'>possidetur</span> 
     </span>
    </p>
   </div>
   <div class='ocr_carea' id='block_1_68' title="bbox 173 3381 1838 3454">
    <p class='ocr_par' dir='ltr' id='par_1_68' title="bbox 173 3381 1838 3454">
     <span class='ocr_line' id='line_1_68' title="bbox 173 3381 1838 3454; baseline -0.004 -12"><span class='ocrx_word' id='word_1_546' title='bbox 173 3399 320 3442; x_wconf 78' lang='lat' dir='ltr'>eum</span> <span class='ocrx_word' id='word_1_547' title='bbox 337 3382 546 3437; x_wconf 86' lang='lat' dir='ltr'>debere</span> <span class='ocrx_word' id='word_1_548' title='bbox 569 3381 836 3454; x_wconf 83' lang='lat' dir='ltr'>intelligi.</span> <span class='ocrx_word' id='word_1_549' title='bbox 853 3382 969 3438; x_wconf 86' lang='lat' dir='ltr'>Nec</span> <span class='ocrx_word' id='word_1_550' title='bbox 1001 3381 1216 3436; x_wconf 88' lang='lat' dir='ltr'>mirum</span> <span class='ocrx_word' id='word_1_551' title='bbox 1242 3382 1288 3437; x_wconf 91' lang='lat' dir='ltr'>si</span> <span class='ocrx_word' id='word_1_552' title='bbox 1322 3382 1590 3438; x_wconf 88' lang='lat' dir='ltr'>Christus</span> <span class='ocrx_word' id='word_1_553' title='bbox 1612 3383 1838 3437; x_wconf 88' lang='lat' dir='ltr'>dicatur</span> 
     </span>
    </p>
   </div>
   <div class='ocr_carea' id='block_1_69' title="bbox 173 3470 1836 3541">
    <p class='ocr_par' dir='ltr' id='par_1_69' title="bbox 173 3470 1836 3541">
     <span class='ocr_line' id='line_1_69' title="bbox 173 3470 1836 3541; baseline -0.002 -13"><span class='ocrx_word' id='word_1_554' title='bbox 173 3470 554 3541; x_wconf 84' lang='lat' dir='ltr'>omnipotens</span> <span class='ocrx_word' id='word_1_555' title='bbox 574 3488 586 3526; x_wconf 90' lang='lat'><strong>:</strong></span> <span class='ocrx_word' id='word_1_556' title='bbox 606 3473 716 3527; x_wconf 86' lang='lat' dir='ltr'>Cui</span> <span class='ocrx_word' id='word_1_557' title='bbox 745 3471 950 3526; x_wconf 84' lang='lat' dir='ltr'>tradita</span> <span class='ocrx_word' id='word_1_558' title='bbox 977 3479 1055 3526; x_wconf 86' lang='lat' dir='ltr'>est</span> <span class='ocrx_word' id='word_1_559' title='bbox 1077 3471 1255 3524; x_wconf 90' lang='lat' dir='ltr'>omnis</span> <span class='ocrx_word' id='word_1_560' title='bbox 1281 3475 1515 3541; x_wconf 85' lang='lat' dir='ltr'>potestas</span> <span class='ocrx_word' id='word_1_561' title='bbox 1538 3472 1599 3524; x_wconf 88' lang='lat' dir='ltr'>in</span> <span class='ocrx_word' id='word_1_562' title='bbox 1627 3471 1760 3525; x_wconf 67' lang='lat' dir='ltr'>caelo</span> <span class='ocrx_word' id='word_1_563' title='bbox 1787 3475 1836 3525; x_wconf 87' lang='lat' dir='ltr'>et</span> 
     </span>
    </p>
   </div>
   <div class='ocr_carea' id='block_1_70' title="bbox 171 3558 1837 3630">
    <p class='ocr_par' dir='ltr' id='par_1_70' title="bbox 171 3558 1837 3630">
     <span class='ocr_line' id='line_1_70' title="bbox 171 3558 1837 3630; baseline -0.001 -15"><span class='ocrx_word' id='word_1_564' title='bbox 171 3561 244 3616; x_wconf 80' lang='lat' dir='ltr'>in</span> <span class='ocrx_word' id='word_1_565' title='bbox 275 3568 422 3615; x_wconf 82' lang='lat' dir='ltr'>terra</span> <span class='ocrx_word' id='word_1_566' title='bbox 469 3559 615 3629; x_wconf 79' lang='lat' dir='ltr'>(Mat.</span> <span class='ocrx_word' id='word_1_567' title='bbox 649 3576 846 3625; x_wconf 82' lang='lat' dir='ltr'>xxvm,</span> <span class='ocrx_word' id='word_1_568' title='bbox 885 3560 994 3628; x_wconf 90' lang='grc'>18).</span> <span class='ocrx_word' id='word_1_569' title='bbox 1028 3559 1096 3614; x_wconf 88' lang='lat' dir='ltr'>Et</span> <span class='ocrx_word' id='word_1_570' title='bbox 1126 3559 1228 3630; x_wconf 88' lang='lat' dir='ltr'>qui</span> <span class='ocrx_word' id='word_1_571' title='bbox 1259 3558 1448 3613; x_wconf 86' lang='lat' dir='ltr'>dicit:</span> <span class='ocrx_word' id='word_1_572' title='bbox 1479 3559 1682 3614; x_wconf 84' lang='lat' dir='ltr'>Omnia</span> <span class='ocrx_word' id='word_1_573' title='bbox 1712 3573 1837 3630; x_wconf 53' lang='lat' dir='ltr'>qua</span> 
     </span>
    </p>
   </div>
   <div class='ocr_carea' id='block_1_71' title="bbox 170 3648 1836 3718">
    <p class='ocr_par' dir='ltr' id='par_1_71' title="bbox 170 3648 1836 3718">
     <span class='ocr_line' id='line_1_71' title="bbox 170 3648 1836 3718; baseline -0.003 -12"><span class='ocrx_word' id='word_1_574' title='bbox 170 3650 371 3706; x_wconf 86' lang='lat' dir='ltr'>Patris</span> <span class='ocrx_word' id='word_1_575' title='bbox 399 3653 546 3716; x_wconf 84' lang='lat' dir='ltr'>sunt,</span> <span class='ocrx_word' id='word_1_576' title='bbox 579 3665 704 3705; x_wconf 87' lang='lat' dir='ltr'>mea</span> <span class='ocrx_word' id='word_1_577' title='bbox 729 3653 859 3704; x_wconf 84' lang='lat' dir='ltr'>sunt</span> <span class='ocrx_word' id='word_1_578' title='bbox 879 3649 1057 3718; x_wconf 84' lang='lat' dir='ltr'>(Joan.</span> <span class='ocrx_word' id='word_1_579' title='bbox 1086 3665 1224 3712; x_wconf 84' lang='lat' dir='ltr'>xvn,</span> <span class='ocrx_word' id='word_1_580' title='bbox 1260 3649 1365 3717; x_wconf 90' lang='grc'>10).</span> <span class='ocrx_word' id='word_1_581' title='bbox 1397 3648 1453 3701; x_wconf 89' lang='lat' dir='ltr'>Si</span> <span class='ocrx_word' id='word_1_582' title='bbox 1488 3651 1682 3702; x_wconf 89' lang='lat' dir='ltr'>autem</span> <span class='ocrx_word' id='word_1_583' title='bbox 1710 3664 1836 3702; x_wconf 85' lang='lat' dir='ltr'>om-</span> 
     </span>
    </p>
   </div>
   <div class='ocr_carea' id='block_1_72' title="bbox 174 3735 1833 3807">
    <p class='ocr_par' dir='ltr' id='par_1_72' title="bbox 174 3735 1833 3807">
     <span class='ocr_line' id='line_1_72' title="bbox 174 3735 1833 3807; baseline -0.002 -14"><span class='ocrx_word' id='word_1_584' title='bbox 174 3736 309 3802; x_wconf 75' lang='lat' dir='ltr'>nia,</span> <span class='ocrx_word' id='word_1_585' title='bbox 338 3736 398 3792; x_wconf 90' lang='lat' dir='ltr'>id</span> <span class='ocrx_word' id='word_1_586' title='bbox 425 3741 534 3804; x_wconf 87' lang='lat' dir='ltr'>est,</span> <span class='ocrx_word' id='word_1_587' title='bbox 569 3737 644 3807; x_wconf 89' lang='lat' dir='ltr'>(b)</span> <span class='ocrx_word' id='word_1_588' title='bbox 678 3742 827 3791; x_wconf 88' lang='lat' dir='ltr'>Deus</span> <span class='ocrx_word' id='word_1_589' title='bbox 865 3753 934 3791; x_wconf 84' lang='lat' dir='ltr'>ex</span> <span class='ocrx_word' id='word_1_590' title='bbox 965 3737 1102 3800; x_wconf 87' lang='lat' dir='ltr'>Deo,</span> <span class='ocrx_word' id='word_1_591' title='bbox 1135 3735 1420 3791; x_wconf 90' lang='lat' dir='ltr'>Dominus</span> <span class='ocrx_word' id='word_1_592' title='bbox 1453 3751 1523 3791; x_wconf 85' lang='lat' dir='ltr'>ex</span> <span class='ocrx_word' id='word_1_593' title='bbox 1565 3736 1833 3803; x_wconf 85' lang='lat' dir='ltr'>Domino,</span> 
     </span>
    </p>
   </div>
   <div class='ocr_carea' id='block_1_73' title="bbox 174 3825 1836 3896">
    <p class='ocr_par' dir='ltr' id='par_1_73' title="bbox 174 3825 1836 3896">
     <span class='ocr_line' id='line_1_73' title="bbox 174 3825 1836 3896; baseline -0.002 -13"><span class='ocrx_word' id='word_1_594' title='bbox 174 3826 387 3883; x_wconf 87' lang='lat' dir='ltr'>lumen</span> <span class='ocrx_word' id='word_1_595' title='bbox 421 3826 492 3879; x_wconf 74' lang='lat' dir='ltr'>de</span> <span class='ocrx_word' id='word_1_596' title='bbox 523 3825 765 3894; x_wconf 86' lang='lat' dir='ltr'>lumine,</span> <span class='ocrx_word' id='word_1_597' title='bbox 789 3841 925 3896; x_wconf 88' lang='lat' dir='ltr'>ergo</span> <span class='ocrx_word' id='word_1_598' title='bbox 956 3830 1013 3880; x_wconf 89' lang='lat' dir='ltr'>et</span> <span class='ocrx_word' id='word_1_599' title='bbox 1041 3843 1110 3881; x_wconf 88' lang='lat' dir='ltr'>ex</span> <span class='ocrx_word' id='word_1_600' title='bbox 1138 3825 1535 3896; x_wconf 89' lang='lat' dir='ltr'>omnipotente</span> <span class='ocrx_word' id='word_1_601' title='bbox 1565 3825 1836 3896; x_wconf 91' lang='lat' dir='ltr'>omnipo-</span> 
     </span>
    </p>
   </div>
   <div class='ocr_carea' id='block_1_74' title="bbox 177 3913 1838 3985">
    <p class='ocr_par' dir='ltr' id='par_1_74' title="bbox 177 3913 1838 3985">
     <span class='ocr_line' id='line_1_74' title="bbox 177 3913 1838 3985; baseline -0.001 -14"><span class='ocrx_word' id='word_1_602' title='bbox 177 3920 321 3971; x_wconf 77' lang='lat' dir='ltr'>tens</span> <span class='ocrx_word' id='word_1_603' title='bbox 338 3932 352 3969; x_wconf 88' lang='lat'><strong>:</strong></span> <span class='ocrx_word' id='word_1_604' title='bbox 367 3929 558 3985; x_wconf 86' lang='lat' dir='ltr'>neque</span> <span class='ocrx_word' id='word_1_605' title='bbox 578 3914 734 3972; x_wconf 86' lang='lat' dir='ltr'>enim</span> <span class='ocrx_word' id='word_1_606' title='bbox 755 3913 876 3968; x_wconf 83' lang='lat' dir='ltr'>ﬁeri</span> <span class='ocrx_word' id='word_1_607' title='bbox 897 3919 1109 3984; x_wconf 87' lang='lat' dir='ltr'>potest,</span> <span class='ocrx_word' id='word_1_608' title='bbox 1131 3923 1195 3968; x_wconf 89' lang='lat' dir='ltr'>ut</span> <span class='ocrx_word' id='word_1_609' title='bbox 1225 3930 1475 3985; x_wconf 89' lang='lat' dir='ltr'>quorum</span> <span class='ocrx_word' id='word_1_610' title='bbox 1497 3930 1612 3967; x_wconf 90' lang='lat' dir='ltr'>una</span> <span class='ocrx_word' id='word_1_611' title='bbox 1632 3919 1838 3969; x_wconf 82' lang='lat' dir='ltr'>natura</span> 
     </span>
    </p>
   </div>
   <div class='ocr_carea' id='block_1_75' title="bbox 177 4001 1837 4074">
    <p class='ocr_par' dir='ltr' id='par_1_75' title="bbox 177 4001 1837 4074">
     <span class='ocr_line' id='line_1_75' title="bbox 177 4001 1837 4074; baseline -0.001 -14"><span class='ocrx_word' id='word_1_612' title='bbox 177 4008 299 4073; x_wconf 71' lang='lat' dir='ltr'>est,</span> <span class='ocrx_word' id='word_1_613' title='bbox 331 4001 560 4058; x_wconf 84' lang='lat' dir='ltr'>diversa</span> <span class='ocrx_word' id='word_1_614' title='bbox 590 4003 668 4056; x_wconf 91' lang='lat' dir='ltr'>sit</span> <span class='ocrx_word' id='word_1_615' title='bbox 694 4001 897 4074; x_wconf 82' lang='lat' dir='ltr'>gloria.</span> <span class='ocrx_word' id='word_1_616' title='bbox 915 4002 1129 4058; x_wconf 86' lang='lat' dir='ltr'>Missus</span> <span class='ocrx_word' id='word_1_617' title='bbox 1158 4008 1248 4057; x_wconf 90' lang='lat' dir='ltr'>est</span> <span class='ocrx_word' id='word_1_618' title='bbox 1275 4019 1412 4073; x_wconf 87' lang='lat' dir='ltr'>ergo</span> <span class='ocrx_word' id='word_1_619' title='bbox 1440 4008 1571 4073; x_wconf 89' lang='lat' dir='ltr'>post</span> <span class='ocrx_word' id='word_1_620' title='bbox 1592 4001 1837 4074; x_wconf 87' lang='lat' dir='ltr'>gloriam</span> 
     </span>
    </p>
   </div>
   <div class='ocr_carea' id='block_1_76' title="bbox 176 4085 1838 4162">
    <p class='ocr_par' dir='ltr' id='par_1_76' title="bbox 176 4085 1838 4162">
     <span class='ocr_line' id='line_1_76' title="bbox 176 4085 1838 4162; baseline -0.001 -14"><span class='ocrx_word' id='word_1_621' title='bbox 176 4091 400 4148; x_wconf 77' lang='lat' dir='ltr'>divinae</span> <span class='ocrx_word' id='word_1_622' title='bbox 434 4091 761 4161; x_wconf 83' lang='lat' dir='ltr'>majestatis</span> <span class='ocrx_word' id='word_1_623' title='bbox 790 4093 861 4145; x_wconf 91' lang='lat' dir='ltr'>ad</span> <span class='ocrx_word' id='word_1_624' title='bbox 894 4095 1118 4162; x_wconf 90' lang='lat' dir='ltr'>gentes,</span> <span class='ocrx_word' id='word_1_625' title='bbox 1151 4107 1278 4162; x_wconf 67' lang='lat' dir='ltr'>quae</span> <span class='ocrx_word' id='word_1_626' title='bbox 1310 4085 1707 4162; x_wconf 83' lang='lat' dir='ltr'>spoliaverunt</span> <span class='ocrx_word' id='word_1_627' title='bbox 1736 4108 1838 4162; x_wconf 88' lang='lat' dir='ltr'>po-</span> 
     </span>
    </p>
   </div>
   <div class='ocr_carea' id='block_1_77' title="bbox 174 4178 1837 4253">
    <p class='ocr_par' dir='ltr' id='par_1_77' title="bbox 174 4178 1837 4253">
     <span class='ocr_line' id='line_1_77' title="bbox 174 4178 1837 4253; baseline -0.002 -17"><span class='ocrx_word' id='word_1_628' title='bbox 174 4178 397 4253; x_wconf 85' lang='lat' dir='ltr'>pulum</span> <span class='ocrx_word' id='word_1_629' title='bbox 429 4179 552 4246; x_wconf 89' lang='lat' dir='ltr'>Dei,</span> <span class='ocrx_word' id='word_1_630' title='bbox 577 4185 642 4233; x_wconf 92' lang='lat' dir='ltr'>ut</span> <span class='ocrx_word' id='word_1_631' title='bbox 671 4179 767 4249; x_wconf 88' lang='lat' dir='ltr'>qui</span> <span class='ocrx_word' id='word_1_632' title='bbox 801 4195 900 4234; x_wconf 87' lang='lat' dir='ltr'>eos</span> <span class='ocrx_word' id='word_1_633' title='bbox 931 4180 1162 4234; x_wconf 80' lang='lat' dir='ltr'>fuerant</span> <span class='ocrx_word' id='word_1_634' title='bbox 1185 4185 1318 4234; x_wconf 89' lang='lat' dir='ltr'>ante</span> <span class='ocrx_word' id='word_1_635' title='bbox 1340 4178 1600 4250; x_wconf 66' lang='lat' dir='ltr'>praedati,</span> <span class='ocrx_word' id='word_1_636' title='bbox 1635 4179 1837 4250; x_wconf 70' lang='lat' dir='ltr'>praeda:</span> 
     </span>
    </p>
   </div>
   <div class='ocr_carea' id='block_1_78' title="bbox 176 4267 1836 4338">
    <p class='ocr_par' dir='ltr' id='par_1_78' title="bbox 176 4267 1836 4338">
     <span class='ocr_line' id='line_1_78' title="bbox 176 4267 1836 4338; baseline -0.004 -9"><span class='ocrx_word' id='word_1_637' title='bbox 176 4270 314 4328; x_wconf 82' lang='lat' dir='ltr'>sint</span> <span class='ocrx_word' id='word_1_638' title='bbox 329 4267 715 4325; x_wconf 86' lang='lat' dir='ltr'>servientibus</span> <span class='ocrx_word' id='word_1_639' title='bbox 735 4268 1137 4334; x_wconf 89' lang='lat' dir='ltr'>sibi,etomnis</span> <span class='ocrx_word' id='word_1_640' title='bbox 1152 4268 1446 4338; x_wconf 91' lang='lat' dir='ltr'>quondam</span> <span class='ocrx_word' id='word_1_641' title='bbox 1463 4267 1836 4323; x_wconf 84' lang='lat' dir='ltr'>servientium</span> 
     </span>
    </p>
   </div>
   <div class='ocr_carea' id='block_1_79' title="bbox 172 4356 1842 4429">
    <p class='ocr_par' dir='ltr' id='par_1_79' title="bbox 172 4356 1842 4429">
     <span class='ocr_line' id='line_1_79' title="bbox 172 4356 1842 4429; baseline -0.002 -15"><span class='ocrx_word' id='word_1_642' title='bbox 172 4356 365 4415; x_wconf 78' lang='lat' dir='ltr'>turba.</span> <span class='ocrx_word' id='word_1_643' title='bbox 389 4362 717 4429; x_wconf 84' lang='lat' dir='ltr'>cognoscat,</span> <span class='ocrx_word' id='word_1_644' title='bbox 733 4357 1015 4426; x_wconf 86' lang='lat' dir='ltr'>quoniam</span> <span class='ocrx_word' id='word_1_645' title='bbox 1044 4357 1414 4427; x_wconf 78' lang='lat' dir='ltr'>omnipotens</span> <span class='ocrx_word' id='word_1_646' title='bbox 1436 4356 1590 4410; x_wconf 89' lang='lat' dir='ltr'>Deus</span> <span class='ocrx_word' id='word_1_647' title='bbox 1613 4356 1842 4411; x_wconf 87' lang='lat' dir='ltr'>miserit</span> 
     </span>
    </p>
   </div>
   <div class='ocr_carea' id='block_1_80' title="bbox 174 4445 1836 4515">
    <p class='ocr_par' dir='ltr' id='par_1_80' title="bbox 174 4445 1836 4515">
     <span class='ocr_line' id='line_1_80' title="bbox 174 4445 1836 4515; baseline -0.002 -12"><span class='ocrx_word' id='word_1_648' title='bbox 174 4462 351 4503; x_wconf 76' lang='lat' dir='ltr'>eum.</span> <span class='ocrx_word' id='word_1_649' title='bbox 384 4446 548 4510; x_wconf 88' lang='lat' dir='ltr'>Quod</span> <span class='ocrx_word' id='word_1_650' title='bbox 570 4451 763 4501; x_wconf 83' lang='lat' dir='ltr'>autem</span> <span class='ocrx_word' id='word_1_651' title='bbox 795 4445 976 4500; x_wconf 89' lang='lat' dir='ltr'>dicit:</span> <span class='ocrx_word' id='word_1_652' title='bbox 1001 4446 1108 4514; x_wconf 83' lang='lat' dir='ltr'>Qui</span> <span class='ocrx_word' id='word_1_653' title='bbox 1129 4447 1366 4514; x_wconf 86' lang='lat' dir='ltr'>tetigerit</span> <span class='ocrx_word' id='word_1_654' title='bbox 1397 4461 1507 4515; x_wconf 87' lang='lat' dir='ltr'>vos,</span> <span class='ocrx_word' id='word_1_655' title='bbox 1537 4447 1713 4515; x_wconf 87' lang='lat' dir='ltr'>tangit</span> <span class='ocrx_word' id='word_1_656' title='bbox 1729 4462 1836 4515; x_wconf 82' lang='lat' dir='ltr'>pu-</span> 
     </span>
    </p>
   </div>
   <div class='ocr_carea' id='block_1_81' title="bbox 173 4533 1830 4605">
    <p class='ocr_par' dir='ltr' id='par_1_81' title="bbox 173 4533 1830 4605">
     <span class='ocr_line' id='line_1_81' title="bbox 173 4533 1830 4605; baseline -0.001 -16"><span class='ocrx_word' id='word_1_657' title='bbox 173 4534 392 4604; x_wconf 73' lang='lat' dir='ltr'>pillam</span> <span class='ocrx_word' id='word_1_658' title='bbox 419 4535 566 4594; x_wconf 87' lang='lat' dir='ltr'>oculi</span> <span class='ocrx_word' id='word_1_659' title='bbox 587 4535 745 4605; x_wconf 85' lang='lat' dir='ltr'>ejus;</span> <span class='ocrx_word' id='word_1_660' title='bbox 777 4537 997 4588; x_wconf 87' lang='lat' dir='ltr'>tactum</span> <span class='ocrx_word' id='word_1_661' title='bbox 1032 4550 1134 4605; x_wconf 90' lang='lat' dir='ltr'>pro</span> <span class='ocrx_word' id='word_1_662' title='bbox 1168 4533 1464 4588; x_wconf 85' lang='lat' dir='ltr'>vexatione</span> <span class='ocrx_word' id='word_1_663' title='bbox 1509 4537 1564 4588; x_wconf 89' lang='lat' dir='ltr'>et</span> <span class='ocrx_word' id='word_1_664' title='bbox 1610 4534 1830 4602; x_wconf 83' lang='lat' dir='ltr'>injuria</span> 
     </span>
    </p>
   </div>
   <div class='ocr_carea' id='block_1_82' title="bbox 177 4621 1840 4694">
    <p class='ocr_par' dir='ltr' id='par_1_82' title="bbox 177 4621 1840 4694">
     <span class='ocr_line' id='line_1_82' title="bbox 177 4621 1840 4694; baseline -0.001 -15"><span class='ocrx_word' id='word_1_665' title='bbox 177 4622 410 4694; x_wconf 78' lang='lat' dir='ltr'>accipe,</span> <span class='ocrx_word' id='word_1_666' title='bbox 452 4623 629 4694; x_wconf 81' lang='lat' dir='ltr'>juxta.</span> <span class='ocrx_word' id='word_1_667' title='bbox 667 4621 809 4676; x_wconf 88' lang='lat' dir='ltr'>illud</span> <span class='ocrx_word' id='word_1_668' title='bbox 855 4622 1010 4692; x_wconf 90' lang='lat' dir='ltr'>quod</span> <span class='ocrx_word' id='word_1_669' title='bbox 1059 4621 1311 4692; x_wconf 87' lang='lat' dir='ltr'>legimus</span> <span class='ocrx_word' id='word_1_670' title='bbox 1346 4639 1358 4676; x_wconf 93' lang='lat'>:</span> <span class='ocrx_word' id='word_1_671' title='bbox 1392 4622 1568 4677; x_wconf 84' lang='lat' dir='ltr'>Nolite</span> <span class='ocrx_word' id='word_1_672' title='bbox 1615 4631 1840 4691; x_wconf 85' lang='lat' dir='ltr'>tangere</span> 
     </span>
    </p>
   </div>
   <div class='ocr_carea' id='block_1_83' title="bbox 173 4711 1840 4782">
    <p class='ocr_par' dir='ltr' id='par_1_83' title="bbox 173 4711 1840 4782">
     <span class='ocr_line' id='line_1_83' title="bbox 173 4711 1840 4782; baseline -0.002 -13"><span class='ocrx_word' id='word_1_673' title='bbox 173 4711 426 4769; x_wconf 68' lang='lat' dir='ltr'>christos</span> <span class='ocrx_word' id='word_1_674' title='bbox 452 4727 619 4778; x_wconf 82' lang='lat' dir='ltr'>meos,</span> <span class='ocrx_word' id='word_1_675' title='bbox 653 4720 704 4768; x_wconf 87' lang='lat' dir='ltr'>et</span> <span class='ocrx_word' id='word_1_676' title='bbox 731 4714 790 4766; x_wconf 88' lang='lat' dir='ltr'>in</span> <span class='ocrx_word' id='word_1_677' title='bbox 833 4711 1110 4782; x_wconf 80' lang='lat' dir='ltr'>praphetis</span> <span class='ocrx_word' id='word_1_678' title='bbox 1135 4713 1275 4766; x_wconf 88' lang='lat' dir='ltr'>meis</span> <span class='ocrx_word' id='word_1_679' title='bbox 1321 4711 1491 4766; x_wconf 87' lang='lat' dir='ltr'>nolite</span> <span class='ocrx_word' id='word_1_680' title='bbox 1536 4712 1840 4782; x_wconf 87' lang='lat' dir='ltr'>malignari</span> 
     </span>
    </p>
   </div>
   <div class='ocr_carea' id='block_1_84' title="bbox 173 4799 1838 4872">
    <p class='ocr_par' dir='ltr' id='par_1_84' title="bbox 173 4799 1838 4872">
     <span class='ocr_line' id='line_1_84' title="bbox 173 4799 1838 4872; baseline -0.001 -16"><span class='ocrx_word' id='word_1_681' title='bbox 173 4802 309 4872; x_wconf 84' lang='lat' dir='ltr'>(Ps.</span> <span class='ocrx_word' id='word_1_682' title='bbox 340 4817 451 4867; x_wconf 81' lang='lat' dir='ltr'>CIV,</span> <span class='ocrx_word' id='word_1_683' title='bbox 482 4801 589 4870; x_wconf 84' lang='grc'>15).</span> <span class='ocrx_word' id='word_1_684' title='bbox 614 4801 721 4864; x_wconf 86' lang='lat' dir='ltr'>Qui</span> <span class='ocrx_word' id='word_1_685' title='bbox 745 4801 904 4855; x_wconf 85' lang='lat' dir='ltr'>enim</span> <span class='ocrx_word' id='word_1_686' title='bbox 932 4804 1165 4854; x_wconf 87' lang='lat' dir='ltr'>sanctos</span> <span class='ocrx_word' id='word_1_687' title='bbox 1188 4799 1418 4854; x_wconf 88' lang='lat' dir='ltr'>Domini</span> <span class='ocrx_word' id='word_1_688' title='bbox 1456 4800 1730 4872; x_wconf 78' lang='lat' dir='ltr'>tetigerit,</span> <span class='ocrx_word' id='word_1_689' title='bbox 1753 4802 1838 4856; x_wconf 90' lang='lat' dir='ltr'>sic</span> 
     </span>
    </p>
   </div>
   <div class='ocr_carea' id='block_1_85' title="bbox 174 4887 1834 4961">
    <p class='ocr_par' dir='ltr' id='par_1_85' title="bbox 174 4887 1834 4961">
     <span class='ocr_line' id='line_1_85' title="bbox 174 4887 1834 4961; baseline -0.002 -15"><span class='ocrx_word' id='word_1_690' title='bbox 174 4893 286 4946; x_wconf 74' lang='lat' dir='ltr'>est</span> <span class='ocrx_word' id='word_1_691' title='bbox 306 4889 471 4961; x_wconf 86' lang='lat' dir='ltr'>quasi</span> <span class='ocrx_word' id='word_1_692' title='bbox 501 4905 705 4948; x_wconf 83' lang='lat' dir='ltr'>vexare</span> <span class='ocrx_word' id='word_1_693' title='bbox 726 4889 924 4960; x_wconf 81' lang='lat' dir='ltr'>cupiat</span> <span class='ocrx_word' id='word_1_694' title='bbox 947 4887 1229 4960; x_wconf 88' lang='lat' dir='ltr'>pupillam</span> <span class='ocrx_word' id='word_1_695' title='bbox 1249 4887 1399 4943; x_wconf 88' lang='lat' dir='ltr'>oculi</span> <span class='ocrx_word' id='word_1_696' title='bbox 1425 4889 1574 4958; x_wconf 89' lang='lat' dir='ltr'>ejus,</span> <span class='ocrx_word' id='word_1_697' title='bbox 1590 4894 1645 4944; x_wconf 89' lang='lat' dir='ltr'>et</span> <span class='ocrx_word' id='word_1_698' title='bbox 1668 4888 1834 4943; x_wconf 89' lang='lat' dir='ltr'>illum</span> 
     </span>
    </p>
   </div>
   <div class='ocr_carea' id='block_1_86' title="bbox 176 4975 1834 5049">
    <p class='ocr_par' dir='ltr' id='par_1_86' title="bbox 176 4975 1834 5049">
     <span class='ocr_line' id='line_1_86' title="bbox 176 4975 1834 5049; baseline -0.002 -13"><span class='ocrx_word' id='word_1_699' title='bbox 176 4977 592 5036; x_wconf 84' lang='lat' dir='ltr'>nitaturclara</span> <span class='ocrx_word' id='word_1_700' title='bbox 615 4979 751 5034; x_wconf 87' lang='lat' dir='ltr'>luce.</span> <span class='ocrx_word' id='word_1_701' title='bbox 771 4977 1017 5049; x_wconf 89' lang='lat' dir='ltr'>privare,</span> <span class='ocrx_word' id='word_1_702' title='bbox 1042 4977 1114 5032; x_wconf 91' lang='lat' dir='ltr'>de</span> <span class='ocrx_word' id='word_1_703' title='bbox 1143 4993 1260 5047; x_wconf 90' lang='lat' dir='ltr'>qua</span> <span class='ocrx_word' id='word_1_704' title='bbox 1282 4975 1542 5047; x_wconf 90' lang='lat' dir='ltr'>loquitur</span> <span class='ocrx_word' id='word_1_705' title='bbox 1560 4976 1620 5032; x_wconf 89' lang='lat' dir='ltr'>in</span> <span class='ocrx_word' id='word_1_706' title='bbox 1654 4977 1834 5032; x_wconf 86' lang='lat' dir='ltr'>Evan-</span> 
     </span>
    </p>
   </div>
   <div class='ocr_carea' id='block_1_87' title="bbox 172 5066 1836 5142">
    <p class='ocr_par' dir='ltr' id='par_1_87' title="bbox 172 5066 1836 5142">
     <span class='ocr_line' id='line_1_87' title="bbox 172 5066 1836 5142; baseline -0.004 -14"><span class='ocrx_word' id='word_1_707' title='bbox 172 5066 389 5142; x_wconf 72' lang='lat' dir='ltr'>gelio-t</span> <span class='ocrx_word' id='word_1_708' title='bbox 427 5069 525 5123; x_wconf 73' lang='lat' dir='ltr'>Vos.</span> <span class='ocrx_word' id='word_1_709' title='bbox 557 5070 686 5123; x_wconf 84' lang='lat' dir='ltr'>estis</span> <span class='ocrx_word' id='word_1_710' title='bbox 727 5068 828 5123; x_wconf 73' lang='lat' dir='ltr'>tum</span> <span class='ocrx_word' id='word_1_711' title='bbox 856 5066 1053 5122; x_wconf 83' lang='lat' dir='ltr'>mundi</span> <span class='ocrx_word' id='word_1_712' title='bbox 1081 5067 1242 5136; x_wconf 74' lang='lat' dir='ltr'>(Mat.</span> <span class='ocrx_word' id='word_1_713' title='bbox 1277 5082 1331 5133; x_wconf 92' lang='lat' dir='ltr'>v,</span> <span class='ocrx_word' id='word_1_714' title='bbox 1366 5066 1473 5136; x_wconf 87' lang='grc'>14).</span> <span class='ocrx_word' id='word_1_715' title='bbox 1509 5066 1703 5121; x_wconf 87' lang='lat' dir='ltr'>Elevat</span> <span class='ocrx_word' id='word_1_716' title='bbox 1732 5084 1836 5121; x_wconf 88' lang='lat' dir='ltr'>au-</span> 
     </span>
    </p>
   </div>
   <div class='ocr_carea' id='block_1_88' title="bbox 171 5154 1836 5226">
    <p class='ocr_par' dir='ltr' id='par_1_88' title="bbox 171 5154 1836 5226">
     <span class='ocr_line' id='line_1_88' title="bbox 171 5154 1836 5226; baseline -0.002 -12"><span class='ocrx_word' id='word_1_717' title='bbox 171 5162 310 5214; x_wconf 68' lang='lat' dir='ltr'>tem</span> <span class='ocrx_word' id='word_1_718' title='bbox 342 5156 496 5214; x_wconf 85' lang='lat' dir='ltr'>Deus</span> <span class='ocrx_word' id='word_1_719' title='bbox 525 5173 768 5214; x_wconf 84' lang='lat' dir='ltr'>manum</span> <span class='ocrx_word' id='word_1_720' title='bbox 788 5172 980 5221; x_wconf 88' lang='lat' dir='ltr'>suam,</span> <span class='ocrx_word' id='word_1_721' title='bbox 1005 5159 1070 5210; x_wconf 92' lang='lat' dir='ltr'>ut</span> <span class='ocrx_word' id='word_1_722' title='bbox 1101 5154 1383 5226; x_wconf 84' lang='lat' dir='ltr'>percutiat</span> <span class='ocrx_word' id='word_1_723' title='bbox 1409 5158 1613 5226; x_wconf 84' lang='lat' dir='ltr'>gentes</span> <span class='ocrx_word' id='word_1_724' title='bbox 1635 5156 1836 5211; x_wconf 82' lang='lat' dir='ltr'>adver-</span> 
     </span>
    </p>
   </div>
   <div class='ocr_carea' id='block_1_89' title="bbox 168 5243 1833 5318">
    <p class='ocr_par' dir='ltr' id='par_1_89' title="bbox 168 5243 1833 5318">
     <span class='ocr_line' id='line_1_89' title="bbox 168 5243 1833 5318; baseline -0.003 -14"><span class='ocrx_word' id='word_1_725' title='bbox 168 5245 462 5315; x_wconf 51' lang='lat' dir='ltr'>sariae,“</span> <span class='ocrx_word' id='word_1_726' title='bbox 477 5244 652 5318; x_wconf 87' lang='lat' dir='ltr'>popul</span> <span class='ocrx_word' id='word_1_727' title='bbox 663 5263 694 5302; x_wconf 93' lang='lat' dir='ltr'>u</span> <span class='ocrx_word' id='word_1_728' title='bbox 705 5262 759 5301; x_wconf 91' lang='lat' dir='ltr'>m</span> <span class='ocrx_word' id='word_1_729' title='bbox 773 5243 1137 5316; x_wconf 86' lang='lat' dir='ltr'>suum,(c)vel</span> <span class='ocrx_word' id='word_1_730' title='bbox 1160 5243 1218 5298; x_wconf 89' lang='lat' dir='ltr'>in</span> <span class='ocrx_word' id='word_1_731' title='bbox 1231 5243 1558 5299; x_wconf 84' lang='lat' dir='ltr'>Jerusalem</span> <span class='ocrx_word' id='word_1_732' title='bbox 1575 5244 1671 5299; x_wconf 91' lang='lat' dir='ltr'>red</span> <span class='ocrx_word' id='word_1_733' title='bbox 1682 5249 1833 5316; x_wconf 89' lang='lat' dir='ltr'>ucat,</span> 
     </span>
    </p>
   </div>
   <div class='ocr_carea' id='block_1_90' title="bbox 170 5332 1834 5418">
    <p class='ocr_par' dir='ltr' id='par_1_90' title="bbox 170 5332 1834 5418">
     <span class='ocr_line' id='line_1_90' title="bbox 170 5332 1834 5418; baseline -0.001 -26"><span class='ocrx_word' id='word_1_734' title='bbox 170 5334 277 5392; x_wconf 81' lang='lat' dir='ltr'>vel</span> <span class='ocrx_word' id='word_1_735' title='bbox 310 5335 368 5392; x_wconf 87' lang='lat' dir='ltr'>in</span> <span class='ocrx_word' id='word_1_736' title='bbox 400 5333 737 5394; x_wconf 75' lang='lat' dir='ltr'>Ecclesium.</span> <span class='ocrx_word' id='word_1_737' title='bbox 762 5338 975 5390; x_wconf 88' lang='lat' dir='ltr'>Gentes</span> <span class='ocrx_word' id='word_1_738' title='bbox 1007 5332 1367 5418; x_wconf 66' lang='lat' dir='ltr'>adversariae</span> <span class='ocrx_word' id='word_1_739' title='bbox 1382 5333 1553 5403; x_wconf 81' lang='lat' dir='ltr'>juxta</span> <span class='ocrx_word' id='word_1_740' title='bbox 1581 5333 1834 5406; x_wconf 82' lang='lat' dir='ltr'>tropolo-</span> 
     </span>
    </p>
   </div>
   <div class='ocr_carea' id='block_1_91' title="bbox 263 5509 1796 5584">
    <p class='ocr_par' dir='ltr' id='par_1_91' title="bbox 263 5509 1796 5584">
     <span class='ocr_line' id='line_1_91' title="bbox 263 5509 1796 5584; baseline 0.004 -21"><span class='ocrx_word' id='word_1_741' title='bbox 263 5513 338 5578; x_wconf 74' lang='grc' dir='ltr'>(τι)</span> <span class='ocrx_word' id='word_1_742' title='bbox 370 5511 572 5584; x_wconf 65' lang='lat' dir='ltr'>Begin.</span> <span class='ocrx_word' id='word_1_743' title='bbox 610 5529 776 5580; x_wconf 90' lang='lat' dir='ltr'>mss.,</span> <span class='ocrx_word' id='word_1_744' title='bbox 813 5514 869 5566; x_wconf 87' lang='lat' dir='ltr'>in</span> <span class='ocrx_word' id='word_1_745' title='bbox 901 5512 1063 5584; x_wconf 69' lang='lat' dir='ltr'>huius</span> <span class='ocrx_word' id='word_1_746' title='bbox 1090 5509 1283 5584; x_wconf 52' lang='grc' dir='ltr'>δεῖσαιρ</span> <span class='ocrx_word' id='word_1_747' title='bbox 1312 5519 1475 5584; x_wconf 12' lang='lat' dir='ltr'>noete;</span> <span class='ocrx_word' id='word_1_748' title='bbox 1492 5527 1796 5570; x_wconf 86' lang='lat' dir='ltr'>versamur.</span> 
     </span>
    </p>
   </div>
   <div class='ocr_carea' id='block_1_92' title="bbox 1868 4576 1916 4641">
    <p class='ocr_par' dir='ltr' id='par_1_92' title="bbox 1868 4576 1916 4641">
     <span class='ocr_line' id='line_1_92' title="bbox 1868 4576 1916 4641; baseline 0 0"><span class='ocrx_word' id='word_1_749' title='bbox 1868 4576 1916 4641; x_wconf 93' lang='lat' dir='ltr'>D</span> 
     </span>
    </p>
   </div>
   <div class='ocr_carea' id='block_1_93' title="bbox 1940 3387 3592 3461">
    <p class='ocr_par' dir='ltr' id='par_1_93' title="bbox 1940 3387 3592 3461">
     <span class='ocr_line' id='line_1_93' title="bbox 1940 3387 3592 3461; baseline -0.003 -15"><span class='ocrx_word' id='word_1_750' title='bbox 1940 3391 2126 3446; x_wconf 82' lang='lat' dir='ltr'>Judas</span> <span class='ocrx_word' id='word_1_751' title='bbox 2161 3409 2173 3445; x_wconf 91' lang='lat'><strong>:</strong></span> <span class='ocrx_word' id='word_1_752' title='bbox 2206 3393 2334 3444; x_wconf 61' lang='lat' dir='ltr'>duae</span> <span class='ocrx_word' id='word_1_753' title='bbox 2382 3391 2649 3446; x_wconf 84' lang='lat' dir='ltr'>videlicet</span> <span class='ocrx_word' id='word_1_754' title='bbox 2677 3392 2866 3446; x_wconf 90' lang='lat' dir='ltr'>tribus</span> <span class='ocrx_word' id='word_1_755' title='bbox 2898 3407 3024 3461; x_wconf 70' lang='lat' dir='ltr'>quae</span> <span class='ocrx_word' id='word_1_756' title='bbox 3077 3406 3319 3445; x_wconf 64' lang='lat' dir='ltr'>reversa</span> <span class='ocrx_word' id='word_1_757' title='bbox 3353 3392 3491 3444; x_wconf 85' lang='lat' dir='ltr'>sunt</span> <span class='ocrx_word' id='word_1_758' title='bbox 3521 3387 3592 3442; x_wconf 89' lang='lat' dir='ltr'>de</span> 
     </span>
    </p>
   </div>
   <div class='ocr_carea' id='block_1_94' title="bbox 1945 3478 3593 3551">
    <p class='ocr_par' dir='ltr' id='par_1_94' title="bbox 1945 3478 3593 3551">
     <span class='ocr_line' id='line_1_94' title="bbox 1945 3478 3593 3551; baseline -0.002 -17"><span class='ocrx_word' id='word_1_759' title='bbox 1945 3479 2274 3550; x_wconf 85' lang='lat' dir='ltr'>captivitate</span> <span class='ocrx_word' id='word_1_760' title='bbox 2304 3479 2671 3551; x_wconf 77' lang='lat' dir='ltr'>Babylonica,</span> <span class='ocrx_word' id='word_1_761' title='bbox 2706 3484 2761 3534; x_wconf 89' lang='lat' dir='ltr'>et</span> <span class='ocrx_word' id='word_1_762' title='bbox 2793 3479 3094 3550; x_wconf 65' lang='lat' dir='ltr'>appellatae</span> <span class='ocrx_word' id='word_1_763' title='bbox 3127 3478 3500 3541; x_wconf 83' lang='lat' dir='ltr'>suntJudas,</span> <span class='ocrx_word' id='word_1_764' title='bbox 3534 3481 3593 3530; x_wconf 90' lang='lat' dir='ltr'>et</span> 
     </span>
    </p>
   </div>
   <div class='ocr_carea' id='block_1_95' title="bbox 1944 3565 3592 3638">
    <p class='ocr_par' dir='ltr' id='par_1_95' title="bbox 1944 3565 3592 3638">
     <span class='ocr_line' id='line_1_95' title="bbox 1944 3565 3592 3638; baseline -0.002 -17"><span class='ocrx_word' id='word_1_765' title='bbox 1944 3583 2059 3622; x_wconf 88' lang='lat' dir='ltr'>non</span> <span class='ocrx_word' id='word_1_766' title='bbox 2112 3567 2308 3635; x_wconf 90' lang='lat' dir='ltr'>Israel,</span> <span class='ocrx_word' id='word_1_767' title='bbox 2343 3567 2443 3637; x_wconf 89' lang='lat' dir='ltr'>qui</span> <span class='ocrx_word' id='word_1_768' title='bbox 2489 3567 2595 3637; x_wconf 85' lang='grc' dir='ltr'>[Αι.</span> <span class='ocrx_word' id='word_1_769' title='bbox 2627 3565 2786 3638; x_wconf 86' lang='lat' dir='ltr'>quia]</span> <span class='ocrx_word' id='word_1_770' title='bbox 2827 3567 2981 3637; x_wconf 90' lang='lat' dir='ltr'>apud</span> <span class='ocrx_word' id='word_1_771' title='bbox 3014 3566 3210 3621; x_wconf 87' lang='lat' dir='ltr'>Medos</span> <span class='ocrx_word' id='word_1_772' title='bbox 3259 3565 3372 3619; x_wconf 91' lang='lat' dir='ltr'>huo</span> <span class='ocrx_word' id='word_1_773' title='bbox 3404 3579 3592 3634; x_wconf 88' lang='lat' dir='ltr'>usque</span> 
     </span>
    </p>
   </div>
   <div class='ocr_carea' id='block_1_96' title="bbox 1942 3653 3590 3725">
    <p class='ocr_par' dir='ltr' id='par_1_96' title="bbox 1942 3653 3590 3725">
     <span class='ocr_line' id='line_1_96' title="bbox 1942 3653 3590 3725; baseline -0.002 -17"><span class='ocrx_word' id='word_1_774' title='bbox 1942 3661 2265 3710; x_wconf 86' lang='lat' dir='ltr'>versantur.</span> <span class='ocrx_word' id='word_1_775' title='bbox 2291 3654 2402 3708; x_wconf 89' lang='lat' dir='ltr'>Alii</span> <span class='ocrx_word' id='word_1_776' title='bbox 2427 3671 2556 3709; x_wconf 92' lang='lat' dir='ltr'>vero</span> <span class='ocrx_word' id='word_1_777' title='bbox 2576 3655 2633 3708; x_wconf 92' lang='lat' dir='ltr'>in</span> <span class='ocrx_word' id='word_1_778' title='bbox 2670 3655 2931 3709; x_wconf 82' lang='lat' dir='ltr'>futurum</span> <span class='ocrx_word' id='word_1_779' title='bbox 2954 3654 3248 3719; x_wconf 68' lang='lat' dir='ltr'>differunt,</span> <span class='ocrx_word' id='word_1_780' title='bbox 3273 3653 3425 3725; x_wconf 92' lang='lat' dir='ltr'>quod</span> <span class='ocrx_word' id='word_1_781' title='bbox 3451 3656 3590 3706; x_wconf 86' lang='lat' dir='ltr'>tunc</span> 
     </span>
    </p>
   </div>
   <div class='ocr_carea' id='block_1_97' title="bbox 1946 3740 3587 3815">
    <p class='ocr_par' dir='ltr' id='par_1_97' title="bbox 1946 3740 3587 3815">
     <span class='ocr_line' id='line_1_97' title="bbox 1946 3740 3587 3815; baseline -0.002 -15"><span class='ocrx_word' id='word_1_782' title='bbox 1946 3744 2249 3800; x_wconf 79' lang='lat' dir='ltr'>crediturae</span> <span class='ocrx_word' id='word_1_783' title='bbox 2269 3745 2388 3798; x_wconf 89' lang='lat' dir='ltr'>sint</span> <span class='ocrx_word' id='word_1_784' title='bbox 2404 3747 2605 3815; x_wconf 88' lang='lat' dir='ltr'>gentes</span> <span class='ocrx_word' id='word_1_785' title='bbox 2627 3743 2684 3797; x_wconf 91' lang='lat' dir='ltr'>in</span> <span class='ocrx_word' id='word_1_786' title='bbox 2717 3759 2850 3797; x_wconf 86' lang='lat' dir='ltr'>eum</span> <span class='ocrx_word' id='word_1_787' title='bbox 2869 3743 2967 3813; x_wconf 89' lang='lat' dir='ltr'>qui</span> <span class='ocrx_word' id='word_1_788' title='bbox 2984 3742 3251 3797; x_wconf 82' lang='lat' dir='ltr'>mittatur</span> <span class='ocrx_word' id='word_1_789' title='bbox 3268 3758 3302 3796; x_wconf 85' lang='lat' dir='ltr'>a</span> <span class='ocrx_word' id='word_1_790' title='bbox 3325 3740 3587 3806; x_wconf 85' lang='lat' dir='ltr'>Domino,</span> 
     </span>
    </p>
   </div>
   <div class='ocr_carea' id='block_1_98' title="bbox 1947 3830 3589 3902">
    <p class='ocr_par' dir='ltr' id='par_1_98' title="bbox 1947 3830 3589 3902">
     <span class='ocr_line' id='line_1_98' title="bbox 1947 3830 3589 3902; baseline -0.002 -15"><span class='ocrx_word' id='word_1_791' title='bbox 1947 3838 2004 3887; x_wconf 90' lang='lat' dir='ltr'>et</span> <span class='ocrx_word' id='word_1_792' title='bbox 2031 3830 2298 3902; x_wconf 85' lang='lat' dir='ltr'>eligenda</span> <span class='ocrx_word' id='word_1_793' title='bbox 2327 3831 2406 3886; x_wconf 89' lang='lat' dir='ltr'>sit</span> <span class='ocrx_word' id='word_1_794' title='bbox 2439 3831 2781 3897; x_wconf 86' lang='lat' dir='ltr'>Jerusalem,</span> <span class='ocrx_word' id='word_1_795' title='bbox 2817 3847 2952 3886; x_wconf 89' lang='lat' dir='ltr'>cum</span> <span class='ocrx_word' id='word_1_796' title='bbox 3001 3831 3205 3902; x_wconf 87' lang='lat' dir='ltr'>utique</span> <span class='ocrx_word' id='word_1_797' title='bbox 3228 3831 3350 3900; x_wconf 84' lang='lat' dir='ltr'>jam</span> <span class='ocrx_word' id='word_1_798' title='bbox 3385 3843 3589 3884; x_wconf 81' lang='lat' dir='ltr'>omnes</span> 
     </span>
    </p>
   </div>
   <div class='ocr_carea' id='block_1_99' title="bbox 1947 3918 3590 3992">
    <p class='ocr_par' dir='ltr' id='par_1_99' title="bbox 1947 3918 3590 3992">
     <span class='ocr_line' id='line_1_99' title="bbox 1947 3918 3590 3992; baseline -0.002 -17"><span class='ocrx_word' id='word_1_799' title='bbox 1947 3925 2148 3992; x_wconf 89' lang='lat' dir='ltr'>gentes</span> <span class='ocrx_word' id='word_1_800' title='bbox 2177 3919 2550 3975; x_wconf 88' lang='lat' dir='ltr'>crediderunt</span> <span class='ocrx_word' id='word_1_801' title='bbox 2595 3920 2654 3974; x_wconf 91' lang='lat' dir='ltr'>in</span> <span class='ocrx_word' id='word_1_802' title='bbox 2708 3919 3017 3975; x_wconf 90' lang='lat' dir='ltr'>Dominum</span> <span class='ocrx_word' id='word_1_803' title='bbox 3073 3918 3452 3983; x_wconf 87' lang='lat' dir='ltr'>Salvatorem,</span> <span class='ocrx_word' id='word_1_804' title='bbox 3486 3932 3590 3973; x_wconf 88' lang='lat' dir='ltr'>nec</span> 
     </span>
    </p>
   </div>
   <div class='ocr_carea' id='block_1_100' title="bbox 1948 4007 3587 4082">
    <p class='ocr_par' dir='ltr' id='par_1_100' title="bbox 1948 4007 3587 4082">
     <span class='ocr_line' id='line_1_100' title="bbox 1948 4007 3587 4082; baseline -0.002 -18"><span class='ocrx_word' id='word_1_805' title='bbox 1948 4009 2135 4082; x_wconf 87' lang='lat' dir='ltr'>possit</span> <span class='ocrx_word' id='word_1_806' title='bbox 2163 4009 2296 4082; x_wconf 87' lang='lat' dir='ltr'>eligi</span> <span class='ocrx_word' id='word_1_807' title='bbox 2329 4026 2456 4080; x_wconf 68' lang='lat' dir='ltr'>quae</span> <span class='ocrx_word' id='word_1_808' title='bbox 2477 4009 2718 4065; x_wconf 90' lang='lat' dir='ltr'>omnino</span> <span class='ocrx_word' id='word_1_809' title='bbox 2749 4012 3044 4063; x_wconf 78' lang='lat' dir='ltr'>destructa</span> <span class='ocrx_word' id='word_1_810' title='bbox 3072 4009 3178 4063; x_wconf 89' lang='lat' dir='ltr'>est.</span> <span class='ocrx_word' id='word_1_811' title='bbox 3197 4007 3369 4062; x_wconf 77' lang='lat' dir='ltr'>Recte</span> <span class='ocrx_word' id='word_1_812' title='bbox 3395 4009 3587 4061; x_wconf 87' lang='lat' dir='ltr'>autem</span> 
     </span>
    </p>
   </div>
   <div class='ocr_carea' id='block_1_101' title="bbox 1946 4095 3589 4170">
    <p class='ocr_par' dir='ltr' id='par_1_101' title="bbox 1946 4095 3589 4170">
     <span class='ocr_line' id='line_1_101' title="bbox 1946 4095 3589 4170; baseline -0.002 -17"><span class='ocrx_word' id='word_1_813' title='bbox 1946 4103 2080 4170; x_wconf 88' lang='lat' dir='ltr'>post</span> <span class='ocrx_word' id='word_1_814' title='bbox 2094 4098 2487 4168; x_wconf 86' lang='lat' dir='ltr'>captivitatem</span> <span class='ocrx_word' id='word_1_815' title='bbox 2511 4096 2632 4152; x_wconf 83' lang='lat' dir='ltr'>ﬁlia</span> <span class='ocrx_word' id='word_1_816' title='bbox 2652 4098 2788 4152; x_wconf 89' lang='lat' dir='ltr'>Sion</span> <span class='ocrx_word' id='word_1_817' title='bbox 2814 4099 3158 4168; x_wconf 84' lang='lat' dir='ltr'>provocatur</span> <span class='ocrx_word' id='word_1_818' title='bbox 3187 4095 3257 4151; x_wconf 89' lang='lat' dir='ltr'>ad</span> <span class='ocrx_word' id='word_1_819' title='bbox 3283 4095 3589 4169; x_wconf 84' lang='lat' dir='ltr'>gaudium,</span> 
     </span>
    </p>
   </div>
   <div class='ocr_carea' id='block_1_102' title="bbox 1947 4185 3590 4258">
    <p class='ocr_par' dir='ltr' id='par_1_102' title="bbox 1947 4185 3590 4258">
     <span class='ocr_line' id='line_1_102' title="bbox 1947 4185 3590 4258; baseline -0.001 -18"><span class='ocrx_word' id='word_1_820' title='bbox 1947 4186 2020 4241; x_wconf 90' lang='lat' dir='ltr'>de</span> <span class='ocrx_word' id='word_1_821' title='bbox 2049 4203 2165 4258; x_wconf 89' lang='lat' dir='ltr'>qua</span> <span class='ocrx_word' id='word_1_822' title='bbox 2186 4192 2244 4241; x_wconf 87' lang='lat' dir='ltr'>et</span> <span class='ocrx_word' id='word_1_823' title='bbox 2275 4186 2331 4240; x_wconf 92' lang='lat' dir='ltr'>in</span> <span class='ocrx_word' id='word_1_824' title='bbox 2365 4185 2590 4257; x_wconf 89' lang='lat' dir='ltr'>psalmo</span> <span class='ocrx_word' id='word_1_825' title='bbox 2617 4185 2864 4241; x_wconf 86' lang='lat' dir='ltr'>dicitur:</span> <span class='ocrx_word' id='word_1_826' title='bbox 2893 4186 3031 4242; x_wconf 81' lang='lat' dir='ltr'>Cum</span> <span class='ocrx_word' id='word_1_827' title='bbox 3056 4186 3384 4241; x_wconf 77' lang='lat' dir='ltr'>converterit</span> <span class='ocrx_word' id='word_1_828' title='bbox 3404 4185 3590 4239; x_wconf 83' lang='lat' dir='ltr'>Domi-</span> 
     </span>
    </p>
   </div>
   <div class='ocr_carea' id='block_1_103' title="bbox 1945 4274 3594 4347">
    <p class='ocr_par' dir='ltr' id='par_1_103' title="bbox 1945 4274 3594 4347">
     <span class='ocr_line' id='line_1_103' title="bbox 1945 4274 3594 4347; baseline -0.001 -16"><span class='ocrx_word' id='word_1_829' title='bbox 1945 4292 2050 4331; x_wconf 87' lang='lat' dir='ltr'>nus</span> <span class='ocrx_word' id='word_1_830' title='bbox 2068 4277 2435 4346; x_wconf 86' lang='lat' dir='ltr'>captivitatem</span> <span class='ocrx_word' id='word_1_831' title='bbox 2449 4275 2525 4345; x_wconf 81' lang='lat' dir='ltr'>(d)</span> <span class='ocrx_word' id='word_1_832' title='bbox 2537 4275 2734 4347; x_wconf 82' lang='lat' dir='ltr'>populi</span> <span class='ocrx_word' id='word_1_833' title='bbox 2761 4278 2867 4343; x_wconf 83' lang='lat' dir='ltr'>sui,</span> <span class='ocrx_word' id='word_1_834' title='bbox 2886 4275 3194 4331; x_wconf 71' lang='lat' dir='ltr'>exsultabit</span> <span class='ocrx_word' id='word_1_835' title='bbox 3206 4275 3397 4340; x_wconf 70' lang='lat' dir='ltr'>Iacob,</span> <span class='ocrx_word' id='word_1_836' title='bbox 3419 4278 3474 4329; x_wconf 81' lang='lat' dir='ltr'>et</span> <span class='ocrx_word' id='word_1_837' title='bbox 3495 4274 3594 4330; x_wconf 54' lang='lat' dir='ltr'>lm-</span> 
     </span>
    </p>
   </div>
   <div class='ocr_carea' id='block_1_104' title="bbox 1947 4364 2739 4435">
    <p class='ocr_par' dir='ltr' id='par_1_104' title="bbox 1947 4364 2739 4435">
     <span class='ocr_line' id='line_1_104' title="bbox 1947 4364 2739 4435; baseline -0.003 -15"><span class='ocrx_word' id='word_1_838' title='bbox 1947 4367 2156 4420; x_wconf 86' lang='lat' dir='ltr'>tabitur</span> <span class='ocrx_word' id='word_1_839' title='bbox 2184 4365 2355 4420; x_wconf 87' lang='lat' dir='ltr'>Israel</span> <span class='ocrx_word' id='word_1_840' title='bbox 2385 4366 2498 4433; x_wconf 87' lang='lat' dir='ltr'>(Ps.</span> <span class='ocrx_word' id='word_1_841' title='bbox 2535 4381 2630 4431; x_wconf 86' lang='lat' dir='ltr'>Lll,</span> <span class='ocrx_word' id='word_1_842' title='bbox 2661 4364 2739 4435; x_wconf 88' lang='grc'>7).</span> 
     </span>
    </p>
   </div>
   <div class='ocr_carea' id='block_1_105' title="bbox 2017 4450 3594 4523">
    <p class='ocr_par' dir='ltr' id='par_1_105' title="bbox 2017 4450 3594 4523">
     <span class='ocr_line' id='line_1_105' title="bbox 2017 4450 3594 4523; baseline -0.003 -17"><span class='ocrx_word' id='word_1_843' title='bbox 2017 4453 2203 4522; x_wconf 88' lang='lat' dir='ltr'>(Vers.</span> <span class='ocrx_word' id='word_1_844' title='bbox 2243 4454 2349 4523; x_wconf 81' lang='lat'>13.)</span> <span class='ocrx_word' id='word_1_845' title='bbox 2381 4453 2551 4509; x_wconf 90' lang='lat' dir='ltr'>Sileat</span> <span class='ocrx_word' id='word_1_846' title='bbox 2581 4455 2764 4508; x_wconf 81' lang='lat' dir='ltr'>omnis</span> <span class='ocrx_word' id='word_1_847' title='bbox 2801 4469 2928 4507; x_wconf 89' lang='lat' dir='ltr'>caro</span> <span class='ocrx_word' id='word_1_848' title='bbox 2956 4470 2993 4507; x_wconf 85' lang='grc' dir='ltr'>ιι</span> <span class='ocrx_word' id='word_1_849' title='bbox 3015 4455 3160 4522; x_wconf 78' lang='lat' dir='ltr'>facie</span> <span class='ocrx_word' id='word_1_850' title='bbox 3191 4451 3432 4514; x_wconf 86' lang='lat' dir='ltr'>Domini,</span> <span class='ocrx_word' id='word_1_851' title='bbox 3462 4450 3594 4520; x_wconf 78' lang='lat' dir='ltr'>quia</span> 
     </span>
    </p>
   </div>
   <div class='ocr_carea' id='block_1_106' title="bbox 1947 4536 3594 4596">
    <p class='ocr_par' dir='ltr' id='par_1_106' title="bbox 1947 4536 3594 4596">
     <span class='ocr_line' id='line_1_106' title="bbox 1947 4536 3594 4596; baseline -0.003 -1"><span class='ocrx_word' id='word_1_852' title='bbox 1947 4543 2296 4596; x_wconf 69' lang='lat' dir='ltr'>consurrexit</span> <span class='ocrx_word' id='word_1_853' title='bbox 2321 4540 2386 4595; x_wconf 88' lang='lat' dir='ltr'>de</span> <span class='ocrx_word' id='word_1_854' title='bbox 2423 4540 2733 4595; x_wconf 80' lang='lat' dir='ltr'>habitacula</span> <span class='ocrx_word' id='word_1_855' title='bbox 2761 4543 2987 4595; x_wconf 86' lang='lat' dir='ltr'>sanncto</span> <span class='ocrx_word' id='word_1_856' title='bbox 3017 4554 3132 4594; x_wconf 84' lang='lat' dir='ltr'>suo.</span> <span class='ocrx_word' id='word_1_857' title='bbox 3169 4537 3313 4592; x_wconf 84' lang='lat' dir='ltr'>LXX</span> <span class='ocrx_word' id='word_1_858' title='bbox 3346 4553 3358 4592; x_wconf 90' lang='lat'><strong>:</strong></span> <span class='ocrx_word' id='word_1_859' title='bbox 3394 4536 3594 4590; x_wconf 66' lang='lat' dir='ltr'>Timent</span> 
     </span>
    </p>
   </div>
   <div class='ocr_carea' id='block_1_107' title="bbox 1949 4625 3595 4700">
    <p class='ocr_par' dir='ltr' id='par_1_107' title="bbox 1949 4625 3595 4700">
     <span class='ocr_line' id='line_1_107' title="bbox 1949 4625 3595 4700; baseline -0.004 -16"><span class='ocrx_word' id='word_1_860' title='bbox 1949 4631 2126 4684; x_wconf 89' lang='lat' dir='ltr'>omnis</span> <span class='ocrx_word' id='word_1_861' title='bbox 2154 4645 2281 4685; x_wconf 89' lang='lat' dir='ltr'>caro</span> <span class='ocrx_word' id='word_1_862' title='bbox 2309 4647 2343 4684; x_wconf 91' lang='lat' dir='ltr'>a</span> <span class='ocrx_word' id='word_1_863' title='bbox 2367 4631 2514 4698; x_wconf 81' lang='lat' dir='ltr'>facie</span> <span class='ocrx_word' id='word_1_864' title='bbox 2529 4630 2766 4696; x_wconf 86' lang='lat' dir='ltr'>Domini,</span> <span class='ocrx_word' id='word_1_865' title='bbox 2802 4631 3064 4700; x_wconf 84' lang='lat' dir='ltr'>quoniam</span> <span class='ocrx_word' id='word_1_866' title='bbox 3082 4629 3327 4682; x_wconf 69' lang='lat' dir='ltr'>surrexit</span> <span class='ocrx_word' id='word_1_867' title='bbox 3347 4625 3414 4680; x_wconf 82' lang='lat' dir='ltr'>de</span> <span class='ocrx_word' id='word_1_868' title='bbox 3430 4625 3595 4679; x_wconf 83' lang='lat' dir='ltr'>nubi-</span> 
     </span>
    </p>
   </div>
   <div class='ocr_carea' id='block_1_108' title="bbox 1951 4716 3593 4786">
    <p class='ocr_par' dir='ltr' id='par_1_108' title="bbox 1951 4716 3593 4786">
     <span class='ocr_line' id='line_1_108' title="bbox 1951 4716 3593 4786; baseline -0.003 -13"><span class='ocrx_word' id='word_1_869' title='bbox 1951 4719 2047 4773; x_wconf 86' lang='lat' dir='ltr'>bus</span> <span class='ocrx_word' id='word_1_870' title='bbox 2075 4721 2284 4774; x_wconf 87' lang='lat' dir='ltr'>sanctis</span> <span class='ocrx_word' id='word_1_871' title='bbox 2311 4718 2603 4772; x_wconf 85' lang='lat' dir='ltr'>suis.Cum</span> <span class='ocrx_word' id='word_1_872' title='bbox 2639 4718 2758 4772; x_wconf 64' lang='lat' dir='ltr'>haec</span> <span class='ocrx_word' id='word_1_873' title='bbox 2783 4718 2864 4772; x_wconf 85' lang='lat' dir='ltr'>ita</span> <span class='ocrx_word' id='word_1_874' title='bbox 2893 4733 2955 4772; x_wconf 89' lang='lat' dir='ltr'>se</span> <span class='ocrx_word' id='word_1_875' title='bbox 2981 4716 3256 4782; x_wconf 90' lang='lat' dir='ltr'>habeant,</span> <span class='ocrx_word' id='word_1_876' title='bbox 3290 4719 3346 4771; x_wconf 88' lang='lat' dir='ltr'>et</span> <span class='ocrx_word' id='word_1_877' title='bbox 3365 4729 3593 4786; x_wconf 86' lang='lat' dir='ltr'>posses-</span> 
     </span>
    </p>
   </div>
   <div class='ocr_carea' id='block_1_109' title="bbox 1949 4803 3596 4877">
    <p class='ocr_par' dir='ltr' id='par_1_109' title="bbox 1949 4803 3596 4877">
     <span class='ocr_line' id='line_1_109' title="bbox 1949 4803 3596 4877; baseline -0.002 -17"><span class='ocrx_word' id='word_1_878' title='bbox 1949 4823 2124 4862; x_wconf 89' lang='lat' dir='ltr'>surus</span> <span class='ocrx_word' id='word_1_879' title='bbox 2147 4806 2221 4860; x_wconf 92' lang='lat' dir='ltr'>sit</span> <span class='ocrx_word' id='word_1_880' title='bbox 2239 4805 2524 4860; x_wconf 88' lang='lat' dir='ltr'>Dominus</span> <span class='ocrx_word' id='word_1_881' title='bbox 2537 4805 2747 4859; x_wconf 85' lang='lat' dir='ltr'>Judam</span> <span class='ocrx_word' id='word_1_882' title='bbox 2776 4810 2996 4877; x_wconf 88' lang='lat' dir='ltr'>partem</span> <span class='ocrx_word' id='word_1_883' title='bbox 3022 4809 3287 4870; x_wconf 89' lang='lat' dir='ltr'>suam,et</span> <span class='ocrx_word' id='word_1_884' title='bbox 3306 4803 3596 4858; x_wconf 86' lang='lat' dir='ltr'>electurus</span> 
     </span>
    </p>
   </div>
   <div class='ocr_carea' id='block_1_110' title="bbox 1949 4891 3598 4965">
    <p class='ocr_par' dir='ltr' id='par_1_110' title="bbox 1949 4891 3598 4965">
     <span class='ocr_line' id='line_1_110' title="bbox 1949 4891 3598 4965; baseline -0.002 -16"><span class='ocrx_word' id='word_1_885' title='bbox 1949 4894 2291 4964; x_wconf 85' lang='lat' dir='ltr'>Jerusalem,</span> <span class='ocrx_word' id='word_1_886' title='bbox 2315 4911 2486 4949; x_wconf 88' lang='lat' dir='ltr'>omne</span> <span class='ocrx_word' id='word_1_887' title='bbox 2517 4893 2821 4949; x_wconf 90' lang='lat' dir='ltr'>hominum</span> <span class='ocrx_word' id='word_1_888' title='bbox 2854 4911 3040 4965; x_wconf 83' lang='lat' dir='ltr'>genus</span> <span class='ocrx_word' id='word_1_889' title='bbox 3075 4892 3300 4948; x_wconf 89' lang='lat' dir='ltr'>Domini</span> <span class='ocrx_word' id='word_1_890' title='bbox 3326 4891 3598 4947; x_wconf 84' lang='lat' dir='ltr'>formidet</span> 
     </span>
    </p>
   </div>
   <div class='ocr_carea' id='block_1_111' title="bbox 1951 4982 3593 5054">
    <p class='ocr_par' dir='ltr' id='par_1_111' title="bbox 1951 4982 3593 5054">
     <span class='ocr_line' id='line_1_111' title="bbox 1951 4982 3593 5054; baseline -0.004 -15"><span class='ocrx_word' id='word_1_891' title='bbox 1951 4985 2286 5054; x_wconf 88' lang='lat' dir='ltr'>adventum,</span> <span class='ocrx_word' id='word_1_892' title='bbox 2319 4983 2458 5054; x_wconf 85' lang='lat' dir='ltr'>quia</span> <span class='ocrx_word' id='word_1_893' title='bbox 2489 4982 2738 5038; x_wconf 84' lang='lat' dir='ltr'>surrexit</span> <span class='ocrx_word' id='word_1_894' title='bbox 2769 4983 2840 5036; x_wconf 77' lang='lat' dir='ltr'>de</span> <span class='ocrx_word' id='word_1_895' title='bbox 2874 4982 3207 5038; x_wconf 80' lang='lat' dir='ltr'>habitacula</span> <span class='ocrx_word' id='word_1_896' title='bbox 3239 4987 3440 5037; x_wconf 87' lang='lat' dir='ltr'>sancto</span> <span class='ocrx_word' id='word_1_897' title='bbox 3464 4996 3593 5035; x_wconf 90' lang='lat' dir='ltr'>suo.</span> 
     </span>
    </p>
   </div>
   <div class='ocr_carea' id='block_1_112' title="bbox 1947 5068 3594 5145">
    <p class='ocr_par' dir='ltr' id='par_1_112' title="bbox 1947 5068 3594 5145">
     <span class='ocr_line' id='line_1_112' title="bbox 1947 5068 3594 5145; baseline -0.003 -17"><span class='ocrx_word' id='word_1_898' title='bbox 1947 5079 2194 5145; x_wconf 86' lang='lat' dir='ltr'>Surgere</span> <span class='ocrx_word' id='word_1_899' title='bbox 2223 5077 2415 5127; x_wconf 84' lang='lat' dir='ltr'>autem</span> <span class='ocrx_word' id='word_1_900' title='bbox 2451 5072 2734 5127; x_wconf 90' lang='lat' dir='ltr'>Dominus</span> <span class='ocrx_word' id='word_1_901' title='bbox 2771 5073 2922 5127; x_wconf 84' lang='lat'>799</span> <span class='ocrx_word' id='word_1_902' title='bbox 2951 5071 3186 5136; x_wconf 90' lang='lat' dir='ltr'>dicitur,</span> <span class='ocrx_word' id='word_1_903' title='bbox 3206 5076 3262 5126; x_wconf 90' lang='lat' dir='ltr'>et</span> <span class='ocrx_word' id='word_1_904' title='bbox 3290 5070 3457 5142; x_wconf 88' lang='lat' dir='ltr'>quasi</span> <span class='ocrx_word' id='word_1_905' title='bbox 3479 5068 3594 5124; x_wconf 87' lang='lat' dir='ltr'>evi-</span> 
     </span>
    </p>
   </div>
   <div class='ocr_carea' id='block_1_113' title="bbox 1949 5160 3594 5236">
    <p class='ocr_par' dir='ltr' id='par_1_113' title="bbox 1949 5160 3594 5236">
     <span class='ocr_line' id='line_1_113' title="bbox 1949 5160 3594 5236; baseline -0.002 -18"><span class='ocrx_word' id='word_1_906' title='bbox 1949 5163 2130 5236; x_wconf 88' lang='lat' dir='ltr'>gilare</span> <span class='ocrx_word' id='word_1_907' title='bbox 2151 5163 2222 5217; x_wconf 91' lang='lat' dir='ltr'>de</span> <span class='ocrx_word' id='word_1_908' title='bbox 2251 5178 2478 5224; x_wconf 90' lang='lat' dir='ltr'>somno,</span> <span class='ocrx_word' id='word_1_909' title='bbox 2498 5162 2732 5232; x_wconf 92' lang='lat' dir='ltr'>quando</span> <span class='ocrx_word' id='word_1_910' title='bbox 2754 5161 3056 5231; x_wconf 87' lang='lat' dir='ltr'>consurgit</span> <span class='ocrx_word' id='word_1_911' title='bbox 3076 5161 3134 5215; x_wconf 88' lang='lat' dir='ltr'>in</span> <span class='ocrx_word' id='word_1_912' title='bbox 3157 5160 3471 5214; x_wconf 85' lang='lat' dir='ltr'>vindictam</span> <span class='ocrx_word' id='word_1_913' title='bbox 3494 5174 3594 5229; x_wconf 86' lang='lat' dir='ltr'>po-</span> 
     </span>
    </p>
   </div>
   <div class='ocr_carea' id='block_1_114' title="bbox 1951 5249 3598 5324">
    <p class='ocr_par' dir='ltr' id='par_1_114' title="bbox 1951 5249 3598 5324">
     <span class='ocr_line' id='line_1_114' title="bbox 1951 5249 3598 5324; baseline -0.003 -17"><span class='ocrx_word' id='word_1_914' title='bbox 1951 5251 2074 5324; x_wconf 90' lang='lat' dir='ltr'>puli</span> <span class='ocrx_word' id='word_1_915' title='bbox 2107 5252 2405 5321; x_wconf 82' lang='lat' dir='ltr'>sui,juxta</span> <span class='ocrx_word' id='word_1_916' title='bbox 2427 5249 2572 5304; x_wconf 90' lang='lat' dir='ltr'>illud</span> <span class='ocrx_word' id='word_1_917' title='bbox 2601 5250 2753 5321; x_wconf 92' lang='lat' dir='ltr'>quod</span> <span class='ocrx_word' id='word_1_918' title='bbox 2778 5250 3063 5320; x_wconf 85' lang='lat' dir='ltr'>scriptum</span> <span class='ocrx_word' id='word_1_919' title='bbox 3087 5255 3178 5304; x_wconf 83' lang='lat' dir='ltr'>est</span> <span class='ocrx_word' id='word_1_920' title='bbox 3201 5265 3213 5303; x_wconf 88' lang='lat'><strong>:</strong></span> <span class='ocrx_word' id='word_1_921' title='bbox 3239 5251 3510 5320; x_wconf 67' lang='lat' dir='ltr'>Exsurge,</span> <span class='ocrx_word' id='word_1_922' title='bbox 3535 5255 3598 5302; x_wconf 88' lang='lat' dir='ltr'>ut</span> 
     </span>
    </p>
   </div>
   <div class='ocr_carea' id='block_1_115' title="bbox 1949 5335 3592 5412">
    <p class='ocr_par' dir='ltr' id='par_1_115' title="bbox 1949 5335 3592 5412">
     <span class='ocr_line' id='line_1_115' title="bbox 1949 5335 3592 5412; baseline -0.004 -15"><span class='ocrx_word' id='word_1_923' title='bbox 1949 5341 2080 5412; x_wconf 87' lang='lat' dir='ltr'>quid</span> <span class='ocrx_word' id='word_1_924' title='bbox 2109 5342 2338 5406; x_wconf 84' lang='lat' dir='ltr'>dormis,</span> <span class='ocrx_word' id='word_1_925' title='bbox 2369 5340 2599 5395; x_wconf 83' lang='lat' dir='ltr'>Domine</span> <span class='ocrx_word' id='word_1_926' title='bbox 2627 5340 2739 5411; x_wconf 87' lang='lat' dir='ltr'>(Ps.</span> <span class='ocrx_word' id='word_1_927' title='bbox 2784 5337 3082 5407; x_wconf 68' lang='lat' dir='ltr'>xx.1u,23)?</span> <span class='ocrx_word' id='word_1_928' title='bbox 3107 5337 3229 5393; x_wconf 89' lang='lat' dir='ltr'>sive</span> <span class='ocrx_word' id='word_1_929' title='bbox 3252 5337 3421 5406; x_wconf 80' lang='lat' dir='ltr'>juxta</span> <span class='ocrx_word' id='word_1_930' title='bbox 3452 5335 3592 5392; x_wconf 75' lang='lat' dir='ltr'>LXX</span> 
     </span>
    </p>
   </div>
   <div class='ocr_carea' id='block_1_116' title="bbox 2021 5515 3595 5591">
    <p class='ocr_par' dir='ltr' id='par_1_116' title="bbox 2021 5515 3595 5591">
     <span class='ocr_line' id='line_1_116' title="bbox 2021 5515 3595 5591; baseline -0.001 -18"><span class='ocrx_word' id='word_1_931' title='bbox 2021 5520 2089 5591; x_wconf 87' lang='lat' dir='ltr'>(c)</span> <span class='ocrx_word' id='word_1_932' title='bbox 2125 5520 2185 5572; x_wconf 90' lang='lat' dir='ltr'>ln</span> <span class='ocrx_word' id='word_1_933' title='bbox 2226 5515 2430 5587; x_wconf 78' lang='lat' dir='ltr'>Regia.</span> <span class='ocrx_word' id='word_1_934' title='bbox 2466 5532 2634 5582; x_wconf 89' lang='lat' dir='ltr'>mss.,</span> <span class='ocrx_word' id='word_1_935' title='bbox 2665 5517 2747 5572; x_wconf 88' lang='lat' dir='ltr'>vel</span> <span class='ocrx_word' id='word_1_936' title='bbox 2795 5516 3104 5573; x_wconf 81' lang='lat' dir='ltr'>Jcmsalem</span> <span class='ocrx_word' id='word_1_937' title='bbox 3133 5515 3352 5571; x_wconf 85' lang='lat' dir='ltr'>reducat</span> <span class='ocrx_word' id='word_1_938' title='bbox 3398 5533 3458 5571; x_wconf 82' lang='grc' dir='ltr'>ιη</span> <span class='ocrx_word' id='word_1_939' title='bbox 3490 5519 3595 5572; x_wconf 84' lang='lat' dir='ltr'>Ec-</span> 
     </span>
    </p>
   </div>
   <div class='ocr_carea' id='block_1_117' title="bbox 263 5581 2193 5659">
    <p class='ocr_par' dir='ltr' id='par_1_117' title="bbox 263 5581 2193 5659">
     <span class='ocr_line' id='line_1_117' title="bbox 263 5581 2193 5659; baseline 0.003 -22"><span class='ocrx_word' id='word_1_940' title='bbox 263 5584 339 5652; x_wconf 89' lang='lat' dir='ltr'>(b)</span> <span class='ocrx_word' id='word_1_941' title='bbox 368 5581 618 5659; x_wconf 50' lang='lat' dir='ltr'>Nic&#39;tenae</span> <span class='ocrx_word' id='word_1_942' title='bbox 647 5583 860 5656; x_wconf 87' lang='lat' dir='ltr'>Synodi</span> <span class='ocrx_word' id='word_1_943' title='bbox 911 5581 1193 5659; x_wconf 68' lang='lat' dir='ltr'>verbisin</span> <span class='ocrx_word' id='word_1_944' title='bbox 1244 5581 1516 5659; x_wconf 81' lang='lat' dir='ltr'>Symbolo</span> <span class='ocrx_word' id='word_1_945' title='bbox 1551 5584 1835 5659; x_wconf 85' lang='lat' dir='ltr'>Hierony-</span> <span class='ocrx_word' id='word_1_946' title='bbox 1944 5581 2193 5655; x_wconf 47' lang='lat' dir='ltr'>cle‘siam,</span> 
     </span>
    </p>
   </div>
   <div class='ocr_carea' id='block_1_118' title="bbox 179 5652 1760 5727">
    <p class='ocr_par' dir='ltr' id='par_1_118' title="bbox 179 5652 1760 5727">
     <span class='ocr_line' id='line_1_118' title="bbox 179 5652 1760 5727; baseline 0.001 -14"><span class='ocrx_word' id='word_1_947' title='bbox 179 5671 357 5713; x_wconf 87' lang='lat' dir='ltr'>mum</span> <span class='ocrx_word' id='word_1_948' title='bbox 391 5654 494 5725; x_wconf 87' lang='lat' dir='ltr'>uti,</span> <span class='ocrx_word' id='word_1_949' title='bbox 528 5652 708 5727; x_wconf 82' lang='lat' dir='ltr'>vulgo</span> <span class='ocrx_word' id='word_1_950' title='bbox 731 5659 957 5718; x_wconf 82' lang='lat' dir='ltr'>notum,</span> <span class='ocrx_word' id='word_1_951' title='bbox 989 5658 1046 5710; x_wconf 88' lang='lat' dir='ltr'>et</span> <span class='ocrx_word' id='word_1_952' title='bbox 1071 5652 1324 5708; x_wconf 90' lang='lat' dir='ltr'>Victorio</span> <span class='ocrx_word' id='word_1_953' title='bbox 1355 5659 1621 5713; x_wconf 88' lang='lat' dir='ltr'>notatum</span> <span class='ocrx_word' id='word_1_954' title='bbox 1654 5664 1760 5716; x_wconf 89' lang='lat' dir='ltr'>est.</span> 
     </span>
    </p>
   </div>
   <div class='ocr_carea' id='block_1_119' title="bbox 2015 5657 3630 5736">
    <p class='ocr_par' dir='ltr' id='par_1_119' title="bbox 2015 5657 3630 5736">
     <span class='ocr_line' id='line_1_119' title="bbox 2015 5657 3630 5736; baseline 0.001 -17"><span class='ocrx_word' id='word_1_955' title='bbox 2015 5663 2093 5736; x_wconf 81' lang='grc' dir='ltr'>(ά)</span> <span class='ocrx_word' id='word_1_956' title='bbox 2109 5659 2442 5732; x_wconf 84' lang='lat' dir='ltr'>Idemjuxta</span> <span class='ocrx_word' id='word_1_957' title='bbox 2457 5657 2688 5733; x_wconf 77' lang='lat' dir='ltr'>Vulgat.</span> <span class='ocrx_word' id='word_1_958' title='bbox 2705 5661 2842 5721; x_wconf 83' lang='lat' dir='ltr'>edit.</span> <span class='ocrx_word' id='word_1_959' title='bbox 2855 5657 3428 5734; x_wconf 67' lang='lat' dir='ltr'>,captivitatevnpt‘rbis</span> <span class='ocrx_word' id='word_1_960' title='bbox 3450 5671 3588 5720; x_wconf 72' lang='lat' dir='ltr'>suae.</span> <span class='ocrx_word' id='word_1_961' title='bbox 3617 5697 3630 5703; x_wconf 93' lang='lat'><em>-</em></span> 
     </span>
    </p>
   </div>
  </div>
