  <div class='ocr_page' id='page_1' title='image "/cluster/home/n/w/nwhite01/storage/ocr_20150623/25/hvd.32044096580493/723.png"; bbox 0 0 4022 6192; ppageno 0'>
   <div class='ocr_carea' id='block_1_1' title="bbox 470 327 628 396">
    <p class='ocr_par' dir='ltr' id='par_1_1' title="bbox 470 327 628 396">
     <span class='ocr_line' id='line_1_1' title="bbox 470 327 628 396; baseline 0.006 -1"><span class='ocrx_word' id='word_1_1' title='bbox 470 327 628 396; x_wconf 70' lang='lat' dir='ltr'>M35</span> 
     </span>
    </p>
   </div>
   <div class='ocr_carea' id='block_1_2' title="bbox 1720 329 2635 401">
    <p class='ocr_par' dir='ltr' id='par_1_2' title="bbox 1720 329 2635 401">
     <span class='ocr_line' id='line_1_2' title="bbox 1720 329 2635 401; baseline 0 -1"><span class='ocrx_word' id='word_1_2' title='bbox 1720 335 1786 400; x_wconf 88' lang='lat' dir='ltr'>S.</span> <span class='ocrx_word' id='word_1_3' title='bbox 1833 329 2144 401; x_wconf 81' lang='lat' dir='ltr'>EUSEBII</span> <span class='ocrx_word' id='word_1_4' title='bbox 2187 331 2635 401; x_wconf 79' lang='lat' dir='ltr'><strong>HIERONYMI</strong></span> 
     </span>
    </p>
   </div>
   <div class='ocr_carea' id='block_1_3' title="bbox 3643 337 3752 407">
    <p class='ocr_par' dir='ltr' id='par_1_3' title="bbox 3643 337 3752 407">
     <span class='ocr_line' id='line_1_3' title="bbox 3643 337 3752 407; baseline 0.046 -5"><span class='ocrx_word' id='word_1_5' title='bbox 3643 337 3752 407; x_wconf 73' lang='grc'>1436</span> 
     </span>
    </p>
   </div>
   <div class='ocr_carea' id='block_1_4' title="bbox 467 467 3750 547">
    <p class='ocr_par' dir='ltr' id='par_1_4' title="bbox 467 467 3750 547">
     <span class='ocr_line' id='line_1_4' title="bbox 467 467 3750 547; baseline 0.002 -23"><span class='ocrx_word' id='word_1_6' title='bbox 467 467 568 540; x_wconf 86' lang='lat' dir='ltr'>qui</span> <span class='ocrx_word' id='word_1_7' title='bbox 590 467 1133 533; x_wconf 82' lang='lat' dir='ltr'>dixerunt,surrextt</span> <span class='ocrx_word' id='word_1_8' title='bbox 1160 467 1224 524; x_wconf 88' lang='lat' dir='ltr'>de</span> <span class='ocrx_word' id='word_1_9' title='bbox 1251 469 1484 526; x_wconf 88' lang='lat' dir='ltr'>nubibus</span> <span class='ocrx_word' id='word_1_10' title='bbox 1503 472 1706 526; x_wconf 79' lang='lat' dir='ltr'>sanctis</span> <span class='ocrx_word' id='word_1_11' title='bbox 1725 469 2114 542; x_wconf 70' lang='lat' dir='ltr'>suis,patriar-</span> <span class='ocrx_word' id='word_1_12' title='bbox 2146 471 2192 535; x_wconf 85' lang='grc' dir='ltr'><strong>Β</strong></span> <span class='ocrx_word' id='word_1_13' title='bbox 2222 469 2281 524; x_wconf 91' lang='lat' dir='ltr'>in</span> <span class='ocrx_word' id='word_1_14' title='bbox 2309 472 2492 526; x_wconf 86' lang='lat' dir='ltr'>Esdra</span> <span class='ocrx_word' id='word_1_15' title='bbox 2513 477 2569 526; x_wconf 92' lang='lat' dir='ltr'>et</span> <span class='ocrx_word' id='word_1_16' title='bbox 2592 471 2646 525; x_wconf 91' lang='lat' dir='ltr'>in</span> <span class='ocrx_word' id='word_1_17' title='bbox 2673 468 2974 536; x_wconf 83' lang='lat' dir='ltr'>Malachia,</span> <span class='ocrx_word' id='word_1_18' title='bbox 2995 469 3092 542; x_wconf 85' lang='lat' dir='ltr'>qui</span> <span class='ocrx_word' id='word_1_19' title='bbox 3124 467 3276 526; x_wconf 89' lang='lat' dir='ltr'>hunc</span> <span class='ocrx_word' id='word_1_20' title='bbox 3297 468 3599 544; x_wconf 80' lang='lat' dir='ltr'>prophetam</span> <span class='ocrx_word' id='word_1_21' title='bbox 3615 478 3750 547; x_wconf 83' lang='lat' dir='ltr'>sequi-</span> 
     </span>
    </p>
   </div>
   <div class='ocr_carea' id='block_1_5' title="bbox 465 554 2109 632">
    <p class='ocr_par' dir='ltr' id='par_1_5' title="bbox 465 554 2109 632">
     <span class='ocr_line' id='line_1_5' title="bbox 465 554 2109 632; baseline -0.001 -21"><span class='ocrx_word' id='word_1_22' title='bbox 465 555 627 617; x_wconf 86' lang='lat' dir='ltr'>chas,</span> <span class='ocrx_word' id='word_1_23' title='bbox 659 554 994 628; x_wconf 88' lang='lat' dir='ltr'>prophetas,</span> <span class='ocrx_word' id='word_1_24' title='bbox 1009 561 1067 613; x_wconf 91' lang='lat' dir='ltr'>et</span> <span class='ocrx_word' id='word_1_25' title='bbox 1094 556 1390 630; x_wconf 84' lang='lat' dir='ltr'>apostolos</span> <span class='ocrx_word' id='word_1_26' title='bbox 1411 555 1694 632; x_wconf 90' lang='lat' dir='ltr'>intellige,</span> <span class='ocrx_word' id='word_1_27' title='bbox 1711 557 1926 630; x_wconf 89' lang='lat' dir='ltr'>quibus</span> <span class='ocrx_word' id='word_1_28' title='bbox 1948 573 2109 612; x_wconf 88' lang='lat' dir='ltr'>man-</span> 
     </span>
    </p>
   </div>
   <div class='ocr_carea' id='block_1_6' title="bbox 467 645 2107 720">
    <p class='ocr_par' dir='ltr' id='par_1_6' title="bbox 467 645 2107 720">
     <span class='ocr_line' id='line_1_6' title="bbox 467 645 2107 720; baseline 0 -20"><span class='ocrx_word' id='word_1_29' title='bbox 467 645 624 701; x_wconf 88' lang='lat' dir='ltr'>davit</span> <span class='ocrx_word' id='word_1_30' title='bbox 651 645 936 701; x_wconf 86' lang='lat' dir='ltr'>Dominus</span> <span class='ocrx_word' id='word_1_31' title='bbox 959 663 1028 702; x_wconf 91' lang='lat' dir='ltr'>ne</span> <span class='ocrx_word' id='word_1_32' title='bbox 1060 647 1264 718; x_wconf 90' lang='lat' dir='ltr'>pluant</span> <span class='ocrx_word' id='word_1_33' title='bbox 1283 664 1459 720; x_wconf 89' lang='lat' dir='ltr'>super</span> <span class='ocrx_word' id='word_1_34' title='bbox 1488 647 1663 703; x_wconf 81' lang='lat' dir='ltr'>Israel</span> <span class='ocrx_word' id='word_1_35' title='bbox 1684 647 1952 702; x_wconf 84' lang='lat' dir='ltr'>imbrem.</span> <span class='ocrx_word' id='word_1_36' title='bbox 1980 645 2107 701; x_wconf 65' lang='lat' dir='ltr'>Istae</span> 
     </span>
    </p>
   </div>
   <div class='ocr_carea' id='block_1_7' title="bbox 463 734 2106 808">
    <p class='ocr_par' dir='ltr' id='par_1_7' title="bbox 463 734 2106 808">
     <span class='ocr_line' id='line_1_7' title="bbox 463 734 2106 808; baseline -0.001 -18"><span class='ocrx_word' id='word_1_37' title='bbox 463 737 604 790; x_wconf 86' lang='lat' dir='ltr'>sunt</span> <span class='ocrx_word' id='word_1_38' title='bbox 634 734 842 801; x_wconf 91' lang='lat' dir='ltr'>nubes,</span> <span class='ocrx_word' id='word_1_39' title='bbox 867 735 936 790; x_wconf 91' lang='lat' dir='ltr'>de</span> <span class='ocrx_word' id='word_1_40' title='bbox 958 735 1175 806; x_wconf 85' lang='lat' dir='ltr'>quibus</span> <span class='ocrx_word' id='word_1_41' title='bbox 1205 736 1491 808; x_wconf 89' lang='lat' dir='ltr'>scriptum</span> <span class='ocrx_word' id='word_1_42' title='bbox 1513 742 1600 792; x_wconf 81' lang='lat' dir='ltr'>est</span> <span class='ocrx_word' id='word_1_43' title='bbox 1627 753 1640 790; x_wconf 88' lang='lat'>:</span> <span class='ocrx_word' id='word_1_44' title='bbox 1675 738 1739 792; x_wconf 92' lang='lat' dir='ltr'>Et</span> <span class='ocrx_word' id='word_1_45' title='bbox 1759 736 1926 791; x_wconf 88' lang='lat' dir='ltr'>nubes</span> <span class='ocrx_word' id='word_1_46' title='bbox 1945 750 2106 803; x_wconf 88' lang='lat' dir='ltr'>spar-</span> 
     </span>
    </p>
   </div>
   <div class='ocr_carea' id='block_1_8' title="bbox 462 823 2106 898">
    <p class='ocr_par' dir='ltr' id='par_1_8' title="bbox 462 823 2106 898">
     <span class='ocr_line' id='line_1_8' title="bbox 462 823 2106 898; baseline -0.001 -20"><span class='ocrx_word' id='word_1_47' title='bbox 462 826 597 894; x_wconf 82' lang='lat' dir='ltr'>gant</span> <span class='ocrx_word' id='word_1_48' title='bbox 630 824 901 880; x_wconf 74' lang='lat' dir='ltr'>iustitiam</span> <span class='ocrx_word' id='word_1_49' title='bbox 922 825 1067 896; x_wconf 89' lang='lat' dir='ltr'>(Isai.</span> <span class='ocrx_word' id='word_1_50' title='bbox 1100 842 1225 893; x_wconf 79' lang='lat' dir='ltr'>XLV,</span> <span class='ocrx_word' id='word_1_51' title='bbox 1249 827 1338 893; x_wconf 89' lang='lat'>8):</span> <span class='ocrx_word' id='word_1_52' title='bbox 1365 842 1552 898; x_wconf 90' lang='lat' dir='ltr'>neque</span> <span class='ocrx_word' id='word_1_53' title='bbox 1577 825 1734 881; x_wconf 90' lang='lat' dir='ltr'>enim</span> <span class='ocrx_word' id='word_1_54' title='bbox 1767 825 1952 879; x_wconf 90' lang='lat' dir='ltr'>nubes</span> <span class='ocrx_word' id='word_1_55' title='bbox 1982 823 2106 878; x_wconf 67' lang='lat' dir='ltr'>istae</span> 
     </span>
    </p>
   </div>
   <div class='ocr_carea' id='block_1_9' title="bbox 466 911 2108 986">
    <p class='ocr_par' dir='ltr' id='par_1_9' title="bbox 466 911 2108 986">
     <span class='ocr_line' id='line_1_9' title="bbox 466 911 2108 986; baseline 0 -20"><span class='ocrx_word' id='word_1_56' title='bbox 466 913 836 984; x_wconf 70' lang='lat' dir='ltr'>corporeae,in</span> <span class='ocrx_word' id='word_1_57' title='bbox 861 929 1009 984; x_wconf 88' lang='lat' dir='ltr'>quas</span> <span class='ocrx_word' id='word_1_58' title='bbox 1021 930 1118 968; x_wconf 85' lang='lat' dir='ltr'>aer</span> <span class='ocrx_word' id='word_1_59' title='bbox 1131 913 1364 969; x_wconf 90' lang='lat' dir='ltr'>densior</span> <span class='ocrx_word' id='word_1_60' title='bbox 1383 914 1888 986; x_wconf 87' lang='lat' dir='ltr'>cogitur,possunt</span> <span class='ocrx_word' id='word_1_61' title='bbox 1908 911 2108 984; x_wconf 83' lang='lat' dir='ltr'>pluere</span> 
     </span>
    </p>
   </div>
   <div class='ocr_carea' id='block_1_10' title="bbox 456 1000 2105 1072">
    <p class='ocr_par' dir='ltr' id='par_1_10' title="bbox 456 1000 2105 1072">
     <span class='ocr_line' id='line_1_10' title="bbox 456 1000 2105 1072; baseline -0.001 -16"><span class='ocrx_word' id='word_1_62' title='bbox 456 1000 844 1072; x_wconf 89' lang='lat' dir='ltr'>justitiam.In</span> <span class='ocrx_word' id='word_1_63' title='bbox 859 1001 952 1056; x_wconf 88' lang='lat' dir='ltr'>his</span> <span class='ocrx_word' id='word_1_64' title='bbox 965 1005 1165 1056; x_wconf 88' lang='lat' dir='ltr'>etcum</span> <span class='ocrx_word' id='word_1_65' title='bbox 1180 1001 1273 1056; x_wconf 91' lang='lat' dir='ltr'>his</span> <span class='ocrx_word' id='word_1_66' title='bbox 1286 1003 1542 1058; x_wconf 90' lang='lat' dir='ltr'>nubibus</span> <span class='ocrx_word' id='word_1_67' title='bbox 1556 1002 1840 1058; x_wconf 87' lang='lat' dir='ltr'>Dominus</span> <span class='ocrx_word' id='word_1_68' title='bbox 1853 1001 1912 1055; x_wconf 89' lang='lat' dir='ltr'>in</span> <span class='ocrx_word' id='word_1_69' title='bbox 1926 1001 2105 1055; x_wconf 88' lang='lat' dir='ltr'>Evan-</span> 
     </span>
    </p>
   </div>
   <div class='ocr_carea' id='block_1_11' title="bbox 465 1089 2104 1162">
    <p class='ocr_par' dir='ltr' id='par_1_11' title="bbox 465 1089 2104 1162">
     <span class='ocr_line' id='line_1_11' title="bbox 465 1089 2104 1162; baseline -0.001 -17"><span class='ocrx_word' id='word_1_70' title='bbox 465 1089 616 1162; x_wconf 89' lang='lat' dir='ltr'>gelio</span> <span class='ocrx_word' id='word_1_71' title='bbox 634 1093 952 1144; x_wconf 90' lang='lat' dir='ltr'>venturum</span> <span class='ocrx_word' id='word_1_72' title='bbox 987 1107 1048 1146; x_wconf 91' lang='lat' dir='ltr'>se</span> <span class='ocrx_word' id='word_1_73' title='bbox 1079 1107 1207 1146; x_wconf 89' lang='lat' dir='ltr'>esse</span> <span class='ocrx_word' id='word_1_74' title='bbox 1236 1090 1378 1146; x_wconf 85' lang='lat' dir='ltr'>dicit</span> <span class='ocrx_word' id='word_1_75' title='bbox 1407 1092 1555 1161; x_wconf 89' lang='lat' dir='ltr'>(Luc.</span> <span class='ocrx_word' id='word_1_76' title='bbox 1587 1092 1726 1160; x_wconf 70' lang='lat' dir='ltr'>xxx).</span> <span class='ocrx_word' id='word_1_77' title='bbox 1763 1092 1830 1145; x_wconf 93' lang='lat' dir='ltr'>Et</span> <span class='ocrx_word' id='word_1_78' title='bbox 1858 1089 1916 1144; x_wconf 92' lang='lat' dir='ltr'>in</span> <span class='ocrx_word' id='word_1_79' title='bbox 1951 1090 2104 1144; x_wconf 81' lang='lat' dir='ltr'><strong>Isaia</strong></span> 
     </span>
    </p>
   </div>
   <div class='ocr_carea' id='block_1_12' title="bbox 455 1177 2097 1251">
    <p class='ocr_par' dir='ltr' id='par_1_12' title="bbox 455 1177 2097 1251">
     <span class='ocr_line' id='line_1_12' title="bbox 455 1177 2097 1251; baseline -0.001 -19"><span class='ocrx_word' id='word_1_80' title='bbox 455 1177 729 1250; x_wconf 85' lang='lat' dir='ltr'>legimus,</span> <span class='ocrx_word' id='word_1_81' title='bbox 745 1179 899 1249; x_wconf 92' lang='lat' dir='ltr'>quod</span> <span class='ocrx_word' id='word_1_82' title='bbox 922 1179 1205 1234; x_wconf 90' lang='lat' dir='ltr'>Dominus</span> <span class='ocrx_word' id='word_1_83' title='bbox 1221 1179 1604 1251; x_wconf 71' lang='lat' dir='ltr'>in/Egyptum</span> <span class='ocrx_word' id='word_1_84' title='bbox 1620 1179 1841 1234; x_wconf 84' lang='lat' dir='ltr'>venerit</span> <span class='ocrx_word' id='word_1_85' title='bbox 1862 1178 1919 1232; x_wconf 90' lang='lat' dir='ltr'>in</span> <span class='ocrx_word' id='word_1_86' title='bbox 1945 1177 2097 1232; x_wconf 89' lang='lat' dir='ltr'>nube</span> 
     </span>
    </p>
   </div>
   <div class='ocr_carea' id='block_1_13' title="bbox 457 1265 2099 1339">
    <p class='ocr_par' dir='ltr' id='par_1_13' title="bbox 457 1265 2099 1339">
     <span class='ocr_line' id='line_1_13' title="bbox 457 1265 2099 1339; baseline -0.001 -18"><span class='ocrx_word' id='word_1_87' title='bbox 457 1265 567 1322; x_wconf 88' lang='lat' dir='ltr'>levi</span> <span class='ocrx_word' id='word_1_88' title='bbox 599 1268 753 1337; x_wconf 88' lang='lat' dir='ltr'>(Isai.</span> <span class='ocrx_word' id='word_1_89' title='bbox 774 1269 1207 1339; x_wconf 69' lang='lat' dir='ltr'>x1x).zEgyptus</span> <span class='ocrx_word' id='word_1_90' title='bbox 1231 1269 1488 1324; x_wconf 90' lang='lat' dir='ltr'>mundus</span> <span class='ocrx_word' id='word_1_91' title='bbox 1514 1267 1813 1339; x_wconf 82' lang='lat' dir='ltr'>accipitur,</span> <span class='ocrx_word' id='word_1_92' title='bbox 1839 1267 1896 1320; x_wconf 93' lang='lat' dir='ltr'>in</span> <span class='ocrx_word' id='word_1_93' title='bbox 1924 1283 2099 1338; x_wconf 86' lang='lat' dir='ltr'>quem</span> 
     </span>
    </p>
   </div>
   <div class='ocr_carea' id='block_1_14' title="bbox 460 1355 2106 1427">
    <p class='ocr_par' dir='ltr' id='par_1_14' title="bbox 460 1355 2106 1427">
     <span class='ocr_line' id='line_1_14' title="bbox 460 1355 2106 1427; baseline -0.001 -17"><span class='ocrx_word' id='word_1_94' title='bbox 460 1355 743 1410; x_wconf 89' lang='lat' dir='ltr'>Dominus</span> <span class='ocrx_word' id='word_1_95' title='bbox 758 1356 1130 1411; x_wconf 89' lang='lat' dir='ltr'>descendisse</span> <span class='ocrx_word' id='word_1_96' title='bbox 1145 1361 1506 1412; x_wconf 85' lang='lat' dir='ltr'>memoratur</span> <span class='ocrx_word' id='word_1_97' title='bbox 1520 1357 1578 1411; x_wconf 91' lang='lat' dir='ltr'>in</span> <span class='ocrx_word' id='word_1_98' title='bbox 1591 1372 1785 1424; x_wconf 88' lang='lat' dir='ltr'>carne,</span> <span class='ocrx_word' id='word_1_99' title='bbox 1802 1372 1928 1427; x_wconf 66' lang='lat' dir='ltr'>qua</span> <span class='ocrx_word' id='word_1_100' title='bbox 1947 1355 2106 1410; x_wconf 84' lang='lat' dir='ltr'>edita</span> 
     </span>
    </p>
   </div>
   <div class='ocr_carea' id='block_1_15' title="bbox 461 1444 2101 1516">
    <p class='ocr_par' dir='ltr' id='par_1_15' title="bbox 461 1444 2101 1516">
     <span class='ocr_line' id='line_1_15' title="bbox 461 1444 2101 1516; baseline -0.001 -18"><span class='ocrx_word' id='word_1_101' title='bbox 461 1444 533 1499; x_wconf 90' lang='lat' dir='ltr'>de</span> <span class='ocrx_word' id='word_1_102' title='bbox 565 1447 730 1499; x_wconf 90' lang='lat' dir='ltr'>utero</span> <span class='ocrx_word' id='word_1_103' title='bbox 760 1445 1052 1516; x_wconf 80' lang='lat' dir='ltr'>virginali,</span> <span class='ocrx_word' id='word_1_104' title='bbox 1077 1444 1237 1500; x_wconf 90' lang='lat' dir='ltr'>nullo</span> <span class='ocrx_word' id='word_1_105' title='bbox 1268 1444 1507 1500; x_wconf 88' lang='lat' dir='ltr'>humani</span> <span class='ocrx_word' id='word_1_106' title='bbox 1544 1444 1788 1502; x_wconf 87' lang='lat' dir='ltr'>seminis</span> <span class='ocrx_word' id='word_1_107' title='bbox 1817 1448 1874 1499; x_wconf 91' lang='lat' dir='ltr'>et</span> <span class='ocrx_word' id='word_1_108' title='bbox 1904 1458 2101 1516; x_wconf 83' lang='lat' dir='ltr'>pecca-</span> 
     </span>
    </p>
   </div>
   <div class='ocr_carea' id='block_1_16' title="bbox 454 1531 2099 1605">
    <p class='ocr_par' dir='ltr' id='par_1_16' title="bbox 454 1531 2099 1605">
     <span class='ocr_line' id='line_1_16' title="bbox 454 1531 2099 1605; baseline -0.001 -18"><span class='ocrx_word' id='word_1_109' title='bbox 454 1535 646 1588; x_wconf 88' lang='lat' dir='ltr'>torum</span> <span class='ocrx_word' id='word_1_110' title='bbox 674 1534 930 1604; x_wconf 88' lang='lat' dir='ltr'>pondere</span> <span class='ocrx_word' id='word_1_111' title='bbox 947 1535 1318 1605; x_wconf 83' lang='lat' dir='ltr'>gravabatur.</span> <span class='ocrx_word' id='word_1_112' title='bbox 1334 1534 1496 1598; x_wconf 90' lang='lat' dir='ltr'>Quod</span> <span class='ocrx_word' id='word_1_113' title='bbox 1519 1537 1713 1588; x_wconf 90' lang='lat' dir='ltr'>autem</span> <span class='ocrx_word' id='word_1_114' title='bbox 1732 1531 1924 1588; x_wconf 89' lang='lat' dir='ltr'>omnis</span> <span class='ocrx_word' id='word_1_115' title='bbox 1945 1548 2099 1596; x_wconf 89' lang='lat' dir='ltr'>caro,</span> 
     </span>
    </p>
   </div>
   <div class='ocr_carea' id='block_1_17' title="bbox 452 1619 2098 1692">
    <p class='ocr_par' dir='ltr' id='par_1_17' title="bbox 452 1619 2098 1692">
     <span class='ocr_line' id='line_1_17' title="bbox 452 1619 2098 1692; baseline -0.001 -16"><span class='ocrx_word' id='word_1_116' title='bbox 452 1638 570 1677; x_wconf 91' lang='lat' dir='ltr'>non</span> <span class='ocrx_word' id='word_1_117' title='bbox 601 1621 868 1678; x_wconf 86' lang='lat' dir='ltr'>absolute</span> <span class='ocrx_word' id='word_1_118' title='bbox 887 1621 1215 1689; x_wconf 87' lang='lat' dir='ltr'>hominum,</span> <span class='ocrx_word' id='word_1_119' title='bbox 1235 1627 1293 1678; x_wconf 90' lang='lat' dir='ltr'>et</span> <span class='ocrx_word' id='word_1_120' title='bbox 1320 1623 1666 1692; x_wconf 87' lang='lat' dir='ltr'>bestiarum,</span> <span class='ocrx_word' id='word_1_121' title='bbox 1681 1626 1737 1677; x_wconf 91' lang='lat' dir='ltr'>et</span> <span class='ocrx_word' id='word_1_122' title='bbox 1753 1619 2098 1686; x_wconf 87' lang='lat' dir='ltr'>volatilium,</span> 
     </span>
    </p>
   </div>
   <div class='ocr_carea' id='block_1_18' title="bbox 451 1707 2101 1782">
    <p class='ocr_par' dir='ltr' id='par_1_18' title="bbox 451 1707 2101 1782">
     <span class='ocr_line' id='line_1_18' title="bbox 451 1707 2101 1782; baseline -0.002 -17"><span class='ocrx_word' id='word_1_123' title='bbox 451 1713 510 1765; x_wconf 88' lang='lat' dir='ltr'>et</span> <span class='ocrx_word' id='word_1_124' title='bbox 531 1710 779 1781; x_wconf 89' lang='lat' dir='ltr'>piscium</span> <span class='ocrx_word' id='word_1_125' title='bbox 807 1729 819 1777; x_wconf 89' lang='lat'>;</span> <span class='ocrx_word' id='word_1_126' title='bbox 846 1712 946 1766; x_wconf 90' lang='lat' dir='ltr'>sed</span> <span class='ocrx_word' id='word_1_127' title='bbox 963 1711 1291 1782; x_wconf 87' lang='lat' dir='ltr'>specialiter</span> <span class='ocrx_word' id='word_1_128' title='bbox 1312 1712 1619 1766; x_wconf 87' lang='lat' dir='ltr'>hominum</span> <span class='ocrx_word' id='word_1_129' title='bbox 1645 1710 1986 1782; x_wconf 84' lang='lat' dir='ltr'>accipiatur,</span> <span class='ocrx_word' id='word_1_130' title='bbox 2001 1707 2101 1763; x_wconf 88' lang='lat' dir='ltr'>illa</span> 
     </span>
    </p>
   </div>
   <div class='ocr_carea' id='block_1_19' title="bbox 450 1799 2177 1901">
    <p class='ocr_par' dir='ltr' id='par_1_19' title="bbox 450 1799 2177 1901">
     <span class='ocr_line' id='line_1_19' title="bbox 450 1799 2177 1901; baseline -0.002 -46"><span class='ocrx_word' id='word_1_131' title='bbox 450 1799 752 1872; x_wconf 84' lang='lat' dir='ltr'>Scriptura</span> <span class='ocrx_word' id='word_1_132' title='bbox 781 1800 1072 1873; x_wconf 76' lang='lat' dir='ltr'>significat</span> <span class='ocrx_word' id='word_1_133' title='bbox 1103 1818 1116 1856; x_wconf 89' lang='lat'><strong>:</strong></span> <span class='ocrx_word' id='word_1_134' title='bbox 1149 1801 1369 1856; x_wconf 87' lang='lat' dir='ltr'>Exaudi</span> <span class='ocrx_word' id='word_1_135' title='bbox 1397 1802 1700 1856; x_wconf 85' lang='lat' dir='ltr'>orationem</span> <span class='ocrx_word' id='word_1_136' title='bbox 1729 1799 2020 1867; x_wconf 84' lang='lat' dir='ltr'>meam,ad</span> <span class='ocrx_word' id='word_1_137' title='bbox 2050 1801 2102 1853; x_wconf 88' lang='lat' dir='ltr'>te</span> <span class='ocrx_word' id='word_1_138' title='bbox 2128 1836 2177 1901; x_wconf 83' lang='lat' dir='ltr'><strong>B</strong></span> 
     </span>
    </p>
   </div>
   <div class='ocr_carea' id='block_1_20' title="bbox 451 1887 2099 1961">
    <p class='ocr_par' dir='ltr' id='par_1_20' title="bbox 451 1887 2099 1961">
     <span class='ocr_line' id='line_1_20' title="bbox 451 1887 2099 1961; baseline -0.001 -18"><span class='ocrx_word' id='word_1_139' title='bbox 451 1889 625 1944; x_wconf 90' lang='lat' dir='ltr'>omnis</span> <span class='ocrx_word' id='word_1_140' title='bbox 654 1905 780 1944; x_wconf 91' lang='lat' dir='ltr'>caro</span> <span class='ocrx_word' id='word_1_141' title='bbox 810 1890 988 1944; x_wconf 72' lang='lat' dir='ltr'>veniet</span> <span class='ocrx_word' id='word_1_142' title='bbox 1031 1889 1141 1960; x_wconf 91' lang='lat' dir='ltr'>(Ps.</span> <span class='ocrx_word' id='word_1_143' title='bbox 1177 1907 1321 1956; x_wconf 77' lang='lat' dir='ltr'>wa,</span> <span class='ocrx_word' id='word_1_144' title='bbox 1353 1890 1428 1960; x_wconf 88' lang='lat'>3).</span> <span class='ocrx_word' id='word_1_145' title='bbox 1462 1889 1661 1961; x_wconf 89' lang='lat' dir='ltr'>Neque</span> <span class='ocrx_word' id='word_1_146' title='bbox 1691 1889 1849 1944; x_wconf 89' lang='lat' dir='ltr'>enim</span> <span class='ocrx_word' id='word_1_147' title='bbox 1881 1888 1954 1942; x_wconf 91' lang='lat' dir='ltr'>ad</span> <span class='ocrx_word' id='word_1_148' title='bbox 1987 1887 2099 1943; x_wconf 89' lang='lat' dir='ltr'>Do-</span> 
     </span>
    </p>
   </div>
   <div class='ocr_carea' id='block_1_21' title="bbox 451 1976 2100 2033">
    <p class='ocr_par' dir='ltr' id='par_1_21' title="bbox 451 1976 2100 2033">
     <span class='ocr_line' id='line_1_21' title="bbox 451 1976 2100 2033; baseline -0.001 -1"><span class='ocrx_word' id='word_1_149' title='bbox 451 1977 681 2032; x_wconf 88' lang='lat' dir='ltr'>minum</span> <span class='ocrx_word' id='word_1_150' title='bbox 712 1978 902 2032; x_wconf 85' lang='lat' dir='ltr'>omnis</span> <span class='ocrx_word' id='word_1_151' title='bbox 923 1993 1056 2033; x_wconf 91' lang='lat' dir='ltr'>caro</span> <span class='ocrx_word' id='word_1_152' title='bbox 1078 1976 1564 2032; x_wconf 88' lang='lat' dir='ltr'>irrationabilium</span> <span class='ocrx_word' id='word_1_153' title='bbox 1595 1981 1841 2031; x_wconf 90' lang='lat' dir='ltr'>ventura</span> <span class='ocrx_word' id='word_1_154' title='bbox 1869 1979 1957 2032; x_wconf 85' lang='lat' dir='ltr'>est</span> <span class='ocrx_word' id='word_1_155' title='bbox 1978 1976 2100 2032; x_wconf 90' lang='lat' dir='ltr'>ani-</span> 
     </span>
    </p>
   </div>
   <div class='ocr_carea' id='block_1_22' title="bbox 450 2065 2100 2137">
    <p class='ocr_par' dir='ltr' id='par_1_22' title="bbox 450 2065 2100 2137">
     <span class='ocr_line' id='line_1_22' title="bbox 450 2065 2100 2137; baseline 0 -17"><span class='ocrx_word' id='word_1_156' title='bbox 450 2065 765 2133; x_wconf 89' lang='lat' dir='ltr'>mantium;</span> <span class='ocrx_word' id='word_1_157' title='bbox 782 2067 882 2121; x_wconf 89' lang='lat' dir='ltr'>sed</span> <span class='ocrx_word' id='word_1_158' title='bbox 895 2065 994 2121; x_wconf 91' lang='lat' dir='ltr'>illa</span> <span class='ocrx_word' id='word_1_159' title='bbox 1012 2084 1138 2137; x_wconf 81' lang='lat' dir='ltr'>quae</span> <span class='ocrx_word' id='word_1_160' title='bbox 1152 2067 1370 2121; x_wconf 90' lang='lat' dir='ltr'>donum</span> <span class='ocrx_word' id='word_1_161' title='bbox 1387 2065 1573 2121; x_wconf 89' lang='lat' dir='ltr'>sancti</span> <span class='ocrx_word' id='word_1_162' title='bbox 1590 2065 1842 2136; x_wconf 86' lang='lat' dir='ltr'>Spiritus</span> <span class='ocrx_word' id='word_1_163' title='bbox 1865 2081 2100 2136; x_wconf 91' lang='lat' dir='ltr'>suscep-</span> 
     </span>
    </p>
   </div>
   <div class='ocr_carea' id='block_1_23' title="bbox 450 2153 2097 2226">
    <p class='ocr_par' dir='ltr' id='par_1_23' title="bbox 450 2153 2097 2226">
     <span class='ocr_line' id='line_1_23' title="bbox 450 2153 2097 2226; baseline 0.001 -19"><span class='ocrx_word' id='word_1_164' title='bbox 450 2156 587 2208; x_wconf 88' lang='lat' dir='ltr'>tura</span> <span class='ocrx_word' id='word_1_165' title='bbox 615 2159 724 2221; x_wconf 91' lang='lat' dir='ltr'>est,</span> <span class='ocrx_word' id='word_1_166' title='bbox 747 2159 803 2209; x_wconf 90' lang='lat' dir='ltr'>et</span> <span class='ocrx_word' id='word_1_167' title='bbox 832 2155 901 2209; x_wconf 91' lang='lat' dir='ltr'>de</span> <span class='ocrx_word' id='word_1_168' title='bbox 931 2170 1049 2225; x_wconf 89' lang='lat' dir='ltr'>qua</span> <span class='ocrx_word' id='word_1_169' title='bbox 1078 2154 1296 2209; x_wconf 86' lang='lat' dir='ltr'>dicitur</span> <span class='ocrx_word' id='word_1_170' title='bbox 1319 2173 1330 2209; x_wconf 93' lang='lat'>:</span> <span class='ocrx_word' id='word_1_171' title='bbox 1352 2153 1643 2226; x_wconf 72' lang='lat' dir='ltr'>Effundam</span> <span class='ocrx_word' id='word_1_172' title='bbox 1671 2153 1736 2208; x_wconf 85' lang='lat' dir='ltr'>de</span> <span class='ocrx_word' id='word_1_173' title='bbox 1762 2155 1958 2225; x_wconf 79' lang='lat' dir='ltr'>spiritu</span> <span class='ocrx_word' id='word_1_174' title='bbox 1981 2170 2097 2209; x_wconf 90' lang='lat' dir='ltr'>meo</span> 
     </span>
    </p>
   </div>
   <div class='ocr_carea' id='block_1_24' title="bbox 449 2243 2098 2314">
    <p class='ocr_par' dir='ltr' id='par_1_24' title="bbox 449 2243 2098 2314">
     <span class='ocr_line' id='line_1_24' title="bbox 449 2243 2098 2314; baseline 0.001 -18"><span class='ocrx_word' id='word_1_175' title='bbox 449 2257 618 2313; x_wconf 91' lang='lat' dir='ltr'>super</span> <span class='ocrx_word' id='word_1_176' title='bbox 645 2259 857 2298; x_wconf 86' lang='lat' dir='ltr'>omnem</span> <span class='ocrx_word' id='word_1_177' title='bbox 901 2259 1145 2312; x_wconf 88' lang='lat' dir='ltr'>carnem,</span> <span class='ocrx_word' id='word_1_178' title='bbox 1178 2252 1229 2298; x_wconf 89' lang='lat' dir='ltr'>et</span> <span class='ocrx_word' id='word_1_179' title='bbox 1272 2243 1671 2314; x_wconf 79' lang='lat' dir='ltr'>prophetabunt</span> <span class='ocrx_word' id='word_1_180' title='bbox 1699 2243 1807 2313; x_wconf 82' lang='lat' dir='ltr'>ﬁlii</span> <span class='ocrx_word' id='word_1_181' title='bbox 1852 2244 2016 2298; x_wconf 80' lang='lat' dir='ltr'>vestri</span> <span class='ocrx_word' id='word_1_182' title='bbox 2046 2247 2098 2298; x_wconf 91' lang='lat' dir='ltr'>et</span> 
     </span>
    </p>
   </div>
   <div class='ocr_carea' id='block_1_25' title="bbox 449 2332 1230 2403">
    <p class='ocr_par' dir='ltr' id='par_1_25' title="bbox 449 2332 1230 2403">
     <span class='ocr_line' id='line_1_25' title="bbox 449 2332 1230 2403; baseline 0 -17"><span class='ocrx_word' id='word_1_183' title='bbox 449 2332 588 2402; x_wconf 68' lang='lat' dir='ltr'>filix</span> <span class='ocrx_word' id='word_1_184' title='bbox 617 2336 814 2389; x_wconf 66' lang='lat' dir='ltr'>vestrae</span> <span class='ocrx_word' id='word_1_185' title='bbox 843 2333 996 2403; x_wconf 85' lang='lat' dir='ltr'>(Joel.</span> <span class='ocrx_word' id='word_1_186' title='bbox 1033 2350 1090 2398; x_wconf 82' lang='grc' dir='ltr'>ιι,</span> <span class='ocrx_word' id='word_1_187' title='bbox 1118 2333 1230 2401; x_wconf 86' lang='lat'>28).</span> 
     </span>
    </p>
   </div>
   <div class='ocr_carea' id='block_1_26' title="bbox 522 2419 2098 2493">
    <p class='ocr_par' dir='ltr' id='par_1_26' title="bbox 522 2419 2098 2493">
     <span class='ocr_line' id='line_1_26' title="bbox 522 2419 2098 2493; baseline 0 -17"><span class='ocrx_word' id='word_1_188' title='bbox 522 2419 788 2492; x_wconf 87' lang='lat' dir='ltr'>(Cap.lI[.</span> <span class='ocrx_word' id='word_1_189' title='bbox 811 2451 875 2462; x_wconf 90' lang='lat'><strong><em>—</em></strong></span> <span class='ocrx_word' id='word_1_190' title='bbox 893 2421 1058 2476; x_wconf 90' lang='lat' dir='ltr'>Vers.</span> <span class='ocrx_word' id='word_1_191' title='bbox 1085 2422 1109 2475; x_wconf 88' lang='grc'>1</span> <span class='ocrx_word' id='word_1_192' title='bbox 1127 2421 1317 2493; x_wconf 90' lang='lat' dir='ltr'>seqq.)</span> <span class='ocrx_word' id='word_1_193' title='bbox 1331 2422 1394 2477; x_wconf 87' lang='lat' dir='ltr'>Et</span> <span class='ocrx_word' id='word_1_194' title='bbox 1411 2420 1641 2477; x_wconf 89' lang='lat' dir='ltr'>ostendit</span> <span class='ocrx_word' id='word_1_195' title='bbox 1651 2421 1793 2476; x_wconf 88' lang='lat' dir='ltr'>mihi</span> <span class='ocrx_word' id='word_1_196' title='bbox 1815 2421 1894 2493; x_wconf 91' lang='lat' dir='ltr'>(a)</span> <span class='ocrx_word' id='word_1_197' title='bbox 1917 2422 2098 2476; x_wconf 85' lang='lat' dir='ltr'>Jesum</span> 
     </span>
    </p>
   </div>
   <div class='ocr_carea' id='block_1_27' title="bbox 447 2508 2097 2580">
    <p class='ocr_par' dir='ltr' id='par_1_27' title="bbox 447 2508 2097 2580">
     <span class='ocr_line' id='line_1_27' title="bbox 447 2508 2097 2580; baseline 0.001 -16"><span class='ocrx_word' id='word_1_198' title='bbox 447 2508 778 2565; x_wconf 81' lang='lat' dir='ltr'>sacerdotem</span> <span class='ocrx_word' id='word_1_199' title='bbox 801 2526 1066 2580; x_wconf 87' lang='lat' dir='ltr'>magnum</span> <span class='ocrx_word' id='word_1_200' title='bbox 1093 2514 1328 2566; x_wconf 77' lang='lat' dir='ltr'>stantem</span> <span class='ocrx_word' id='word_1_201' title='bbox 1349 2527 1533 2567; x_wconf 87' lang='lat' dir='ltr'>coram</span> <span class='ocrx_word' id='word_1_202' title='bbox 1548 2511 1744 2580; x_wconf 81' lang='lat' dir='ltr'>angelo</span> <span class='ocrx_word' id='word_1_203' title='bbox 1763 2510 1984 2564; x_wconf 77' lang='lat' dir='ltr'>Domini</span> <span class='ocrx_word' id='word_1_204' title='bbox 2007 2529 2025 2564; x_wconf 89' lang='lat'><strong><em>:</em></strong></span> <span class='ocrx_word' id='word_1_205' title='bbox 2045 2513 2097 2566; x_wconf 89' lang='lat' dir='ltr'>et</span> 
     </span>
    </p>
   </div>
   <div class='ocr_carea' id='block_1_28' title="bbox 452 2596 2097 2671">
    <p class='ocr_par' dir='ltr' id='par_1_28' title="bbox 452 2596 2097 2671">
     <span class='ocr_line' id='line_1_28' title="bbox 452 2596 2097 2671; baseline 0 -19"><span class='ocrx_word' id='word_1_206' title='bbox 452 2596 624 2653; x_wconf 87' lang='lat' dir='ltr'>Satan</span> <span class='ocrx_word' id='word_1_207' title='bbox 642 2598 819 2654; x_wconf 81' lang='lat' dir='ltr'>stabat</span> <span class='ocrx_word' id='word_1_208' title='bbox 838 2615 873 2654; x_wconf 93' lang='lat' dir='ltr'>a</span> <span class='ocrx_word' id='word_1_209' title='bbox 896 2598 1105 2654; x_wconf 89' lang='lat' dir='ltr'>dextris</span> <span class='ocrx_word' id='word_1_210' title='bbox 1125 2601 1264 2671; x_wconf 85' lang='lat' dir='ltr'>ejus,</span> <span class='ocrx_word' id='word_1_211' title='bbox 1288 2605 1350 2654; x_wconf 80' lang='lat' dir='ltr'>ut</span> <span class='ocrx_word' id='word_1_212' title='bbox 1372 2599 1752 2654; x_wconf 85' lang='lat' dir='ltr'>adversaretur</span> <span class='ocrx_word' id='word_1_213' title='bbox 1769 2600 1840 2653; x_wconf 89' lang='lat' dir='ltr'>ei.</span> <span class='ocrx_word' id='word_1_214' title='bbox 1867 2600 1933 2653; x_wconf 86' lang='lat' dir='ltr'>Et</span> <span class='ocrx_word' id='word_1_215' title='bbox 1951 2597 2097 2653; x_wconf 87' lang='lat' dir='ltr'>dixit</span> 
     </span>
    </p>
   </div>
   <div class='ocr_carea' id='block_1_29' title="bbox 450 2687 2099 2756">
    <p class='ocr_par' dir='ltr' id='par_1_29' title="bbox 450 2687 2099 2756">
     <span class='ocr_line' id='line_1_29' title="bbox 450 2687 2099 2756; baseline 0 -14"><span class='ocrx_word' id='word_1_216' title='bbox 450 2688 714 2744; x_wconf 86' lang='lat' dir='ltr'>Dominus</span> <span class='ocrx_word' id='word_1_217' title='bbox 737 2688 808 2742; x_wconf 90' lang='lat' dir='ltr'>ad</span> <span class='ocrx_word' id='word_1_218' title='bbox 836 2689 1008 2744; x_wconf 87' lang='lat' dir='ltr'>Satan</span> <span class='ocrx_word' id='word_1_219' title='bbox 1032 2706 1051 2742; x_wconf 89' lang='lat'><em>:</em></span> <span class='ocrx_word' id='word_1_220' title='bbox 1080 2688 1325 2756; x_wconf 86' lang='lat' dir='ltr'>Increpet</span> <span class='ocrx_word' id='word_1_221' title='bbox 1353 2689 1621 2744; x_wconf 82' lang='lat' dir='ltr'>Dominus</span> <span class='ocrx_word' id='word_1_222' title='bbox 1641 2689 1698 2742; x_wconf 90' lang='lat' dir='ltr'>in</span> <span class='ocrx_word' id='word_1_223' title='bbox 1721 2687 1796 2754; x_wconf 89' lang='lat' dir='ltr'>id,</span> <span class='ocrx_word' id='word_1_224' title='bbox 1819 2690 2015 2755; x_wconf 85' lang='lat' dir='ltr'>Satan,</span> <span class='ocrx_word' id='word_1_225' title='bbox 2046 2694 2099 2742; x_wconf 90' lang='lat' dir='ltr'>et</span> 
     </span>
    </p>
   </div>
   <div class='ocr_carea' id='block_1_30' title="bbox 449 2774 2097 2848">
    <p class='ocr_par' dir='ltr' id='par_1_30' title="bbox 449 2774 2097 2848">
     <span class='ocr_line' id='line_1_30' title="bbox 449 2774 2097 2848; baseline -0.001 -16"><span class='ocrx_word' id='word_1_226' title='bbox 449 2777 694 2846; x_wconf 80' lang='lat' dir='ltr'>increpet</span> <span class='ocrx_word' id='word_1_227' title='bbox 725 2777 984 2832; x_wconf 87' lang='lat' dir='ltr'>Dominus</span> <span class='ocrx_word' id='word_1_228' title='bbox 1005 2779 1065 2831; x_wconf 89' lang='lat' dir='ltr'>in</span> <span class='ocrx_word' id='word_1_229' title='bbox 1087 2785 1139 2832; x_wconf 91' lang='lat' dir='ltr'>te</span> <span class='ocrx_word' id='word_1_230' title='bbox 1167 2779 1264 2848; x_wconf 88' lang='lat' dir='ltr'>qui</span> <span class='ocrx_word' id='word_1_231' title='bbox 1287 2777 1449 2846; x_wconf 83' lang='lat' dir='ltr'>elegit</span> <span class='ocrx_word' id='word_1_232' title='bbox 1476 2777 1797 2834; x_wconf 76' lang='lat' dir='ltr'>Jerusalem.</span> <span class='ocrx_word' id='word_1_233' title='bbox 1821 2774 2097 2847; x_wconf 86' lang='lat' dir='ltr'>Numquid</span> 
     </span>
    </p>
   </div>
   <div class='ocr_carea' id='block_1_31' title="bbox 447 2865 2097 2936">
    <p class='ocr_par' dir='ltr' id='par_1_31' title="bbox 447 2865 2097 2936">
     <span class='ocr_line' id='line_1_31' title="bbox 447 2865 2097 2936; baseline -0.001 -15"><span class='ocrx_word' id='word_1_234' title='bbox 447 2880 558 2921; x_wconf 86' lang='lat' dir='ltr'>non</span> <span class='ocrx_word' id='word_1_235' title='bbox 588 2867 693 2921; x_wconf 86' lang='lat' dir='ltr'>iste</span> <span class='ocrx_word' id='word_1_236' title='bbox 711 2867 878 2922; x_wconf 85' lang='lat' dir='ltr'>torris</span> <span class='ocrx_word' id='word_1_237' title='bbox 891 2870 971 2922; x_wconf 88' lang='lat' dir='ltr'>est</span> <span class='ocrx_word' id='word_1_238' title='bbox 998 2874 1183 2921; x_wconf 88' lang='lat' dir='ltr'>erutus</span> <span class='ocrx_word' id='word_1_239' title='bbox 1206 2865 1270 2920; x_wconf 88' lang='lat' dir='ltr'>de</span> <span class='ocrx_word' id='word_1_240' title='bbox 1289 2867 1414 2936; x_wconf 88' lang='lat' dir='ltr'>igne</span> <span class='ocrx_word' id='word_1_241' title='bbox 1432 2866 1460 2920; x_wconf 75' lang='lat' dir='ltr'>‘I</span> <span class='ocrx_word' id='word_1_242' title='bbox 1480 2867 1543 2920; x_wconf 89' lang='lat' dir='ltr'>Et</span> <span class='ocrx_word' id='word_1_243' title='bbox 1558 2867 1706 2921; x_wconf 87' lang='lat' dir='ltr'>Jesus</span> <span class='ocrx_word' id='word_1_244' title='bbox 1727 2869 1846 2920; x_wconf 87' lang='lat' dir='ltr'>erat</span> <span class='ocrx_word' id='word_1_245' title='bbox 1868 2866 2097 2920; x_wconf 84' lang='lat' dir='ltr'>indutus</span> 
     </span>
    </p>
   </div>
   <div class='ocr_carea' id='block_1_32' title="bbox 446 2954 2099 3024">
    <p class='ocr_par' dir='ltr' id='par_1_32' title="bbox 446 2954 2099 3024">
     <span class='ocr_line' id='line_1_32' title="bbox 446 2954 2099 3024; baseline -0.001 -14"><span class='ocrx_word' id='word_1_246' title='bbox 446 2955 684 3011; x_wconf 88' lang='lat' dir='ltr'>vestibus</span> <span class='ocrx_word' id='word_1_247' title='bbox 711 2954 967 3021; x_wconf 85' lang='lat' dir='ltr'>sordidis,</span> <span class='ocrx_word' id='word_1_248' title='bbox 987 2964 1040 3010; x_wconf 90' lang='lat' dir='ltr'>et</span> <span class='ocrx_word' id='word_1_249' title='bbox 1069 2955 1248 3010; x_wconf 88' lang='lat' dir='ltr'>stabat</span> <span class='ocrx_word' id='word_1_250' title='bbox 1277 2958 1405 3011; x_wconf 87' lang='lat' dir='ltr'>ante</span> <span class='ocrx_word' id='word_1_251' title='bbox 1429 2956 1632 3024; x_wconf 84' lang='lat' dir='ltr'>faciem</span> <span class='ocrx_word' id='word_1_252' title='bbox 1657 2955 1864 3022; x_wconf 84' lang='lat' dir='ltr'>angeli,</span> <span class='ocrx_word' id='word_1_253' title='bbox 1890 2955 1984 3024; x_wconf 84' lang='lat' dir='ltr'>qui</span> <span class='ocrx_word' id='word_1_254' title='bbox 2012 2971 2099 3010; x_wconf 90' lang='lat' dir='ltr'>re-</span> 
     </span>
    </p>
   </div>
   <div class='ocr_carea' id='block_1_33' title="bbox 446 3043 2096 3114">
    <p class='ocr_par' dir='ltr' id='par_1_33' title="bbox 446 3043 2096 3114">
     <span class='ocr_line' id='line_1_33' title="bbox 446 3043 2096 3114; baseline -0.001 -15"><span class='ocrx_word' id='word_1_255' title='bbox 446 3043 682 3114; x_wconf 84' lang='lat' dir='ltr'>spondit,</span> <span class='ocrx_word' id='word_1_256' title='bbox 712 3046 763 3097; x_wconf 91' lang='lat' dir='ltr'>et</span> <span class='ocrx_word' id='word_1_257' title='bbox 791 3045 872 3098; x_wconf 86' lang='lat' dir='ltr'>ait</span> <span class='ocrx_word' id='word_1_258' title='bbox 912 3043 983 3098; x_wconf 90' lang='lat' dir='ltr'>ad</span> <span class='ocrx_word' id='word_1_259' title='bbox 1011 3059 1099 3098; x_wconf 89' lang='lat' dir='ltr'>eos</span> <span class='ocrx_word' id='word_1_260' title='bbox 1145 3045 1241 3112; x_wconf 85' lang='lat' dir='ltr'>qui</span> <span class='ocrx_word' id='word_1_261' title='bbox 1284 3043 1500 3098; x_wconf 84' lang='lat' dir='ltr'>stabant</span> <span class='ocrx_word' id='word_1_262' title='bbox 1541 3058 1724 3098; x_wconf 90' lang='lat' dir='ltr'>coram</span> <span class='ocrx_word' id='word_1_263' title='bbox 1750 3059 1832 3108; x_wconf 85' lang='lat' dir='ltr'>se,</span> <span class='ocrx_word' id='word_1_264' title='bbox 1863 3043 2046 3098; x_wconf 84' lang='lat' dir='ltr'>dicens</span> <span class='ocrx_word' id='word_1_265' title='bbox 2077 3061 2096 3098; x_wconf 90' lang='lat'><strong><em>:</em></strong></span> 
     </span>
    </p>
   </div>
   <div class='ocr_carea' id='block_1_34' title="bbox 447 3130 2092 3201">
    <p class='ocr_par' dir='ltr' id='par_1_34' title="bbox 447 3130 2092 3201">
     <span class='ocr_line' id='line_1_34' title="bbox 447 3130 2092 3201; baseline 0.001 -16"><span class='ocrx_word' id='word_1_266' title='bbox 447 3131 671 3201; x_wconf 75' lang='lat' dir='ltr'>Auferte</span> <span class='ocrx_word' id='word_1_267' title='bbox 715 3133 1040 3186; x_wconf 86' lang='lat' dir='ltr'>vestimenta</span> <span class='ocrx_word' id='word_1_268' title='bbox 1084 3131 1304 3186; x_wconf 89' lang='lat' dir='ltr'>sordida</span> <span class='ocrx_word' id='word_1_269' title='bbox 1332 3132 1399 3185; x_wconf 91' lang='lat' dir='ltr'>ab</span> <span class='ocrx_word' id='word_1_270' title='bbox 1427 3146 1509 3186; x_wconf 90' lang='lat' dir='ltr'>eo.</span> <span class='ocrx_word' id='word_1_271' title='bbox 1541 3131 1606 3184; x_wconf 92' lang='lat' dir='ltr'>Et</span> <span class='ocrx_word' id='word_1_272' title='bbox 1652 3130 1777 3186; x_wconf 85' lang='lat' dir='ltr'>dixi</span> <span class='ocrx_word' id='word_1_273' title='bbox 1803 3131 1874 3185; x_wconf 92' lang='lat' dir='ltr'>ad</span> <span class='ocrx_word' id='word_1_274' title='bbox 1916 3147 2044 3186; x_wconf 89' lang='lat' dir='ltr'>eum</span> <span class='ocrx_word' id='word_1_275' title='bbox 2073 3152 2092 3187; x_wconf 79' lang='lat'>.-</span> 
     </span>
    </p>
   </div>
   <div class='ocr_carea' id='block_1_35' title="bbox 2217 559 3749 632">
    <p class='ocr_par' dir='ltr' id='par_1_35' title="bbox 2217 559 3749 632">
     <span class='ocr_line' id='line_1_35' title="bbox 2217 559 3749 632; baseline 0.005 -17"><span class='ocrx_word' id='word_1_276' title='bbox 2217 563 2336 629; x_wconf 92' lang='lat' dir='ltr'>tur,</span> <span class='ocrx_word' id='word_1_277' title='bbox 2353 559 2760 632; x_wconf 85' lang='lat' dir='ltr'>plenissimum</span> <span class='ocrx_word' id='word_1_278' title='bbox 2777 560 3063 632; x_wconf 89' lang='lat' dir='ltr'>scriptum</span> <span class='ocrx_word' id='word_1_279' title='bbox 3083 563 3171 616; x_wconf 87' lang='lat' dir='ltr'>est</span> <span class='ocrx_word' id='word_1_280' title='bbox 3187 559 3233 626; x_wconf 83' lang='grc' dir='ltr'>(Ι</span> <span class='ocrx_word' id='word_1_281' title='bbox 3249 559 3422 617; x_wconf 77' lang='lat' dir='ltr'>Esdrx</span> <span class='ocrx_word' id='word_1_282' title='bbox 3432 564 3749 626; x_wconf 69' lang='lat' dir='ltr'>xn,etlaladi.</span> 
     </span>
    </p>
   </div>
   <div class='ocr_carea' id='block_1_36' title="bbox 2217 648 3752 722">
    <p class='ocr_par' dir='ltr' id='par_1_36' title="bbox 2217 648 3752 722">
     <span class='ocr_line' id='line_1_36' title="bbox 2217 648 3752 722; baseline 0.004 -19"><span class='ocrx_word' id='word_1_283' title='bbox 2217 649 2304 721; x_wconf 86' lang='grc' dir='ltr'>ῐι).</span> <span class='ocrx_word' id='word_1_284' title='bbox 2339 649 2606 721; x_wconf 85' lang='lat' dir='ltr'>Dixitque</span> <span class='ocrx_word' id='word_1_285' title='bbox 2637 649 2923 704; x_wconf 88' lang='lat' dir='ltr'>Dominus</span> <span class='ocrx_word' id='word_1_286' title='bbox 2949 649 3020 704; x_wconf 89' lang='lat' dir='ltr'>ad</span> <span class='ocrx_word' id='word_1_287' title='bbox 3043 648 3241 718; x_wconf 88' lang='lat' dir='ltr'>Satan,</span> <span class='ocrx_word' id='word_1_288' title='bbox 3265 649 3334 704; x_wconf 89' lang='lat' dir='ltr'>ad</span> <span class='ocrx_word' id='word_1_289' title='bbox 3354 656 3752 722; x_wconf 81' lang='lat' dir='ltr'>accusatorem,et</span> 
     </span>
    </p>
   </div>
   <div class='ocr_carea' id='block_1_37' title="bbox 2217 737 3753 809">
    <p class='ocr_par' dir='ltr' id='par_1_37' title="bbox 2217 737 3753 809">
     <span class='ocr_line' id='line_1_37' title="bbox 2217 737 3753 809; baseline 0.002 -15"><span class='ocrx_word' id='word_1_290' title='bbox 2217 739 2288 794; x_wconf 91' lang='lat' dir='ltr'>ad</span> <span class='ocrx_word' id='word_1_291' title='bbox 2322 738 2720 794; x_wconf 89' lang='lat' dir='ltr'>adversarium</span> <span class='ocrx_word' id='word_1_292' title='bbox 2752 738 2803 808; x_wconf 88' lang='lat' dir='ltr'>ej</span> <span class='ocrx_word' id='word_1_293' title='bbox 2814 738 3042 809; x_wconf 89' lang='lat' dir='ltr'>us,ipse</span> <span class='ocrx_word' id='word_1_294' title='bbox 3068 741 3158 792; x_wconf 91' lang='lat' dir='ltr'>est</span> <span class='ocrx_word' id='word_1_295' title='bbox 3178 737 3330 792; x_wconf 89' lang='lat' dir='ltr'>enim</span> <span class='ocrx_word' id='word_1_296' title='bbox 3353 738 3595 795; x_wconf 90' lang='lat' dir='ltr'>inimicus</span> <span class='ocrx_word' id='word_1_297' title='bbox 3613 745 3657 796; x_wconf 89' lang='lat' dir='ltr'>et</span> <span class='ocrx_word' id='word_1_298' title='bbox 3672 742 3753 797; x_wconf 74' lang='lat' dir='ltr'>Vill-</span> 
     </span>
    </p>
   </div>
   <div class='ocr_carea' id='block_1_38' title="bbox 2218 827 3756 898">
    <p class='ocr_par' dir='ltr' id='par_1_38' title="bbox 2218 827 3756 898">
     <span class='ocr_line' id='line_1_38' title="bbox 2218 827 3756 898; baseline 0.002 -16"><span class='ocrx_word' id='word_1_299' title='bbox 2218 827 2346 892; x_wconf 83' lang='lat' dir='ltr'>dex,</span> <span class='ocrx_word' id='word_1_300' title='bbox 2371 844 2438 882; x_wconf 92' lang='lat' dir='ltr'>ac</span> <span class='ocrx_word' id='word_1_301' title='bbox 2459 832 2762 883; x_wconf 87' lang='lat' dir='ltr'>accusator</span> <span class='ocrx_word' id='word_1_302' title='bbox 2783 827 3030 882; x_wconf 86' lang='lat' dir='ltr'>fratrum</span> <span class='ocrx_word' id='word_1_303' title='bbox 3047 841 3314 881; x_wconf 88' lang='lat' dir='ltr'>suorum:</span> <span class='ocrx_word' id='word_1_304' title='bbox 3337 829 3554 898; x_wconf 84' lang='lat' dir='ltr'>Increpet</span> <span class='ocrx_word' id='word_1_305' title='bbox 3570 829 3756 885; x_wconf 78' lang='lat' dir='ltr'>Dominus</span> 
     </span>
    </p>
   </div>
   <div class='ocr_carea' id='block_1_39' title="bbox 2216 915 3758 989">
    <p class='ocr_par' dir='ltr' id='par_1_39' title="bbox 2216 915 3758 989">
     <span class='ocr_line' id='line_1_39' title="bbox 2216 915 3758 989; baseline 0.002 -20"><span class='ocrx_word' id='word_1_306' title='bbox 2216 916 2274 969; x_wconf 89' lang='lat' dir='ltr'>in</span> <span class='ocrx_word' id='word_1_307' title='bbox 2301 920 2371 980; x_wconf 87' lang='lat' dir='ltr'>te,</span> <span class='ocrx_word' id='word_1_308' title='bbox 2401 919 2572 972; x_wconf 87' lang='lat' dir='ltr'>Satan</span> <span class='ocrx_word' id='word_1_309' title='bbox 2595 934 2612 970; x_wconf 91' lang='lat'><em>:</em></span> <span class='ocrx_word' id='word_1_310' title='bbox 2641 919 2726 986; x_wconf 92' lang='lat' dir='ltr'>ut,</span> <span class='ocrx_word' id='word_1_311' title='bbox 2751 915 2899 987; x_wconf 84' lang='lat' dir='ltr'>pluit</span> <span class='ocrx_word' id='word_1_312' title='bbox 2922 916 3185 971; x_wconf 86' lang='lat' dir='ltr'>Dominus</span> <span class='ocrx_word' id='word_1_313' title='bbox 3204 931 3239 969; x_wconf 94' lang='lat' dir='ltr'>a</span> <span class='ocrx_word' id='word_1_314' title='bbox 3266 917 3479 971; x_wconf 89' lang='lat' dir='ltr'>Domino</span> <span class='ocrx_word' id='word_1_315' title='bbox 3499 931 3511 970; x_wconf 89' lang='lat'><strong>:</strong></span> <span class='ocrx_word' id='word_1_316' title='bbox 3531 925 3572 972; x_wconf 88' lang='lat' dir='ltr'>et</span> <span class='ocrx_word' id='word_1_317' title='bbox 3590 919 3758 989; x_wconf 67' lang='lat' dir='ltr'>inermi</span> 
     </span>
    </p>
   </div>
   <div class='ocr_carea' id='block_1_40' title="bbox 2220 1003 3757 1076">
    <p class='ocr_par' dir='ltr' id='par_1_40' title="bbox 2220 1003 3757 1076">
     <span class='ocr_line' id='line_1_40' title="bbox 2220 1003 3757 1076; baseline 0.002 -18"><span class='ocrx_word' id='word_1_318' title='bbox 2220 1006 2489 1059; x_wconf 88' lang='lat' dir='ltr'>Dominus</span> <span class='ocrx_word' id='word_1_319' title='bbox 2534 1006 2596 1059; x_wconf 89' lang='lat' dir='ltr'>in</span> <span class='ocrx_word' id='word_1_320' title='bbox 2638 1007 2709 1070; x_wconf 88' lang='lat' dir='ltr'>te,</span> <span class='ocrx_word' id='word_1_321' title='bbox 2745 1007 2843 1076; x_wconf 89' lang='lat' dir='ltr'>qui</span> <span class='ocrx_word' id='word_1_322' title='bbox 2871 1004 3030 1075; x_wconf 84' lang='lat' dir='ltr'>elegit</span> <span class='ocrx_word' id='word_1_323' title='bbox 3074 1004 3390 1060; x_wconf 78' lang='lat' dir='ltr'>Jerusalem.</span> <span class='ocrx_word' id='word_1_324' title='bbox 3422 1003 3550 1058; x_wconf 90' lang='lat' dir='ltr'>Cum</span> <span class='ocrx_word' id='word_1_325' title='bbox 3591 1021 3695 1075; x_wconf 81' lang='lat' dir='ltr'>ergo</span> <span class='ocrx_word' id='word_1_326' title='bbox 3714 1008 3757 1061; x_wconf 86' lang='lat' dir='ltr'>de</span> 
     </span>
    </p>
   </div>
   <div class='ocr_carea' id='block_1_41' title="bbox 2215 1091 3758 1159">
    <p class='ocr_par' dir='ltr' id='par_1_41' title="bbox 2215 1091 3758 1159">
     <span class='ocr_line' id='line_1_41' title="bbox 2215 1091 3758 1159; baseline 0.002 -13"><span class='ocrx_word' id='word_1_327' title='bbox 2215 1092 2443 1148; x_wconf 90' lang='lat' dir='ltr'>cunctis</span> <span class='ocrx_word' id='word_1_328' title='bbox 2455 1092 2487 1148; x_wconf 70' lang='grc' dir='ltr'>,Ι</span> <span class='ocrx_word' id='word_1_329' title='bbox 2496 1093 2621 1147; x_wconf 72' lang='lat' dir='ltr'>udas</span> <span class='ocrx_word' id='word_1_330' title='bbox 2654 1092 2902 1148; x_wconf 91' lang='lat' dir='ltr'>urbibus</span> <span class='ocrx_word' id='word_1_331' title='bbox 2924 1109 3077 1148; x_wconf 90' lang='lat' dir='ltr'>nunc</span> <span class='ocrx_word' id='word_1_332' title='bbox 3099 1091 3278 1148; x_wconf 89' lang='lat' dir='ltr'>electa</span> <span class='ocrx_word' id='word_1_333' title='bbox 3298 1091 3375 1146; x_wconf 90' lang='lat' dir='ltr'>sit</span> <span class='ocrx_word' id='word_1_334' title='bbox 3393 1091 3758 1159; x_wconf 79' lang='lat' dir='ltr'>Jerusalem,ne~</span> 
     </span>
    </p>
   </div>
   <div class='ocr_carea' id='block_1_42' title="bbox 2215 1180 3759 1253">
    <p class='ocr_par' dir='ltr' id='par_1_42' title="bbox 2215 1180 3759 1253">
     <span class='ocr_line' id='line_1_42' title="bbox 2215 1180 3759 1253; baseline 0.001 -19"><span class='ocrx_word' id='word_1_335' title='bbox 2215 1197 2510 1253; x_wconf 89' lang='lat' dir='ltr'>quaquam</span> <span class='ocrx_word' id='word_1_336' title='bbox 2543 1180 2594 1236; x_wconf 91' lang='lat' dir='ltr'>ei</span> <span class='ocrx_word' id='word_1_337' title='bbox 2640 1180 2967 1252; x_wconf 84' lang='lat' dir='ltr'>imputante</span> <span class='ocrx_word' id='word_1_338' title='bbox 2997 1180 3243 1250; x_wconf 79' lang='lat' dir='ltr'>Domino</span> <span class='ocrx_word' id='word_1_339' title='bbox 3273 1183 3497 1250; x_wconf 88' lang='lat' dir='ltr'>peccata</span> <span class='ocrx_word' id='word_1_340' title='bbox 3521 1197 3627 1250; x_wconf 71' lang='lat' dir='ltr'>qua</span> <span class='ocrx_word' id='word_1_341' title='bbox 3651 1183 3759 1246; x_wconf 85' lang='lat' dir='ltr'>fecit,</span> 
     </span>
    </p>
   </div>
   <div class='ocr_carea' id='block_1_43' title="bbox 2214 1268 3758 1340">
    <p class='ocr_par' dir='ltr' id='par_1_43' title="bbox 2214 1268 3758 1340">
     <span class='ocr_line' id='line_1_43' title="bbox 2214 1268 3758 1340; baseline 0.001 -16"><span class='ocrx_word' id='word_1_342' title='bbox 2214 1285 2320 1324; x_wconf 92' lang='lat' dir='ltr'>cur</span> <span class='ocrx_word' id='word_1_343' title='bbox 2340 1268 2509 1340; x_wconf 91' lang='lat' dir='ltr'>quasi</span> <span class='ocrx_word' id='word_1_344' title='bbox 2535 1273 2940 1340; x_wconf 89' lang='lat' dir='ltr'>torrem,quem</span> <span class='ocrx_word' id='word_1_345' title='bbox 2961 1268 3134 1340; x_wconf 86' lang='lat' dir='ltr'>vulgo</span> <span class='ocrx_word' id='word_1_346' title='bbox 3154 1270 3397 1324; x_wconf 84' lang='lat' dir='ltr'>titionem</span> <span class='ocrx_word' id='word_1_347' title='bbox 3415 1269 3758 1340; x_wconf 51' lang='lat' dir='ltr'>vocanglesum</span> 
     </span>
    </p>
   </div>
   <div class='ocr_carea' id='block_1_44' title="bbox 2213 1355 3760 1429">
    <p class='ocr_par' dir='ltr' id='par_1_44' title="bbox 2213 1355 3760 1429">
     <span class='ocr_line' id='line_1_44' title="bbox 2213 1355 3760 1429; baseline 0.001 -18"><span class='ocrx_word' id='word_1_348' title='bbox 2213 1357 2441 1412; x_wconf 91' lang='lat' dir='ltr'>conaris</span> <span class='ocrx_word' id='word_1_349' title='bbox 2471 1357 2736 1425; x_wconf 87' lang='lat' dir='ltr'>obruere,</span> <span class='ocrx_word' id='word_1_350' title='bbox 2760 1357 2862 1428; x_wconf 91' lang='lat' dir='ltr'>qui</span> <span class='ocrx_word' id='word_1_351' title='bbox 2891 1357 2962 1412; x_wconf 90' lang='lat' dir='ltr'>de</span> <span class='ocrx_word' id='word_1_352' title='bbox 2991 1355 3306 1429; x_wconf 82' lang='lat' dir='ltr'>Babylonia</span> <span class='ocrx_word' id='word_1_353' title='bbox 3333 1355 3626 1428; x_wconf 87' lang='lat' dir='ltr'>captivitate</span> <span class='ocrx_word' id='word_1_354' title='bbox 3642 1359 3760 1428; x_wconf 79' lang='lat' dir='ltr'>quasi</span> 
     </span>
    </p>
   </div>
   <div class='ocr_carea' id='block_1_45' title="bbox 2212 1444 3761 1516">
    <p class='ocr_par' dir='ltr' id='par_1_45' title="bbox 2212 1444 3761 1516">
     <span class='ocr_line' id='line_1_45' title="bbox 2212 1444 3761 1516; baseline 0 -15"><span class='ocrx_word' id='word_1_355' title='bbox 2212 1445 2534 1502; x_wconf 88' lang='lat' dir='ltr'>semiustus</span> <span class='ocrx_word' id='word_1_356' title='bbox 2562 1445 2790 1502; x_wconf 88' lang='lat' dir='ltr'>evasit?</span> <span class='ocrx_word' id='word_1_357' title='bbox 2819 1446 2981 1511; x_wconf 88' lang='lat' dir='ltr'>Quod</span> <span class='ocrx_word' id='word_1_358' title='bbox 3003 1453 3196 1500; x_wconf 80' lang='lat' dir='ltr'>autem</span> <span class='ocrx_word' id='word_1_359' title='bbox 3231 1444 3485 1516; x_wconf 87' lang='lat' dir='ltr'>sequitur</span> <span class='ocrx_word' id='word_1_360' title='bbox 3512 1461 3523 1499; x_wconf 92' lang='lat'>:</span> <span class='ocrx_word' id='word_1_361' title='bbox 3551 1445 3761 1501; x_wconf 78' lang='lat' dir='ltr'>Jesuserat</span> 
     </span>
    </p>
   </div>
   <div class='ocr_carea' id='block_1_46' title="bbox 2214 1533 3758 1606">
    <p class='ocr_par' dir='ltr' id='par_1_46' title="bbox 2214 1533 3758 1606">
     <span class='ocr_line' id='line_1_46' title="bbox 2214 1533 3758 1606; baseline 0.001 -17"><span class='ocrx_word' id='word_1_362' title='bbox 2214 1535 2440 1589; x_wconf 82' lang='lat' dir='ltr'>indutus</span> <span class='ocrx_word' id='word_1_363' title='bbox 2468 1535 2704 1590; x_wconf 87' lang='lat' dir='ltr'>vestibus</span> <span class='ocrx_word' id='word_1_364' title='bbox 2750 1534 3004 1604; x_wconf 86' lang='lat' dir='ltr'>sordidis,</span> <span class='ocrx_word' id='word_1_365' title='bbox 3038 1533 3344 1606; x_wconf 87' lang='lat' dir='ltr'>tripliciter</span> <span class='ocrx_word' id='word_1_366' title='bbox 3370 1533 3758 1606; x_wconf 84' lang='lat' dir='ltr'>interpretantur.</span> 
     </span>
    </p>
   </div>
   <div class='ocr_carea' id='block_1_47' title="bbox 2208 1621 3760 1695">
    <p class='ocr_par' dir='ltr' id='par_1_47' title="bbox 2208 1621 3760 1695">
     <span class='ocr_line' id='line_1_47' title="bbox 2208 1621 3760 1695; baseline 0 -19"><span class='ocrx_word' id='word_1_367' title='bbox 2208 1622 2311 1678; x_wconf 87' lang='lat' dir='ltr'>Vel</span> <span class='ocrx_word' id='word_1_368' title='bbox 2342 1624 2415 1678; x_wconf 91' lang='lat' dir='ltr'>ob</span> <span class='ocrx_word' id='word_1_369' title='bbox 2446 1622 2787 1695; x_wconf 87' lang='lat' dir='ltr'>conjugium</span> <span class='ocrx_word' id='word_1_370' title='bbox 2817 1621 3109 1688; x_wconf 89' lang='lat' dir='ltr'>illicitum,</span> <span class='ocrx_word' id='word_1_371' title='bbox 3142 1621 3231 1678; x_wconf 87' lang='lat' dir='ltr'>vel</span> <span class='ocrx_word' id='word_1_372' title='bbox 3263 1623 3334 1677; x_wconf 88' lang='lat' dir='ltr'>ob</span> <span class='ocrx_word' id='word_1_373' title='bbox 3365 1625 3575 1694; x_wconf 86' lang='lat' dir='ltr'>peccata</span> <span class='ocrx_word' id='word_1_374' title='bbox 3602 1622 3760 1694; x_wconf 86' lang='lat' dir='ltr'>populi,</span> 
     </span>
    </p>
   </div>
   <div class='ocr_carea' id='block_1_48' title="bbox 2209 1709 3760 1784">
    <p class='ocr_par' dir='ltr' id='par_1_48' title="bbox 2209 1709 3760 1784">
     <span class='ocr_line' id='line_1_48' title="bbox 2209 1709 3760 1784; baseline -0.001 -17"><span class='ocrx_word' id='word_1_375' title='bbox 2209 1710 2298 1767; x_wconf 91' lang='lat' dir='ltr'>vel</span> <span class='ocrx_word' id='word_1_376' title='bbox 2333 1717 2569 1784; x_wconf 88' lang='lat' dir='ltr'>propter</span> <span class='ocrx_word' id='word_1_377' title='bbox 2597 1713 2932 1784; x_wconf 92' lang='lat' dir='ltr'>squalorem</span> <span class='ocrx_word' id='word_1_378' title='bbox 2963 1711 3336 1782; x_wconf 85' lang='lat' dir='ltr'>captivitatis.</span> <span class='ocrx_word' id='word_1_379' title='bbox 3371 1709 3602 1784; x_wconf 82' lang='lat' dir='ltr'>Angelus</span> <span class='ocrx_word' id='word_1_380' title='bbox 3623 1716 3760 1766; x_wconf 82' lang='lat' dir='ltr'>autem</span> 
     </span>
    </p>
   </div>
   <div class='ocr_carea' id='block_1_49' title="bbox 2210 1798 3762 1872">
    <p class='ocr_par' dir='ltr' id='par_1_49' title="bbox 2210 1798 3762 1872">
     <span class='ocr_line' id='line_1_49' title="bbox 2210 1798 3762 1872; baseline -0.002 -17"><span class='ocrx_word' id='word_1_381' title='bbox 2210 1803 2344 1856; x_wconf 88' lang='lat' dir='ltr'>ante</span> <span class='ocrx_word' id='word_1_382' title='bbox 2367 1801 2536 1872; x_wconf 90' lang='lat' dir='ltr'>cujus</span> <span class='ocrx_word' id='word_1_383' title='bbox 2562 1800 2769 1856; x_wconf 87' lang='lat' dir='ltr'>faciem</span> <span class='ocrx_word' id='word_1_384' title='bbox 2801 1800 2993 1856; x_wconf 89' lang='lat' dir='ltr'>stabat</span> <span class='ocrx_word' id='word_1_385' title='bbox 3011 1800 3205 1870; x_wconf 84' lang='lat' dir='ltr'>Jesus,</span> <span class='ocrx_word' id='word_1_386' title='bbox 3220 1798 3482 1872; x_wconf 66' lang='lat' dir='ltr'>praecepit</span> <span class='ocrx_word' id='word_1_387' title='bbox 3498 1799 3681 1854; x_wconf 65' lang='lat' dir='ltr'>ceteris</span> <span class='ocrx_word' id='word_1_388' title='bbox 3695 1815 3762 1853; x_wconf 85' lang='lat' dir='ltr'>an-</span> 
     </span>
    </p>
   </div>
   <div class='ocr_carea' id='block_1_50' title="bbox 2208 1887 3762 1962">
    <p class='ocr_par' dir='ltr' id='par_1_50' title="bbox 2208 1887 3762 1962">
     <span class='ocr_line' id='line_1_50' title="bbox 2208 1887 3762 1962; baseline -0.003 -17"><span class='ocrx_word' id='word_1_389' title='bbox 2208 1889 2354 1962; x_wconf 89' lang='lat' dir='ltr'>gelis</span> <span class='ocrx_word' id='word_1_390' title='bbox 2376 1906 2443 1945; x_wconf 90' lang='lat' dir='ltr'>ex</span> <span class='ocrx_word' id='word_1_391' title='bbox 2474 1906 2723 1961; x_wconf 88' lang='lat' dir='ltr'>persona</span> <span class='ocrx_word' id='word_1_392' title='bbox 2751 1889 3006 1956; x_wconf 89' lang='lat' dir='ltr'>Domini,</span> <span class='ocrx_word' id='word_1_393' title='bbox 3023 1894 3088 1944; x_wconf 88' lang='lat' dir='ltr'>ut</span> <span class='ocrx_word' id='word_1_394' title='bbox 3107 1889 3401 1944; x_wconf 85' lang='lat' dir='ltr'>auferrent</span> <span class='ocrx_word' id='word_1_395' title='bbox 3419 1888 3484 1943; x_wconf 89' lang='lat' dir='ltr'>ab</span> <span class='ocrx_word' id='word_1_396' title='bbox 3511 1905 3570 1943; x_wconf 89' lang='lat' dir='ltr'>eo</span> <span class='ocrx_word' id='word_1_397' title='bbox 3591 1887 3762 1942; x_wconf 77' lang='lat' dir='ltr'>sordida</span> 
     </span>
    </p>
   </div>
   <div class='ocr_carea' id='block_1_51' title="bbox 2206 1977 3762 2049">
    <p class='ocr_par' dir='ltr' id='par_1_51' title="bbox 2206 1977 3762 2049">
     <span class='ocr_line' id='line_1_51' title="bbox 2206 1977 3762 2049; baseline -0.003 -16"><span class='ocrx_word' id='word_1_398' title='bbox 2206 1977 2574 2042; x_wconf 90' lang='lat' dir='ltr'>vestimenta,</span> <span class='ocrx_word' id='word_1_399' title='bbox 2597 1977 2668 2032; x_wconf 90' lang='lat' dir='ltr'>de</span> <span class='ocrx_word' id='word_1_400' title='bbox 2689 1978 2906 2049; x_wconf 90' lang='lat' dir='ltr'>quibus</span> <span class='ocrx_word' id='word_1_401' title='bbox 2929 1993 3109 2049; x_wconf 89' lang='lat' dir='ltr'>supra</span> <span class='ocrx_word' id='word_1_402' title='bbox 3125 1977 3400 2034; x_wconf 86' lang='lat' dir='ltr'>diximus.</span> <span class='ocrx_word' id='word_1_403' title='bbox 3422 1977 3520 2042; x_wconf 90' lang='lat' dir='ltr'>Qui</span> <span class='ocrx_word' id='word_1_404' title='bbox 3536 1992 3647 2030; x_wconf 89' lang='lat' dir='ltr'>cum</span> <span class='ocrx_word' id='word_1_405' title='bbox 3667 1991 3762 2045; x_wconf 73' lang='lat' dir='ltr'>pre-</span> 
     </span>
    </p>
   </div>
   <div class='ocr_carea' id='block_1_52' title="bbox 2206 2062 3763 2138">
    <p class='ocr_par' dir='ltr' id='par_1_52' title="bbox 2206 2062 3763 2138">
     <span class='ocr_line' id='line_1_52' title="bbox 2206 2062 3763 2138; baseline -0.002 -18"><span class='ocrx_word' id='word_1_406' title='bbox 2206 2069 2438 2137; x_wconf 90' lang='lat' dir='ltr'>ceptum</span> <span class='ocrx_word' id='word_1_407' title='bbox 2465 2082 2636 2137; x_wconf 88' lang='lat' dir='ltr'>opere</span> <span class='ocrx_word' id='word_1_408' title='bbox 2656 2065 3050 2138; x_wconf 88' lang='lat' dir='ltr'>complessent</span> <span class='ocrx_word' id='word_1_409' title='bbox 3073 2083 3310 2121; x_wconf 89' lang='lat' dir='ltr'>rursum</span> <span class='ocrx_word' id='word_1_410' title='bbox 3333 2065 3479 2121; x_wconf 89' lang='lat' dir='ltr'>idem</span> <span class='ocrx_word' id='word_1_411' title='bbox 3498 2062 3763 2136; x_wconf 83' lang='lat' dir='ltr'>augeluslo-</span> 
     </span>
    </p>
   </div>
   <div class='ocr_carea' id='block_1_53' title="bbox 2207 2155 3762 2227">
    <p class='ocr_par' dir='ltr' id='par_1_53' title="bbox 2207 2155 3762 2227">
     <span class='ocr_line' id='line_1_53' title="bbox 2207 2155 3762 2227; baseline -0.003 -19"><span class='ocrx_word' id='word_1_412' title='bbox 2207 2155 2408 2227; x_wconf 89' lang='lat' dir='ltr'>quitur</span> <span class='ocrx_word' id='word_1_413' title='bbox 2431 2156 2503 2210; x_wconf 91' lang='lat' dir='ltr'>ad</span> <span class='ocrx_word' id='word_1_414' title='bbox 2528 2155 2730 2210; x_wconf 90' lang='lat' dir='ltr'>Jesum</span> <span class='ocrx_word' id='word_1_415' title='bbox 2756 2173 2769 2211; x_wconf 90' lang='lat'><strong>:</strong></span> <span class='ocrx_word' id='word_1_416' title='bbox 2793 2155 2920 2210; x_wconf 85' lang='lat' dir='ltr'>Ecce</span> <span class='ocrx_word' id='word_1_417' title='bbox 2946 2155 3154 2210; x_wconf 85' lang='lat' dir='ltr'>abstuli</span> <span class='ocrx_word' id='word_1_418' title='bbox 3167 2156 3272 2225; x_wconf 69' lang='lat' dir='ltr'>alte</span> <span class='ocrx_word' id='word_1_419' title='bbox 3287 2156 3604 2225; x_wconf 83' lang='lat' dir='ltr'>iniquitatem</span> <span class='ocrx_word' id='word_1_420' title='bbox 3620 2161 3762 2207; x_wconf 76' lang='lat' dir='ltr'>tuam:</span> 
     </span>
    </p>
   </div>
   <div class='ocr_carea' id='block_1_54' title="bbox 2206 2241 3762 2311">
    <p class='ocr_par' dir='ltr' id='par_1_54' title="bbox 2206 2241 3762 2311">
     <span class='ocr_line' id='line_1_54' title="bbox 2206 2241 3762 2311; baseline -0.002 -13"><span class='ocrx_word' id='word_1_421' title='bbox 2206 2243 2327 2299; x_wconf 66' lang='lat' dir='ltr'>haec</span> <span class='ocrx_word' id='word_1_422' title='bbox 2357 2247 2497 2300; x_wconf 88' lang='lat' dir='ltr'>sunt</span> <span class='ocrx_word' id='word_1_423' title='bbox 2533 2243 2770 2299; x_wconf 90' lang='lat' dir='ltr'>sordida</span> <span class='ocrx_word' id='word_1_424' title='bbox 2798 2243 3168 2311; x_wconf 89' lang='lat' dir='ltr'>vestimenta,</span> <span class='ocrx_word' id='word_1_425' title='bbox 3194 2247 3247 2298; x_wconf 89' lang='lat' dir='ltr'>et</span> <span class='ocrx_word' id='word_1_426' title='bbox 3269 2244 3426 2298; x_wconf 86' lang='lat' dir='ltr'>indui</span> <span class='ocrx_word' id='word_1_427' title='bbox 3441 2247 3490 2297; x_wconf 89' lang='lat' dir='ltr'>te</span> <span class='ocrx_word' id='word_1_428' title='bbox 3505 2241 3762 2304; x_wconf 77' lang='lat' dir='ltr'>mutatoriis,</span> 
     </span>
    </p>
   </div>
   <div class='ocr_carea' id='block_1_55' title="bbox 2207 2330 3762 2405">
    <p class='ocr_par' dir='ltr' id='par_1_55' title="bbox 2207 2330 3762 2405">
     <span class='ocr_line' id='line_1_55' title="bbox 2207 2330 3762 2405; baseline -0.003 -18"><span class='ocrx_word' id='word_1_429' title='bbox 2207 2333 2313 2388; x_wconf 90' lang='lat' dir='ltr'>hoc</span> <span class='ocrx_word' id='word_1_430' title='bbox 2343 2337 2452 2400; x_wconf 89' lang='lat' dir='ltr'>est,</span> <span class='ocrx_word' id='word_1_431' title='bbox 2487 2332 2807 2388; x_wconf 87' lang='lat' dir='ltr'>Israelitem</span> <span class='ocrx_word' id='word_1_432' title='bbox 2829 2332 2935 2388; x_wconf 89' lang='lat' dir='ltr'>tibi</span> <span class='ocrx_word' id='word_1_433' title='bbox 2967 2333 3280 2405; x_wconf 89' lang='lat' dir='ltr'>conjugem</span> <span class='ocrx_word' id='word_1_434' title='bbox 3313 2330 3668 2402; x_wconf 88' lang='lat' dir='ltr'>copulavi,pro</span> <span class='ocrx_word' id='word_1_435' title='bbox 3684 2344 3762 2400; x_wconf 87' lang='lat' dir='ltr'>quo</span> 
     </span>
    </p>
   </div>
   <div class='ocr_carea' id='block_1_56' title="bbox 2205 2417 3763 2494">
    <p class='ocr_par' dir='ltr' id='par_1_56' title="bbox 2205 2417 3763 2494">
     <span class='ocr_line' id='line_1_56' title="bbox 2205 2417 3763 2494; baseline -0.004 -18"><span class='ocrx_word' id='word_1_436' title='bbox 2205 2420 2378 2492; x_wconf 90' lang='lat' dir='ltr'>Septu</span> <span class='ocrx_word' id='word_1_437' title='bbox 2388 2420 2585 2492; x_wconf 90' lang='lat' dir='ltr'>aginta</span> <span class='ocrx_word' id='word_1_438' title='bbox 2599 2420 3030 2476; x_wconf 89' lang='lat' dir='ltr'>transtulerunt</span> <span class='ocrx_word' id='word_1_439' title='bbox 3038 2417 3179 2490; x_wconf 83' lang='grc' dir='ltr'>ποδή</span> <span class='ocrx_word' id='word_1_440' title='bbox 3190 2439 3259 2494; x_wconf 86' lang='grc' dir='ltr'>ρη</span> <span class='ocrx_word' id='word_1_441' title='bbox 3276 2436 3448 2492; x_wconf 88' lang='lat' dir='ltr'>quam</span> <span class='ocrx_word' id='word_1_442' title='bbox 3475 2435 3570 2475; x_wconf 88' lang='lat' dir='ltr'>nos</span> <span class='ocrx_word' id='word_1_443' title='bbox 3585 2418 3763 2473; x_wconf 76' lang='lat' dir='ltr'>tunicam</span> 
     </span>
    </p>
   </div>
   <div class='ocr_carea' id='block_1_57' title="bbox 2205 2505 3764 2582">
    <p class='ocr_par' dir='ltr' id='par_1_57' title="bbox 2205 2505 3764 2582">
     <span class='ocr_line' id='line_1_57' title="bbox 2205 2505 3764 2582; baseline -0.004 -18"><span class='ocrx_word' id='word_1_444' title='bbox 2205 2511 2440 2564; x_wconf 81' lang='lat' dir='ltr'>latorem</span> <span class='ocrx_word' id='word_1_445' title='bbox 2485 2525 2801 2581; x_wconf 90' lang='lat' dir='ltr'>possumus</span> <span class='ocrx_word' id='word_1_446' title='bbox 2830 2509 3040 2581; x_wconf 87' lang='lat' dir='ltr'>dicere,</span> <span class='ocrx_word' id='word_1_447' title='bbox 3069 2526 3135 2565; x_wconf 91' lang='lat' dir='ltr'>eo</span> <span class='ocrx_word' id='word_1_448' title='bbox 3187 2509 3345 2582; x_wconf 89' lang='lat' dir='ltr'>quod</span> <span class='ocrx_word' id='word_1_449' title='bbox 3375 2523 3549 2580; x_wconf 88' lang='lat' dir='ltr'>usque</span> <span class='ocrx_word' id='word_1_450' title='bbox 3581 2508 3637 2562; x_wconf 86' lang='lat' dir='ltr'>ad</span> <span class='ocrx_word' id='word_1_451' title='bbox 3661 2505 3764 2559; x_wconf 79' lang='lat' dir='ltr'>talos</span> 
     </span>
    </p>
   </div>
   <div class='ocr_carea' id='block_1_58' title="bbox 2205 2593 3764 2672">
    <p class='ocr_par' dir='ltr' id='par_1_58' title="bbox 2205 2593 3764 2672">
     <span class='ocr_line' id='line_1_58' title="bbox 2205 2593 3764 2672; baseline -0.005 -18"><span class='ocrx_word' id='word_1_452' title='bbox 2205 2602 2264 2654; x_wconf 89' lang='lat' dir='ltr'>et</span> <span class='ocrx_word' id='word_1_453' title='bbox 2291 2598 2470 2670; x_wconf 90' lang='lat' dir='ltr'>pedes</span> <span class='ocrx_word' id='word_1_454' title='bbox 2513 2599 2617 2670; x_wconf 79' lang='grc' dir='ltr'>[Αἱ.</span> <span class='ocrx_word' id='word_1_455' title='bbox 2650 2599 2719 2654; x_wconf 89' lang='lat' dir='ltr'>ad</span> <span class='ocrx_word' id='word_1_456' title='bbox 2774 2599 2949 2672; x_wconf 89' lang='lat' dir='ltr'>pedes</span> <span class='ocrx_word' id='word_1_457' title='bbox 2981 2602 3038 2654; x_wconf 90' lang='lat' dir='ltr'>et</span> <span class='ocrx_word' id='word_1_458' title='bbox 3078 2598 3253 2670; x_wconf 89' lang='lat' dir='ltr'>talos]</span> <span class='ocrx_word' id='word_1_459' title='bbox 3303 2597 3527 2654; x_wconf 85' lang='lat' dir='ltr'>deﬂuat.</span> <span class='ocrx_word' id='word_1_460' title='bbox 3556 2593 3764 2664; x_wconf 85' lang='lat' dir='ltr'>Quodque</span> 
     </span>
    </p>
   </div>
   <div class='ocr_carea' id='block_1_59' title="bbox 2206 2687 3765 2758">
    <p class='ocr_par' dir='ltr' id='par_1_59' title="bbox 2206 2687 3765 2758">
     <span class='ocr_line' id='line_1_59' title="bbox 2206 2687 3765 2758; baseline -0.006 -15"><span class='ocrx_word' id='word_1_461' title='bbox 2206 2687 2353 2743; x_wconf 77' lang='lat'>801</span> <span class='ocrx_word' id='word_1_462' title='bbox 2393 2687 2660 2758; x_wconf 90' lang='lat' dir='ltr'>sequitur</span> <span class='ocrx_word' id='word_1_463' title='bbox 2691 2705 2703 2743; x_wconf 92' lang='lat'>:</span> <span class='ocrx_word' id='word_1_464' title='bbox 2739 2689 2933 2743; x_wconf 84' lang='lat' dir='ltr'>Ponite</span> <span class='ocrx_word' id='word_1_465' title='bbox 2962 2687 3195 2743; x_wconf 87' lang='lat' dir='ltr'>cidarim</span> <span class='ocrx_word' id='word_1_466' title='bbox 3219 2687 3476 2743; x_wconf 83' lang='lat' dir='ltr'>mundam</span> <span class='ocrx_word' id='word_1_467' title='bbox 3499 2700 3638 2756; x_wconf 85' lang='lat' dir='ltr'>super</span> <span class='ocrx_word' id='word_1_468' title='bbox 3651 2688 3765 2752; x_wconf 76' lang='lat' dir='ltr'>mput</span> 
     </span>
    </p>
   </div>
   <div class='ocr_carea' id='block_1_60' title="bbox 2203 2769 3764 2859">
    <p class='ocr_par' dir='ltr' id='par_1_60' title="bbox 2203 2769 3764 2859">
     <span class='ocr_line' id='line_1_60' title="bbox 2203 2769 3764 2859; baseline -0.001 -28"><span class='ocrx_word' id='word_1_469' title='bbox 2203 2777 2341 2848; x_wconf 80' lang='lat' dir='ltr'>ejus,</span> <span class='ocrx_word' id='word_1_470' title='bbox 2374 2793 2478 2848; x_wconf 87' lang='lat' dir='ltr'>pro</span> <span class='ocrx_word' id='word_1_471' title='bbox 2509 2775 2690 2831; x_wconf 87' lang='lat' dir='ltr'>cidari</span> <span class='ocrx_word' id='word_1_472' title='bbox 2735 2777 2795 2831; x_wconf 89' lang='lat' dir='ltr'>in</span> <span class='ocrx_word' id='word_1_473' title='bbox 2841 2777 3082 2832; x_wconf 69' lang='lat' dir='ltr'>Hebraeo</span> <span class='ocrx_word' id='word_1_474' title='bbox 3129 2775 3384 2848; x_wconf 86' lang='lat' dir='ltr'>legimus</span> <span class='ocrx_word' id='word_1_475' title='bbox 3413 2790 3596 2831; x_wconf 65' lang='lat' dir='ltr'>eamea</span> <span class='ocrx_word' id='word_1_476' title='bbox 3621 2769 3764 2859; x_wconf 53' lang='lat'>(213:3),</span> 
     </span>
    </p>
   </div>
   <div class='ocr_carea' id='block_1_61' title="bbox 2205 2856 3763 2936">
    <p class='ocr_par' dir='ltr' id='par_1_61' title="bbox 2205 2856 3763 2936">
     <span class='ocr_line' id='line_1_61' title="bbox 2205 2856 3763 2936; baseline -0.005 -17"><span class='ocrx_word' id='word_1_477' title='bbox 2205 2881 2330 2936; x_wconf 74' lang='lat' dir='ltr'>quae</span> <span class='ocrx_word' id='word_1_478' title='bbox 2359 2866 2529 2920; x_wconf 88' lang='lat' dir='ltr'>mitra</span> <span class='ocrx_word' id='word_1_479' title='bbox 2557 2881 2589 2919; x_wconf 87' lang='lat' dir='ltr'>a</span> <span class='ocrx_word' id='word_1_480' title='bbox 2605 2865 2900 2936; x_wconf 89' lang='lat' dir='ltr'>plerisque</span> <span class='ocrx_word' id='word_1_481' title='bbox 2917 2865 3151 2932; x_wconf 89' lang='lat' dir='ltr'>dicitur,</span> <span class='ocrx_word' id='word_1_482' title='bbox 3175 2871 3238 2921; x_wconf 87' lang='lat' dir='ltr'>et</span> <span class='ocrx_word' id='word_1_483' title='bbox 3254 2865 3316 2920; x_wconf 92' lang='lat' dir='ltr'>in</span> <span class='ocrx_word' id='word_1_484' title='bbox 3335 2865 3440 2920; x_wconf 89' lang='lat' dir='ltr'>hac</span> <span class='ocrx_word' id='word_1_485' title='bbox 3456 2863 3630 2919; x_wconf 89' lang='lat' dir='ltr'>volunt</span> <span class='ocrx_word' id='word_1_486' title='bbox 3646 2856 3763 2913; x_wconf 57' lang='lat' dir='ltr'>intelo</span> 
     </span>
    </p>
   </div>
   <div class='ocr_carea' id='block_1_62' title="bbox 2203 2947 3763 3026">
    <p class='ocr_par' dir='ltr' id='par_1_62' title="bbox 2203 2947 3763 3026">
     <span class='ocr_line' id='line_1_62' title="bbox 2203 2947 3763 3026; baseline -0.006 -19"><span class='ocrx_word' id='word_1_487' title='bbox 2203 2952 2306 3026; x_wconf 90' lang='lat' dir='ltr'>ligi</span> <span class='ocrx_word' id='word_1_488' title='bbox 2349 2954 2657 3010; x_wconf 88' lang='lat' dir='ltr'>sacerdotii</span> <span class='ocrx_word' id='word_1_489' title='bbox 2706 2955 3074 3026; x_wconf 89' lang='lat' dir='ltr'>dignitatem,</span> <span class='ocrx_word' id='word_1_490' title='bbox 3107 2955 3291 3026; x_wconf 91' lang='lat' dir='ltr'>quod,</span> <span class='ocrx_word' id='word_1_491' title='bbox 3322 2952 3522 3010; x_wconf 85' lang='lat' dir='ltr'>ablatis</span> <span class='ocrx_word' id='word_1_492' title='bbox 3563 2947 3763 3006; x_wconf 83' lang='lat' dir='ltr'>sordibus</span> 
     </span>
    </p>
   </div>
   <div class='ocr_carea' id='block_1_63' title="bbox 2204 3037 3762 3113">
    <p class='ocr_par' dir='ltr' id='par_1_63' title="bbox 2204 3037 3762 3113">
     <span class='ocr_line' id='line_1_63' title="bbox 2204 3037 3762 3113; baseline -0.005 -16"><span class='ocrx_word' id='word_1_493' title='bbox 2204 3047 2596 3113; x_wconf 88' lang='lat' dir='ltr'>peccatorum,</span> <span class='ocrx_word' id='word_1_494' title='bbox 2628 3043 2916 3098; x_wconf 91' lang='lat' dir='ltr'>mundum</span> <span class='ocrx_word' id='word_1_495' title='bbox 2975 3043 3254 3098; x_wconf 87' lang='lat' dir='ltr'>habuerit</span> <span class='ocrx_word' id='word_1_496' title='bbox 3281 3041 3648 3098; x_wconf 87' lang='lat' dir='ltr'>sacerdotium.</span> <span class='ocrx_word' id='word_1_497' title='bbox 3678 3037 3762 3089; x_wconf 74' lang='lat' dir='ltr'>llas</span> 
     </span>
    </p>
   </div>
   <div class='ocr_carea' id='block_1_64' title="bbox 2201 3122 3761 3199">
    <p class='ocr_par' dir='ltr' id='par_1_64' title="bbox 2201 3122 3761 3199">
     <span class='ocr_line' id='line_1_64' title="bbox 2201 3122 3761 3199; baseline -0.006 -13"><span class='ocrx_word' id='word_1_498' title='bbox 2201 3131 2410 3186; x_wconf 80' lang='lat' dir='ltr'>Judaei.</span> <span class='ocrx_word' id='word_1_499' title='bbox 2444 3132 2638 3186; x_wconf 89' lang='lat' dir='ltr'>Nostri</span> <span class='ocrx_word' id='word_1_500' title='bbox 2663 3122 2858 3187; x_wconf 75' lang='lat' dir='ltr'>autem</span> <span class='ocrx_word' id='word_1_501' title='bbox 2891 3132 2973 3188; x_wconf 87' lang='lat' dir='ltr'>ita</span> <span class='ocrx_word' id='word_1_502' title='bbox 2992 3132 3319 3199; x_wconf 87' lang='lat' dir='ltr'>disserunt,</span> <span class='ocrx_word' id='word_1_503' title='bbox 3342 3131 3656 3188; x_wconf 85' lang='lat' dir='ltr'>sacerdotem</span> <span class='ocrx_word' id='word_1_504' title='bbox 3673 3137 3761 3180; x_wconf 82' lang='lat' dir='ltr'>esse</span> 
     </span>
    </p>
   </div>
   <div class='ocr_carea' id='block_1_65' title="bbox 447 3202 3760 3292">
    <p class='ocr_par' dir='ltr' id='par_1_65' title="bbox 447 3202 3760 3292">
     <span class='ocr_line' id='line_1_65' title="bbox 447 3202 3760 3292; baseline -0 -18"><span class='ocrx_word' id='word_1_505' title='bbox 447 3220 579 3274; x_wconf 87' lang='lat' dir='ltr'>Ecce</span> <span class='ocrx_word' id='word_1_506' title='bbox 607 3219 810 3273; x_wconf 86' lang='lat' dir='ltr'>abstuli</span> <span class='ocrx_word' id='word_1_507' title='bbox 839 3236 872 3272; x_wconf 92' lang='lat' dir='ltr'>a</span> <span class='ocrx_word' id='word_1_508' title='bbox 901 3223 952 3274; x_wconf 84' lang='lat' dir='ltr'>te</span> <span class='ocrx_word' id='word_1_509' title='bbox 984 3220 1332 3289; x_wconf 84' lang='lat' dir='ltr'>iniquitatem</span> <span class='ocrx_word' id='word_1_510' title='bbox 1362 3223 1534 3284; x_wconf 90' lang='lat' dir='ltr'>tuam,</span> <span class='ocrx_word' id='word_1_511' title='bbox 1563 3222 1614 3273; x_wconf 90' lang='lat' dir='ltr'>et</span> <span class='ocrx_word' id='word_1_512' title='bbox 1645 3218 1805 3274; x_wconf 85' lang='lat' dir='ltr'>indui</span> <span class='ocrx_word' id='word_1_513' title='bbox 1833 3227 1886 3274; x_wconf 85' lang='lat' dir='ltr'>te</span> <span class='ocrx_word' id='word_1_514' title='bbox 1907 3227 2092 3276; x_wconf 87' lang='lat' dir='ltr'>muta-</span> <span class='ocrx_word' id='word_1_515' title='bbox 2122 3202 2164 3268; x_wconf 70' lang='grc' dir='ltr'>Ο</span> <span class='ocrx_word' id='word_1_516' title='bbox 2207 3236 2512 3292; x_wconf 87' lang='lat' dir='ltr'>magnum,</span> <span class='ocrx_word' id='word_1_517' title='bbox 2544 3221 2615 3275; x_wconf 90' lang='lat' dir='ltr'>ad</span> <span class='ocrx_word' id='word_1_518' title='bbox 2648 3237 2821 3292; x_wconf 87' lang='lat' dir='ltr'>quem</span> <span class='ocrx_word' id='word_1_519' title='bbox 2852 3220 3068 3276; x_wconf 90' lang='lat' dir='ltr'>dicitur</span> <span class='ocrx_word' id='word_1_520' title='bbox 3096 3237 3109 3276; x_wconf 92' lang='lat'>:</span> <span class='ocrx_word' id='word_1_521' title='bbox 3147 3222 3227 3276; x_wconf 84' lang='lat' dir='ltr'>Tu</span> <span class='ocrx_word' id='word_1_522' title='bbox 3256 3237 3312 3277; x_wconf 85' lang='lat' dir='ltr'>es</span> <span class='ocrx_word' id='word_1_523' title='bbox 3339 3219 3566 3276; x_wconf 88' lang='lat' dir='ltr'>sacerdos</span> <span class='ocrx_word' id='word_1_524' title='bbox 3588 3218 3637 3270; x_wconf 82' lang='lat' dir='ltr'>in</span> <span class='ocrx_word' id='word_1_525' title='bbox 3656 3217 3760 3269; x_wconf 62' lang='grc' dir='ltr'>διεν-</span> 
     </span>
    </p>
   </div>
   <div class='ocr_carea' id='block_1_66' title="bbox 447 3306 2092 3380">
    <p class='ocr_par' dir='ltr' id='par_1_66' title="bbox 447 3306 2092 3380">
     <span class='ocr_line' id='line_1_66' title="bbox 447 3306 2092 3380; baseline 0.002 -19"><span class='ocrx_word' id='word_1_526' title='bbox 447 3307 623 3362; x_wconf 86' lang='lat' dir='ltr'>toriis.</span> <span class='ocrx_word' id='word_1_527' title='bbox 654 3307 720 3361; x_wconf 88' lang='lat' dir='ltr'>Et</span> <span class='ocrx_word' id='word_1_528' title='bbox 749 3306 892 3362; x_wconf 89' lang='lat' dir='ltr'>dixit</span> <span class='ocrx_word' id='word_1_529' title='bbox 914 3324 933 3360; x_wconf 90' lang='lat'><strong><em>:</em></strong></span> <span class='ocrx_word' id='word_1_530' title='bbox 955 3307 1160 3362; x_wconf 87' lang='lat' dir='ltr'>Ponite</span> <span class='ocrx_word' id='word_1_531' title='bbox 1181 3306 1418 3362; x_wconf 86' lang='lat' dir='ltr'>cidarim</span> <span class='ocrx_word' id='word_1_532' title='bbox 1445 3307 1713 3361; x_wconf 90' lang='lat' dir='ltr'>mundam</span> <span class='ocrx_word' id='word_1_533' title='bbox 1730 3323 1896 3379; x_wconf 87' lang='lat' dir='ltr'>super</span> <span class='ocrx_word' id='word_1_534' title='bbox 1926 3314 2092 3380; x_wconf 85' lang='lat' dir='ltr'>caput</span> 
     </span>
    </p>
   </div>
   <div class='ocr_carea' id='block_1_67' title="bbox 446 3395 2089 3469">
    <p class='ocr_par' dir='ltr' id='par_1_67' title="bbox 446 3395 2089 3469">
     <span class='ocr_line' id='line_1_67' title="bbox 446 3395 2089 3469; baseline 0.001 -19"><span class='ocrx_word' id='word_1_535' title='bbox 446 3395 586 3466; x_wconf 88' lang='lat' dir='ltr'>ejus,</span> <span class='ocrx_word' id='word_1_536' title='bbox 617 3402 668 3451; x_wconf 92' lang='lat' dir='ltr'>et</span> <span class='ocrx_word' id='word_1_537' title='bbox 688 3398 987 3466; x_wconf 87' lang='lat' dir='ltr'>posuerunt</span> <span class='ocrx_word' id='word_1_538' title='bbox 1014 3396 1254 3452; x_wconf 87' lang='lat' dir='ltr'>cidarim</span> <span class='ocrx_word' id='word_1_539' title='bbox 1281 3395 1546 3450; x_wconf 88' lang='lat' dir='ltr'>mundam</span> <span class='ocrx_word' id='word_1_540' title='bbox 1573 3411 1737 3466; x_wconf 87' lang='lat' dir='ltr'>super</span> <span class='ocrx_word' id='word_1_541' title='bbox 1763 3406 1924 3467; x_wconf 86' lang='lat' dir='ltr'>caput</span> <span class='ocrx_word' id='word_1_542' title='bbox 1953 3399 2089 3469; x_wconf 87' lang='lat' dir='ltr'>ejus,</span> 
     </span>
    </p>
   </div>
   <div class='ocr_carea' id='block_1_68' title="bbox 445 3483 2090 3541">
    <p class='ocr_par' dir='ltr' id='par_1_68' title="bbox 445 3483 2090 3541">
     <span class='ocr_line' id='line_1_68' title="bbox 445 3483 2090 3541; baseline 0.001 -1"><span class='ocrx_word' id='word_1_543' title='bbox 445 3491 499 3540; x_wconf 88' lang='lat' dir='ltr'>et</span> <span class='ocrx_word' id='word_1_544' title='bbox 524 3483 822 3540; x_wconf 86' lang='lat' dir='ltr'>induerunt</span> <span class='ocrx_word' id='word_1_545' title='bbox 838 3500 964 3540; x_wconf 89' lang='lat' dir='ltr'>eum</span> <span class='ocrx_word' id='word_1_546' title='bbox 982 3484 1236 3540; x_wconf 86' lang='lat' dir='ltr'>vestibus.</span> <span class='ocrx_word' id='word_1_547' title='bbox 1261 3485 1401 3539; x_wconf 89' lang='lat' dir='ltr'>LXX</span> <span class='ocrx_word' id='word_1_548' title='bbox 1431 3500 1445 3539; x_wconf 86' lang='lat'><strong>:</strong></span> <span class='ocrx_word' id='word_1_549' title='bbox 1480 3485 1544 3538; x_wconf 89' lang='lat' dir='ltr'>Et</span> <span class='ocrx_word' id='word_1_550' title='bbox 1571 3483 1801 3540; x_wconf 86' lang='lat' dir='ltr'>ostendit</span> <span class='ocrx_word' id='word_1_551' title='bbox 1823 3484 1965 3540; x_wconf 86' lang='lat' dir='ltr'>mihi</span> <span class='ocrx_word' id='word_1_552' title='bbox 1988 3487 2090 3541; x_wconf 91' lang='lat' dir='ltr'>Do-</span> 
     </span>
    </p>
   </div>
   <div class='ocr_carea' id='block_1_69' title="bbox 443 3573 2092 3643">
    <p class='ocr_par' dir='ltr' id='par_1_69' title="bbox 443 3573 2092 3643">
     <span class='ocr_line' id='line_1_69' title="bbox 443 3573 2092 3643; baseline 0 -15"><span class='ocrx_word' id='word_1_553' title='bbox 443 3574 628 3629; x_wconf 88' lang='lat' dir='ltr'>minus</span> <span class='ocrx_word' id='word_1_554' title='bbox 651 3575 835 3630; x_wconf 88' lang='lat' dir='ltr'>Jesum</span> <span class='ocrx_word' id='word_1_555' title='bbox 853 3573 1184 3629; x_wconf 86' lang='lat' dir='ltr'>sacerdotem</span> <span class='ocrx_word' id='word_1_556' title='bbox 1197 3574 1720 3643; x_wconf 74' lang='lat' dir='ltr'>magnum,stantem</span> <span class='ocrx_word' id='word_1_557' title='bbox 1739 3579 1875 3628; x_wconf 84' lang='lat' dir='ltr'>ante</span> <span class='ocrx_word' id='word_1_558' title='bbox 1891 3574 2092 3643; x_wconf 82' lang='lat' dir='ltr'>faciem</span> 
     </span>
    </p>
   </div>
   <div class='ocr_carea' id='block_1_70' title="bbox 446 3659 2088 3734">
    <p class='ocr_par' dir='ltr' id='par_1_70' title="bbox 446 3659 2088 3734">
     <span class='ocr_line' id='line_1_70' title="bbox 446 3659 2088 3734; baseline -0.001 -16"><span class='ocrx_word' id='word_1_559' title='bbox 446 3663 634 3734; x_wconf 85' lang='lat' dir='ltr'>angeli</span> <span class='ocrx_word' id='word_1_560' title='bbox 663 3664 961 3728; x_wconf 85' lang='lat' dir='ltr'>Domini,et</span> <span class='ocrx_word' id='word_1_561' title='bbox 987 3659 1244 3717; x_wconf 80' lang='lat' dir='ltr'>diabolus</span> <span class='ocrx_word' id='word_1_562' title='bbox 1261 3661 1440 3715; x_wconf 84' lang='lat' dir='ltr'>stabat</span> <span class='ocrx_word' id='word_1_563' title='bbox 1461 3676 1499 3715; x_wconf 94' lang='lat' dir='ltr'>a</span> <span class='ocrx_word' id='word_1_564' title='bbox 1513 3661 1730 3716; x_wconf 88' lang='lat' dir='ltr'>dextris</span> <span class='ocrx_word' id='word_1_565' title='bbox 1753 3663 1892 3732; x_wconf 87' lang='lat' dir='ltr'>ejus,</span> <span class='ocrx_word' id='word_1_566' title='bbox 1906 3671 1969 3717; x_wconf 89' lang='lat' dir='ltr'>ut</span> <span class='ocrx_word' id='word_1_567' title='bbox 1991 3663 2088 3717; x_wconf 91' lang='lat' dir='ltr'>ad-</span> 
     </span>
    </p>
   </div>
   <div class='ocr_carea' id='block_1_71' title="bbox 447 3749 2092 3822">
    <p class='ocr_par' dir='ltr' id='par_1_71' title="bbox 447 3749 2092 3822">
     <span class='ocr_line' id='line_1_71' title="bbox 447 3749 2092 3822; baseline 0 -16"><span class='ocrx_word' id='word_1_568' title='bbox 447 3756 756 3808; x_wconf 88' lang='lat' dir='ltr'>versaretur</span> <span class='ocrx_word' id='word_1_569' title='bbox 769 3753 820 3806; x_wconf 91' lang='lat' dir='ltr'>ei</span> <span class='ocrx_word' id='word_1_570' title='bbox 827 3793 840 3805; x_wconf 93' lang='lat'>.</span> <span class='ocrx_word' id='word_1_571' title='bbox 863 3753 928 3806; x_wconf 85' lang='lat' dir='ltr'>Et</span> <span class='ocrx_word' id='word_1_572' title='bbox 941 3751 1087 3806; x_wconf 83' lang='lat' dir='ltr'>dixit</span> <span class='ocrx_word' id='word_1_573' title='bbox 1120 3751 1378 3806; x_wconf 89' lang='lat' dir='ltr'>Dominus</span> <span class='ocrx_word' id='word_1_574' title='bbox 1403 3749 1478 3804; x_wconf 81' lang='lat' dir='ltr'>ad</span> <span class='ocrx_word' id='word_1_575' title='bbox 1499 3750 1784 3806; x_wconf 87' lang='lat' dir='ltr'>diabolum</span> <span class='ocrx_word' id='word_1_576' title='bbox 1805 3768 1824 3804; x_wconf 89' lang='lat'><em>:</em></span> <span class='ocrx_word' id='word_1_577' title='bbox 1846 3753 2092 3822; x_wconf 80' lang='lat' dir='ltr'>Increpet</span> 
     </span>
    </p>
   </div>
   <div class='ocr_carea' id='block_1_72' title="bbox 446 3839 2093 3911">
    <p class='ocr_par' dir='ltr' id='par_1_72' title="bbox 446 3839 2093 3911">
     <span class='ocr_line' id='line_1_72' title="bbox 446 3839 2093 3911; baseline -0.001 -16"><span class='ocrx_word' id='word_1_578' title='bbox 446 3839 712 3896; x_wconf 85' lang='lat' dir='ltr'>Dominus</span> <span class='ocrx_word' id='word_1_579' title='bbox 743 3841 803 3894; x_wconf 87' lang='lat' dir='ltr'>in</span> <span class='ocrx_word' id='word_1_580' title='bbox 826 3848 897 3898; x_wconf 87' lang='lat' dir='ltr'>te.</span> <span class='ocrx_word' id='word_1_581' title='bbox 928 3839 1162 3903; x_wconf 86' lang='lat' dir='ltr'>diabole,</span> <span class='ocrx_word' id='word_1_582' title='bbox 1192 3846 1244 3894; x_wconf 88' lang='lat' dir='ltr'>et</span> <span class='ocrx_word' id='word_1_583' title='bbox 1271 3840 1517 3911; x_wconf 87' lang='lat' dir='ltr'>increpet</span> <span class='ocrx_word' id='word_1_584' title='bbox 1539 3839 1600 3893; x_wconf 90' lang='lat' dir='ltr'>in</span> <span class='ocrx_word' id='word_1_585' title='bbox 1623 3845 1672 3894; x_wconf 92' lang='lat' dir='ltr'>te</span> <span class='ocrx_word' id='word_1_586' title='bbox 1702 3840 1966 3894; x_wconf 89' lang='lat' dir='ltr'>Dominus</span> <span class='ocrx_word' id='word_1_587' title='bbox 1997 3841 2093 3911; x_wconf 89' lang='lat' dir='ltr'>qui</span> 
     </span>
    </p>
   </div>
   <div class='ocr_carea' id='block_1_73' title="bbox 447 3928 2091 4000">
    <p class='ocr_par' dir='ltr' id='par_1_73' title="bbox 447 3928 2091 4000">
     <span class='ocr_line' id='line_1_73' title="bbox 447 3928 2091 4000; baseline -0.001 -15"><span class='ocrx_word' id='word_1_588' title='bbox 447 3930 612 4000; x_wconf 83' lang='lat' dir='ltr'>elegit</span> <span class='ocrx_word' id='word_1_589' title='bbox 639 3929 962 3985; x_wconf 84' lang='lat' dir='ltr'>Jerusalem.</span> <span class='ocrx_word' id='word_1_590' title='bbox 995 3929 1187 3983; x_wconf 88' lang='lat' dir='ltr'>Nonne</span> <span class='ocrx_word' id='word_1_591' title='bbox 1214 3930 1312 3983; x_wconf 88' lang='lat' dir='ltr'>iste</span> <span class='ocrx_word' id='word_1_592' title='bbox 1339 3936 1397 3982; x_wconf 90' lang='lat' dir='ltr'>ut</span> <span class='ocrx_word' id='word_1_593' title='bbox 1428 3929 1591 3983; x_wconf 88' lang='lat' dir='ltr'>torris</span> <span class='ocrx_word' id='word_1_594' title='bbox 1620 3936 1701 3983; x_wconf 90' lang='lat' dir='ltr'>est</span> <span class='ocrx_word' id='word_1_595' title='bbox 1729 3928 1884 3983; x_wconf 82' lang='lat'>800</span> <span class='ocrx_word' id='word_1_596' title='bbox 1903 3933 2091 3984; x_wconf 88' lang='lat' dir='ltr'>erutus</span> 
     </span>
    </p>
   </div>
   <div class='ocr_carea' id='block_1_74' title="bbox 446 4016 2092 4088">
    <p class='ocr_par' dir='ltr' id='par_1_74' title="bbox 446 4016 2092 4088">
     <span class='ocr_line' id='line_1_74' title="bbox 446 4016 2092 4088; baseline 0.001 -17"><span class='ocrx_word' id='word_1_597' title='bbox 446 4016 511 4071; x_wconf 90' lang='lat' dir='ltr'>de</span> <span class='ocrx_word' id='word_1_598' title='bbox 541 4018 665 4088; x_wconf 90' lang='lat' dir='ltr'>igne</span> <span class='ocrx_word' id='word_1_599' title='bbox 690 4017 718 4071; x_wconf 80' lang='lat' dir='ltr'>‘I</span> <span class='ocrx_word' id='word_1_600' title='bbox 748 4021 815 4072; x_wconf 88' lang='lat' dir='ltr'>Et</span> <span class='ocrx_word' id='word_1_601' title='bbox 861 4019 1013 4072; x_wconf 76' lang='lat' dir='ltr'>Iesus</span> <span class='ocrx_word' id='word_1_602' title='bbox 1060 4016 1285 4071; x_wconf 88' lang='lat' dir='ltr'>indutus</span> <span class='ocrx_word' id='word_1_603' title='bbox 1312 4020 1430 4071; x_wconf 89' lang='lat' dir='ltr'>erat</span> <span class='ocrx_word' id='word_1_604' title='bbox 1476 4017 1709 4072; x_wconf 75' lang='lat' dir='ltr'>vestibus</span> <span class='ocrx_word' id='word_1_605' title='bbox 1753 4017 2006 4087; x_wconf 89' lang='lat' dir='ltr'>sordidis,</span> <span class='ocrx_word' id='word_1_606' title='bbox 2039 4021 2092 4073; x_wconf 84' lang='lat' dir='ltr'>et</span> 
     </span>
    </p>
   </div>
   <div class='ocr_carea' id='block_1_75' title="bbox 446 4105 2088 4175">
    <p class='ocr_par' dir='ltr' id='par_1_75' title="bbox 446 4105 2088 4175">
     <span class='ocr_line' id='line_1_75' title="bbox 446 4105 2088 4175; baseline 0 -15"><span class='ocrx_word' id='word_1_607' title='bbox 446 4105 625 4160; x_wconf 87' lang='lat' dir='ltr'>stabat</span> <span class='ocrx_word' id='word_1_608' title='bbox 653 4109 778 4160; x_wconf 89' lang='lat' dir='ltr'>ante</span> <span class='ocrx_word' id='word_1_609' title='bbox 795 4107 997 4175; x_wconf 84' lang='lat' dir='ltr'>faciem</span> <span class='ocrx_word' id='word_1_610' title='bbox 1023 4105 1227 4175; x_wconf 87' lang='lat' dir='ltr'>angeli,</span> <span class='ocrx_word' id='word_1_611' title='bbox 1241 4109 1292 4160; x_wconf 85' lang='lat' dir='ltr'>et</span> <span class='ocrx_word' id='word_1_612' title='bbox 1319 4105 1616 4172; x_wconf 86' lang='lat' dir='ltr'>respondit,</span> <span class='ocrx_word' id='word_1_613' title='bbox 1634 4109 1683 4160; x_wconf 88' lang='lat' dir='ltr'>et</span> <span class='ocrx_word' id='word_1_614' title='bbox 1705 4107 1784 4161; x_wconf 90' lang='lat' dir='ltr'>ait</span> <span class='ocrx_word' id='word_1_615' title='bbox 1804 4106 1874 4161; x_wconf 91' lang='lat' dir='ltr'>ad</span> <span class='ocrx_word' id='word_1_616' title='bbox 1904 4114 2088 4162; x_wconf 88' lang='lat' dir='ltr'>astan-</span> 
     </span>
    </p>
   </div>
   <div class='ocr_carea' id='block_1_76' title="bbox 447 4193 2092 4264">
    <p class='ocr_par' dir='ltr' id='par_1_76' title="bbox 447 4193 2092 4264">
     <span class='ocr_line' id='line_1_76' title="bbox 447 4193 2092 4264; baseline 0.001 -16"><span class='ocrx_word' id='word_1_617' title='bbox 447 4197 526 4248; x_wconf 89' lang='lat' dir='ltr'>tes</span> <span class='ocrx_word' id='word_1_618' title='bbox 547 4209 730 4247; x_wconf 84' lang='lat' dir='ltr'>coram</span> <span class='ocrx_word' id='word_1_619' title='bbox 750 4195 892 4263; x_wconf 88' lang='lat' dir='ltr'>facie</span> <span class='ocrx_word' id='word_1_620' title='bbox 908 4209 1035 4258; x_wconf 84' lang='lat' dir='ltr'>sua,</span> <span class='ocrx_word' id='word_1_621' title='bbox 1054 4193 1268 4248; x_wconf 86' lang='lat' dir='ltr'>dicens:</span> <span class='ocrx_word' id='word_1_622' title='bbox 1290 4195 1512 4264; x_wconf 81' lang='lat' dir='ltr'>Auferte</span> <span class='ocrx_word' id='word_1_623' title='bbox 1530 4198 1848 4250; x_wconf 85' lang='lat' dir='ltr'>vestimenta</span> <span class='ocrx_word' id='word_1_624' title='bbox 1869 4195 2092 4251; x_wconf 89' lang='lat' dir='ltr'>sordida</span> 
     </span>
    </p>
   </div>
   <div class='ocr_carea' id='block_1_77' title="bbox 449 4280 2092 4354">
    <p class='ocr_par' dir='ltr' id='par_1_77' title="bbox 449 4280 2092 4354">
     <span class='ocr_line' id='line_1_77' title="bbox 449 4280 2092 4354; baseline 0.002 -20"><span class='ocrx_word' id='word_1_625' title='bbox 449 4280 517 4336; x_wconf 90' lang='lat' dir='ltr'>ab</span> <span class='ocrx_word' id='word_1_626' title='bbox 549 4296 629 4336; x_wconf 85' lang='lat' dir='ltr'>eo.</span> <span class='ocrx_word' id='word_1_627' title='bbox 662 4281 725 4335; x_wconf 89' lang='lat' dir='ltr'>Et</span> <span class='ocrx_word' id='word_1_628' title='bbox 763 4281 909 4337; x_wconf 87' lang='lat' dir='ltr'>dixit</span> <span class='ocrx_word' id='word_1_629' title='bbox 935 4281 1006 4336; x_wconf 91' lang='lat' dir='ltr'>ad</span> <span class='ocrx_word' id='word_1_630' title='bbox 1035 4297 1160 4336; x_wconf 88' lang='lat' dir='ltr'>eum</span> <span class='ocrx_word' id='word_1_631' title='bbox 1184 4299 1203 4337; x_wconf 89' lang='lat'><strong><em>:</em></strong></span> <span class='ocrx_word' id='word_1_632' title='bbox 1233 4283 1364 4337; x_wconf 88' lang='lat' dir='ltr'>Ecce</span> <span class='ocrx_word' id='word_1_633' title='bbox 1395 4283 1599 4337; x_wconf 89' lang='lat' dir='ltr'>abstuli</span> <span class='ocrx_word' id='word_1_634' title='bbox 1625 4300 1661 4338; x_wconf 91' lang='lat' dir='ltr'>a</span> <span class='ocrx_word' id='word_1_635' title='bbox 1689 4291 1745 4338; x_wconf 82' lang='lat' dir='ltr'>te</span> <span class='ocrx_word' id='word_1_636' title='bbox 1774 4285 2092 4354; x_wconf 86' lang='lat' dir='ltr'>iniquitates</span> 
     </span>
    </p>
   </div>
   <div class='ocr_carea' id='block_1_78' title="bbox 449 4369 2092 4443">
    <p class='ocr_par' dir='ltr' id='par_1_78' title="bbox 449 4369 2092 4443">
     <span class='ocr_line' id='line_1_78' title="bbox 449 4369 2092 4443; baseline 0.001 -18"><span class='ocrx_word' id='word_1_637' title='bbox 449 4374 612 4433; x_wconf 84' lang='lat' dir='ltr'>tuas;</span> <span class='ocrx_word' id='word_1_638' title='bbox 642 4379 692 4426; x_wconf 91' lang='lat' dir='ltr'>et</span> <span class='ocrx_word' id='word_1_639' title='bbox 736 4369 947 4426; x_wconf 85' lang='lat' dir='ltr'>induite</span> <span class='ocrx_word' id='word_1_640' title='bbox 971 4386 1095 4425; x_wconf 89' lang='lat' dir='ltr'>eum</span> <span class='ocrx_word' id='word_1_641' title='bbox 1141 4370 1418 4443; x_wconf 86' lang='lat' dir='ltr'>poderem,</span> <span class='ocrx_word' id='word_1_642' title='bbox 1448 4375 1502 4426; x_wconf 90' lang='lat' dir='ltr'>et</span> <span class='ocrx_word' id='word_1_643' title='bbox 1551 4372 1813 4443; x_wconf 83' lang='lat' dir='ltr'>imponite</span> <span class='ocrx_word' id='word_1_644' title='bbox 1849 4372 2092 4428; x_wconf 90' lang='lat' dir='ltr'>cidarim</span> 
     </span>
    </p>
   </div>
   <div class='ocr_carea' id='block_1_79' title="bbox 441 4459 2089 4532">
    <p class='ocr_par' dir='ltr' id='par_1_79' title="bbox 441 4459 2089 4532">
     <span class='ocr_line' id='line_1_79' title="bbox 441 4459 2089 4532; baseline 0.001 -17"><span class='ocrx_word' id='word_1_645' title='bbox 441 4459 706 4515; x_wconf 85' lang='lat' dir='ltr'>mundam</span> <span class='ocrx_word' id='word_1_646' title='bbox 753 4474 916 4530; x_wconf 87' lang='lat' dir='ltr'>super</span> <span class='ocrx_word' id='word_1_647' title='bbox 961 4463 1124 4532; x_wconf 83' lang='lat' dir='ltr'>caput</span> <span class='ocrx_word' id='word_1_648' title='bbox 1163 4461 1301 4526; x_wconf 76' lang='lat' dir='ltr'>eius,</span> <span class='ocrx_word' id='word_1_649' title='bbox 1332 4464 1383 4516; x_wconf 88' lang='lat' dir='ltr'>et</span> <span class='ocrx_word' id='word_1_650' title='bbox 1432 4461 1810 4532; x_wconf 85' lang='lat' dir='ltr'>imposuerunt</span> <span class='ocrx_word' id='word_1_651' title='bbox 1854 4462 2089 4517; x_wconf 90' lang='lat' dir='ltr'>cidarim</span> 
     </span>
    </p>
   </div>
   <div class='ocr_carea' id='block_1_80' title="bbox 2199 3302 3757 3381">
    <p class='ocr_par' dir='ltr' id='par_1_80' title="bbox 2199 3302 3757 3381">
     <span class='ocr_line' id='line_1_80' title="bbox 2199 3302 3757 3381; baseline -0.003 -18"><span class='ocrx_word' id='word_1_652' title='bbox 2199 3325 2354 3375; x_wconf 89' lang='lat' dir='ltr'>num,</span> <span class='ocrx_word' id='word_1_653' title='bbox 2405 3309 2702 3364; x_wconf 86' lang='lat' dir='ltr'>secundum</span> <span class='ocrx_word' id='word_1_654' title='bbox 2757 3310 3007 3366; x_wconf 87' lang='lat' dir='ltr'>ordinem</span> <span class='ocrx_word' id='word_1_655' title='bbox 3056 3310 3406 3367; x_wconf 81' lang='lat' dir='ltr'>Melchisedec</span> <span class='ocrx_word' id='word_1_656' title='bbox 3449 3309 3550 3381; x_wconf 89' lang='lat' dir='ltr'>(Ps.</span> <span class='ocrx_word' id='word_1_657' title='bbox 3597 3321 3684 3371; x_wconf 78' lang='lat' dir='ltr'>cxx,</span> <span class='ocrx_word' id='word_1_658' title='bbox 3707 3302 3757 3368; x_wconf 72' lang='grc'>4).</span> 
     </span>
    </p>
   </div>
   <div class='ocr_carea' id='block_1_81' title="bbox 2198 3390 3758 3472">
    <p class='ocr_par' dir='ltr' id='par_1_81' title="bbox 2198 3390 3758 3472">
     <span class='ocr_line' id='line_1_81' title="bbox 2198 3390 3758 3472; baseline -0.006 -20"><span class='ocrx_word' id='word_1_659' title='bbox 2198 3396 2308 3461; x_wconf 89' lang='lat' dir='ltr'>Qui</span> <span class='ocrx_word' id='word_1_660' title='bbox 2339 3397 2616 3469; x_wconf 89' lang='lat' dir='ltr'>quoniam</span> <span class='ocrx_word' id='word_1_661' title='bbox 2665 3413 2770 3470; x_wconf 92' lang='lat' dir='ltr'>per</span> <span class='ocrx_word' id='word_1_662' title='bbox 2811 3414 2873 3454; x_wconf 92' lang='lat' dir='ltr'>se</span> <span class='ocrx_word' id='word_1_663' title='bbox 2901 3399 3084 3455; x_wconf 90' lang='lat' dir='ltr'>videri</span> <span class='ocrx_word' id='word_1_664' title='bbox 3128 3415 3250 3455; x_wconf 92' lang='lat' dir='ltr'>non</span> <span class='ocrx_word' id='word_1_665' title='bbox 3282 3402 3483 3472; x_wconf 88' lang='lat' dir='ltr'>potest,</span> <span class='ocrx_word' id='word_1_666' title='bbox 3511 3415 3541 3452; x_wconf 87' lang='lat' dir='ltr'>a</span> <span class='ocrx_word' id='word_1_667' title='bbox 3581 3390 3758 3449; x_wconf 88' lang='lat' dir='ltr'>Domino</span> 
     </span>
    </p>
   </div>
   <div class='ocr_carea' id='block_1_82' title="bbox 2201 3477 3758 3560">
    <p class='ocr_par' dir='ltr' id='par_1_82' title="bbox 2201 3477 3758 3560">
     <span class='ocr_line' id='line_1_82' title="bbox 2201 3477 3758 3560; baseline 0.001 -19"><span class='ocrx_word' id='word_1_668' title='bbox 2201 3485 2497 3558; x_wconf 73' lang='lat' dir='ltr'>prophetas</span> <span class='ocrx_word' id='word_1_669' title='bbox 2531 3487 2862 3542; x_wconf 90' lang='lat' dir='ltr'>ostenditur</span> <span class='ocrx_word' id='word_1_670' title='bbox 2915 3492 3080 3544; x_wconf 88' lang='lat' dir='ltr'>stans</span> <span class='ocrx_word' id='word_1_671' title='bbox 3109 3504 3314 3544; x_wconf 89' lang='lat' dir='ltr'>coram</span> <span class='ocrx_word' id='word_1_672' title='bbox 3361 3486 3548 3560; x_wconf 87' lang='lat' dir='ltr'>angelo</span> <span class='ocrx_word' id='word_1_673' title='bbox 3576 3477 3758 3541; x_wconf 66' lang='lat' dir='ltr'>Domini.</span> 
     </span>
    </p>
   </div>
   <div class='ocr_carea' id='block_1_83' title="bbox 2201 3564 3759 3650">
    <p class='ocr_par' dir='ltr' id='par_1_83' title="bbox 2201 3564 3759 3650">
     <span class='ocr_line' id='line_1_83' title="bbox 2201 3564 3759 3650; baseline -0.003 -19"><span class='ocrx_word' id='word_1_674' title='bbox 2201 3591 2377 3647; x_wconf 90' lang='lat' dir='ltr'>quem</span> <span class='ocrx_word' id='word_1_675' title='bbox 2401 3575 2600 3631; x_wconf 84' lang='lat' dir='ltr'>volunt</span> <span class='ocrx_word' id='word_1_676' title='bbox 2615 3575 2813 3647; x_wconf 88' lang='lat' dir='ltr'>magni</span> <span class='ocrx_word' id='word_1_677' title='bbox 2835 3577 3061 3632; x_wconf 90' lang='lat' dir='ltr'>consilii</span> <span class='ocrx_word' id='word_1_678' title='bbox 3084 3593 3215 3633; x_wconf 88' lang='lat' dir='ltr'>esse</span> <span class='ocrx_word' id='word_1_679' title='bbox 3243 3576 3524 3650; x_wconf 89' lang='lat' dir='ltr'>angelum,</span> <span class='ocrx_word' id='word_1_680' title='bbox 3545 3589 3636 3628; x_wconf 91' lang='lat' dir='ltr'>non</span> <span class='ocrx_word' id='word_1_681' title='bbox 3651 3564 3759 3641; x_wconf 79' lang='lat' dir='ltr'>quod</span> 
     </span>
    </p>
   </div>
   <div class='ocr_carea' id='block_1_84' title="bbox 2201 3653 3759 3738">
    <p class='ocr_par' dir='ltr' id='par_1_84' title="bbox 2201 3653 3759 3738">
     <span class='ocr_line' id='line_1_84' title="bbox 2201 3653 3759 3738; baseline -0.008 -19"><span class='ocrx_word' id='word_1_682' title='bbox 2201 3663 2346 3719; x_wconf 89' lang='lat' dir='ltr'>alter</span> <span class='ocrx_word' id='word_1_683' title='bbox 2373 3668 2430 3719; x_wconf 89' lang='lat' dir='ltr'>et</span> <span class='ocrx_word' id='word_1_684' title='bbox 2460 3663 2606 3720; x_wconf 90' lang='lat' dir='ltr'>alter</span> <span class='ocrx_word' id='word_1_685' title='bbox 2634 3665 2732 3730; x_wconf 90' lang='lat' dir='ltr'>sit,</span> <span class='ocrx_word' id='word_1_686' title='bbox 2766 3669 2868 3720; x_wconf 92' lang='lat' dir='ltr'>aut</span> <span class='ocrx_word' id='word_1_687' title='bbox 2909 3666 3058 3722; x_wconf 90' lang='lat' dir='ltr'>duas</span> <span class='ocrx_word' id='word_1_688' title='bbox 3090 3683 3374 3738; x_wconf 85' lang='lat' dir='ltr'>personas</span> <span class='ocrx_word' id='word_1_689' title='bbox 3402 3663 3698 3734; x_wconf 84' lang='lat' dir='ltr'>recipiamus</span> <span class='ocrx_word' id='word_1_690' title='bbox 3720 3653 3759 3708; x_wconf 89' lang='lat' dir='ltr'>in</span> 
     </span>
    </p>
   </div>
   <div class='ocr_carea' id='block_1_85' title="bbox 2202 3747 3761 3826">
    <p class='ocr_par' dir='ltr' id='par_1_85' title="bbox 2202 3747 3761 3826">
     <span class='ocr_line' id='line_1_85' title="bbox 2202 3747 3761 3826; baseline -0.008 -18"><span class='ocrx_word' id='word_1_691' title='bbox 2202 3752 2382 3808; x_wconf 91' lang='lat' dir='ltr'>Filio:</span> <span class='ocrx_word' id='word_1_692' title='bbox 2417 3753 2517 3808; x_wconf 90' lang='lat' dir='ltr'>sed</span> <span class='ocrx_word' id='word_1_693' title='bbox 2550 3754 2703 3824; x_wconf 92' lang='lat' dir='ltr'>quod</span> <span class='ocrx_word' id='word_1_694' title='bbox 2752 3753 2908 3810; x_wconf 90' lang='lat' dir='ltr'>idem</span> <span class='ocrx_word' id='word_1_695' title='bbox 2953 3759 3128 3826; x_wconf 88' lang='lat' dir='ltr'>atque</span> <span class='ocrx_word' id='word_1_696' title='bbox 3161 3772 3343 3822; x_wconf 89' lang='lat' dir='ltr'>unus,</span> <span class='ocrx_word' id='word_1_697' title='bbox 3371 3757 3427 3810; x_wconf 87' lang='lat' dir='ltr'>et</span> <span class='ocrx_word' id='word_1_698' title='bbox 3472 3748 3615 3825; x_wconf 83' lang='lat' dir='ltr'>quasi</span> <span class='ocrx_word' id='word_1_699' title='bbox 3638 3747 3761 3802; x_wconf 87' lang='lat' dir='ltr'>homo</span> 
     </span>
    </p>
   </div>
   <div class='ocr_carea' id='block_1_86' title="bbox 2201 3834 3763 3913">
    <p class='ocr_par' dir='ltr' id='par_1_86' title="bbox 2201 3834 3763 3913">
     <span class='ocr_line' id='line_1_86' title="bbox 2201 3834 3763 3913; baseline -0.007 -17"><span class='ocrx_word' id='word_1_700' title='bbox 2201 3841 2537 3896; x_wconf 88' lang='lat' dir='ltr'>sordidatus</span> <span class='ocrx_word' id='word_1_701' title='bbox 2585 3842 2934 3907; x_wconf 88' lang='lat' dir='ltr'>ostenditur,</span> <span class='ocrx_word' id='word_1_702' title='bbox 2965 3847 3021 3897; x_wconf 91' lang='lat' dir='ltr'>et</span> <span class='ocrx_word' id='word_1_703' title='bbox 3053 3843 3220 3913; x_wconf 85' lang='lat' dir='ltr'>quasi</span> <span class='ocrx_word' id='word_1_704' title='bbox 3277 3841 3507 3913; x_wconf 88' lang='lat' dir='ltr'>angelus</span> <span class='ocrx_word' id='word_1_705' title='bbox 3551 3834 3763 3893; x_wconf 81' lang='lat' dir='ltr'>mediator</span> 
     </span>
    </p>
   </div>
   <div class='ocr_carea' id='block_1_87' title="bbox 2201 3929 3762 4002">
    <p class='ocr_par' dir='ltr' id='par_1_87' title="bbox 2201 3929 3762 4002">
     <span class='ocr_line' id='line_1_87' title="bbox 2201 3929 3762 4002; baseline -0.004 -18"><span class='ocrx_word' id='word_1_706' title='bbox 2201 3929 2508 3985; x_wconf 90' lang='lat' dir='ltr'>hominum</span> <span class='ocrx_word' id='word_1_707' title='bbox 2541 3935 2599 3985; x_wconf 88' lang='lat' dir='ltr'>et</span> <span class='ocrx_word' id='word_1_708' title='bbox 2627 3930 2729 3986; x_wconf 88' lang='lat' dir='ltr'>Dei</span> <span class='ocrx_word' id='word_1_709' title='bbox 2752 3947 3032 4002; x_wconf 87' lang='lat' dir='ltr'>apparere</span> <span class='ocrx_word' id='word_1_710' title='bbox 3061 3931 3317 3987; x_wconf 87' lang='lat' dir='ltr'>dicatur.</span> <span class='ocrx_word' id='word_1_711' title='bbox 3340 3932 3460 3987; x_wconf 89' lang='lat' dir='ltr'>Non</span> <span class='ocrx_word' id='word_1_712' title='bbox 3487 3931 3651 3984; x_wconf 84' lang='lat' dir='ltr'>autem</span> <span class='ocrx_word' id='word_1_713' title='bbox 3674 3933 3762 3977; x_wconf 77' lang='lat' dir='ltr'>esse</span> 
     </span>
    </p>
   </div>
   <div class='ocr_carea' id='block_1_88' title="bbox 2199 4010 3762 4085">
    <p class='ocr_par' dir='ltr' id='par_1_88' title="bbox 2199 4010 3762 4085">
     <span class='ocr_line' id='line_1_88' title="bbox 2199 4010 3762 4085; baseline -0.003 -11"><span class='ocrx_word' id='word_1_714' title='bbox 2199 4018 2400 4074; x_wconf 85' lang='lat' dir='ltr'>Jesum</span> <span class='ocrx_word' id='word_1_715' title='bbox 2441 4017 2627 4073; x_wconf 78' lang='lat' dir='ltr'>tilium</span> <span class='ocrx_word' id='word_1_716' title='bbox 2676 4020 2939 4085; x_wconf 86' lang='lat' dir='ltr'>Josedec,</span> <span class='ocrx_word' id='word_1_717' title='bbox 2970 4037 3040 4075; x_wconf 86' lang='lat' dir='ltr'>ex</span> <span class='ocrx_word' id='word_1_718' title='bbox 3069 4020 3178 4076; x_wconf 89' lang='lat' dir='ltr'>hoc</span> <span class='ocrx_word' id='word_1_719' title='bbox 3208 4024 3490 4076; x_wconf 87' lang='lat' dir='ltr'>conantur</span> <span class='ocrx_word' id='word_1_720' title='bbox 3514 4010 3762 4072; x_wconf 61' lang='lat' dir='ltr'>ostendere,</span> 
     </span>
    </p>
   </div>
   <div class='ocr_carea' id='block_1_89' title="bbox 2201 4097 3764 4180">
    <p class='ocr_par' dir='ltr' id='par_1_89' title="bbox 2201 4097 3764 4180">
     <span class='ocr_line' id='line_1_89' title="bbox 2201 4097 3764 4180; baseline -0.005 -20"><span class='ocrx_word' id='word_1_721' title='bbox 2201 4106 2356 4177; x_wconf 91' lang='lat' dir='ltr'>quod</span> <span class='ocrx_word' id='word_1_722' title='bbox 2388 4122 2503 4161; x_wconf 92' lang='lat' dir='ltr'>non</span> <span class='ocrx_word' id='word_1_723' title='bbox 2536 4107 2614 4161; x_wconf 89' lang='lat' dir='ltr'>sit</span> <span class='ocrx_word' id='word_1_724' title='bbox 2641 4107 2977 4178; x_wconf 87' lang='lat' dir='ltr'>appositum</span> <span class='ocrx_word' id='word_1_725' title='bbox 3006 4107 3066 4162; x_wconf 91' lang='lat' dir='ltr'>in</span> <span class='ocrx_word' id='word_1_726' title='bbox 3098 4107 3372 4180; x_wconf 65' lang='lat' dir='ltr'>praesenti</span> <span class='ocrx_word' id='word_1_727' title='bbox 3401 4107 3534 4169; x_wconf 92' lang='lat' dir='ltr'>loco,</span> <span class='ocrx_word' id='word_1_728' title='bbox 3559 4103 3680 4174; x_wconf 79' lang='lat' dir='ltr'>ﬁlius</span> <span class='ocrx_word' id='word_1_729' title='bbox 3697 4097 3764 4153; x_wconf 78' lang='lat' dir='ltr'>Jo-</span> 
     </span>
    </p>
   </div>
   <div class='ocr_carea' id='block_1_90' title="bbox 2198 4185 3764 4266">
    <p class='ocr_par' dir='ltr' id='par_1_90' title="bbox 2198 4185 3764 4266">
     <span class='ocr_line' id='line_1_90' title="bbox 2198 4185 3764 4266; baseline -0.01 -17"><span class='ocrx_word' id='word_1_730' title='bbox 2198 4193 2372 4261; x_wconf 89' lang='lat' dir='ltr'>sedoc,</span> <span class='ocrx_word' id='word_1_731' title='bbox 2405 4192 2506 4266; x_wconf 91' lang='lat' dir='ltr'>qui</span> <span class='ocrx_word' id='word_1_732' title='bbox 2537 4195 2597 4248; x_wconf 91' lang='lat' dir='ltr'>in</span> <span class='ocrx_word' id='word_1_733' title='bbox 2629 4194 2762 4250; x_wconf 89' lang='lat' dir='ltr'>aliis</span> <span class='ocrx_word' id='word_1_734' title='bbox 2790 4194 2953 4262; x_wconf 90' lang='lat' dir='ltr'>locis,</span> <span class='ocrx_word' id='word_1_735' title='bbox 2986 4200 3044 4250; x_wconf 91' lang='lat' dir='ltr'>et</span> <span class='ocrx_word' id='word_1_736' title='bbox 3077 4196 3173 4251; x_wconf 90' lang='lat' dir='ltr'>ubi</span> <span class='ocrx_word' id='word_1_737' title='bbox 3203 4213 3340 4252; x_wconf 88' lang='lat' dir='ltr'>vere</span> <span class='ocrx_word' id='word_1_738' title='bbox 3364 4197 3432 4252; x_wconf 93' lang='lat' dir='ltr'>de</span> <span class='ocrx_word' id='word_1_739' title='bbox 3457 4195 3579 4250; x_wconf 85' lang='lat' dir='ltr'>Jesu</span> <span class='ocrx_word' id='word_1_740' title='bbox 3605 4185 3764 4243; x_wconf 87' lang='lat' dir='ltr'>dicitur</span> 
     </span>
    </p>
   </div>
   <div class='ocr_carea' id='block_1_91' title="bbox 2199 4278 3761 4358">
    <p class='ocr_par' dir='ltr' id='par_1_91' title="bbox 2199 4278 3761 4358">
     <span class='ocr_line' id='line_1_91' title="bbox 2199 4278 3761 4358; baseline -0.007 -21"><span class='ocrx_word' id='word_1_741' title='bbox 2199 4281 2319 4338; x_wconf 82' lang='lat' dir='ltr'>ﬁlio</span> <span class='ocrx_word' id='word_1_742' title='bbox 2357 4282 2614 4349; x_wconf 85' lang='lat' dir='ltr'>Josedec,</span> <span class='ocrx_word' id='word_1_743' title='bbox 2649 4299 2883 4355; x_wconf 90' lang='lat' dir='ltr'>semper</span> <span class='ocrx_word' id='word_1_744' title='bbox 2929 4284 3110 4356; x_wconf 89' lang='lat' dir='ltr'>patris</span> <span class='ocrx_word' id='word_1_745' title='bbox 3142 4284 3484 4358; x_wconf 87' lang='lat' dir='ltr'>cognomine</span> <span class='ocrx_word' id='word_1_746' title='bbox 3510 4278 3761 4337; x_wconf 79' lang='lat' dir='ltr'>censeatur.</span> 
     </span>
    </p>
   </div>
   <div class='ocr_carea' id='block_1_92' title="bbox 2200 4367 3761 4460">
    <p class='ocr_par' dir='ltr' id='par_1_92' title="bbox 2200 4367 3761 4460">
     <span class='ocr_line' id='line_1_92' title="bbox 2200 4367 3761 4460; baseline -0.006 -31"><span class='ocrx_word' id='word_1_747' title='bbox 2200 4373 2375 4429; x_wconf 89' lang='lat' dir='ltr'>Stans</span> <span class='ocrx_word' id='word_1_748' title='bbox 2417 4372 2598 4460; x_wconf 84' lang='lat' dir='ltr'>igitur</span> <span class='ocrx_word' id='word_1_749' title='bbox 2645 4374 2905 4428; x_wconf 90' lang='lat' dir='ltr'>cernitur</span> <span class='ocrx_word' id='word_1_750' title='bbox 2943 4375 3140 4446; x_wconf 86' lang='lat' dir='ltr'>Jesus,</span> <span class='ocrx_word' id='word_1_751' title='bbox 3172 4379 3232 4431; x_wconf 88' lang='lat' dir='ltr'>et</span> <span class='ocrx_word' id='word_1_752' title='bbox 3280 4372 3466 4431; x_wconf 91' lang='lat' dir='ltr'>stabili</span> <span class='ocrx_word' id='word_1_753' title='bbox 3510 4367 3761 4460; x_wconf 75' lang='lat' dir='ltr'>consistens</span> 
     </span>
    </p>
   </div>
   <div class='ocr_carea' id='block_1_93' title="bbox 2199 4457 3761 4535">
    <p class='ocr_par' dir='ltr' id='par_1_93' title="bbox 2199 4457 3761 4535">
     <span class='ocr_line' id='line_1_93' title="bbox 2199 4457 3761 4535; baseline -0.003 -17"><span class='ocrx_word' id='word_1_754' title='bbox 2199 4463 2386 4535; x_wconf 87' lang='lat' dir='ltr'>gradu</span> <span class='ocrx_word' id='word_1_755' title='bbox 2415 4479 2428 4517; x_wconf 87' lang='lat'><strong>:</strong></span> <span class='ocrx_word' id='word_1_756' title='bbox 2453 4457 2505 4518; x_wconf 74' lang='lat' dir='ltr'>et</span> <span class='ocrx_word' id='word_1_757' title='bbox 2533 4461 2709 4517; x_wconf 87' lang='lat' dir='ltr'>Satan</span> <span class='ocrx_word' id='word_1_758' title='bbox 2732 4463 2908 4518; x_wconf 86' lang='lat' dir='ltr'>stabat</span> <span class='ocrx_word' id='word_1_759' title='bbox 2929 4480 2963 4518; x_wconf 91' lang='lat' dir='ltr'>a</span> <span class='ocrx_word' id='word_1_760' title='bbox 2989 4463 3201 4519; x_wconf 87' lang='lat' dir='ltr'>dextris</span> <span class='ocrx_word' id='word_1_761' title='bbox 3222 4465 3362 4535; x_wconf 83' lang='lat' dir='ltr'>ejus,</span> <span class='ocrx_word' id='word_1_762' title='bbox 3377 4467 3438 4518; x_wconf 88' lang='lat' dir='ltr'>ut</span> <span class='ocrx_word' id='word_1_763' title='bbox 3463 4457 3761 4517; x_wconf 60' lang='lat' dir='ltr'>advertam?</span> 
     </span>
    </p>
   </div>
   <div class='ocr_carea' id='block_1_94' title="bbox 443 4543 3759 4636">
    <p class='ocr_par' dir='ltr' id='par_1_94' title="bbox 443 4543 3759 4636">
     <span class='ocr_line' id='line_1_94' title="bbox 443 4543 3759 4636; baseline -0 -32"><span class='ocrx_word' id='word_1_764' title='bbox 443 4549 712 4604; x_wconf 80' lang='lat' dir='ltr'>mundam</span> <span class='ocrx_word' id='word_1_765' title='bbox 739 4564 905 4619; x_wconf 88' lang='lat' dir='ltr'>super</span> <span class='ocrx_word' id='word_1_766' title='bbox 921 4553 1087 4618; x_wconf 89' lang='lat' dir='ltr'>caput</span> <span class='ocrx_word' id='word_1_767' title='bbox 1117 4550 1252 4620; x_wconf 80' lang='lat' dir='ltr'>eius,</span> <span class='ocrx_word' id='word_1_768' title='bbox 1278 4552 1329 4604; x_wconf 88' lang='lat' dir='ltr'>et</span> <span class='ocrx_word' id='word_1_769' title='bbox 1356 4549 1831 4606; x_wconf 87' lang='lat' dir='ltr'>circumdederunt</span> <span class='ocrx_word' id='word_1_770' title='bbox 1847 4566 1973 4606; x_wconf 89' lang='lat' dir='ltr'>eum</span> <span class='ocrx_word' id='word_1_771' title='bbox 1999 4566 2087 4606; x_wconf 90' lang='lat' dir='ltr'>ve-</span> <span class='ocrx_word' id='word_1_772' title='bbox 2121 4570 2169 4636; x_wconf 84' lang='lat' dir='ltr'><strong>D</strong></span> <span class='ocrx_word' id='word_1_773' title='bbox 2201 4554 2272 4609; x_wconf 89' lang='lat' dir='ltr'>ei.</span> <span class='ocrx_word' id='word_1_774' title='bbox 2306 4552 2586 4607; x_wconf 79' lang='lat' dir='ltr'>Teutalus</span> <span class='ocrx_word' id='word_1_775' title='bbox 2626 4551 2782 4607; x_wconf 90' lang='lat' dir='ltr'>enim</span> <span class='ocrx_word' id='word_1_776' title='bbox 2815 4556 2904 4607; x_wconf 91' lang='lat' dir='ltr'>est</span> <span class='ocrx_word' id='word_1_777' title='bbox 2933 4568 3036 4623; x_wconf 86' lang='lat' dir='ltr'>per</span> <span class='ocrx_word' id='word_1_778' title='bbox 3081 4568 3318 4608; x_wconf 83' lang='lat' dir='ltr'>omnem</span> <span class='ocrx_word' id='word_1_779' title='bbox 3351 4551 3568 4607; x_wconf 90' lang='lat' dir='ltr'>modum</span> 
     </span>
    </p>
   </div>
   <div class='ocr_carea' id='block_1_95' title="bbox 444 4637 2090 4712">
    <p class='ocr_par' dir='ltr' id='par_1_95' title="bbox 444 4637 2090 4712">
     <span class='ocr_line' id='line_1_95' title="bbox 444 4637 2090 4712; baseline -0.002 -17"><span class='ocrx_word' id='word_1_780' title='bbox 444 4639 734 4695; x_wconf 88' lang='lat' dir='ltr'>stimentis.</span> <span class='ocrx_word' id='word_1_781' title='bbox 749 4639 1074 4709; x_wconf 87' lang='lat' dir='ltr'>Antequam</span> <span class='ocrx_word' id='word_1_782' title='bbox 1096 4637 1400 4694; x_wconf 89' lang='lat' dir='ltr'>veniamus</span> <span class='ocrx_word' id='word_1_783' title='bbox 1413 4639 1484 4693; x_wconf 91' lang='lat' dir='ltr'>ad</span> <span class='ocrx_word' id='word_1_784' title='bbox 1506 4637 1950 4712; x_wconf 90' lang='lat' dir='ltr'>intelligentiam</span> <span class='ocrx_word' id='word_1_785' title='bbox 1975 4639 2090 4710; x_wconf 86' lang='lat' dir='ltr'>spi-</span> 
     </span>
    </p>
   </div>
   <div class='ocr_carea' id='block_1_96' title="bbox 447 4725 2092 4797">
    <p class='ocr_par' dir='ltr' id='par_1_96' title="bbox 447 4725 2092 4797">
     <span class='ocr_line' id='line_1_96' title="bbox 447 4725 2092 4797; baseline 0 -15"><span class='ocrx_word' id='word_1_786' title='bbox 447 4725 742 4792; x_wconf 87' lang='lat' dir='ltr'>ritualem,</span> <span class='ocrx_word' id='word_1_787' title='bbox 760 4728 1051 4797; x_wconf 91' lang='lat' dir='ltr'>quomodo</span> <span class='ocrx_word' id='word_1_788' title='bbox 1082 4726 1306 4782; x_wconf 72' lang='lat' dir='ltr'>Hebraei</span> <span class='ocrx_word' id='word_1_789' title='bbox 1321 4726 1516 4782; x_wconf 90' lang='lat' dir='ltr'>locum</span> <span class='ocrx_word' id='word_1_790' title='bbox 1538 4727 1718 4783; x_wconf 90' lang='lat' dir='ltr'>istum</span> <span class='ocrx_word' id='word_1_791' title='bbox 1743 4728 2092 4791; x_wconf 90' lang='lat' dir='ltr'>edisserant.</span> 
     </span>
    </p>
   </div>
   <div class='ocr_carea' id='block_1_97' title="bbox 447 4815 2095 4888">
    <p class='ocr_par' dir='ltr' id='par_1_97' title="bbox 447 4815 2095 4888">
     <span class='ocr_line' id='line_1_97' title="bbox 447 4815 2095 4888; baseline 0 -16"><span class='ocrx_word' id='word_1_792' title='bbox 447 4815 698 4872; x_wconf 80' lang='lat' dir='ltr'>strictim</span> <span class='ocrx_word' id='word_1_793' title='bbox 728 4815 1094 4888; x_wconf 89' lang='lat' dir='ltr'>breviterque</span> <span class='ocrx_word' id='word_1_794' title='bbox 1125 4815 1439 4871; x_wconf 91' lang='lat' dir='ltr'>dicendum</span> <span class='ocrx_word' id='word_1_795' title='bbox 1473 4821 1580 4873; x_wconf 88' lang='lat' dir='ltr'>est.</span> <span class='ocrx_word' id='word_1_796' title='bbox 1602 4817 1799 4872; x_wconf 90' lang='lat' dir='ltr'>Jesum</span> <span class='ocrx_word' id='word_1_797' title='bbox 1832 4817 2095 4872; x_wconf 90' lang='lat' dir='ltr'>sacerdo-</span> 
     </span>
    </p>
   </div>
   <div class='ocr_carea' id='block_1_98' title="bbox 445 4903 2097 4979">
    <p class='ocr_par' dir='ltr' id='par_1_98' title="bbox 445 4903 2097 4979">
     <span class='ocr_line' id='line_1_98' title="bbox 445 4903 2097 4979; baseline 0.001 -20"><span class='ocrx_word' id='word_1_798' title='bbox 445 4908 563 4960; x_wconf 90' lang='lat' dir='ltr'>tem</span> <span class='ocrx_word' id='word_1_799' title='bbox 597 4920 901 4976; x_wconf 90' lang='lat' dir='ltr'>magnum,</span> <span class='ocrx_word' id='word_1_800' title='bbox 935 4921 1108 4975; x_wconf 90' lang='lat' dir='ltr'>quem</span> <span class='ocrx_word' id='word_1_801' title='bbox 1135 4903 1314 4959; x_wconf 63' lang='lat' dir='ltr'>Graeci</span> <span class='ocrx_word' id='word_1_802' title='bbox 1346 4903 1622 4979; x_wconf 73' lang='grc' dir='ltr'>ἀρχιερέα,</span> <span class='ocrx_word' id='word_1_803' title='bbox 1657 4905 1843 4960; x_wconf 90' lang='lat' dir='ltr'>Latini</span> <span class='ocrx_word' id='word_1_804' title='bbox 1868 4907 2097 4977; x_wconf 80' lang='lat' dir='ltr'>pontiﬁ-</span> 
     </span>
    </p>
   </div>
   <div class='ocr_carea' id='block_1_99' title="bbox 447 4992 2094 5066">
    <p class='ocr_par' dir='ltr' id='par_1_99' title="bbox 447 4992 2094 5066">
     <span class='ocr_line' id='line_1_99' title="bbox 447 4992 2094 5066; baseline 0.001 -18"><span class='ocrx_word' id='word_1_805' title='bbox 447 5009 563 5048; x_wconf 87' lang='lat' dir='ltr'>cem</span> <span class='ocrx_word' id='word_1_806' title='bbox 592 4998 824 5060; x_wconf 91' lang='lat' dir='ltr'>vocant,</span> <span class='ocrx_word' id='word_1_807' title='bbox 845 4993 1034 5048; x_wconf 80' lang='lat' dir='ltr'>tilium</span> <span class='ocrx_word' id='word_1_808' title='bbox 1059 4993 1303 5048; x_wconf 87' lang='lat' dir='ltr'>Josedec</span> <span class='ocrx_word' id='word_1_809' title='bbox 1325 4992 1571 5065; x_wconf 80' lang='lat' dir='ltr'>intelligi</span> <span class='ocrx_word' id='word_1_810' title='bbox 1595 4993 1818 5064; x_wconf 86' lang='lat' dir='ltr'>volunt,</span> <span class='ocrx_word' id='word_1_811' title='bbox 1833 4993 1932 5066; x_wconf 93' lang='lat' dir='ltr'>qui</span> <span class='ocrx_word' id='word_1_812' title='bbox 1959 5011 2094 5050; x_wconf 91' lang='lat' dir='ltr'>cum</span> 
     </span>
    </p>
   </div>
   <div class='ocr_carea' id='block_1_100' title="bbox 448 5080 2100 5154">
    <p class='ocr_par' dir='ltr' id='par_1_100' title="bbox 448 5080 2100 5154">
     <span class='ocr_line' id='line_1_100' title="bbox 448 5080 2100 5154; baseline 0.001 -16"><span class='ocrx_word' id='word_1_813' title='bbox 448 5080 763 5138; x_wconf 89' lang='lat' dir='ltr'>Zorobabel</span> <span class='ocrx_word' id='word_1_814' title='bbox 796 5081 1007 5154; x_wconf 93' lang='lat' dir='ltr'>populo</span> <span class='ocrx_word' id='word_1_815' title='bbox 1037 5081 1283 5153; x_wconf 75' lang='lat' dir='ltr'>praefuit.</span> <span class='ocrx_word' id='word_1_816' title='bbox 1315 5083 1393 5136; x_wconf 86' lang='lat' dir='ltr'>Ex</span> <span class='ocrx_word' id='word_1_817' title='bbox 1441 5084 1610 5151; x_wconf 85' lang='lat' dir='ltr'>cujus</span> <span class='ocrx_word' id='word_1_818' title='bbox 1641 5083 1858 5139; x_wconf 86' lang='lat' dir='ltr'>dextris</span> <span class='ocrx_word' id='word_1_819' title='bbox 1905 5085 2100 5140; x_wconf 88' lang='lat' dir='ltr'>stabat</span> 
     </span>
    </p>
   </div>
   <div class='ocr_carea' id='block_1_101' title="bbox 447 5170 2096 5244">
    <p class='ocr_par' dir='ltr' id='par_1_101' title="bbox 447 5170 2096 5244">
     <span class='ocr_line' id='line_1_101' title="bbox 447 5170 2096 5244; baseline -0.001 -15"><span class='ocrx_word' id='word_1_820' title='bbox 447 5170 942 5242; x_wconf 88' lang='lat' dir='ltr'>adversarius(hoc</span> <span class='ocrx_word' id='word_1_821' title='bbox 957 5172 1110 5226; x_wconf 90' lang='lat' dir='ltr'>enim</span> <span class='ocrx_word' id='word_1_822' title='bbox 1144 5171 1561 5242; x_wconf 81' lang='lat' dir='ltr'>interpretatur</span> <span class='ocrx_word' id='word_1_823' title='bbox 1584 5171 1780 5244; x_wconf 86' lang='lat' dir='ltr'>Satan)</span> <span class='ocrx_word' id='word_1_824' title='bbox 1804 5178 1870 5228; x_wconf 92' lang='lat' dir='ltr'>ut</span> <span class='ocrx_word' id='word_1_825' title='bbox 1901 5175 2096 5228; x_wconf 89' lang='lat' dir='ltr'>adver-</span> 
     </span>
    </p>
   </div>
   <div class='ocr_carea' id='block_1_102' title="bbox 447 5259 2093 5326">
    <p class='ocr_par' dir='ltr' id='par_1_102' title="bbox 447 5259 2093 5326">
     <span class='ocr_line' id='line_1_102' title="bbox 447 5259 2093 5326; baseline -0.001 -8"><span class='ocrx_word' id='word_1_826' title='bbox 447 5265 676 5318; x_wconf 88' lang='lat' dir='ltr'>saretur</span> <span class='ocrx_word' id='word_1_827' title='bbox 705 5260 777 5316; x_wconf 91' lang='lat' dir='ltr'>ei.</span> <span class='ocrx_word' id='word_1_828' title='bbox 811 5261 881 5316; x_wconf 91' lang='lat' dir='ltr'>Et</span> <span class='ocrx_word' id='word_1_829' title='bbox 911 5264 1062 5316; x_wconf 90' lang='lat' dir='ltr'>recte</span> <span class='ocrx_word' id='word_1_830' title='bbox 1086 5259 1280 5315; x_wconf 85' lang='lat' dir='ltr'>stabat</span> <span class='ocrx_word' id='word_1_831' title='bbox 1307 5276 1342 5314; x_wconf 93' lang='lat' dir='ltr'>a</span> <span class='ocrx_word' id='word_1_832' title='bbox 1371 5259 1588 5316; x_wconf 85' lang='lat' dir='ltr'>dextris</span> <span class='ocrx_word' id='word_1_833' title='bbox 1620 5259 1800 5326; x_wconf 87' lang='lat' dir='ltr'>illius,</span> <span class='ocrx_word' id='word_1_834' title='bbox 1823 5278 1937 5317; x_wconf 91' lang='lat' dir='ltr'>non</span> <span class='ocrx_word' id='word_1_835' title='bbox 1961 5280 1994 5316; x_wconf 90' lang='lat' dir='ltr'>a</span> <span class='ocrx_word' id='word_1_836' title='bbox 2016 5261 2093 5316; x_wconf 90' lang='lat' dir='ltr'>si-</span> 
     </span>
    </p>
   </div>
   <div class='ocr_carea' id='block_1_103' title="bbox 448 5349 2096 5424">
    <p class='ocr_par' dir='ltr' id='par_1_103' title="bbox 448 5349 2096 5424">
     <span class='ocr_line' id='line_1_103' title="bbox 448 5349 2096 5424; baseline 0 -18"><span class='ocrx_word' id='word_1_837' title='bbox 448 5349 670 5420; x_wconf 90' lang='lat' dir='ltr'>nistris,</span> <span class='ocrx_word' id='word_1_838' title='bbox 702 5349 844 5422; x_wconf 92' lang='lat' dir='ltr'>quia</span> <span class='ocrx_word' id='word_1_839' title='bbox 889 5365 1023 5406; x_wconf 90' lang='lat' dir='ltr'>vera</span> <span class='ocrx_word' id='word_1_840' title='bbox 1051 5353 1176 5406; x_wconf 89' lang='lat' dir='ltr'>erat</span> <span class='ocrx_word' id='word_1_841' title='bbox 1221 5349 1536 5418; x_wconf 90' lang='lat' dir='ltr'>accusatio,</span> <span class='ocrx_word' id='word_1_842' title='bbox 1568 5365 1635 5406; x_wconf 90' lang='lat' dir='ltr'>eo</span> <span class='ocrx_word' id='word_1_843' title='bbox 1679 5349 1834 5422; x_wconf 89' lang='lat' dir='ltr'>quod</span> <span class='ocrx_word' id='word_1_844' title='bbox 1883 5354 1942 5407; x_wconf 92' lang='lat' dir='ltr'>et</span> <span class='ocrx_word' id='word_1_845' title='bbox 1970 5350 2096 5424; x_wconf 90' lang='lat' dir='ltr'>ipse</span> 
     </span>
    </p>
   </div>
   <div class='ocr_carea' id='block_1_104' title="bbox 450 5437 2094 5512">
    <p class='ocr_par' dir='ltr' id='par_1_104' title="bbox 450 5437 2094 5512">
     <span class='ocr_line' id='line_1_104' title="bbox 450 5437 2094 5512; baseline 0.002 -19"><span class='ocrx_word' id='word_1_846' title='bbox 450 5453 584 5494; x_wconf 90' lang='lat' dir='ltr'>cum</span> <span class='ocrx_word' id='word_1_847' title='bbox 615 5439 840 5496; x_wconf 70' lang='lat' dir='ltr'>caeteris</span> <span class='ocrx_word' id='word_1_848' title='bbox 869 5437 1255 5511; x_wconf 89' lang='lat' dir='ltr'>alienigenam</span> <span class='ocrx_word' id='word_1_849' title='bbox 1289 5438 1613 5511; x_wconf 88' lang='lat' dir='ltr'>accepisset</span> <span class='ocrx_word' id='word_1_850' title='bbox 1641 5456 1902 5506; x_wconf 85' lang='lat' dir='ltr'>uxorem,</span> <span class='ocrx_word' id='word_1_851' title='bbox 1943 5441 2094 5512; x_wconf 90' lang='lat' dir='ltr'>quod</span> 
     </span>
    </p>
   </div>
   <div class='ocr_carea' id='block_1_105' title="bbox 520 5650 2090 5728">
    <p class='ocr_par' dir='ltr' id='par_1_105' title="bbox 520 5650 2090 5728">
     <span class='ocr_line' id='line_1_105' title="bbox 520 5650 2090 5728; baseline 0.003 -23"><span class='ocrx_word' id='word_1_852' title='bbox 520 5650 597 5722; x_wconf 92' lang='lat' dir='ltr'>(a)</span> <span class='ocrx_word' id='word_1_853' title='bbox 611 5699 614 5702; x_wconf 92' lang='lat'>.</span> <span class='ocrx_word' id='word_1_854' title='bbox 627 5653 878 5728; x_wconf 89' lang='lat' dir='ltr'>Vulgata</span> <span class='ocrx_word' id='word_1_855' title='bbox 897 5652 1236 5728; x_wconf 78' lang='lat' dir='ltr'>Hieronymi</span> <span class='ocrx_word' id='word_1_856' title='bbox 1261 5651 1439 5710; x_wconf 91' lang='lat' dir='ltr'>editio</span> <span class='ocrx_word' id='word_1_857' title='bbox 1459 5651 1776 5725; x_wconf 85' lang='lat' dir='ltr'>interserit,</span> <span class='ocrx_word' id='word_1_858' title='bbox 1808 5655 2090 5711; x_wconf 86' lang='lat' dir='ltr'>Dominus.</span> 
     </span>
    </p>
   </div>
   <div class='ocr_carea' id='block_1_106' title="bbox 2205 4625 3761 4714">
    <p class='ocr_par' dir='ltr' id='par_1_106' title="bbox 2205 4625 3761 4714">
     <span class='ocr_line' id='line_1_106' title="bbox 2205 4625 3761 4714; baseline -0.005 -17"><span class='ocrx_word' id='word_1_859' title='bbox 2205 4644 2462 4714; x_wconf 89' lang='lat' dir='ltr'>peccato.</span> <span class='ocrx_word' id='word_1_860' title='bbox 2499 4641 2568 4694; x_wconf 89' lang='lat' dir='ltr'>Et</span> <span class='ocrx_word' id='word_1_861' title='bbox 2605 4641 2662 4694; x_wconf 88' lang='lat' dir='ltr'>in</span> <span class='ocrx_word' id='word_1_862' title='bbox 2695 4639 3005 4711; x_wconf 83' lang='lat' dir='ltr'>Evangelio</span> <span class='ocrx_word' id='word_1_863' title='bbox 3049 4641 3120 4694; x_wconf 92' lang='lat' dir='ltr'>ad</span> <span class='ocrx_word' id='word_1_864' title='bbox 3153 4657 3291 4697; x_wconf 89' lang='lat' dir='ltr'>eum</span> <span class='ocrx_word' id='word_1_865' title='bbox 3321 4643 3557 4697; x_wconf 87' lang='lat' dir='ltr'>tentator</span> <span class='ocrx_word' id='word_1_866' title='bbox 3579 4625 3761 4688; x_wconf 82' lang='lat' dir='ltr'>accedit.</span> 
     </span>
    </p>
   </div>
   <div class='ocr_carea' id='block_1_107' title="bbox 2203 4714 3760 4801">
    <p class='ocr_par' dir='ltr' id='par_1_107' title="bbox 2203 4714 3760 4801">
     <span class='ocr_line' id='line_1_107' title="bbox 2203 4714 3760 4801; baseline -0.009 -17"><span class='ocrx_word' id='word_1_867' title='bbox 2203 4745 2471 4801; x_wconf 68' lang='lat' dir='ltr'>quaerens</span> <span class='ocrx_word' id='word_1_868' title='bbox 2493 4744 2724 4799; x_wconf 90' lang='lat' dir='ltr'>semper</span> <span class='ocrx_word' id='word_1_869' title='bbox 2743 4728 2960 4783; x_wconf 86' lang='lat' dir='ltr'>dextris</span> <span class='ocrx_word' id='word_1_870' title='bbox 2981 4731 3109 4798; x_wconf 85' lang='lat' dir='ltr'>ejus</span> <span class='ocrx_word' id='word_1_871' title='bbox 3129 4733 3188 4784; x_wconf 91' lang='lat' dir='ltr'>et</span> <span class='ocrx_word' id='word_1_872' title='bbox 3202 4728 3508 4784; x_wconf 89' lang='lat' dir='ltr'>virtutibus</span> <span class='ocrx_word' id='word_1_873' title='bbox 3525 4714 3760 4779; x_wconf 79' lang='lat' dir='ltr'>contraire.</span> 
     </span>
    </p>
   </div>
   <div class='ocr_carea' id='block_1_108' title="bbox 2203 4808 3766 4888">
    <p class='ocr_par' dir='ltr' id='par_1_108' title="bbox 2203 4808 3766 4888">
     <span class='ocr_line' id='line_1_108' title="bbox 2203 4808 3766 4888; baseline -0.004 -16"><span class='ocrx_word' id='word_1_874' title='bbox 2203 4818 2483 4888; x_wconf 92' lang='lat' dir='ltr'>Quodque</span> <span class='ocrx_word' id='word_1_875' title='bbox 2512 4816 2816 4888; x_wconf 88' lang='lat' dir='ltr'>sequitur:</span> <span class='ocrx_word' id='word_1_876' title='bbox 2849 4818 3094 4888; x_wconf 89' lang='lat' dir='ltr'>Increpet</span> <span class='ocrx_word' id='word_1_877' title='bbox 3122 4819 3387 4873; x_wconf 87' lang='lat' dir='ltr'>Dominus</span> <span class='ocrx_word' id='word_1_878' title='bbox 3407 4819 3462 4872; x_wconf 89' lang='lat' dir='ltr'>in</span> <span class='ocrx_word' id='word_1_879' title='bbox 3492 4819 3552 4884; x_wconf 86' lang='lat' dir='ltr'>te,</span> <span class='ocrx_word' id='word_1_880' title='bbox 3573 4808 3766 4868; x_wconf 60' lang='lat' dir='ltr'>Salen.“</span> 
     </span>
    </p>
   </div>
   <div class='ocr_carea' id='block_1_109' title="bbox 2205 4892 3762 4979">
    <p class='ocr_par' dir='ltr' id='par_1_109' title="bbox 2205 4892 3762 4979">
     <span class='ocr_line' id='line_1_109' title="bbox 2205 4892 3762 4979; baseline -0.009 -17"><span class='ocrx_word' id='word_1_881' title='bbox 2205 4909 2447 4978; x_wconf 89' lang='lat' dir='ltr'>increpet</span> <span class='ocrx_word' id='word_1_882' title='bbox 2475 4907 2736 4962; x_wconf 88' lang='lat' dir='ltr'>Dominus</span> <span class='ocrx_word' id='word_1_883' title='bbox 2764 4906 2826 4960; x_wconf 84' lang='lat' dir='ltr'>in</span> <span class='ocrx_word' id='word_1_884' title='bbox 2855 4909 2907 4960; x_wconf 87' lang='lat' dir='ltr'>te</span> <span class='ocrx_word' id='word_1_885' title='bbox 2936 4907 3031 4979; x_wconf 87' lang='lat' dir='ltr'>qui</span> <span class='ocrx_word' id='word_1_886' title='bbox 3057 4907 3216 4978; x_wconf 88' lang='lat' dir='ltr'>eligit</span> <span class='ocrx_word' id='word_1_887' title='bbox 3241 4899 3636 4966; x_wconf 81' lang='lat' dir='ltr'>Jerusalem,sio</span> <span class='ocrx_word' id='word_1_888' title='bbox 3650 4892 3762 4949; x_wconf 61' lang='lat' dir='ltr'>edis</span> 
     </span>
    </p>
   </div>
   <div class='ocr_carea' id='block_1_110' title="bbox 2204 4983 3763 5068">
    <p class='ocr_par' dir='ltr' id='par_1_110' title="bbox 2204 4983 3763 5068">
     <span class='ocr_line' id='line_1_110' title="bbox 2204 4983 3763 5068; baseline -0.008 -16"><span class='ocrx_word' id='word_1_889' title='bbox 2204 4995 2574 5068; x_wconf 89' lang='lat' dir='ltr'>serunt,quia</span> <span class='ocrx_word' id='word_1_890' title='bbox 2593 4996 2764 5050; x_wconf 91' lang='lat' dir='ltr'>Pater</span> <span class='ocrx_word' id='word_1_891' title='bbox 2783 4999 2839 5050; x_wconf 89' lang='lat' dir='ltr'>et</span> <span class='ocrx_word' id='word_1_892' title='bbox 2861 4994 3044 5051; x_wconf 87' lang='lat' dir='ltr'>Filius</span> <span class='ocrx_word' id='word_1_893' title='bbox 3063 4995 3349 5052; x_wconf 89' lang='lat' dir='ltr'>Dominus</span> <span class='ocrx_word' id='word_1_894' title='bbox 3371 4993 3535 5064; x_wconf 87' lang='lat' dir='ltr'>est,et</span> <span class='ocrx_word' id='word_1_895' title='bbox 3553 4989 3602 5043; x_wconf 90' lang='lat' dir='ltr'>in</span> <span class='ocrx_word' id='word_1_896' title='bbox 3625 4983 3763 5040; x_wconf 68' lang='lat' dir='ltr'>cente-</span> 
     </span>
    </p>
   </div>
   <div class='ocr_carea' id='block_1_111' title="bbox 2204 5071 3763 5157">
    <p class='ocr_par' dir='ltr' id='par_1_111' title="bbox 2204 5071 3763 5157">
     <span class='ocr_line' id='line_1_111' title="bbox 2204 5071 3763 5157; baseline -0.008 -16"><span class='ocrx_word' id='word_1_897' title='bbox 2204 5084 2354 5141; x_wconf 90' lang='lat' dir='ltr'>simo</span> <span class='ocrx_word' id='word_1_898' title='bbox 2385 5101 2537 5140; x_wconf 89' lang='lat' dir='ltr'>nono</span> <span class='ocrx_word' id='word_1_899' title='bbox 2558 5083 2784 5157; x_wconf 89' lang='lat' dir='ltr'>psalmo</span> <span class='ocrx_word' id='word_1_900' title='bbox 2813 5083 3065 5157; x_wconf 90' lang='lat' dir='ltr'>legimus</span> <span class='ocrx_word' id='word_1_901' title='bbox 3089 5101 3102 5138; x_wconf 91' lang='lat'>:</span> <span class='ocrx_word' id='word_1_902' title='bbox 3152 5086 3310 5140; x_wconf 84' lang='lat' dir='ltr'>Dixit</span> <span class='ocrx_word' id='word_1_903' title='bbox 3331 5082 3572 5139; x_wconf 79' lang='lat' dir='ltr'>Dominus</span> <span class='ocrx_word' id='word_1_904' title='bbox 3593 5071 3763 5130; x_wconf 68' lang='lat' dir='ltr'>Domino</span> 
     </span>
    </p>
   </div>
   <div class='ocr_carea' id='block_1_112' title="bbox 2202 5158 3762 5238">
    <p class='ocr_par' dir='ltr' id='par_1_112' title="bbox 2202 5158 3762 5238">
     <span class='ocr_line' id='line_1_112' title="bbox 2202 5158 3762 5238; baseline -0.01 -8"><span class='ocrx_word' id='word_1_905' title='bbox 2202 5189 2342 5238; x_wconf 87' lang='lat' dir='ltr'>meo,</span> <span class='ocrx_word' id='word_1_906' title='bbox 2362 5173 2484 5230; x_wconf 87' lang='lat' dir='ltr'>sede</span> <span class='ocrx_word' id='word_1_907' title='bbox 2509 5191 2544 5228; x_wconf 91' lang='lat' dir='ltr'>a</span> <span class='ocrx_word' id='word_1_908' title='bbox 2571 5173 2779 5229; x_wconf 90' lang='lat' dir='ltr'>dextris</span> <span class='ocrx_word' id='word_1_909' title='bbox 2796 5173 2965 5230; x_wconf 82' lang='lat' dir='ltr'>meis:</span> <span class='ocrx_word' id='word_1_910' title='bbox 2987 5172 3270 5229; x_wconf 88' lang='lat' dir='ltr'>Dominus</span> <span class='ocrx_word' id='word_1_911' title='bbox 3300 5174 3371 5228; x_wconf 88' lang='lat' dir='ltr'>de</span> <span class='ocrx_word' id='word_1_912' title='bbox 3398 5169 3562 5226; x_wconf 85' lang='lat' dir='ltr'>altero</span> <span class='ocrx_word' id='word_1_913' title='bbox 3583 5158 3762 5220; x_wconf 81' lang='lat' dir='ltr'>Domino</span> 
     </span>
    </p>
   </div>
   <div class='ocr_carea' id='block_1_113' title="bbox 2203 5252 3762 5334">
    <p class='ocr_par' dir='ltr' id='par_1_113' title="bbox 2203 5252 3762 5334">
     <span class='ocr_line' id='line_1_113' title="bbox 2203 5252 3762 5334; baseline -0.012 -16"><span class='ocrx_word' id='word_1_914' title='bbox 2203 5262 2483 5334; x_wconf 88' lang='lat' dir='ltr'>loquitur,</span> <span class='ocrx_word' id='word_1_915' title='bbox 2501 5278 2613 5318; x_wconf 91' lang='lat' dir='ltr'>non</span> <span class='ocrx_word' id='word_1_916' title='bbox 2635 5262 2792 5334; x_wconf 90' lang='lat' dir='ltr'>quod</span> <span class='ocrx_word' id='word_1_917' title='bbox 2808 5263 2931 5334; x_wconf 87' lang='lat' dir='ltr'>ipse</span> <span class='ocrx_word' id='word_1_918' title='bbox 2951 5262 3237 5319; x_wconf 88' lang='lat' dir='ltr'>Dominus</span> <span class='ocrx_word' id='word_1_919' title='bbox 3258 5262 3359 5334; x_wconf 92' lang='lat' dir='ltr'>qui</span> <span class='ocrx_word' id='word_1_920' title='bbox 3380 5252 3762 5331; x_wconf 82' lang='lat' dir='ltr'>loquitur,iucre-</span> 
     </span>
    </p>
   </div>
   <div class='ocr_carea' id='block_1_114' title="bbox 2203 5335 3761 5424">
    <p class='ocr_par' dir='ltr' id='par_1_114' title="bbox 2203 5335 3761 5424">
     <span class='ocr_line' id='line_1_114' title="bbox 2203 5335 3761 5424; baseline -0.008 -18"><span class='ocrx_word' id='word_1_921' title='bbox 2203 5367 2342 5424; x_wconf 88' lang='lat' dir='ltr'>pare</span> <span class='ocrx_word' id='word_1_922' title='bbox 2354 5367 2469 5406; x_wconf 92' lang='lat' dir='ltr'>non</span> <span class='ocrx_word' id='word_1_923' title='bbox 2481 5350 2794 5424; x_wconf 88' lang='lat' dir='ltr'>possit;sed</span> <span class='ocrx_word' id='word_1_924' title='bbox 2813 5351 2968 5422; x_wconf 90' lang='lat' dir='ltr'>quod</span> <span class='ocrx_word' id='word_1_925' title='bbox 2979 5367 3048 5408; x_wconf 81' lang='lat' dir='ltr'>ex</span> <span class='ocrx_word' id='word_1_926' title='bbox 3062 5351 3283 5407; x_wconf 87' lang='lat' dir='ltr'>unitate</span> <span class='ocrx_word' id='word_1_927' title='bbox 3295 5353 3522 5416; x_wconf 64' lang='lat' dir='ltr'>natura,</span> <span class='ocrx_word' id='word_1_928' title='bbox 3537 5356 3649 5399; x_wconf 89' lang='lat' dir='ltr'>cum</span> <span class='ocrx_word' id='word_1_929' title='bbox 3659 5335 3761 5424; x_wconf 57' lang='lat' dir='ltr'>uitet</span> 
     </span>
    </p>
   </div>
   <div class='ocr_carea' id='block_1_115' title="bbox 2204 5421 3759 5513">
    <p class='ocr_par' dir='ltr' id='par_1_115' title="bbox 2204 5421 3759 5513">
     <span class='ocr_line' id='line_1_115' title="bbox 2204 5421 3759 5513; baseline -0.008 -17"><span class='ocrx_word' id='word_1_930' title='bbox 2204 5421 3010 5513; x_wconf 80' lang='lat' dir='ltr'>increpaverit,increpetipse</span> <span class='ocrx_word' id='word_1_931' title='bbox 3022 5439 3123 5512; x_wconf 89' lang='lat' dir='ltr'>qui</span> <span class='ocrx_word' id='word_1_932' title='bbox 3140 5421 3759 5510; x_wconf 61' lang='lat' dir='ltr'>loquitur.Quienimvidd</span> 
     </span>
    </p>
   </div>
  </div>
