3938 6174
191 262 335 326 ΜΗ

874 266 1619 333 COMMENTARIORUM
1666 271 1742 331 ΙΝ
1789 263 2248 334 ΖΑΩΗΑΒῙΑΜ
2292 271 2429 333 LIB.

1349 268 1619 333 {IORUM
1666 271 1742 331 ΙΝ
1789 263 2248 334 ZAGHARIAM
2292 271 2440 333 LIB.
2488 264 2535 332 Ῐ.
2582 268 2752 334 CAP.
2800 269 2904 335 ιν.

3428 277 3585 341 tu!

184 399 317 455 solet
360 399 518 456 homo
559 400 632 456 de
664 416 852 458 somno
879 418 997 459 suo.
1031 402 1155 466 Quo
1185 403 1342 458 enim
1372 404 1613 471 abierat,
1648 408 1711 459 ut
1738 421 1826 459 re-
1857 406 1913 471 Α
1941 420 2079 470 meo,
2109 404 2241 461 dicit
2267 405 2550 461 Dominus.
2587 405 2858 463 Dicamus
2879 405 3061 478 igitur
3082 408 3319 480 singula
3342 427 3586 482 percur-

185 491 524 556 verteretur,
576 490 831 546 maxime
878 491 978 563 qui
1026 490 1379 563 loquebatur
1423 492 1483 547 in
1526 491 1828 564 propheta,

187 580 243 631 et
285 578 505 649 absque
546 594 614 634 eo
662 579 721 635 in
775 597 890 652 quo
938 579 1290 652 loquebatur
1331 597 1458 637 esse
1502 598 1615 642 non
1670 585 1830 653 pote-

190 670 295 721 rat.
311 665 418 721 Sed
438 668 922 740 quotiescumque
940 668 1200 724 humana
1221 669 1507 743 fragilitas
1527 686 1644 725 suae
1664 669 1835 724 relin-

188 755 387 825 quitur
414 754 826 823 imbecillitati,
862 757 961 813 Dei
990 758 1095 828 [Αἰ.
1124 759 1295 828 Deus]
1329 775 1362 814 a
1387 758 1556 814 nobis
1577 764 1634 813 et
1658 773 1832 829 ange-

187 840 375 898 lorum
427 844 555 914 ejus
608 844 891 900 auxilium
942 845 1091 902 807
1146 846 1306 901 abire
1336 846 1690 902 credendum
1722 850 1829 902 est.

189 933 336 1004 Ergo
364 936 421 987 et
442 933 725 1004 propheta
747 938 984 1006 stupore
1007 950 1234 1005 magnas
1257 934 1501 990 visionis
1524 928 1831 1004 attonitus,

188 1023 310 1075 tota
336 1026 532 1077 mente
563 1022 846 1094 torpebat,
890 1027 946 1077 et
975 1022 1198 1078 clarum
1228 1023 1493 1079 veritatis
1521 1022 1720 1079 lumen
1750 1022 1834 1078 vi-

191 1109 325 1164 dere
348 1126 461 1164 non
487 1113 711 1182 poterat
735 1129 748 1166 :
783 1111 939 1167 unde
968 1128 1003 1167 a
1030 1110 1248 1167 visione
1274 1112 1565 1183 praeterita
1586 1112 1831 1171 suscita-

190 1202 288 1253 tur
315 1197 385 1253 ad
408 1196 583 1254 aliam
610 1198 896 1255 visionem
923 1198 1091 1271 quasi
1116 1201 1189 1255 de
1213 1216 1419 1257 somno
1441 1200 1742 1273 evigilans,
1771 1204 1839 1258 ut

191 1285 381 1342 videat
409 1288 564 1359 quod
597 1287 815 1344 clausis
844 1288 1030 1344 oculis
1062 1306 1177 1345 non
1209 1289 1458 1345 videbat.
1486 1289 1758 1347 Dicamus
1779 1294 1837 1345 et

191 1374 785 1432 aliter..Proverbium
815 1377 1147 1433 Salomonis
1177 1377 1583 1434 testimonium
1613 1382 1703 1434 est
1729 1396 1742 1434 :
1776 1377 1837 1435 Si

189 1462 411 1532 sederis,
436 1466 639 1536 absque
656 1467 852 1521 timore
871 1467 982 1521 eris
1002 1485 1021 1521 :
1045 1467 1095 1522 si
1118 1473 1299 1522 autem
1321 1467 1635 1536 dormieris,
1657 1466 1834 1522 dulci-

189 1561 274 1607 ter
298 1551 552 1619 dormies,
606 1557 658 1609 et
684 1571 797 1610 non
825 1556 1045 1610 timebis
1072 1560 1340 1611 terrorem
1365 1558 1836 1628 supervenientem

189 1641 313 1710 tibi,
343 1657 442 1696 nec
472 1644 705 1713 impetus
735 1644 1035 1714 impiorum
1063 1647 1375 1714 ingruentes
1420 1645 1602 1715 (Prov.
1642 1661 1734 1711 In,
1765 1646 1835 1701 23

190 1734 243 1785 et
272 1730 438 1802 seqq.)
488 1730 597 1796 Qui
626 1730 738 1787 hoc
785 1748 991 1788 somno
1020 1732 1343 1803 dormierit,
1377 1736 1435 1788 et
1462 1732 1716 1789 audierit
1740 1733 1833 1788 di-

193 1779 238 1785 "
273 1779 436 1802 'V‘I‘l‘l
494 1779 597 1796 ""
626 1779 736 1787 ""
785 1779 987 1788 ""'-'
1023 1779 1343 1803 “⁹’”’“⁵’“”,
1379 1779 1434 1788 ν’
1462 1779 1715 1789 “’“¹“”“’”⁴⁷
1743 1779 1801 1788 *⁵⁸⁵

191 1824 351 1875 ctum
401 1820 473 1874 de
517 1835 579 1875 se
608 1820 763 1891 quod
797 1821 1079 1892 scriptum
1111 1821 1183 1876 de
1213 1821 1427 1877 Lazaro
1457 1820 1745 1893 legimus:
1776 1822 1839 1878 Si
1866 1779 1912 1844 Β

191 1907 412 1976 dormit,
434 1908 618 1964 salvus
637 1910 752 1964 erit
774 1910 954 1980 (Joan.
978 1927 1056 1976 x1,
1081 1910 1190 1980 12),
1219 1910 1430 1981 poterit
1449 1915 1683 1966 cantare
1703 1927 1837 1967 cum

191 2014 408 2068 sponsa
432 2013 445 2052 :
477 1999 601 2068 Ego
621 1997 852 2066 dormio,
877 2006 928 2054 et
943 2014 1036 2054 cor
1056 2014 1237 2054 meum
1254 1999 1451 2067 vigilat
1479 1998 1658 2069 (Cant.
1681 2016 1739 2070 v,
1758 2002 1836 2068 2).

192 2085 510 2142 Videamus
531 2102 667 2158 ergo
689 2086 762 2141 ad
784 2103 911 2158 quae
933 2086 1383 2159 contemplanda
1401 2087 1571 2158 quasi
1594 2088 1664 2144 de
1688 2104 1840 2144 som-

194 2191 273 2230 no
301 2174 581 2246 propheta
612 2179 945 2247 consurgat.

270 2263 451 2335 (Vers.
498 2266 534 2318 2
582 2264 769 2336 seqq.)
818 2267 892 2320 Et
921 2264 1061 2320 dixit
1090 2265 1161 2320 ad
1188 2281 1294 2337 me,
1325 2264 1457 2337 quid
1483 2267 1546 2320 tu
1572 2265 1760 2320 vides?
1788 2273 1841 2321 et

193 2352 319 2408 dici
344 2369 363 2406 :
419 2352 565 2419 Vidi,
613 2357 667 2407 et
706 2369 824 2408 ecce
858 2354 1249 2409 candelabrum
1276 2370 1508 2409 aureum
1535 2357 1740 2424 totum,
1790 2360 1842 2409 et

193 2443 403 2513 lampas
430 2443 549 2514 ejus
577 2458 742 2512 super
777 2448 943 2513 caput
982 2444 1155 2514 ipsius
1186 2460 1202 2495 :
1251 2446 1303 2497 et
1348 2445 1550 2513 septem
1600 2442 1842 2500 lucernae

190 2531 310 2601 ejus
337 2546 501 2602 super
529 2530 677 2586 illud
696 2548 715 2584 :
745 2538 947 2600 septem
974 2538 1027 2585 et
1050 2534 1254 2601 septem
1283 2532 1558 2600 inlusoria
1579 2532 1838 2597 lucernis,

191 2635 319 2692 quae
346 2628 508 2675 erant
537 2635 699 2690 super
725 2623 895 2687 caput
923 2621 1066 2690 ejus.
1089 2619 1154 2675 Et
1170 2619 1295 2674 dum
1316 2620 1471 2674 olivae
1490 2634 1653 2690 super
1676 2619 1841 2685 illud,

192 2725 312 2765 una
340 2725 370 2763 a
401 2708 610 2764 dextris
641 2707 935 2778 lampadis,
957 2715 1008 2764 et
1034 2724 1147 2763 una
1174 2724 1209 2762 a
1237 2708 1480 2763 sinistris
1498 2710 1635 2779 ejus.
1666 2709 1734 2764 Et
1762 2723 1843 2764 re-

188 2796 404 2869 spondi,
446 2800 499 2852 et
527 2798 617 2852 aio
647 2795 721 2851 ad
749 2796 1027 2866 angelum,
1059 2798 1155 2867 qui
1183 2796 1504 2868 loquebatur
1532 2798 1594 2851 in
1620 2811 1725 2867 me,
1755 2795 1841 2851 di-

192 2901 318 2942 cens
337 2903 357 2940 :
389 2885 538 2953 Quid
564 2889 690 2940 sunt
734 2885 868 2950 haec,
901 2884 1119 2940 domine
1144 2888 1260 2940 mi?
1286 2893 1336 2941 et
1364 2885 1640 2956 respondit
1668 2902 1840 2955 ange-

198 2974 291 3029 lus
333 2976 433 3045 qui
479 2974 800 3044 loquebatur
829 2975 891 3029 in
919 2989 1023 3044 me,
1063 2976 1113 3029 et
1141 2973 1284 3029 dixit
1315 2975 1385 3029 ad
1412 2990 1499 3029 me
1518 2992 1537 3028 :
1566 2973 1843 3045 Numquid

191 3065 369 3120 nescis
391 3062 523 3135 quid
550 3072 678 3118 sunt
707 3061 860 3118 haec?
886 3066 937 3118 et
963 3062 1088 3118 disci
1115 3080 1134 3117 :
1182 3078 1322 3131 non,
1372 3062 1592 3120 domine
1628 3066 1728 3118 mi.
1774 3065 1842 3119 Et

1940 496 2157 557 rentes,
2190 490 2445 562 primum
2476 492 2615 564 quid
2637 491 2904 550 videatur
2923 493 3198 563 Hebraeis,
3229 512 3264 553 a
3283 498 3583 568 quibusin

1938 580 2116 635 veteri
2145 580 2518 637 Testamento
2549 582 2760 638 eruditi
2791 599 2998 639 sumus
3024 600 3036 638 :
3068 583 3279 641 deinde
3331 603 3435 658 per
3476 587 3587 645 hos

1941 668 2111 739 quasi
2144 669 2359 741 gradus
2390 670 2461 725 ad
2486 669 2754 726 Ecclesia;
2776 670 3035 727 culmina
3064 674 3170 744 [Αι.
3194 672 3424 747 limina]
3445 692 3585 733 eon-

1941 758 2316 813 scendamus.
2339 757 2769 815 Candelabrum
2791 776 3033 816 aureum
3058 761 3338 830 solidum,
3359 765 3587 837 Legem,

1941 845 2001 900 id
2033 851 2141 913 est,
2172 844 2340 916 νόμον
2375 846 2850 917 interpretantur.
2887 848 3242 921 Lampadem
3280 857 3496 922 autem,
3529 852 3588 908 id

1941 937 2032 989 est
2060 935 2361 990 ﬂammam
2392 936 2452 989 in
2481 936 2693 992 vertice
2723 936 3060 994 candelabri
3089 938 3383 996 lucentem
3414 946 3601 1013 atque

1943 1023 2282 1096 fulgentem,
2305 1023 2623 1091 Christum,
2648 1025 2748 1095 qui
2769 1030 2945 1096 caput
2964 1026 3133 1098 Legis
3155 1027 3255 1093 sit,
3278 1033 3336 1083 et
3355 1045 3589 1087 omnem

1944 1112 2233 1168 mundum
2258 1110 2569 1168 illuminet.
2586 1113 2819 1185 Septem
2841 1112 3114 1171 lucernas
3136 1132 3313 1187 super
3327 1117 3591 1174 candela-

1943 1200 2137 1267 brum,
2162 1206 2384 1273 septem
2406 1201 2626 1272 gratias
2649 1202 2905 1274 Spiritus
2924 1203 3131 1269 sancti,
3155 1204 3227 1261 ds
3250 1205 3465 1276 quibus
3491 1222 3589 1261 su-

1941 1304 2049 1359 pra
2077 1288 2353 1355 diximus,
2386 1290 2540 1360 quod
2572 1290 2631 1345 in
2663 1289 2857 1362 lapide
2887 1308 3003 1346 uno
3026 1297 3248 1364 septem
3272 1292 3425 1349 oculi
3449 1293 3588 1351 sint.

1943 1375 2097 1432 Nulli
2114 1377 2271 1432 enim
2286 1377 2528 1434 dubium
2549 1378 2691 1450 quin
2707 1380 2839 1447 Lex,
2857 1380 3077 1451 Spiritu
3096 1387 3302 1437 sancto
3316 1383 3593 1450 dictante,

1942 1465 2271 1538 conscripta
2313 1466 2410 1523 sit.
2459 1471 2690 1539 Septem
2737 1474 2935 1525 autem
2966 1469 3252 1526 inlusoria
3282 1471 3341 1527 in
3372 1471 3593 1543 quibus

1942 1553 2134 1611 oleum
2157 1555 2254 1623 sit,
2268 1556 2420 1625 quod
2439 1555 2707 1611 mittatur
2727 1556 2788 1612 in
2810 1555 3100 1626 lucernas,
3114 1574 3242 1628 quae
3260 1575 3440 1631 super
3459 1577 3589 1617 can-

1943 1643 2179 1701 delabro
2223 1643 2472 1712 luceant,
2514 1644 2623 1700 hoc
2662 1643 2909 1719 intelligi
2939 1645 3161 1713 volunt,
3193 1652 3413 1720 septem
3446 1649 3593 1709 istas

1943 1732 2163 1804 gratias
2183 1733 2256 1788 de
2283 1732 2424 1788 caelo
2445 1732 2517 1788 ad
2549 1732 2818 1790 homines
2840 1750 2943 1806 per
2974 1735 3185 1807 Legem
3218 1736 3591 1795 descendere.

1947 1821 2104 1877 Duas
2136 1826 2331 1876 autem
2362 1820 2544 1877 olivas
2571 1838 2748 1893 super
2776 1821 3197 1879 candelabrum
3218 1840 3253 1879 a
3272 1830 3438 1896 parte
3457 1826 3594 1883 dex-

1946 1915 2070 1966 tera
2097 1916 2155 1965 et
2173 1909 2433 1975 sinistra,
2457 1910 2610 1965 inter
2630 1927 2777 1982 quas
2802 1911 2994 1967 media
3016 1910 3244 1984 lampas
3263 1912 3477 1981 luceat,
3497 1914 3595 1970 Le-

1946 2014 2080 2071 gem
2103 2000 2160 2053 et
2178 1998 2501 2069 Prophetas
2521 1997 2999 2070 interpretantur.
3025 1998 3288 2071 Cumque
3315 2000 3599 2073 propheta

1948 2090 2245 2143 narrasset
2276 2086 2558 2142 visionem
2591 2103 2792 2155 suam,
2839 2086 3106 2144 nesciens
3154 2087 3294 2160 quid
3342 2088 3597 2158 videret,

1949 2174 2267 2247 interrogat
2287 2174 2560 2246 angelum
2582 2174 2919 2246 loquentem
2945 2174 3005 2231 in
3027 2192 3110 2248 se,
3129 2193 3372 2235 sensum
3392 2176 3598 2234 videli-

1949 2269 2039 2319 cet
2059 2263 2220 2319 aDeo
2244 2261 2666 2319 illuminatum.
2682 2265 2800 2320 Iste
2820 2265 2977 2323 enim
2999 2264 3240 2336 angelus
3262 2270 3462 2322 noster
3479 2271 3588 2338 est,

1949 2353 2049 2424 qui
2070 2352 2385 2423 prudenter
2405 2351 2759 2425 intelligens,
2777 2352 2879 2408 Dei
2901 2352 3070 2409 nobis
3092 2352 3316 2409 indicat
3333 2352 3596 2413 voluntas

1948 2446 2088 2508 tem,
2133 2446 2190 2496 et
2236 2441 2415 2497 dicit:
2449 2441 2589 2509 Quid
2616 2449 2745 2496 sunt
2772 2439 2904 2508 haec,
2934 2441 3154 2497 domine
3179 2444 3262 2497 mi
3280 2446 3306 2496 .9
3336 2441 3594 2515 Angelus

1949 2535 2145 2586 autem
2177 2545 2291 2585 non
2321 2529 2592 2602 explanat
2619 2530 2900 2586 visionem
2924 2529 3239 2602 prophetae,
3261 2534 3329 2585 ut
3348 2535 3589 2603 rogatus

1951 2618 2023 2677 ab
2045 2634 2112 2673 eo
2135 2621 2352 2686 fuerat;
2376 2619 2476 2674 sed
2499 2618 2954 2690 interrogantem
2975 2635 3215 2675 rursum
3236 2619 3595 2692 interrogat:

1950 2706 2103 2761 Num
2134 2703 2370 2777 ignoras
2399 2706 2540 2778 quid
2563 2706 2682 2763 sint
2710 2706 2874 2762 haec?
2903 2708 3025 2773 Quo
3048 2708 3456 2779 respondente,
3486 2726 3594 2765 ne-

1951 2795 2109 2851 scio:
2141 2795 2315 2850 etiam
2349 2795 2473 2867 ipse
2502 2795 2837 2867 respondit;
2868 2796 2974 2851 Hoc
3002 2798 3077 2851 est
3110 2796 3335 2852 verbum
3375 2797 3596 2855 Domini

1949 2884 2019 2941 ad
2047 2885 2343 2941 Zorobabel
2372 2887 2566 2942 dicens
2586 2903 2605 2939 :
2636 2888 2757 2941 Non
2785 2888 2847 2940 in
2874 2888 3136 2955 exercitu,
3166 2901 3265 2943 nec
3292 2888 3353 2943 in
3381 2887 3593 2960 robore,

1949 2974 2038 3030 sed
2063 2976 2127 3030 in
2153 2976 2356 3046 spiritu
2382 2990 2523 3042 meo,
2546 2973 2679 3030 dicit
2698 2976 2985 3030 Dominus.
3009 2975 3211 3031 Sermo
3238 2991 3376 3047 ergo
3401 2977 3596 3034 Domi-

1951 3063 2011 3118 ni
2037 3064 2108 3119 ad
2130 3062 2465 3135 Zorobabel,
2489 3064 2592 3136 qui
2612 3063 2847 3123 locutus
2865 3069 2951 3120 est
2978 3080 3092 3119 non
3114 3064 3174 3121 in
3195 3065 3476 3136 exercitu,
3500 3081 3597 3123 ne-

190 3152 495 3224 respondit,
525 3159 575 3208 et
603 3154 684 3207 ait
711 3152 782 3207 ad
809 3167 914 3218 me,
946 3151 1133 3207 dicens
1162 3169 1181 3206 :
1225 3153 1333 3208 Hoc
1373 3160 1451 3208 est
1486 3153 1710 3209 verbum
1734 3153 1840 3208 Do-
1871 3142 1915 3210 C
1953 3169 2065 3225 que
2085 3153 2144 3208 in
2167 3154 2406 3221 robore;
2438 3153 2537 3209 sed
2566 3152 2625 3207 in
2647 3152 2856 3224 spiritu
2880 3152 3171 3225 meo,ipse
3191 3158 3283 3210 est
3309 3153 3595 3227 interpre-

193 3242 347 3297 mini
372 3241 441 3296 ad
469 3241 794 3306 Zorobabel,
844 3240 1027 3296 dicens
1048 3259 1067 3295 :
1097 3241 1212 3296 Non
1242 3243 1306 3296 in
1335 3245 1610 3309 exercitu,
1660 3258 1759 3298 nec
1787 3244 1848 3297 in

195 3331 423 3392 robore;
450 3329 542 3385 sed
561 3331 624 3385 in
641 3331 845 3403 spiritu
870 3346 1009 3397 meo,
1039 3329 1171 3385 dicit
1194 3331 1456 3386 Dominus
1474 3333 1810 3387 exercituum
1824 3347 1845 3386 :

201 3419 337 3487 Quis
362 3422 450 3488 tu,
500 3434 655 3474 mons
682 3435 908 3489 magne,
958 3434 1142 3473 coram
1169 3419 1462 3474 Zorobabel
1491 3421 1552 3474 in
1573 3420 1850 3491 planum?

193 3516 256 3563 et
279 3507 462 3563 educet
492 3506 727 3579 lapidem
749 3509 1112 3578 primarium,
1160 3516 1210 3562 et
1254 3508 1570 3578 emqwbit
1611 3509 1845 3578 gratiam

193 3598 393 3667 gratim
421 3597 559 3667 ejus.
593 3595 738 3650 LXX
762 3612 774 3649 :
808 3598 874 3650 Et
901 3595 1049 3650 dixit
1078 3596 1149 3650 ad
1176 3612 1281 3664 me,
1318 3596 1451 3666 quid
1478 3601 1539 3651 tu
1565 3596 1755 3651 vides?
1782 3598 1848 3651 Et

190 3685 325 3740 dixi
353 3704 370 3739 :
404 3685 552 3755 Vidi,
585 3689 638 3741 et
665 3700 784 3739 ecce
825 3685 1215 3740 candelabrum
1263 3701 1495 3740 aureum
1541 3694 1743 3755 totum,
1798 3690 1847 3740 et

196 3772 419 3845 lampas
450 3774 525 3846 (a)
555 3790 721 3845 super
748 3790 910 3835 eum;
939 3776 990 3828 et
1007 3782 1209 3845 septem
1229 3774 1477 3829 lucernas
1495 3790 1662 3845 super
1685 3774 1844 3845 illud,

188 3867 251 3918 et
277 3871 475 3935 septem
497 3864 768 3933 infusoria
788 3863 1158 3930 lucernarum,
1190 3880 1307 3935 quae
1326 3871 1485 3919 erant
1502 3880 1666 3935 super
1686 3863 1845 3919 illud.

188 3952 264 4006 Et
286 3968 403 4008 ecce
421 3952 544 4008 dum
565 3952 734 4008 olivae
752 3968 920 4023 super
942 3951 1108 4017 illud,
1132 3968 1247 4007 una
1266 3969 1299 4006 a
1323 3952 1532 4008 dextris
1553 3952 1846 4024 lampadis,

188 4048 252 4095 et
282 4056 393 4095 una
423 4059 456 4096 a
484 4043 727 4096 sinistris
748 4059 765 4094 :
798 4044 851 4096 et
879 4042 1242 4112 interrogavi,
1271 4045 1325 4096 et
1352 4041 1476 4098 dixi
1503 4042 1574 4098 ad
1591 4043 1849 4114 angelum

191 4130 297 4200 qui
327 4130 650 4201 loquebatur
680 4132 742 4184 in
768 4145 874 4197 me,
906 4130 1132 4186 dicens:
1163 4131 1303 4199 Quid
1331 4139 1462 4187 sunt
1486 4131 1621 4199 hinc,
1662 4132 1845 4189 Domi-

186 4217 311 4274 ne?
334 4220 763 4291 respondensque
780 4220 1006 4289 angelus
1029 4222 1126 4291 qui
1147 4220 1469 4290 loquebatur
1492 4222 1552 4276 in
1579 4237 1681 4292 me,
1703 4221 1850 4277 ducit

187 4307 270 4362 ad
297 4324 385 4363 me
404 4328 422 4363 :
455 4308 570 4364 Non
598 4310 878 4377 cognoscis
906 4308 1038 4378 quid
1065 4317 1194 4364 sunt
1220 4308 1375 4364 haec?
1400 4311 1469 4365 Et
1497 4310 1621 4365 disci
1663 4328 1676 4365 :
1706 4310 1844 4381 Non,

182 4394 434 4452 domine.
490 4399 552 4452 Et
598 4396 879 4469 respondit
923 4403 980 4452 et
1021 4400 1101 4452 ait
1141 4396 1213 4452 ad
1250 4413 1338 4452 me
1376 4398 1600 4453 dicens:
1630 4400 1735 4454 Iste
1770 4403 1848 4456 est

1955 3243 2099 3298 tatio
2119 3242 2391 3298 visionis:
2416 3258 2531 3297 non
2550 3241 2610 3296 in
2628 3241 2901 3309 exercitu,
2928 3257 3118 3313 neque
3138 3241 3197 3298 in
3220 3241 3600 3301 multitudine

1956 3331 2305 3388 bellatorum
2322 3348 2335 3398 ;
2360 3331 2461 3385 sed
2482 3329 2544 3385 in
2561 3330 2772 3401 spiritu
2785 3329 2884 3385 Dei
2902 3331 3209 3387 reductum
3230 3331 3601 3403 populum,et

1957 3419 2187 3491 plenius
2209 3417 2630 3483 reducendum,
2650 3422 2708 3473 et
2726 3418 3088 3474 adversarios
3108 3434 3238 3475 esse
3256 3421 3597 3479 vastandos.

1902 3545 1923 3565 .
1956 3508 2109 3563 809
2131 3506 2411 3578 Quodque
2430 3506 2727 3576 sequitur:
2755 3506 2889 3573 Quis
2908 3509 2988 3576 tu,
3011 3521 3397 3577 monsmngne,
3417 3524 3602 3565 eorum

1954 3595 2247 3651 Zorobabel
2265 3597 2325 3649 in
2335 3594 2468 3665 plan
2476 3610 2594 3658 um;
2606 3593 2677 3649 ad
2691 3592 2989 3649 diabolum
3006 3593 3229 3650 dictum
3241 3593 3596 3668 intelligunt,

1956 3684 2057 3757 qui
2088 3684 2282 3739 stabat
2309 3700 2343 3737 a
2371 3680 2589 3737 dextris
2612 3683 2772 3751 Jesu,
2814 3686 2880 3737 ut
2908 3681 3320 3738 adversaretur
3347 3684 3420 3750 ei,
3451 3688 3510 3740 et
3536 3701 3601 3743 se

1954 3773 2216 3830 elevabat
2239 3769 2762 3828 contraZorobabel
2783 3775 2842 3826 et
2861 3768 3141 3842 populum
3157 3771 3520 3829 Iudaeorum.
3536 3773 3599 3833 In

1957 3862 2198 3935 planum
2218 3866 2413 3918 autem
2432 3876 2637 3916 versus
2657 3864 2715 3915 et
2729 3858 3078 3915 humiliatus
3093 3863 3213 3916 est:
3230 3868 3289 3915 et
3312 3860 3421 3921 sub
3444 3861 3602 3934 pedi-

1955 3951 2067 4007 bus
2089 3953 2246 4023 jacet
2276 3948 2473 4016 Israel,
2506 3949 2646 4021 quia
2673 3949 2884 4004 educet
2913 3954 3064 4004 Deus
3091 3948 3345 4021 lapidem
3380 3950 3600 4022 prima-

1955 4043 2130 4112 rium,
2145 4040 2442 4098 Christum
2457 4039 2666 4097 Filium
2690 4056 2866 4095 suum
2890 4039 2991 4111 qui
3006 4040 3467 4111 semperauxilio
3487 4040 3602 4097 fuit

1956 4131 2170 4204 populo
2200 4130 2397 4187 Israel.
2432 4134 2498 4184 Et
2526 4130 2715 4202 gratia
2743 4130 2892 4200 ejus,
2938 4127 2996 4184 id
3028 4134 3138 4197 est,
3172 4128 3386 4201 lapidis
3414 4130 3475 4185 in
3503 4146 3603 4187 eos

1956 4236 2104 4292 quos
2117 4219 2348 4275 reduxit
2359 4220 2429 4274 de
2439 4218 2795 4291 captivitate,
2806 4216 3132 4290 exequabit
3150 4217 3401 4290 gratiam
3422 4235 3603 4292 quam

1956 4309 2016 4364 in
2052 4313 2245 4381 patres
2274 4323 2476 4364 eorum
2507 4322 2741 4379 semper
2770 4306 3049 4363 exercuit.
3081 4305 3213 4362 Hec
3243 4307 3316 4363 ab
3344 4306 3603 4364 Hebrmis

1957 4398 2115 4454 dicta
2132 4396 2476 4470 reperimus.
2507 4396 2675 4452 Nunc
2704 4396 2805 4467 qui
2835 4395 2909 4451 ab
2937 4393 3347 4451 ecclesiasticis
3366 4394 3508 4451 viris
3538 4394 3601 4453 in

182 4501 378 4540 sermo
423 4486 645 4541 Domini
690 4485 761 4540 ad
788 4486 1099 4576 Zorobabel,
1130 4488 1315 4576 dicens
1337 4505 1356 4541 :
1386 4491 1505 4544 Non
1536 4490 1593 4542 in
1624 4490 1845 4559 fortitu-
1878 4513 1922 4576 Ι)
1953 4486 2403 4543 Commentariis
2433 4485 2719 4557 scriptum
2741 4484 2845 4576 sit,
2876 4483 3262 4576 disseramus.
3283 4482 3601 4576 _Candela-

177 4573 326 4628 dine
350 4591 573 4645 magna,
602 4592 779 4646 neque
807 4576 871 4630 in
894 4575 1102 4643 robore,
1133 4575 1224 4630 sed
1248 4577 1305 4631 in
1326 4577 1530 4647 spiritu
1549 4593 1687 4646 meo,
1710 4577 1845 4633 dicit

180 4663 461 4719 Dominus
511 4666 856 4735 omnipotens
884 4681 896 4718 :
934 4666 1065 4733 Quis
1094 4680 1149 4721 es
1172 4672 1256 4735 tu,
1286 4681 1441 4721 mons
1469 4682 1686 4738 magne,
1716 4677 1844 4723 ante

175 4753 399 4824 faciem
444 4753 753 4819 Zorobabel,
806 4757 866 4808 ut
910 4756 1194 4823 corrigas?
1240 4763 1292 4810 et
1335 4755 1565 4810 educam
1602 4756 1846 4828 lapidem

181 4840 354 4898 808
397 4841 730 4898 haereditatis
757 4860 769 4898 :
801 4843 1177 4913 aequalitatem
1204 4845 1407 4913 gratiae
1435 4846 1677 4913 gratiam
1704 4847 1840 4915 eius.

181 4929 457 5001 Angelus
506 4932 605 5003 qui
636 4932 941 4987 suscitavit
970 4931 1304 4987 Zachariam
1336 4933 1504 5004 quasi
1538 4933 1611 4987 de
1638 4950 1845 4990 somno

182 5018 499 5074 hominem
528 5025 998 5093 consurgentem,
1024 5022 1344 5093 interrogat
1364 5022 1503 5093 quid
1527 5021 1755 5090 viderit,
1781 5027 1844 5077 ut

178 5104 299 5162 illo
332 5109 736 5180 respondente,
792 5114 850 5165 et
893 5109 1217 5182 ignorante,
1250 5115 1307 5166 et
1337 5111 1668 5166 sciscitante
1698 5112 1839 5183 quid

179 5200 419 5263 cernat,
474 5202 646 5269 atque
676 5197 902 5253 dicente
928 5216 940 5253 :
975 5198 1114 5267 Quid
1157 5208 1286 5255 sunt
1314 5199 1453 5269 hac,
1481 5200 1700 5256 domine
1725 5202 1847 5257 mi?

181 5283 515 5340 audiamus
568 5286 641 5341 ab
688 5302 756 5341 eo
787 5303 824 5342 ε⁴
849 5288 954 5343 Hoc
979 5292 1058 5343 est
1086 5288 1309 5343 verbum
1336 5289 1559 5343 Domini
1583 5288 1653 5344 ad
1681 5290 1844 5346 Zoro-

180 5371 355 5427 babel
381 5388 396 5427 :
428 5372 547 5429 Non
571 5376 634 5429 in
662 5377 930 5442 exercitu,
961 5392 1061 5432 nec
1088 5377 1149 5432 in
1176 5378 1403 5439 robore;
1433 5376 1525 5433 sed
1555 5378 1618 5432 in
1642 5380 1847 5450 spiritu

1952 4576 2710 4648 brum(Al.autem)aureum
2724 4573 2796 4628 de
2807 4588 2949 4628 auro
2961 4570 3599 4644 purissimoEcclesiam

1954 4665 2444 4737 intelligunt,quae
2464 4664 2523 4717 in
2533 4661 2848 4733 Scripturis
2860 4659 3081 4717 sanctis
3101 4675 3344 4717 sensum
3358 4675 3427 4715 ac
3442 4674 3602 4717 men.

1952 4760 2067 4811 tem
2082 4754 2269 4824 magis
2283 4767 2461 4823 quam
2474 4751 2649 4806 verba
2664 4749 2970 4822 perquirit.
2985 4748 3150 4813 Quod
3168 4752 3365 4803 autem
3383 4746 3442 4803 in
3459 4761 3599 4804 sen-

1954 4859 2022 4898 su
2044 4856 2252 4897 aurum
2278 4840 2620 4913 accipiatur,
2643 4836 2968 4911 posteriora
2984 4842 3044 4893 et
3062 4834 3295 4893 humeri
3316 4835 3599 4897 columba

1955 4930 2015 4984 in
2030 4928 2389 5001 sexagesimo
2403 4928 2653 5000 septimo
2668 4926 2895 4999 psalmo
2910 4925 3247 4982 ostendunt:
3263 4939 3391 4995 qua
3402 4923 3603 4983 dicun-

1955 5023 2054 5075 tur
2081 5018 2208 5075 auri
2236 5018 2424 5074 virore
2453 5018 2573 5073 sive
2603 5017 2827 5089 fulgore
2854 5015 3101 5071 radiare.
3152 5013 3509 5085 Lampadem
3539 5016 3599 5071 et

1922 5162 1927 5165 _
1954 5108 2068 5181 ipsi
2094 5108 2392 5165 Christum
2424 5105 2784 5178 intelligunt,
2813 5105 2969 5177 quod
3000 5103 3191 5161 luceat
3231 5103 3291 5158 in
3322 5099 3598 5159 Ecclesia.

1956 5200 2056 5270 qui
2070 5198 2142 5254 de
2157 5198 2352 5269 seipso
2369 5196 2624 5253 dicebat:
2644 5196 2809 5252 Nemo
2821 5194 3103 5249 lucernam
3118 5190 3439 5258 accendit,et
3445 5189 3605 5261 ponit

1954 5306 2080 5345 eum
2107 5288 2207 5344 sub
2235 5287 2420 5343 modio
2447 5288 2630 5358 (Matt.
2662 5301 2718 5355 ν,
2753 5285 2862 5355 15),
2892 5281 3003 5338 hoc
3031 5285 3142 5348 est,
3181 5279 3293 5336 sub
3323 5291 3602 5335 mensura

1956 5378 2158 5451 Legis;
2193 5378 2292 5435 sed
2325 5392 2503 5448 super
2531 5373 2977 5441 candelabrum,
3027 5369 3086 5424 id
3134 5374 3252 5437 est,
3300 5363 3600 5440 Evangelii

266 5582 345 5665 (a)
374 5583 668 5648 Victorius
689 5592 949 5668 corrigit,
976 5606 1142 5669 super
1159 5590 1316 5664 illud,
1349 5591 1575 5651 scilicet
1592 5592 2002 5654 candelabrum.
2033 5592 2186 5653 Tum
2206 5589 2411 5668 Regia.
2435 5605 2573 5662 me"
2601 5595 2658 5650 et
2681 5592 2891 5667 captain
2908 5584 3180 5658 lucerna,
3204 5580 3267 5643 in
3285 5581 3471 5647 recte.
