4022 6192
444 302 628 365 1143

1719 304 1758 362 S
1772 346 1785 361 .
1832 298 2145 363 EUSEBII
2188 299 2627 362 HIERONYMI

3514 307 3705 371 ’lﬂl

461 438 895 504 libertatem,ut
914 436 1105 493 luceat
1134 436 1360 493 cunctis
1394 436 1495 508 qui
1529 442 1665 491 sunt
1691 434 1751 489 in
1781 434 1974 489 domo.
1996 432 2111 488 Lu-
2141 434 2195 500 Α
2226 437 2283 488 et
2312 450 2379 487 ex
2413 431 2587 488 Israel
2611 432 2914 488 credentes
2933 431 3228 505 accipiant,
3254 437 3304 488 et
3323 433 3529 505 populus
3544 437 3707 498 ethnico-

459 542 665 581 cernas
690 530 915 598 septem
937 530 994 581 et
1023 525 1298 581 eﬁ'usoria
1331 524 1435 596 [Αἱ.
1472 522 1807 591 sulfusoria]
1839 539 2039 578 earum
2061 526 2120 577 et
2229 539 2381 577 rum.
2413 521 2573 577 Unde
2593 525 2649 576 et
2669 521 2896 577 Gabriel
2926 521 3183 593 loquitur
3201 523 3266 577 ad
3287 522 3520 578 Mariam:
3543 527 3709 584 bwenish

443 614 557 686 ipsi
599 614 827 687 gratias
857 615 1045 670 sancti
1092 614 1344 686 Spiritus
1400 612 1764 686 intelligunt,
1815 628 1919 683 per
1967 628 2113 683 quas
2224 613 2467 681 gratiam
2495 610 2640 681 apud
2668 611 2963 665 Dominum
2992 613 3143 678 (Luc.
3178 629 3214 677 ι,
3244 612 3345 683 30).
3373 612 3431 667 Et
3449 612 3710 687 Paulusnpo.

458 702 653 759 oleum
714 703 1129 759 misericordiae
1182 704 1281 760 Dei
1337 708 1799 773 cunctarumque
1827 702 2108 755 virtutum

459 791 718 849 Ecclesia
746 792 1012 865 suscipit.
1061 794 1219 848 Duas
1251 793 1435 848 olivas
1465 809 1642 864 super
1670 789 2110 855 candelabrum,

456 886 515 937 et
536 881 649 954 ipsi
673 881 906 954 Moysen
930 887 990 937 et
1008 881 1193 937 Eliam
1213 882 1569 954 intelligunt,
1585 880 1684 951 qui
1709 895 1843 935 cum
1862 878 2109 933 Domino

451 967 809 1041 loquebatur
828 970 887 1024 in
914 974 1130 1037 monte,
1159 976 1219 1026 et
1240 971 1652 1042 signiﬁcabant
1680 968 1821 1039 quid
1853 967 1911 1021 in
1936 967 2105 1022 Jeru-

456 1057 641 1113 salem
671 1075 956 1131 passurus
984 1065 1141 1114 esset
1170 1061 1377 1131 (Matth.
1413 1058 1574 1130 xvu).
1609 1056 1813 1114 Omnis
1836 1056 1991 1112 enim
2017 1056 2107 1111 lex

454 1152 512 1201 et
536 1146 817 1218 propheta
835 1147 907 1202 de
928 1147 1139 1203 Christi
1158 1148 1474 1218 praedicant
1499 1148 1791 1219 passione.
1821 1144 1934 1199 Alii
1957 1145 2104 1199 duas

456 1233 638 1290 olivas
660 1251 695 1289 a
718 1234 956 1301 dextris,
978 1239 1035 1290 et
1054 1252 1088 1289 a
1113 1236 1392 1303 sinistris,
1414 1237 1625 1308 Legem
1646 1240 1702 1290 et
1726 1232 2102 1304 Evangelium

452 1319 929 1392 interpretantur,
959 1327 1025 1376 ut
1046 1320 1106 1375 in
1130 1322 1332 1378 dextra
1358 1321 1729 1394 Evangelium
1754 1319 1849 1391 sit,
1880 1319 1937 1373 in
1961 1317 2100 1373 sini-

453 1414 576 1464 stra
607 1410 757 1465 Lex:
792 1411 864 1465 de
892 1425 1009 1482 qua
1031 1410 1251 1479 dextra,
1277 1417 1333 1467 et
1363 1410 1604 1466 sinistra
1627 1410 1845 1465 dicitur
1875 1408 1932 1463 in
1955 1411 2098 1462 Can-

449 1497 563 1553 tico
586 1499 945 1554 canticorum
973 1516 985 1553 :
1020 1499 1259 1555 Sinistra
1280 1501 1397 1571 ejus
1416 1500 1514 1555 sub
1540 1501 1716 1571 capite
1734 1515 1871 1565 meo,
1895 1502 1947 1552 et
1966 1496 2096 1552 dex-

445 1596 569 1641 tera»
613 1588 771 1643 illius
813 1588 1166 1659 amplexatur
1197 1587 1305 1650 (Al.
1337 1586 1769 1660 amplexabitur]
1800 1603 1886 1642 me
1912 1585 2093 1659 (Cant.

447 1693 508 1747 ιι,
531 1677 607 1748 6).
634 1676 888 1732 Montem
915 1681 1113 1733 autem
1136 1676 1397 1749 plerique
1416 1682 1773 1742 nostrorum,
1795 1676 2091 1731 diabolum

445 1765 1204 1837 interpretantur,etAntich
1214 1767 1550 1837 ristum,qui
1572 1783 1766 1822 coram
1782 1763 2093 1820 Zorobabel

442 1854 537 1925 (de
568 1871 682 1926 quo
714 1856 1048 1910 nasciturus
1078 1860 1168 1910 est
1187 1853 1478 1925 Christus)
1510 1859 1664 1909 stare
1695 1854 1928 1921 audeat,
1951 1859 2008 1908 et
2030 1869 2093 1908 se

443 1942 684 2015 erigere,
708 1949 764 1998 et
785 1943 845 1998 in
868 1943 1175 2015 Evangelio
1200 1942 1390 1997 dicere
1414 1960 1427 1997 :
1451 1943 1579 1999 Haec
1602 1943 1792 1997 omnia
1815 1942 1954 1995 mihi
1979 1950 2092 1995 tra-

439 2032 562 2087 dita
587 2040 737 2099 sunt,
769 2040 820 2087 et
847 2033 990 2087 dabo
1020 2047 1086 2086 ea
1113 2030 1238 2096 tibi,
1270 2032 1321 2085 si
1343 2031 1630 2101 procidens
1659 2032 1979 2085 adoraveris
2007 2046 2093 2085 me

441 2123 615 2194 (Matt.
650 2138 725 2189 ιν,
757 2120 835 2191 9).
868 2121 1045 2185 Quem
1080 2120 1364 2176 Dominus
1396 2120 1519 2177 suis
1554 2119 1801 2191 pedibus
1830 2123 2090 2191 proster-

441 2226 609 2277 nens,
641 2215 697 2265 et
725 2210 798 2264 de
827 2209 1078 2280 superbo
1110 2209 1394 2265 humilem
1430 2209 1668 2274 faciens,
1702 2214 1876 2280 atque
1900 2208 2090 2277 dejec-

439 2304 588 2369 tum,
622 2298 764 2353 dicit
798 2314 810 2352 :
866 2298 1002 2353 Vade
1031 2307 1197 2365 retro,
1232 2299 1466 2365 Satana,
1499 2300 1764 2368 scriptum
1793 2305 1870 2352 est
1898 2298 2084 2353 enim:

439 2389 732 2443 Dominum
765 2388 930 2442 Deum
957 2391 1111 2442 tuum
1138 2386 1414 2452 adorabis,
1444 2391 1498 2442 et
1526 2387 1681 2441 810
1710 2389 1818 2457 ipsi
1844 2387 1951 2441 soli
1976 2401 2089 2441 ser-

435 2477 548 2533 vies
577 2477 770 2543 (Ibid.,
806 2478 891 2547 10,
922 2480 974 2532 et
1008 2481 1172 2531 Deut.
1208 2494 1285 2542 v1,
1322 2477 1431 2547 13).
1466 2475 1733 2546 Dantque
1754 2473 2086 2546 exemplum

433 2566 492 2621 in
516 2564 824 2638 Evangelio
847 2564 1107 2635 lunatici,
1124 2581 1299 2636 quem
1320 2581 1455 2619 cum
1471 2562 1717 2635 apostoli
1738 2579 1850 2618 non
1870 2562 2089 2634 potuis-

437 2658 569 2711 sent
598 2669 827 2720 sanare,
861 2654 1228 2725 interrogant
1257 2670 1361 2709 cur
1389 2669 1596 2709 sanare
1619 2650 2005 2722 nequiverint,
2032 2656 2089 2706 et

436 2742 684 2798 audiunt
717 2760 730 2798 :
782 2742 948 2797 Amen
978 2740 1098 2796 dico
1127 2741 1297 2809 vobis,
1346 2743 1399 2797 si
1427 2741 1729 2797 habueritis
1756 2740 1918 2810 ﬁdem
1946 2741 2087 2794 sicut

430 2846 669 2901 granum
682 2831 911 2900 sinapis,
925 2829 1118 2884 dicetis
1137 2831 1313 2885 monti
1328 2829 1474 2898 huic,
1490 2830 1668 2883 transi
1684 2829 1832 2897 hinc,
1847 2836 1896 2883 et
1914 2836 2087 2883 trans-

437 2921 576 2981 ibit;
606 2921 657 2973 et
685 2917 838 2973 nihil
866 2917 1202 2989 impossibile
1231 2920 1335 2973 erit
1364 2919 1532 2973 vobis.
1567 2919 1675 2972 Hoc
1702 2924 1891 2971 autem
1916 2932 2087 2987 genus

435 3022 543 3063 non
566 3007 807 3078 ejicitur,
826 3007 939 3061 nisi
954 3022 1053 3077 per
1071 3008 1378 3061 orationem
1398 3010 1447 3060 et
1460 3006 1742 3077 jejunium
1762 3005 1930 3075 (Matt.
1946 3022 2082 3072 xvn,

438 3095 651 3165 19,20).
668 3092 928 3149 Monsibi
948 3102 1147 3165 aperte
1167 3093 1433 3149 diabolus
1451 3092 1869 3165 accipitur.Alii
1889 3098 2082 3148 autem

2225 700 2411 756 stolus
2442 699 2645 755 scribit
2673 717 2685 754 :
2719 698 2939 754 Gratias
2969 702 3119 754 enim
3146 698 3341 755 saluati
3363 703 3473 756 estis
3496 702 3649 772 (Ephes.
3669 722 3711 771 ιι,

2220 790 2313 861 8):
2347 795 2403 845 et
2429 790 2687 845 Joannes
2717 788 3073 861 evangelista
3100 807 3112 843 :
3148 793 3276 858 Lex,
3308 789 3497 860 inquit,
3528 807 3601 861 per
3619 797 3714 862 Moy-

2219 895 2315 933 sen
2344 880 2489 934 data
2517 887 2593 934 est
2615 895 2633 931 :
2663 879 2849 947 gratia
2882 880 3063 932 autem
3086 883 3143 933 et
3168 879 3357 933 veritas
3371 894 3455 949 per
3468 879 3608 933 Iesum
3621 881 3717 936 Clu-i-

2214 972 2363 1023 stum
2389 970 2538 1039 facta
2567 974 2643 1022 est
2672 968 2850 1036 (Joan.
2885 983 2924 1036 ι,
2962 966 3069 1034 17).

2290 1055 2474 1127 (Vers.
2519 1058 2553 1109 8
2599 1057 2788 1125 seqq.)
2836 1055 2899 1109 Et
2926 1058 3134 1125 factum
3163 1058 3238 1109 est
3271 1055 3474 1110 Verbum
3503 1056 3660 1111 Domini
3679 1056 3719 1111 ad

2215 1162 2304 1199 me
2349 1146 2587 1200 dicens:
2637 1143 2826 1197 Manus
2875 1143 3164 1198 Zorobabel
3216 1143 3541 1213 fundaverant
3577 1144 3722 1198 domum

2212 1236 2399 1301 istam,
2428 1242 2479 1288 et
2508 1248 2704 1287 manus
2733 1233 2850 1302 ejus
2867 1232 3152 1302 perﬁcient
3169 1248 3303 1297 eam,
3327 1240 3372 1286 et
3387 1234 3540 1286 scietis
3557 1235 3651 1303 quia
3666 1233 3723 1287 De

2211 1324 2397 1377 minus
2418 1323 2763 1377 exercituum
2783 1322 2937 1375 misit
2954 1337 3038 1376 me
3057 1320 3126 1375 ad
3146 1336 3253 1374 vos.
3286 1321 3402 1388 Quis
3427 1322 3547 1375 enim
3563 1320 3726 1391 despexit

2209 1410 2325 1465 dies
2353 1414 2585 1481 parvos?
2613 1414 2664 1465 et
2695 1409 3050 1475 laetabuntur,
3079 1414 3133 1463 et
3161 1409 3403 1464 videbunt
3427 1409 3725 1479 lapidcmstan-

2207 1516 2373 1554 neum
2402 1502 2462 1553 in
2491 1516 2661 1553 manu
2686 1498 2995 1553 Zorobabel.
3022 1497 3231 1565 Septem
3264 1498 3355 1551 isti
3378 1498 3503 1551 oculi
3520 1496 3633 1551 8H
3650 1500 3729 1550 sunt
3852 1504 3853 1543 l

2209 1588 2401 1659 [Vulg
2440 1592 2587 1642 tacet
2613 1593 2758 1653 sunt]
2785 1587 3025 1653 Domini,
3057 1588 3154 1657 qui
3179 1586 3472 1641 discurrunt
3491 1587 3537 1639 in
3554 1586 3731 1639 universa

2203 1682 2373 1732 terra.
2410 1677 2547 1731 LXX
2572 1693 2584 1730 :
2617 1678 2684 1730 Et
2706 1678 2884 1745 factus
2904 1684 2981 1730 est
2998 1690 3174 1730 sermo
3192 1676 3404 1731 Domini
3422 1676 3489 1729 ad
3508 1691 3575 1729 me
3588 1675 3733 1728 dicens:

2205 1768 2396 1822 Manus
2418 1765 2713 1821 Zorobabel
2745 1765 3114 1836 fundaverant
3130 1764 3343 1818 domum
3365 1766 3521 1831 istam,
3547 1767 3588 1817 et
3602 1777 3730 1816 nunc:

2199 1856 2317 1926 ejus
2346 1856 2688 1926 complebunt
2716 1870 2859 1909 eam.
2896 1854 2959 1908 Et
2988 1855 3120 1908 scies
3149 1854 3404 1924 quoniam
3432 1852 3643 1906 Dominus
3662 1866 3730 1905 om-

2199 1946 2451 2015 nipotens
2477 1946 2631 1998 misit
2660 1960 2747 1998 me
2778 1943 2848 1997 ad
2878 1948 2935 1997 te
2963 1961 2981 1996 :
3028 1942 3151 2011 quis
3183 1943 3329 1996 enim
3355 1940 3578 2011 dexperit
3599 1940 3643 1992 in
3661 1936 3734 1991 diu

2196 2032 2434 2104 parvos?
2462 2037 2514 2087 et
2544 2033 2903 2099 laetabuntur,
2936 2039 2987 2085 et
3014 2030 3275 2085 videbunt
3317 2029 3527 2101 lapidem
3564 2031 3737 2081 stantum

2199 2123 2259 2175 in
2290 2137 2457 2175 manu
2477 2121 2767 2177 Zorobabel
2794 2137 2813 2174 .·
2839 2123 3039 2190 septem
3065 2119 3157 2173 isti
3180 2119 3325 2173 oculi
3348 2119 3419 2187 (a)
3448 2117 3733 2182 Dominisunt,

2198 2211 2296 2279 qui
2325 2210 2626 2280 respiciunt
2654 2225 2818 2279 super
2840 2224 3054 2263 omnem
3077 2216 3298 2263 terram.
3323 2207 3406 2261 Ab
3427 2204 3740 2272 Hebrais,eta

2199 2298 2421 2353 nostris
2442 2297 2628 2353 multa
2650 2298 2942 2361 dicuntur,
2972 2313 3224 2368 quorum
3250 2296 3503 2368 pleraque
3517 2297 3740 2356 sectantes,

2197 2390 2254 2441 et
2284 2385 2399 2441 alia
2431 2386 2826 2457 repudiantes,
2863 2385 3001 2457 quid
3034 2384 3205 2440 nobis
3238 2384 3465 2457 placeat,
3484 2381 3740 2443 inferamus,

2199 2480 2499 2530 servantes
2546 2474 2802 2529 historia:
2832 2473 3153 2543 veritatem,
3207 2480 3270 2529 ut
3315 2490 3381 2528 ex
3406 2472 3502 2526 hac
3528 2468 3741 2541 possimus

2202 2579 2360 2635 eum,
2380 2564 2477 2634 qui
2506 2580 2606 2635 per
2626 2563 2928 2618 historiam
2955 2563 3354 2635 prophetatur,
3377 2555 3743 2633 agnoscentis-

2197 2670 2312 2707 nus
2332 2652 2644 2707 Zorobabel
2673 2651 2952 2723 principis
2973 2652 3329 2716 Iudaeorum,
3351 2650 3443 2722 qui
3463 2646 3636 2704 reversi
3654 2646 3747 2699 sunt

2195 2742 2265 2796 de
2287 2741 2595 2813 Babylone,
2622 2740 2823 2811 templi
2850 2741 3233 2795 fundamenta
3255 2741 3512 2804 fecerunt,
3533 2740 3582 2790 et
3599 2746 3745 2789 manus

2194 2831 2321 2901 ejus
2373 2847 2558 2901 usque
2598 2830 2668 2884 ad
2701 2828 2904 2901 templi
2936 2829 3168 2901 fastigia
3201 2829 3444 2893 venient,
3474 2823 3745 2896 complentes

2193 2919 2348 2991 quod
2380 2923 2700 2991 coeperant,
2743 2924 2801 2973 et
2845 2918 3041 2973 omnia
3076 2935 3208 2989 qua:
3237 2922 3419 2988 coepta
3445 2916 3745 2980 fuerant,ex-

2194 3012 2506 3063 struentes.
2551 3007 2821 3079 Legimus
2852 3007 3006 3078 apud
3041 3008 3245 3061 Ezram
3279 3006 3425 3077 quod
3454 3022 3486 3059 a
3508 2996 3745 3058 Zorobabel

2194 3096 2480 3169 templum
2531 3102 2781 3167 cceptum
2835 3095 2911 3149 sit
2957 3100 3132 3166 atque
3163 3094 3474 3167 perfectum
3504 3091 3551 3163 (Ι
3590 3087 3747 3144 Εεᾱλν

434 3183 759 3239 temeritate
779 3198 895 3237 non
918 3180 1235 3253 parva,hoc
1257 3182 1409 3252 quod
1436 3182 1823 3237 manifestede
1845 3181 2076 3237 diabolo
2107 3168 2149 3234 C
2186 3196 2236 3241 et
2267 3190 2367 3253 v1).
2399 3185 2681 3257 Cumque,
2725 3185 2805 3239 ait
2845 3183 3154 3239 Zacharias
3185 3182 3463 3255 propheta
3489 3180 3539 3234 in
3568 3173 3746 3247 templo,

433 3270 668 3333 dicitur,
692 3270 763 3324 ad
791 3268 1088 3324 Christum
1114 3270 1501 3342 referunt,qui
1526 3269 1584 3324 in
1607 3270 1925 3341 Scripturis
1940 3286 2073 3325 san-

434 3359 543 3414 ctis
562 3374 730 3414 mons
746 3359 883 3430 stepi
894 3372 961 3413 us
981 3357 1324 3430 appellatur.
1340 3359 1455 3413 Nec
1477 3362 1808 3414 necesseest
1828 3358 1965 3414 dare
1985 3375 2076 3413 ex-

435 3447 914 3520 empla,quorum
936 3462 1149 3517 magna
1167 3446 1333 3518 copia
1348 3452 1453 3502 est.
1470 3447 1553 3501 Ad
1576 3447 1731 3502 hunc
1753 3452 1949 3502 autem
1972 3448 2075 3503 du-

432 3542 647 3592 cuntur
664 3551 943 3601 errorem,
968 3535 1107 3607 quia
1139 3536 1421 3607 scriptum
1455 3541 1544 3591 est
1573 3536 1633 3590 in
1654 3536 2069 3607 Septuaginta:

434 3626 565 3694 Quis
593 3641 649 3680 es
697 3630 779 3695 tu,
832 3638 987 3679 mons
1014 3640 1233 3695 magne,
1263 3628 1391 3679 ante
1416 3626 1614 3695 faciem
1645 3625 1960 3691 Zorobabel,
2013 3629 2075 3681 ut

429 3715 711 3785 corrigas?
737 3713 891 3785 quod
923 3711 1190 3768 videlicet
1221 3729 1388 3767 mons
1430 3712 1541 3768 iste
1571 3714 1670 3784 qui
1702 3717 1836 3768 ante
1869 3713 2072 3769 faciem

428 3801 742 3859 Zorobabel
773 3807 879 3869 est,
913 3800 1022 3858 hoc
1050 3805 1158 3868 est,
1192 3801 1291 3873 qui
1323 3801 1392 3857 de
1418 3801 1733 3857 Zorobabel
1761 3801 1942 3872 stirpe
1971 3804 2070 3858 de-

430 3893 695 3962 scendat,
726 3890 866 3947 velit
887 3891 1176 3946 mundum
1200 3890 1323 3963 ipse
1348 3891 1653 3963 corrigere,
1679 3895 1735 3946 et
1756 3892 1827 3945 de
1850 3890 1975 3962 ipso
1999 3892 2076 3947 sit

432 3981 589 4052 quod
619 3979 926 4052 sequitur:
962 3979 1201 4035 Educam
1234 3978 1470 4050 lapidem
1500 3979 1836 4034 hereditatis
1865 3980 1934 4034 de
1958 3996 2074 4051 qua

432 4070 688 4141 sciptum
717 4072 809 4124 est
839 4084 852 4122 :
904 4070 978 4123 Tu
1005 4084 1061 4124 es
1090 4070 1186 4140 qui
1211 4068 1459 4123 restitues
1488 4070 1869 4125 haereditatem
1897 4084 2075 4123 meam

430 4157 573 4213 mihi
601 4155 771 4227 (Psal.
802 4173 896 4220 xv,
925 4156 1000 4228 5).
1033 4157 1101 4211 Et
1128 4156 1185 4210 in
1219 4154 1332 4211 alio
1362 4156 1488 4212 loco
1519 4173 1530 4210 :
1567 4158 1754 4227 Elegit
1784 4155 1942 4212 n'obis
1964 4156 2072 4211 hae-

431 4244 719 4301 reditatem
762 4260 922 4300 suam
972 4243 1437 4316 pulchritudinem
1474 4247 1635 4301 Iacob
1677 4263 1842 4319 quam
1880 4246 2078 4301 dilexit

435 4334 611 4407 (Psal.
642 4349 793 4399 xnvr,
822 4334 899 4403 5).
932 4334 1001 4389 Et
1029 4349 1263 4388 rursum
1300 4348 1313 4387 :
1364 4335 1529 4389 Facta
1574 4338 1651 4389 est
1690 4351 1821 4405 pars
1858 4335 2077 4391 Domini

431 4422 611 4488 Iacob,
660 4421 943 4491 funiculus
1012 4420 1360 4476 hereditatis
1383 4422 1503 4491 ejus
1540 4423 1705 4477 Israel
1737 4422 1907 4493 (Psal.
1941 4422 2072 4493 CIV).

433 4511 505 4567 Et
531 4511 591 4566 in
624 4511 881 4567 secundo
913 4509 1174 4583 psalmo:
1208 4512 1470 4566 Dominus
1499 4511 1635 4565 dicit
1673 4511 1743 4566 ad
1768 4528 1875 4582 me,
1922 4513 2076 4582 ﬁlius

431 4616 585 4656 meus
611 4616 667 4656 es
694 4602 773 4668 tu,
806 4615 900 4671 ego
930 4600 1085 4656 hodie
1111 4602 1282 4671 genui
1311 4603 1379 4655 te.
1411 4601 1634 4656 Postulo
1662 4617 1695 4656 a
1726 4617 1830 4668 me,
1859 4610 1909 4656 et
1937 4602 2076 4658 dabo

416 4690 536 4745 tibi
562 4693 747 4761 gentes
777 4688 1157 4747 haereditatem
1183 4694 1338 4745 tuam
1367 4690 1538 4761 (Psal.
1572 4707 1648 4755 χι,
1681 4692 1735 4757 7,
1758 4690 1834 4759 8).
1862 4691 2079 4746 Educet

436 4784 633 4835 autem
649 4776 1193 4851 Dominuslapidem
1210 4777 2075 4851 primarium,dequolegimus:

420 4870 499 4924 ἰη
512 4870 790 4940 principio
815 4871 937 4923 erat
963 4869 1219 4938 Verbum,
1251 4876 1301 4923 et
1325 4868 1552 4923 Verbum
1577 4874 1695 4923 erat
1718 4869 1868 4940 apud
1888 4870 2077 4938 Deum,

436 4961 487 5014 et
504 4959 643 5014 Deus
660 4964 779 5014 erat
800 4957 1045 5013 Verbum.
1073 4957 1140 5011 Et
1165 4972 1177 5011 :
1212 4955 1410 5011 Omnia
1429 4973 1533 5028 per
1560 4959 1740 5028 ipsum
1759 4960 1906 5029 facta
1928 4962 2079 5028 sunt,

438 5051 492 5103 et
538 5049 659 5103 sine
704 5049 820 5118 ipso
870 5052 1079 5118 factum
1122 5049 1204 5101 est
1242 5045 1388 5100 nihil
1430 5046 1607 5117 (Joan.
1651 5063 1691 5111 ι,
1727 5048 1776 5112 1,
1809 5048 1884 5118 3).
1917 5047 2080 5111 Quod

439 5140 631 5193 autem
667 5135 843 5192 dicit:
879 5134 1199 5208 Exsequabit
1217 5136 1456 5204 gratiam
1475 5136 1674 5205 gratiae
1699 5137 1837 5206 ejus,
1871 5135 1980 5191 hoc
2001 5136 2080 5192 si-

438 5226 700 5299 gnificat.
732 5224 849 5281 Nos
877 5239 1082 5281 omnes
1103 5223 1173 5279 de
1195 5222 1557 5295 plenitudine
1579 5225 1707 5295 ejus
1728 5225 2080 5296 accepimus,

438 5320 496 5372 et
522 5315 771 5391 gratiam
802 5331 906 5388 pro
936 5312 1143 5387 gratia,
1173 5312 1230 5368 id
1262 5317 1369 5381 est,
1404 5330 1507 5386 pro
1529 5314 1717 5385 gratia
1744 5313 1926 5387 Legis,
1951 5330 2083 5386 gra-

439 5405 582 5463 tiam
612 5404 929 5499 Evangelii,
963 5408 1028 5459 ut
1053 5402 1340 5476 aequalem
1371 5403 1642 5476 gratiam,
1663 5406 1719 5458 et
1740 5419 1845 5476 par
1864 5420 2083 5459 munus

2186 3274 2338 3345 quod
2398 3289 2554 3328 nunc
2611 3272 2939 3339 aediﬁcetis,
2986 3271 3250 3328 videritis
3310 3288 3343 3326 a
3392 3268 3539 3325 vobis
3579 3264 3746 3320 culmen

2182 3361 2549 3432 impositum,
2594 3366 2741 3416 tunc
2787 3359 3124 3432 intelligetis
3167 3377 3267 3415 me
3298 3359 3530 3415 missum
3557 3372 3586 3410 a
3610 3349 3745 3407 Domi-

2183 3467 2278 3517 no,
2326 3455 2380 3505 et
2424 3468 2548 3520 quae
2600 3449 2829 3504 locutus
2859 3465 3015 3514 sum,
3047 3448 3173 3521 ipso
3222 3448 3542 3511 mandante,
3570 3440 3748 3503 dixisse.

2184 3540 2314 3607 Quis
2361 3541 2511 3594 enim
2553 3540 2799 3609 despexit
2841 3538 2958 3592 dies
3007 3542 3247 3608 parvos?
3277 3537 3413 3601 Quis
3440 3533 3525 3588 hic
3552 3547 3636 3604 pro
3658 3540 3749 3582 raro

2182 3627 2468 3699 accipitur
2491 3627 2662 3696 juxta
2693 3625 2835 3680 illud
2866 3644 2879 3681 :
2917 3628 3047 3695 Quis
3066 3630 3228 3697 putas
3248 3630 3323 3681 est
3343 3625 3645 3695 dispensator
3658 3612 3749 3684 ﬁde-

2183 3717 2251 3771 lis
2279 3720 2333 3771 ιιι
2354 3716 2596 3788 prudens
2627 3718 2778 3786 (Luc.
2811 3733 2913 3786 xu,
2946 3716 3078 3786 42)?
3108 3716 3202 3780 Et,
3244 3716 3484 3781 Domine,
3514 3711 3613 3782 quis
3636 3703 3751 3759 habi-

2181 3805 2319 3860 tabit
2359 3807 2417 3859 in
2465 3803 2820 3860 tabernaculo
2851 3813 2959 3869 tuo,
2992 3808 3043 3859 et
3071 3806 3192 3875 quis
3226 3802 3471 3858 ascendet
3499 3802 3550 3854 in
3575 3797 3750 3851 montem

2180 3903 2433 3949 sanctum
2453 3902 2603 3949 tuum
2629 3894 2932 3965 (Psal.x1v,
2960 3893 3053 3961 1)?
3080 3893 3270 3948 Rarus
3292 3908 3426 3963 ergo
3446 3895 3544 3953 est,
3563 3884 3644 3958 qui
3662 3881 3751 3936 dies

2183 3999 2389 4054 parvos
2412 3982 2592 4053 hujus
2615 3982 2811 4037 smeuli
2834 3981 3136 4054 despiciat,
3159 3985 3218 4036 et
3241 3982 3454 4054 regiam
3478 3976 3755 4054 potestatem

2184 4053 2345 4143 putet
2373 4087 2500 4126 esse
2533 4070 2720 4125 nihili.
2772 4071 2918 4126 Cum
2949 4053 3290 4127 viderimus
3346 4072 3586 4141 potentes
3611 4053 3757 4117 seculi

2184 4160 2403 4233 fulgere
2424 4177 2585 4225 auro,
2608 4177 2889 4231 purpura,
2911 4160 3282 4232 gemmisque
3307 4157 3554 4221 rutilare,
3573 4152 3762 4233 circum:

2182 4230 2308 4304 dari
2329 4230 2887 4313 exercitu,dicamus
2908 4230 2966 4304 in
2993 4248 3162 4304 nobis
3184 4230 3200 4302 ξ
3226 4249 3364 4321 quis
3387 4230 3767 4320 putas,despit‘it

2184 4339 2309 4393 dies
2332 4337 2575 4408 parvos?
2607 4337 2771 4393 Unde
2791 4342 2847 4393 et
2866 4338 3044 4394 Jacob
3067 4337 3249 4392 vitam
3276 4336 3566 4392 hominum
3586 4330 3766 4383 brevem

2184 4426 2517 4498 intelligens
2546 4442 2558 4482 :
2601 4428 2770 4481 Parvi
2793 4435 2941 4498 sunt,
2975 4426 3189 4498 inquit,
3223 4430 3276 4482 et
3305 4424 3529 4499 pessimi
3551 4419 3644 4474 dies
3667 4413 3765 4466 vita

2108 4536 2152 4600 ι)
2183 4530 2321 4573 mea?
2354 4515 2507 4583 (Gen-
2542 4533 2713 4581 XLVII,
2743 4516 2819 4584 9).
2857 4516 2964 4581 Qui
2996 4520 3131 4587 ergo
3153 4513 3520 4587 despexerint
3542 4507 3639 4563 dies
3659 4514 3763 4600 par:

2186 4622 2286 4661 vos
2343 4604 2485 4677 (hoc
2534 4609 2727 4661 autem
2776 4605 2951 4659 refert
2999 4586 3083 4659 ad,
3112 4586 3338 4676 regiam
3372 4600 3691 4674 potestatem,
3715 4586 3769 4677 ιξὶ

2187 4675 2555 4749 commoneat
2583 4692 2916 4761 Zorobabel,
2949 4698 3006 4748 et
3024 4675 3251 4761 Jesum,
3276 4697 3335 4748 et
3356 4688 3614 4764 populum
3632 4675 3768 4736 ediﬁ-

2187 4788 2387 4838 cantes
2462 4782 2746 4854 templum
2819 4781 2943 4846 Dei,
3020 4797 3399 4854 nequaquam
3474 4764 3771 4833 adversarios

2188 4873 2392 4926 timere
2440 4870 2851 4944 prohibentes;
2906 4871 3005 4925 sed
3052 4871 3253 4926 audire
3287 4869 3586 4925 Dominum
3613 4857 3775 4915 cohor-

2188 4960 2455 5031 tantem),
2505 4977 2574 5014 ex
2616 4976 2681 5015 eo
2731 4959 2887 5032 quod
2931 4959 3264 5031 despiciunt
3292 4956 3483 5030 regale
3512 4945 3773 5032 fastigium}.

2192 5027 2545 5103 laetabuntur
2575 5052 2631 5102 et
2661 5027 2940 5102 videbunt
2968 5027 3250 5103 auxilium
3281 5027 3607 5104 Salvatoris,
3627 5027 3778 5126 quiti}

2187 5134 2499 5193 Zorobabel
2533 5136 2713 5207 stirpe
2744 5136 3122 5208 promittitur,
3173 5141 3230 5191 et
3280 5139 3513 5208 prepter
3539 5117 3775 5184 fortitudi-

2189 5241 2345 5292 nem,
2379 5223 2529 5296 lapis
2559 5223 2905 5296 appellatur,
2938 5228 2995 5281 et
3025 5223 3173 5296 lapis
3235 5229 3551 5280 stanneus:
3584 5216 3677 5296 PN
3695 5218 3779 5296 (ΙΨ

2191 5313 2249 5368 in
2286 5290 2561 5368 llebraico
2585 5290 2870 5385 scriptum
2891 5290 2981 5369 est
2999 5290 3182 5369 Anim.
3203 5312 3311 5387 [Αἰ.
3336 5308 3557 5378 Abdel],
3580 5290 3777 5374 (57113):

2194 5419 2261 5458 eo
2306 5402 2462 5474 quod
2507 5402 2585 5457 sit
2634 5418 2841 5458 murus
2884 5407 2941 5458 et
2967 5386 3245 5458 fortitudo
3278 5402 3568 5471 roburque
3594 5386 3780 5449 creden-

515 5618 595 5701 (ι)
624 5617 829 5696 Regia.
862 5637 975 5683 me.
1006 5618 1151 5696 quin
1171 5622 1229 5679 et
1246 5617 1593 5681 Vaticanum
1618 5616 1915 5694 exemplar
1933 5616 2197 5681 Granum
2226 5632 2425 5679 vocem
2455 5616 2673 5677 Domini
2704 5632 2821 5677 non
2857 5621 3205 5693 agnoscunt.
