4022 6192
249 317 406 380 M45

936 321 1683 385 COMMENTARIORUM
1728 324 1806 382 IN
1852 319 2316 383 ZACHARIAM
2360 324 2513 384 LIB.
2558 322 2605 384 Ι.
2653 324 2826 386 CAP.
2870 321 2976 386 ιν.

3500 327 3662 390 1446

250 451 420 506 tium.
455 451 622 510 Sicut
644 452 801 509 enim
829 453 980 510 812
1012 457 1289 510 stannum
1321 454 1395 509 ab
1448 453 1582 526 igne
1632 453 1746 510 alia
1779 469 1899 510 me-
1929 461 1985 526 Α
2015 470 2141 526 quae
2155 432 2937 528 Hebraicesmrnoaarnlztl.
2967 455 3337 528 Sinthurotb]
3370 458 3658 534 (mn-ur),

246 539 390 596 talla
419 540 701 609 defendit,
730 546 787 598 et
814 559 946 599 cum
978 543 1055 600 sit
1082 548 1293 598 natura
1322 560 1400 599 sas
1432 543 1768 614 ferrumque
1801 544 1902 598 du-

249 629 578 697 rissimum,
614 631 660 686 si
696 632 920 704 absque
951 636 1162 688 stanno
1194 632 1388 700 fuerit,
1447 632 1642 687 uritur
1693 636 1751 688 et
1780 648 1901 688 cre-

247 723 464 786 matur,
499 718 583 774 sic
613 720 807 776 omnis
826 721 1166 793 angelorum
1189 725 1247 776 et
1270 719 1575 776 hominum
1603 720 1902 784 fortitudo,

247 807 297 862 si
329 823 445 861 non
477 806 750 863 habuerit
775 807 1060 863 auxilium
1086 807 1422 876 Salvatoris,
1451 808 1744 864 imbecilla
1773 825 1902 880 pro-

248 895 426 951 batur
454 899 512 951 et
541 895 788 967 fragilis.
824 897 994 968 Lapis
1025 900 1220 952 autem
1254 897 1384 964 iste,
1444 897 1502 952 id
1533 901 1642 963 est,
1686 913 1902 962 massa,

250 983 353 1054 qui
385 983 540 1055 apud
573 984 844 1040 Hebraeos
868 1001 1042 1040 anon.
1070 983 1366 1052 scribitur,
1397 984 1455 1038 id
1483 990 1592 1056 est,
1623 989 1902 1052 stanneus,

249 1067 665 1145 ἐτυμολογεῖται
699 1071 1089 1146 ἀποχωρίζων,
1123 1073 1180 1127 id
1233 1078 1322 1129 est
1348 1089 1629 1145 separans,
1660 1078 1716 1129 et
1743 1089 1910 1129 secer-

249 1177 411 1232 nens,
429 1165 495 1216 ut
518 1163 812 1233 quomodo
836 1166 1116 1218 stannum
1141 1162 1323 1217 mixta
1349 1167 1405 1217 et
1419 1162 1908 1218 adulteratainter

253 1266 317 1306 se
347 1265 450 1322 per
470 1249 667 1322 ignem
695 1249 932 1306 metalla
953 1250 1230 1306 dissociat
1254 1267 1268 1305 :
1295 1250 1375 1306 ita
1420 1250 1706 1307 Dominus
1737 1267 1908 1307 verus

253 1339 532 1411 probator
563 1343 618 1394 et
647 1339 932 1412 χωνευτής
963 1339 1036 1395 ab
1066 1355 1210 1396 auro
1239 1343 1297 1395 et
1326 1343 1567 1412 argento
1618 1341 1906 1396 bonorum

253 1443 498 1498 operum
530 1443 606 1483 tes
637 1428 912 1483 vitiorum
945 1427 1375 1500 plumbumque
1406 1433 1690 1494 secernat,
1714 1433 1779 1484 ut
1807 1445 1910 1500 pu-

255 1531 384 1570 rum
410 1532 622 1570 aurum
655 1520 954 1572 remaneat
973 1521 1024 1572 et
1051 1521 1380 1588 argentum.
1399 1516 1541 1572 Aliis
1561 1517 1757 1572 verbis
1780 1515 1909 1570 ἀπο-

255 1601 518 1679 χωρίζωυ
541 1604 650 1660 iste
681 1609 740 1660 et
769 1609 1070 1676 separator
1099 1607 1158 1660 in
1217 1604 1525 1678 Evangelio
1588 1605 1865 1661 scribitur
1894 1623 1907 1659 :

265 1693 437 1762 Cuius
457 1693 830 1749 ventilabrum
842 1695 902 1748 in
917 1710 1086 1748 manu
1125 1703 1308 1758 sua,et
1328 1695 1444 1765 ipse
1457 1695 1714 1765 purgabit
1724 1711 1911 1751 aream

249 1799 434 1849 suam,
464 1787 517 1837 et
545 1783 823 1853 separabit
845 1783 1036 1853 paleas
1066 1799 1100 1837 a
1129 1783 1313 1838 tritico
1337 1785 1486 1854 (Luc.
1523 1800 1608 1850 ιιι,
1644 1784 1754 1854 17),
1807 1782 1906 1854 qui

257 1869 474 1926 clamat
504 1887 606 1942 per
631 1870 948 1926 Jeremiam
976 1887 988 1926 :
1017 1871 1165 1940 Quid
1193 1872 1375 1942 paleis
1403 1877 1478 1927 ad
1525 1875 1864 1942 frumentum
1885 1876 1911 1926 .9

252 1959 392 2015 dicit
419 1960 684 2015 Dominus
712 1961 842 2026 (Jer.
877 1977 1038 2026 xxm,
1070 1960 1182 2031 28).
1214 1959 1384 2014 Multi
1408 1966 1742 2016 nostrorum
1777 1977 1909 2016 ma-

255 2065 371 2104 nus
401 2048 740 2117 Zorobabel,
774 2048 873 2120 qui
908 2049 1236 2104 fundaverit
1266 2049 1530 2116 domum,
1564 2054 1622 2104 et
1641 2049 1765 2121 ipse
1787 2066 1911 2121 per-

254 2137 456 2192 fecerit
481 2153 632 2202 eam,
655 2136 952 2192 Christum
980 2137 1456 2209 interpretantur.
1493 2138 1654 2203 Quod
1686 2139 1734 2194 si
1771 2138 1910 2194 reci-

253 2225 472 2298 pimus,
504 2241 783 2298 cogemur
812 2241 1098 2297 exponere
1129 2226 1269 2298 quid
1303 2225 1380 2283 sit
1434 2225 1586 2298 lapis
1627 2232 1908 2283 stanneus

253 2315 314 2370 in
348 2331 526 2370 manu
548 2314 884 2371 Zorobabel.
919 2314 1119 2386 Neque
1151 2315 1307 2370 enim
1340 2314 1399 2369 in
1450 2331 1628 2371 manu
1672 2315 1906 2387 Christi,

251 2403 519 2459 Christus
550 2403 700 2459 alius
732 2403 1148 2476 approbandus
1169 2408 1260 2459 est
1277 2403 1305 2458 ?
1325 2404 1477 2459 Licet
1498 2403 1738 2477 quidam
1763 2403 1907 2477 lapi-

253 2493 390 2548 dem
446 2497 758 2548 stanneum
817 2509 1028 2564 corpus
1085 2492 1318 2548 Domini
1374 2493 1719 2565 acceperint,
1755 2494 1907 2566 quod

253 2580 437 2637 nullis
468 2586 837 2653 peccatorum
869 2581 1040 2637 fuerit
1082 2581 1331 2637 maculis
1384 2582 1771 2650 sordidatum,
1804 2600 1909 2639 nec

248 2668 533 2742 plumbus
579 2671 911 2738 vocetur,ad
935 2674 1212 2725 stannum
1237 2671 1644 2742 purissimum.
1676 2672 1908 2743 Septem

245 2763 452 2814 autem
484 2759 704 2830 oculos,
738 2759 837 2831 qui
869 2758 1210 2814 discurrunt
1238 2759 1295 2813 in
1347 2759 1620 2814 universa
1648 2765 1822 2828 terra,
1852 2765 1912 2816 et

241 2851 464 2903 cuncta
492 2847 836 2918 dijudicant,
872 2864 1055 2918 supra
1086 2847 1490 2919 exposuimus,
1528 2853 1751 2920 septem
1782 2865 1910 2904 esse

246 2934 538 3008 spiritus:
574 2941 632 2991 et
662 2936 815 3007 quod
839 2936 1024 2991 Deum
1074 2935 1221 2990 nihil
1265 2935 1464 3004 lateat,
1511 2936 1612 3007 qui
1661 2942 1718 2995 et
1765 2953 1908 3008 prae-

244 3024 589 3091 teritorum,
621 3029 678 3080 et
709 3024 1108 3096 praesentium,
1140 3028 1196 3080 et
1250 3025 1582 3080 futurorum
1632 3025 1902 3081 conscius

241 3118 360 3179 est,
391 3116 448 3169 et
481 3112 673 3168 reddit
705 3112 1022 3184 unicuique
1055 3113 1379 3168 secundum
1413 3129 1588 3184 opera
1620 3130 1750 3182 sua,
1779 3131 1907 3169 ma-

2009 547 2200 599 Grasce
2220 542 2532 617 μυξωτῆρες
2554 544 2940 616 appellantur,
2966 544 3065 616 qui
3097 551 3156 600 et
3180 544 3292 616 ipsi
3323 547 3440 602 duo
3474 546 3660 618 μυξω-

2008 651 2194 704 τηρες,
2225 649 2403 704 super
2421 650 2570 704 quos
2590 635 2718 689 dum
2741 634 2913 704 spica
2938 633 3190 702 sunt,vel
3223 634 3338 690 duo
3369 636 3518 690 rami
3551 635 3658 692 oli-

2010 738 2216 776 varum
2235 722 2304 776 de
2325 737 2467 777 auro
2484 721 2800 793 purissimo
2818 725 3244 794 sunt.Cumque
3260 727 3318 778 et
3337 725 3408 779 de
3430 725 3660 782 duobus

2014 811 2196 864 ramis
2226 809 2506 881 propheta
2532 814 2835 881 quaereret,
2857 815 2914 864 et
2934 827 3169 865 rursum
3202 811 3664 886 interrogaretur

2014 899 2088 953 ab
2109 897 2334 968 angelo,
2360 903 2696 953 utrumnam
2721 899 2896 953 sciret
2918 899 3017 970 qui
3040 900 3156 954 duo
3185 901 3332 955 rami
3361 901 3662 973 signiﬁca-

2017 991 2164 1056 rent,
2187 993 2244 1042 et
2265 985 2361 1042 ille
2383 987 2665 1042 dixisset:
2724 1003 2854 1053 non,
2893 988 3161 1043 Domine:
3222 991 3522 1061 respondit
3553 1008 3662 1045 an-
3750 1056 3753 1057 ν

2015 1075 2181 1148 gelus
2213 1075 2476 1131 Domini:
2497 1078 2595 1131 Isti
2621 1086 2750 1131 sunt
2779 1077 2886 1132 duo
2912 1078 3020 1146 ﬁlii
3051 1078 3250 1143 olei,ut
3276 1078 3662 1150 Symmachus

2014 1163 2218 1229 voluit,
2251 1163 2372 1219 sive
2401 1164 2479 1235 (a)
2526 1160 2942 1233 στιλπνότητος,
3000 1171 3065 1220 ut
3120 1166 3541 1237 interpretatus
3571 1171 3662 1222 est

2015 1252 2245 1324 Aquila,
2278 1253 2331 1308 id
2367 1258 2474 1322 est,
2501 1253 2842 1324 splendoris:
2900 1253 2988 1309 vel
3048 1252 3368 1322 ποίοτητος,
3410 1255 3520 1310 hoc
3551 1260 3662 1322 est,

2013 1341 2396 1414 pinguedinis,
2431 1347 2494 1397 ut
2521 1346 2817 1398 verterunt
2847 1343 3266 1415 Septuaginta:
3292 1339 3663 1418 ᾶυῐλαμπρό-

2016 1449 2203 1498 τητος,
2234 1429 2289 1484 id
2311 1434 2419 1497 est,
2443 1429 2744 1500 claritatis,
2780 1435 2844 1486 ut
2863 1431 3180 1486 Theodotio
3197 1431 3533 1489 transtulit:
3568 1434 3669 1504 qui

2018 1521 2283 1574 assistunt
2296 1519 2642 1575 Dominatori
2662 1522 2932 1576 universa
2951 1529 3134 1576 terrae.
3158 1520 3239 1575 De
3251 1521 3285 1575 d
3295 1521 3481 1577 uabus
3497 1521 3665 1577 olivis

2019 1624 2148 1680 quae
2169 1609 2415 1664 erantad
2433 1609 2729 1663 dexteram
2754 1608 3042 1680 lampadis
3063 1613 3120 1664 et
3139 1610 3462 1674 sinistram,
3486 1627 3666 1682 supra

2019 1696 2291 1769 legimus,
2315 1697 2383 1751 Et
2404 1698 2619 1753 idcirco
2637 1715 2711 1753 nu
2723 1715 2792 1752 nc
2818 1698 3183 1769 interrogans
3205 1715 3383 1770 super
3410 1699 3501 1754 his
3531 1716 3664 1770 pro-

2023 1785 2218 1857 pheta,
2246 1802 2362 1841 non
2387 1791 2646 1842 meretur
2666 1786 2888 1852 audire,
2913 1787 3051 1858 quia
3078 1787 3272 1858 priora
3291 1804 3402 1841 non
3428 1788 3664 1854 retinet,

2019 1873 2139 1927 sive
2159 1874 2314 1945 quod
2340 1873 2418 1928 ibi
2451 1873 2759 1929 obscurius
2787 1874 3006 1928 dictum
3039 1881 3147 1944 est,
3171 1875 3266 1928 hic
3297 1875 3666 1932 manifestius

2020 1962 2222 2017 audire
2249 1961 2560 2029 desiderat,
2581 1967 2681 2017 aut
2699 1968 2850 2018 certe
2871 1962 3099 2018 silentio
3118 1963 3307 2034 angeli
3333 1965 3669 2020 confutatur

2019 2050 2144 2119 ejus
2177 2047 2516 2120 pertinacia,
2549 2050 2703 2121 quod
2739 2050 2962 2120 majora
3019 2066 3081 2104 se
3139 2052 3286 2105 scire
3327 2053 3668 2122 contendat,

2019 2154 2382 2210 quamquam
2415 2137 2637 2192 Hebraei
2668 2138 2798 2194 ideo
2831 2155 2963 2194 eum
2997 2140 3068 2194 de
3095 2138 3265 2195 olivis
3293 2139 3668 2212 interrogan-

2018 2231 2162 2293 tem,
2189 2225 2335 2281 nihil
2366 2227 2602 2282 audisse
2623 2227 2990 2299 conlirment,
3018 2228 3158 2298 quia
3178 2245 3293 2282 non
3321 2229 3467 2284 bene
3497 2229 3671 2285 inter-

2019 2314 2262 2386 rogavit,
2298 2331 2402 2370 nec
2423 2318 2609 2369 totum
2642 2315 2942 2386 quaesierit
2966 2316 3121 2386 quod
3172 2317 3322 2370 scire
3361 2317 3666 2373 debuerat.

2020 2403 2281 2474 Denique
2298 2407 2499 2474 postea
2519 2402 2748 2474 plenius
2764 2402 3096 2458 sciscitatur
3114 2404 3557 2476 nddens,spicas
3577 2405 3667 2461 vel

2020 2507 2214 2546 ramos
2236 2490 2543 2561 olivarum,
2565 2491 2634 2545 de
2651 2491 2867 2562 quibus
2889 2507 3070 2563 supra
3092 2495 3352 2547 tacuerat
3381 2510 3393 2548 :
3419 2493 3496 2548 ibi
3510 2494 3668 2549 enim

2019 2579 2165 2633 dixit
2192 2595 2205 2633 :
2239 2579 2382 2647 Quid
2410 2584 2541 2634 sunt
2567 2579 2694 2635 duae
2749 2580 2907 2634 olivae
2961 2579 3128 2634 ista?
3184 2579 3278 2635 hic
3309 2581 3666 2653 interrogat:

2021 2668 2162 2736 Quid
2191 2672 2320 2723 sunt
2339 2667 2466 2725 dua?
2482 2670 2646 2740 spicae
2667 2668 2948 2723 olivarum
2967 2669 2995 2722 ‘I
3019 2672 3396 2744 μεταφορικῶς
3422 2671 3578 2741 quod
3607 2670 3667 2726 in

2021 2774 2241 2813 morem
2255 2757 2551 2828 spicarum
2565 2757 2641 2827 (b)
2654 2761 2819 2812 rectae
2833 2757 2954 2812 sint
2975 2758 3294 2825 arbores,et
3310 2759 3476 2828 quasi
3495 2758 3668 2830 spica)

2020 2845 2239 2911 aristis,
2272 2846 2354 2901 sic
2381 2846 2506 2901 ista
2537 2845 2689 2901 vallo
2705 2846 2961 2917 quodam
2980 2863 3278 2902 ramorum
3301 2852 3477 2920 atque
3501 2848 3666 2904 folio-

2020 2951 2152 2990 rum
2174 2940 2334 2990 tectaa
2358 2934 2476 2990 sint
2495 2940 2552 2990 et
2572 2935 2631 2988 in
2657 2934 2913 2990 sublime
2944 2940 3271 3008 surgentes.
3311 2938 3461 2992 Duas
3484 2937 3667 2994 olivas

2019 3024 2263 3095 quidam
2294 3042 2325 3080 e
2355 3025 2574 3080 nostris
2604 3024 2760 3080 814
2817 3025 3026 3080 Filium
3085 3026 3567 3099 interpretantur,
3612 3033 3671 3085 et

2017 3113 2298 3185 Spiritum
2329 3118 2621 3179 sanctum,
2649 3118 2705 3169 et
2728 3113 2980 3170 mediam
3002 3112 3335 3186 lampadem
3357 3116 3540 3172 Deum
3568 3117 3669 3174 Pa-

241 3201 407 3257 xime
435 3217 569 3256 cum
601 3202 661 3257 in
693 3218 941 3273 persona
973 3202 1298 3274 separantis
1327 3203 1512 3258 bonos
1543 3219 1576 3258 a
1623 3201 1816 3270 malis,
1847 3207 1904 3259 et
1933 3190 1975 3256 C
2014 3207 2184 3258 trem.
2207 3202 2318 3257 Sed
2343 3202 2538 3258 nescio
2561 3203 2853 3274 quomodo
2877 3203 3496 3276 absqueblasphemia,
3528 3205 3669 3263 alte-

245 3289 587 3346 conﬂatoris
617 3290 685 3346 ad
695 3290 931 3346 venerit.

321 3378 508 3449 (Vers.
543 3381 603 3433 11
639 3380 828 3451 seqq.)
859 3381 922 3434 Et
952 3380 1223 3451 respondi,
1253 3383 1304 3435 et
1323 3381 1449 3435 dixi
1476 3379 1547 3436 ad
1566 3397 1731 3436 eum:
1767 3380 1906 3448 Quid

241 3476 381 3523 sunt
405 3468 530 3525 inae
550 3469 712 3526 olivae
733 3470 855 3524 ista:
873 3467 947 3523 ad
967 3468 1678 3536 dexteramcandelabri,et
1690 3470 1760 3524 ad
1770 3471 1907 3524 sini-

242 3562 424 3613 stram
453 3557 569 3627 ejus
584 3560 606 3594 9
621 3558 686 3611 Et
714 3557 972 3628 respondi
988 3556 1248 3623 secundo,
1268 3560 1322 3612 et
1339 3556 1463 3612 dimi
1485 3557 1559 3612 ad
1577 3573 1702 3612 eum
1724 3575 1742 3611 :
1765 3557 1905 3624 Quid

239 3648 383 3701 sunt
401 3643 519 3702 dum
546 3647 709 3716 spicae
736 3647 1034 3711 olivarum,
1069 3660 1196 3716 quae
1225 3649 1350 3700 sunt
1372 3645 1541 3716 juxta
1572 3645 1681 3716 [ΑΙ.
1714 3646 1900 3716 super]

249 3735 366 3790 duo
394 3738 576 3789 rostra
599 3736 852 3800 aurea,in
874 3737 1074 3806 quibus
1093 3739 1222 3790 sunt
1241 3735 1544 3806 suﬂusoria
1559 3751 1629 3790 ea:
1647 3750 1786 3790 auro
1803 3733 1908 3790 ?Et

240 3826 338 3880 ait
369 3823 439 3878 ad
466 3839 553 3878 me
578 3823 760 3879 dicens
781 3841 800 3877 :
823 3823 1102 3895 Numquid
1122 3825 1298 3878 nescis
1318 3821 1450 3894 quid
1488 3826 1620 3878 sunt
1649 3824 1765 3879 hac
1781 3822 1809 3876 ‘l
1840 3824 1905 3878 Et

241 3913 536 3982 dixi,non,
556 3912 775 3968 domine
812 3912 910 3967 mi.
927 3914 992 3967 Et
1019 3913 1195 3967 dixit:
1227 3913 1325 3967 Isti
1350 3916 1476 3967 sunt
1503 3912 1609 3968 duo
1639 3913 1748 3982 ﬁlii
1774 3912 1900 3983 olei,

243 4003 349 4074 qui
377 4002 640 4056 assistunt
670 4000 1016 4057 Dominatori
1044 4003 1312 4056 universae
1371 4005 1556 4058 terrae.
1612 4001 1753 4056 LXX
1781 4019 1794 4056 :
1840 4003 1903 4057 Et

242 4090 532 4161 respondi,
561 4099 612 4146 et
642 4089 765 4145 ἀί.τί
784 4090 855 4145 ad
875 4107 1031 4145 eum:
1055 4090 1193 4159 Quid
1217 4093 1338 4145 sunt
1361 4091 1489 4146 duae
1517 4091 1680 4147 oliva
1726 4092 1842 4146 ista
1869 4107 1905 4146 a

241 4183 468 4236 dextris
479 4179 798 4234 candelabri
805 4183 874 4245 ,et
890 4196 924 4234 a
935 4181 1177 4235 sinistris
1189 4179 1216 4233 ?
1229 4181 1296 4235 Et
1307 4181 1640 4250 interrogavi
1649 4180 1902 4250 secundo,

246 4275 304 4324 et
326 4269 455 4324 dixi
478 4267 692 4324 adeum
711 4287 732 4322 .·
751 4267 896 4338 Quid
925 4276 1050 4323 sunt
1077 4267 1184 4323 duo
1211 4270 1360 4324 rami
1387 4269 1688 4334 olivarum,
1721 4269 1818 4339 qui
1847 4269 1907 4324 in

243 4358 512 4413 manibus
532 4357 930 4412 Sladuarum
941 4357 1169 4411 narium
1195 4373 1493 4412 aureorum
1513 4363 1664 4422 sunt,
1704 4365 1754 4412 et
1783 4372 1908 4429 quae

246 4445 563 4520 infundunt
595 4449 647 4501 et
675 4447 966 4502 retrahunt
993 4446 1296 4517 suﬁusoria
1325 4461 1518 4501 aurea.
1574 4447 1639 4501 Et
1665 4446 1810 4500 dixit
1836 4447 1908 4501 ad

245 4551 339 4591 me
365 4553 383 4589 :
435 4535 618 4590 Nescis
676 4534 807 4608 quid
861 4543 989 4590 sunt
1036 4534 1154 4591 haec
1175 4533 1203 4588 ?
1228 4542 1278 4590 et
1327 4534 1452 4589 dixi
1479 4552 1498 4588 :
1528 4535 1903 4606 Nequaquam,
1939 4554 1985 4618 D

246 4623 495 4678 domine.
533 4624 597 4678 Et
655 4625 734 4677 ait
757 4641 776 4678 :
829 4624 924 4679 Isti
951 4627 1078 4678 sunt
1106 4623 1211 4678 duo
1270 4624 1377 4678 ﬁlii
1409 4623 1782 4694 pinguedinis,
1816 4627 1912 4695 qui

245 4712 522 4768 assistunt
554 4713 784 4768 Domino
813 4713 1087 4768 universae
1119 4720 1298 4766 terrae.
1351 4711 1750 4784 lnterrogante
1779 4730 1911 4784 pro-

248 4801 431 4874 pheta
461 4799 602 4872 quid
625 4800 1024 4873 signiﬁcarent
1047 4801 1174 4855 dum
1205 4799 1386 4866 olivae,
1443 4816 1693 4872 quarum
1722 4799 1910 4860 altera

250 4890 456 4947 stabat
486 4889 557 4945 ad
591 4889 855 4945 dextram
885 4888 1244 4953 candelabri,
1279 4889 1460 4944 altera
1489 4890 1560 4945 ad
1585 4890 1907 4958 sinistram,

249 4977 544 5036 Dominus
573 4979 693 5034 sive
724 4977 968 5051 angelus
999 4977 1228 5033 Domini
1289 4977 1478 5034 noluit
1537 4981 1906 5051 respondere.

252 5066 422 5131 Quod
455 5065 740 5138 propheta
770 5065 1125 5138 intelligens,
1161 5066 1418 5121 secundo
1469 5067 1824 5134 sciscitatur,
1853 5073 1912 5124 et

249 5153 400 5211 dicit
424 5171 437 5209 ε
462 5155 610 5218 Quid
635 5159 774 5210 sunt
799 5155 926 5209 duis
950 5153 1262 5226 spicisistaa
1304 5153 1608 5226 olivarum,
1647 5155 1767 5212 sive
1793 5157 1908 5212 duo

252 5242 459 5299 rami?
490 5243 560 5299 de
592 5243 922 5299 minoribus
950 5241 1338 5314 interrogans,
1370 5242 1648 5314 quoniam
1690 5246 1914 5316 majora

251 5331 465 5389 audire
495 5348 609 5387 non
645 5329 879 5387 meruit.
909 5331 1033 5386 Duo
1090 5335 1286 5386 autem
1342 5331 1439 5385 isti
1497 5333 1642 5387 rami
1675 5337 1815 5388 sunt
1850 5333 1911 5388 in

250 5436 438 5477 manu
463 5421 715 5476 duarum
742 5419 996 5487 narium,
1022 5419 1141 5476 sive
1163 5435 1339 5491 super
1360 5419 1474 5475 duo
1505 5424 1694 5476 rostra
1713 5437 1907 5490 aurea,

309 5589 411 5714 ’(α)
441 5633 667 5697 Confer.
699 5634 874 5714 epist,
904 5634 977 5696 57
1007 5634 1081 5694 ad
1111 5633 1448 5700 pammaoh.
1468 5650 1638 5696 num.
1669 5635 1759 5698 u.

2015 3307 2146 3346 rum
2182 3308 2215 3346 a
2245 3291 2488 3358 dextris,
2510 3290 2758 3347 alterum
2781 3292 3074 3364 accipiant
3094 3309 3128 3348 a
3149 3293 3428 3350 sinistris.
3454 3295 3671 3352 Ramos

2016 3397 2268 3452 quoque,
2295 3381 2415 3435 sive
2438 3381 2627 3452 spicas
2647 3379 2954 3447 olivarum,
2979 3382 3437 3440 incarnationem
3471 3385 3670 3441 Salva-

2015 3470 2157 3524 toris
2177 3474 2234 3524 et
2254 3468 2700 3524 similitudinem
2725 3467 2851 3523 colu
2863 3470 3010 3524 mbee
3037 3470 3290 3542 Spiritus
3313 3473 3496 3527 sancti
3520 3474 3671 3528 edis-

2014 3563 2236 3626 serunt,
2269 3557 2409 3628 quia
2450 3561 2602 3612 totas
2657 3556 2836 3612 olivas
2893 3556 3088 3612 videre
3147 3575 3531 3629 nequeamus,
3564 3561 3668 3616 sed

2014 3651 2232 3718 partem
2255 3645 2572 3716 quamdam
2594 3649 2669 3710 et,
2693 3651 2758 3700 ut
2777 3645 2862 3701 ita
2880 3646 3070 3700 dicam
3087 3647 3452 3704 ramusculos
3476 3649 3666 3705 incar-

2014 3733 2265 3789 nationis
2287 3733 2521 3801 Christi,
2554 3737 2612 3789 et
2632 3733 2986 3789 ostensionis
3006 3735 3259 3806 Spiritus
3281 3736 3467 3790 sancti
3497 3737 3665 3794 nobis

2013 3838 2143 3878 esse
2173 3826 2549 3878 monstratos.
2581 3822 2685 3877 Alii
2712 3822 2828 3877 duo
2859 3821 3195 3895 intelligunt
3213 3828 3605 3896 Testamenta,
3632 3843 3667 3881 a

2015 3911 2234 3966 dextris
2263 3911 2668 3987 Evangelium,
2698 3929 2733 3966 a
2763 3911 3021 3967 sinistris
3054 3912 3286 3984 Legem,
3318 3929 3385 3968 eo
3417 3915 3574 3986 quod
3598 3915 3659 3970 in

2015 3999 2195 4054 altero
2227 3999 2551 4071 spiritualis
2581 4017 2790 4056 sensus
2813 4001 2910 4070 sit,
2931 3999 2992 4055 in
3015 4001 3196 4057 altero
3218 4001 3536 4074 corporalis
3564 4018 3578 4058 :
3611 4007 3670 4059 et

2014 4089 2170 4160 quod
2198 4104 2304 4144 nec
2325 4093 2511 4144 totum
2535 4089 2933 4161 Evangelium,
2967 4106 3068 4145 nec
3099 4094 3281 4146 totam
3324 4091 3536 4164 Legem
3566 4107 3666 4147 ex-

2016 4176 2253 4250 planare
2287 4178 2604 4249 possimus,
2634 4182 2686 4233 et
2712 4195 2860 4233 nunc
2887 4195 2956 4235 ex
2980 4183 3135 4250 parte
3179 4195 3584 4250 cognoscamus,
3614 4189 3670 4237 et

2015 4282 2086 4320 ea-
2110 4275 2272 4338 parte
2296 4265 2672 4338 prophetemus
2703 4269 2748 4334 (l
2777 4269 2904 4324 Cor.
2938 4285 3065 4335 xm,
3093 4268 3171 4340 9),
3196 4269 3521 4346 et_necdum
3538 4286 3668 4342 pos-

2017 4356 2206 4410 simus
2227 4354 2552 4427 intelligere
2578 4358 2732 4428 quod
2756 4357 3077 4428 perfectum
3102 4362 3212 4412 est.
3235 4357 3386 4412 Sunt
3405 4359 3669 4428 quiduos

2017 4460 2212 4500 ramos
2232 4443 2522 4499 olivarum
2541 4444 2628 4499 vel
2651 4445 2800 4500 duas
2822 4445 3098 4516 spicas,et
3119 4444 3272 4499 ﬁlios
3293 4444 3668 4516 pinguedinis

2017 4532 2102 4588 vel
2138 4531 2490 4605 splendoris,
2524 4533 2912 4588 sacerdotium
2971 4533 3428 4604 interpretentur
3473 4538 3531 4588 et
3561 4534 3670 4588 Le-

2018 4637 2172 4693 gem,
2205 4639 2332 4692 quaa
2363 4622 2654 4693 przsbeant
2679 4622 2959 4693 gaudium
3012 4621 3292 4676 universa:
3323 4625 3512 4676 terrae.
3555 4621 3669 4676 Alii

2020 4711 2214 4765 Enoch
2235 4715 2292 4764 et
2313 4710 2520 4777 Eliam,
2547 4725 2800 4780 quorum
2834 4709 2978 4765 alter
3015 4709 3073 4763 in
3099 4709 3401 4782 preputio,
3429 4709 3578 4765 alter
3607 4709 3667 4765 in

2020 4797 2466 4852 circumcisione
2484 4796 2704 4868 placuit
2726 4803 2858 4866 Deo,
2882 4803 3089 4852 etcum
3113 4815 3352 4870 corpore
3374 4803 3576 4870 raptus
3606 4798 3667 4853 in

2020 4886 2227 4942 cmlum
2262 4891 2351 4942 est
2371 4885 2526 4957 (Gen.
2555 4905 2610 4951 ν,
2640 4895 2690 4943 et
2724 4887 2744 4942 l
2778 4888 2902 4955 Reg.
2938 4887 3020 4956 ιι).
3074 4891 3184 4942 Pro
3237 4887 3564 4958 splendore,
3610 4890 3670 4943 et

2020 4973 2167 5046 oleo,
2189 4981 2246 5030 et
2263 4974 2639 5046 pinguedine,
2659 4979 2716 5031 et
2731 4975 3016 5042 claritate,
3036 4975 3096 5030 in
3121 4975 3398 5031 Hebraico
3417 4975 3668 5048 legimus

2022 5081 2183 5120 ISAAR
2207 5064 2603 5135 (Tuti),juxta
2621 5063 2762 5119 illud
2784 5065 2938 5136 quod
2961 5065 3031 5119 de
3082 5064 3294 5137 gaudio
3324 5069 3380 5120 et
3396 5063 3669 5120 felicitate

2021 5157 2356 5208 sanctorum
2380 5152 2439 5207 in
2455 5152 2705 5208 Psalmis
2719 5153 2935 5225 scriptu
2948 5169 3001 5207 m
3021 5159 3138 5209 est:
3156 5153 3581 5208 lnebriabuntur
3599 5153 3667 5208 ab

2020 5243 2287 5306 ubertate,
2312 5242 2432 5297 sive
2457 5242 2793 5313 pinguedine
2811 5242 2998 5298 domus
3013 5251 3123 5299 tua:
3163 5243 3340 5310 (Psal.
3371 5259 3537 5309 xxxv,
3567 5241 3622 5314 9)
3647 5261 3666 5297 :

2020 5327 2218 5399 πιότης
2251 5328 2642 5403 [Α1.πιότητος]
2673 5330 2828 5385 enim
2861 5331 3050 5402 magis
3086 5331 3666 5402 pinguedinemquam

2019 5419 2322 5476 ubertatem
2350 5424 2540 5475 sonat.
2570 5419 2702 5475 Haac
2729 5424 2792 5475 ut
2808 5420 3125 5492 quivimus,
3148 5425 3203 5476 et
3233 5426 3299 5477 ut
3326 5419 3477 5476 vires
3503 5419 3665 5495 inge-

2092 5635 2167 5714 (b)
2197 5634 2570 5698 Martianaus
2601 5634 2843 5696 retinuit
2870 5639 3025 5701 tectae
3050 5636 3162 5698 sint
3191 5635 3440 5705 arbores.
