4022 6192
465 310 492 368 Ι
505 307 622 368 N7

1715 305 1779 364 S.
1827 301 2138 365 EUSEBII
2186 301 2623 368 HIERONYMI

3651 307 3762 371 ma

458 442 596 499 nioli
627 440 812 497 nostri
840 440 990 494 ferre
1023 441 1358 509 potuerunt,
1392 436 1570 493 locuti
1607 453 1836 502 sumus,
1893 444 1951 492 et
2000 443 2108 493 He-
2142 445 2191 505 Α
2221 457 2416 495 cur-nes
2446 441 2584 496 Deut
2599 456 2774 504 xxxu,
2819 439 2931 508 42).
2971 437 3039 490 Et
3089 434 3224 507 quia
3273 439 3419 492 Deus
3464 433 3646 509 angelis
3669 455 3761 511 pec-

456 531 740 586 braaorum
763 531 1164 583 stnostrorum
1187 525 1376 580 varias
1399 525 1702 597 opiniones
1717 525 1966 582 breviter
1989 543 2111 598 per-

453 617 828 688 stringentes,
857 616 908 672 si
940 616 1074 687 quis
1101 613 1311 670 melius
1345 613 1530 668 immo
1561 614 1754 669 verius
1788 614 2019 680 dixerit,
2051 618 2111 670 et

453 722 561 760 nos
581 704 830 760 libenter
857 703 1197 759 melioribus
1227 703 1679 774 acquiescimus.

524 793 685 864 (Cap.
718 797 787 848 V.
829 824 854 831 ο
917 796 1080 846 Vers.
1117 793 1142 846 1
1203 791 1392 862 seqq.)
1423 793 1490 846 Et
1544 807 1834 846 conversus
1885 807 2027 859 sum,
2061 808 2112 858 ει

453 884 632 939 levavi
657 883 840 938 oculos
867 897 1034 948 meos,
1059 883 1108 934 et
1137 880 1270 949 vidi,
1303 883 1352 934 et
1382 895 1499 934 ecce
1531 881 1782 934 volumen
1814 881 2021 950 volans,
2055 884 2110 934 et

453 971 597 1026 dixit
627 970 698 1026 ad
727 986 850 1025 me:
873 970 1018 1037 Quid
1048 974 1109 1024 tu
1137 969 1295 1024 vides
1316 972 1340 1021 ἵ
1361 969 1423 1022 Et
1443 969 1570 1023 dixi
1587 987 1608 1022 ,ι
1632 969 1738 1036 Ego
1772 967 1921 1023 video
1953 969 2106 1023 volu-

451 1076 576 1115 men
598 1060 783 1115 volans
801 1075 820 1111 :
845 1057 1126 1128 longitudo
1149 1057 1269 1124 eius
1290 1058 1488 1126 viginti
1508 1058 1840 1120 cubitorum,
1875 1061 1926 1111 et
1967 1055 2102 1112 lati-

451 1148 578 1204 tudo
599 1149 716 1218 ejus
734 1147 914 1201 decem
942 1146 1275 1200 cubitorum.
1310 1147 1372 1199 Et
1399 1145 1543 1198 dixit
1585 1144 1655 1198 ad
1686 1161 1774 1200 me
1796 1162 1815 1198 :
1873 1147 2001 1201 Haec
2027 1149 2109 1200 est

450 1236 759 1292 maledictio
780 1250 904 1306 quae
913 1234 1227 1304 egredietur
1239 1250 1404 1303 super
1415 1238 1438 1304 f
1442 1235 1614 1288 aciem
1628 1235 1904 1290 universa?
1915 1238 2075 1290 terrae
2089 1250 2102 1288 :

451 1327 584 1396 quia
611 1325 786 1379 omnis
804 1326 918 1394 fur,
949 1326 1090 1376 sicut
1120 1323 1199 1377 ibi
1226 1323 1494 1392 scriptum
1525 1326 1623 1384 est,
1661 1323 2024 1392 judicabitur,
2056 1331 2109 1378 et

450 1415 625 1469 omnis
646 1415 841 1482 iurans
869 1428 939 1466 ex
966 1412 1063 1466 hoc
1086 1411 1348 1466 similiter
1368 1409 1730 1481 judicabitur.
1757 1410 1995 1465 Educam
2018 1412 2089 1464 il-

451 1501 566 1566 lud,
599 1501 730 1556 dicit
758 1501 1022 1556 Dominus
1049 1501 1411 1567 exercituum,
1444 1503 1494 1553 et
1555 1500 1728 1553 veniet
1783 1499 1852 1552 ad
1887 1499 2104 1554 domum

447 1591 615 1661 furis,
649 1598 698 1644 et
726 1590 806 1643 ad
821 1589 1042 1643 domum
1069 1589 1308 1655 iurantis
1336 1589 1392 1640 in
1425 1587 1648 1640 nomine
1682 1603 1797 1642 meo
1824 1588 2106 1641 mendaci-

448 1682 548 1742 ter,
581 1683 630 1734 et
658 1693 884 1734 commm
897 1677 1083 1732 obitur
1097 1679 1158 1731 in
1175 1675 1356 1731 medio
1375 1676 1566 1730 domus
1585 1677 1722 1746 ejus,
1747 1679 1796 1730 et
1827 1679 2105 1731 consumet

447 1784 588 1837 eam,
619 1772 671 1822 et
701 1768 863 1834 ligna
890 1766 1027 1836 ejus,
1074 1772 1127 1819 et
1185 1764 1395 1835 lapides
1437 1763 1586 1821 815
1641 1765 1757 1834 ejus
1807 1764 1980 1818 LXX:
2040 1766 2104 1818 Et

445 1871 731 1911 conversus
759 1871 902 1919 sum,
933 1858 984 1909 et
1013 1854 1188 1908 levavi
1219 1853 1400 1909 oculos
1447 1868 1613 1914 meos,
1661 1861 1712 1908 et
1757 1851 1874 1907 vidi
1900 1854 2099 1923 falcem

446 1945 735 1999 volantem.
769 1945 832 1997 Et
860 1943 1005 1997 dixit
1033 1941 1103 1995 ad
1135 1957 1219 1995 me
1237 1961 1257 1996 .-
1291 1939 1432 2008 Quid
1489 1944 1549 1994 tu
1607 1939 1795 1995 vides?
1817 1941 1890 1993 Et
1933 1939 2092 1993 dixi:

447 2034 555 2102 Ego
573 2033 724 2086 video
740 2032 939 2101 falcem
984 2030 1280 2093 volantem,
1315 2028 2096 2097 longitudiniscubitorumvi-

447 2122 611 2188 ginti,
642 2129 692 2174 et
721 2119 1034 2174 latitudinis
1053 2118 1367 2172 cubitorum
1397 2117 1602 2170 decem.
1629 2119 1700 2169 Et
1718 2117 1864 2171 dixit
1883 2116 1954 2170 ad
1972 2132 2096 2171 me:

450 2213 583 2264 Htrc
599 2209 906 2263 maledictio
931 2222 1056 2278 quae
1109 2205 1390 2277 egreditur
1442 2222 1608 2276 super
1663 2207 1864 2275 faciem
1919 2206 2096 2260 omnis

448 2305 606 2353 terrae
628 2314 647 2351 :
671 2297 799 2366 quia
829 2298 1005 2351 omnis
1030 2297 1124 2366 fur
1151 2311 1220 2349 ea:
1249 2294 1345 2349 hoc
1376 2309 1541 2364 usque
1560 2293 1636 2349 ad
1660 2302 1887 2348 mortem
1900 2295 2095 2364 punie-

446 2390 557 2454 tur,
587 2393 638 2441 et
667 2387 844 2440 omnis
872 2386 1128 2456 perjurus
1156 2400 1227 2438 ea:
1255 2383 1354 2438 hoc
1383 2399 1549 2454 usque
1577 2382 1648 2436 ad
1700 2387 1930 2437 mortem
1977 2398 2098 2437 cru-

445 2475 702 2530 ciabitur.
727 2474 792 2527 Et
809 2473 1032 2529 educam
1053 2473 1214 2539 illud,
1244 2472 1376 2527 dicit
1427 2473 1687 2527 Dominus
1735 2473 2092 2542 omnipotens,

445 2572 496 2619 et
522 2563 861 2632 ingredietur
888 2564 949 2617 in
979 2562 1200 2616 domum
1227 2563 1393 2631 furis,
1423 2569 1476 2615 et
1500 2560 1718 2614 domum
1752 2562 2009 2630 jurantis
2034 2561 2093 2614 in

446 2654 671 2708 nomine
699 2667 816 2706 meo
835 2651 1190 2720 mendaciter,
1224 2653 1274 2704 et
1305 2651 1598 2720 requiescet
1627 2651 1688 2703 in
1706 2649 1881 2704 medio
1901 2649 2095 2704 domus

447 2741 584 2811 ejus,
617 2749 667 2795 et
683 2743 961 2794 consumet
988 2755 1132 2804 eum,
1163 2743 1216 2792 et
1245 2739 1406 2810 ligna
1434 2739 1572 2809 ejus,
1605 2743 1658 2792 et
1716 2737 1926 2808 lapides
1953 2738 2091 2803 eius.

447 2833 795 2893 Conversus,
830 2827 1019 2898 inquit
1049 2827 1350 2898 prapheta,
1384 2829 1450 2880 ad
1486 2825 1658 2880 aliam
1701 2825 2004 2895 visionem,
2039 2829 2096 2880 et

449 2933 488 2971 a.
515 2917 660 2972 laatis
688 2922 862 2987 atque
894 2914 1160 2970 felicibus
1190 2914 1390 2970 oculos
1409 2931 1570 2969 meos
1590 2915 1660 2969 ad
1685 2913 1942 2969 tristiora
1969 2931 2096 2969 sus-

447 3004 678 3070 tollens,
708 3022 880 3061 cerno
909 3003 1181 3059 volumen
1205 3002 1505 3073 volans(a)
1532 3005 1685 3074 quod
1713 3003 1990 3058 Hebraice
2011 3002 2093 3057 di-

449 3093 600 3149 citur
619 3110 878 3149 MEGELLA
899 3092 1004 3163 [AL
1036 3091 1302 3159 Gemell.]
1336 3077 1562 3161 (r1532),
1594 3096 1650 3145 et
1679 3091 1749 3145 ab
1799 3090 2008 3162 Aquila
2036 3097 2093 3146 et

2219 529 2486 584 cantibus
2503 545 2617 584 non
2643 525 3025 600 pepercit,qui
3046 524 3274 596 proprio
3297 525 3434 580 vitio
3452 524 3757 586 habitaculum

2220 617 2520 687 perdidere
2543 616 2792 682 caeleste,
2826 616 2954 669 ideo
2981 614 3105 684 ipse
3125 612 3262 667 dicit
3307 628 3404 684 per
3443 615 3648 670 Isaiam:
3676 619 3758 672 hu-

2219 705 2427 759 briatus
2473 714 2547 760 est
2601 704 2826 775 gladius
2866 718 3020 757 meus
3069 704 3130 756 in
3169 702 3295 756 ctelo
3341 703 3480 771 (lsai.
3525 716 3674 769 xxxiv,
3707 705 3759 775 5).

2219 792 2422 848 Gladio
2453 793 2949 848 eniminteribunt
2978 791 3132 846 810
3180 807 3379 845 omnes
3399 796 3674 862 peccatores
3695 810 3761 864 po-

2217 881 2363 953 puli,
2396 899 2511 937 non
2545 882 2750 952 utique
2770 880 2962 952 gladio
2988 877 3269 950 corporali
3301 879 3584 950 (siquidem
3626 881 3760 934 multa

2217 975 2272 1024 et
2292 970 2530 1025 diversis
2555 975 2761 1040 praeter
2781 968 3042 1040 gladium
3067 969 3138 1023 ad
3167 972 3405 1023 mortem
3426 967 3518 1022 vis:
3545 970 3761 1038 sunt),sed

2215 1057 2408 1128 gladio
2440 1056 2751 1128 spirituali,
2776 1073 2892 1127 quo
2927 1056 3283 1128 percutiendi
3314 1056 3553 1126 suntqui
3571 1071 3764 1127 nonege

2215 1151 2355 1200 runt
2377 1147 2798 1217 pcenitentiam,
2824 1149 2880 1200 et
2896 1145 3112 1216 quibus
3133 1143 3510 1199 comminatur
3529 1144 3764 1199 Psalmists

2216 1234 2583 1305 proclamans
2604 1252 2618 1295 ;
2641 1235 2761 1289 Nisi
2781 1233 3196 1297 convertamini,
3219 1232 3454 1303 gladium
3472 1248 3612 1286 suum
3631 1234 3762 1288 vitro-

2215 1325 2294 1378 bit
2317 1339 2330 1377 :
2354 1338 2544 1377 arcum
2571 1338 2729 1376 suum
2752 1323 3000 1390 tetendit,
3020 1326 3075 1376 et
3093 1323 3308 1392 paravit
3339 1321 3524 1375 illum:
3547 1325 3591 1376 et
3627 1323 3672 1376 in
3689 1324 3767 1392 ipso

2209 1413 2427 1481 paravit
2455 1427 2586 1466 vasa
2604 1412 2796 1466 mortis
2821 1411 2990 1480 (Psal.
3015 1427 3112 1474 vn,
3133 1410 3199 1463 13
3219 1418 3271 1463 et
3299 1410 3400 1480 14).
3424 1411 3488 1464 Et
3515 1409 3565 1463 in
3584 1410 3768 1465 Jeremit

2211 1498 2496 1571 legimus:
2525 1501 2802 1570 Usquequo
2861 1500 3068 1554 secabis
3095 1513 3304 1562 mucro,
3359 1497 3438 1552 vel
3493 1497 3678 1568 gladius
3701 1499 3766 1553 Do-

2211 1589 2354 1641 mini
2373 1592 2397 1640 ?
2420 1589 2704 1659 Usquequo
2725 1604 2833 1642 non
2856 1591 3098 1658 quiescas
3117 1591 3142 1640 .9
3167 1592 3478 1642 convertere
3503 1589 3557 1642 in
3580 1588 3770 1654 vaginam

2210 1681 2364 1730 tuam
2391 1677 2518 1746 (Jer.
2553 1693 2725 1739 XLVII,
2757 1678 2833 1746 6).
2872 1679 2984 1732 iste
3006 1676 3237 1748 gladius
3259 1691 3372 1731 non
3395 1673 3567 1731 solum
3589 1676 3680 1730 falx
3702 1691 3769 1747 ιρι

2213 1763 2481 1835 pellatur,
2506 1782 2630 1836 qua:
2656 1765 2874 1829 fenum,
2900 1765 3203 1836 stipulam,
3229 1764 3533 1835 spinasque
3552 1764 3768 1826 succidit;

2209 1852 2308 1906 sed
2342 1856 2398 1906 et
2430 1853 2650 1908 securis
2681 1854 2955 1909 arborum
2987 1852 3220 1923 dicitur,
3257 1869 3386 1924 quae
3431 1852 3655 1907 succidet
3687 1865 3767 1920 eos,

2204 1941 2302 2010 qui
2336 1957 2450 1995 non
2487 1941 2724 1997 fecerint
2754 1943 2964 2014 dignos
2996 1941 3224 1997 fructus
3281 1940 3624 2013 pmnitentia.
3653 1939 3772 1994 Etde

2207 2019 2425 2099 quibus
2452 2030 2710 2084 Joannes
2743 2031 2999 2102 Baptista
3031 2029 3462 2102 proclamabat:
3496 2033 3772 2084 Bccesecuris

2202 2116 2272 2172 ad
2302 2118 2512 2174 radices
2542 2119 2806 2174 arborum
2835 2121 3013 2190 posita
3034 2122 3113 2174 est
3136 2137 3154 2172 :
3181 2120 3375 2174 Omnis
3403 2118 3555 2173 arbor
3579 2131 3681 2188 quae
3702 2130 3774 2170 non

2202 2207 2338 2276 facit
2365 2210 2604 2276 fructum
2635 2208 2856 2275 bonum,
2886 2207 3170 2262 excidatur
3201 2216 3253 2262 et
3284 2209 3341 2262 in
3373 2211 3541 2275 ignem
3589 2207 3773 2259 mittetur

2204 2294 2371 2364 (Matt.
2406 2296 2620 2364 111,10).
2663 2295 2944 2351 Volumen
2977 2297 3133 2350 istud
3168 2297 3226 2350 in
3285 2313 3400 2367 quo
3451 2299 3653 2366 peccata
3688 2307 3773 2348 om-

2203 2383 2366 2441 nium
2391 2383 2821 2451 describuntur,
2847 2384 2968 2439 sive
2994 2384 3108 2439 falx
3132 2400 3265 2456 quae
3287 2389 3602 2439 cunctorum
3621 2381 3771 2436 delicta

2204 2472 2470 2538 succidit,
2507 2473 2758 2527 mittitur
2789 2474 2846 2527 in
2879 2474 3108 2528 vineam
3156 2474 3554 2535 Sodomorum.
3599 2472 3657 2526 de
3693 2486 3772 2540 qua

2201 2562 2419 2633 scriptu
2430 2577 2485 2616 m
2498 2567 2586 2616 est
2606 2579 2618 2615 :
2635 2564 2854 2617 Inimici
2875 2565 3046 2617 nostri
3061 2565 3422 2630 insipientes:
3442 2577 3508 2618 ea:
3525 2563 3658 2616 vinea
3670 2559 3773 2612 enim

2202 2650 2556 2705 Sodomorum
2587 2653 2747 2706 vinea
2795 2667 3000 2717 eorum,
3051 2654 3102 2706 et
3143 2667 3391 2723 propago
3441 2667 3608 2706 eorum
3631 2649 3683 2702 de
3705 2645 3772 2701 Go-

2199 2740 2438 2794 morrhis
2461 2758 2476 2792 :
2505 2741 2616 2796 Uva
2628 2756 2841 2806 eorum,
2856 2756 2961 2795 uva
2979 2741 3146 2811 fellis,
3169 2745 3228 2794 et
3255 2742 3434 2796 botrus
3453 2735 3773 2792 amaritudinis

2199 2830 2296 2882 eis.
2327 2829 2501 2882 Furor
2520 2829 2839 2897 draconum,
2873 2831 3064 2883 vinum
3111 2845 3306 2883 eorum
3357 2834 3410 2884 et
3457 2827 3600 2898 furor
3623 2823 3774 2896 aspidis

2202 2918 2531 2971 insanabilis
2553 2918 2731 2988 (Deut.
2756 2917 2996 2986 xxxu,3l
3023 2933 3166 2988 seqq.
3175 2921 3221 2984 ).
3249 2917 3378 2972 Haec
3401 2914 3684 2988 falxviginti
3700 2913 3772 2966 ha-

2201 3006 2297 3060 bet
2312 3005 2538 3060 cubitos
2562 3005 2974 3077 longitudinis,
2989 3012 3048 3060 et
3069 3008 3268 3061 decem
3292 3002 3669 3070 latitudinis,in
3690 3015 3770 3072 quo

2207 3111 2449 3149 numero
2470 3095 2738 3149 tristibus
2767 3094 2894 3148 laeta
2925 3096 3246 3150 sociantur.
3283 3095 3366 3150 Ad
3397 3095 3499 3150 hoc
3551 3093 3678 3148 enim
3706 3092 3773 3144 Do-

447 3181 843 3236 Tbeodotionc
861 3196 1092 3235 versum
1145 3185 1234 3234 est
1254 3178 1493 3254 διφθέρα,
1527 3197 1560 3232 a
1616 3179 1962 3250 Symmacho
2006 3199 2092 3232 κε·
2124 3163 2165 3228 C
2208 3183 2403 3238 minus
2429 3182 2668 3254 corripit
2690 3189 2755 3237 ut
2777 3184 3064 3239 emendet.
3091 3185 3149 3238 ln
3175 3185 3473 3247 vicesimo,
3495 3181 3581 3254 qui
3604 3196 3657 3236 ex
3677 3179 3774 3231 dua-

451 3265 615 3342 qzalic
644 3267 700 3322 id
735 3273 842 3335 est,
871 3269 1193 3338 capitulum,
1217 3269 1386 3338 juxta
1408 3267 1551 3322 illud
1585 3268 1738 3338 quod
1786 3267 1843 3320 in
1867 3267 2094 3338 psalmo

456 3357 711 3428 legimus
737 3373 749 3410 :
774 3357 832 3411 In
855 3357 1094 3426 capitulo
1112 3357 1248 3412 libri
1265 3359 1526 3421 scriptum
1548 3364 1628 3411 est
1648 3357 1719 3412 de
1738 3373 1825 3411 me
1863 3357 1973 3428 (Ps.
1996 3374 2095 3411 xxx

449 3446 504 3515 8)
531 3464 544 3513 ;
569 3445 688 3500 sive
710 3447 883 3515 juxta
906 3444 1375 3516 Septuaginta)b)
1407 3441 1664 3517 δρέπανον
1698 3443 2014 3515 πετόμενον,
2034 3445 2092 3500 id

449 3540 558 3601 est,
589 3534 787 3605 falcem
814 3535 1103 3589 volantem.
1137 3533 1346 3588 Omnia
1371 3533 1526 3588 enim
1559 3550 1684 3604 quas
1715 3550 1894 3605 supra
1931 3533 2094 3589 video

449 3627 560 3690 rat,
590 3623 1034 3679 aedificationem
1068 3621 1624 3692 templi.adventum
1650 3621 1880 3676 Domini
1903 3622 2097 3677 Salva-

447 3711 612 3779 toris,
646 3711 972 3767 libertatem
1002 3711 1075 3766 de
1135 3710 1421 3782 Babylone
1479 3710 1677 3781 populi
1727 3711 2091 3766 nuntiarant.

450 3805 651 3872 Itaque
683 3817 753 3856 ne
782 3799 1108 3856 elevaretur
1138 3816 1271 3854 cum
1329 3799 1604 3870 Apostolo
1657 3815 1757 3854 cor
1811 3801 1938 3869 ejus
1976 3799 2094 3870 (cui

449 3889 625 3946 datus
653 3893 743 3945 est
788 3888 1031 3960 angelus
1087 3889 1314 3943 Satanae
1381 3887 1481 3958 qui
1511 3903 1644 3942 eum
1702 3887 2096 3959 colaphizaret

447 3979 519 4050 (Il
551 3979 670 4034 Cor.
701 3978 824 4048 xu),
856 3995 929 4032 ne
956 3993 1020 4033 se
1068 3975 1406 4047 extolleret),
1465 3975 1620 4032 videt
1675 3981 1730 4031 et
1786 3976 1910 4048 ipse
1966 3993 2094 4048 qum

448 4066 641 4122 tristia
657 4071 816 4131 sunt,
841 4071 902 4121 ut
923 4064 1209 4136 quidquid
1231 4082 1296 4121 ex
1318 4065 1607 4120 bonorum
1633 4065 1982 4121 revelatione
2003 4083 2096 4120 ar-

449 4153 726 4225 rogantia:
755 4157 1031 4218 creverat,
1063 4168 1131 4208 ex
1187 4153 1444 4208 tristium
1503 4153 1957 4210 comminatione
1995 4155 2093 4210 de-

450 4245 690 4298 crescat.
723 4241 1007 4297 Volumen
1041 4246 1237 4296 autem
1267 4241 1469 4297 volans
1501 4242 1850 4312 ostenditur,
1881 4243 1941 4298 in
1980 4259 2096 4314 quo

449 4329 711 4386 omnium
736 4335 972 4402 peccata
983 4330 1273 4403 descripta
1285 4335 1518 4397 sunt,ut
1535 4331 1938 4404 unusquisque
1955 4331 2095 4387 reci-

449 4419 571 4492 piat
599 4419 924 4476 secundum
956 4435 1131 4491 opera
1155 4436 1283 4485 sua,
1312 4419 1432 4476 sive
1453 4420 1693 4489 bonum,
1719 4420 1837 4475 sive
1851 4419 2095 4488 malum,

2205 3272 2314 3326 bus
2336 3271 2652 3326 decadibus
2676 3272 3187 3337 efficitur,austera
3200 3279 3261 3328 et
3276 3273 3462 3328 tristia
3474 3269 3766 3326 nuntiantur:

2204 3360 2260 3414 in
2285 3359 2528 3424 decimo,
2562 3361 2617 3414 id
2675 3366 2780 3426 est,
2807 3377 2925 3415 una
2945 3362 3180 3430 decede,
3208 3361 3769 3432 melioraetprospera:

2203 3466 2305 3520 per
2325 3449 2522 3503 omnia
2538 3450 2693 3503 enim
2722 3449 2950 3520 ﬂagella
2969 3453 3144 3521 atque
3173 3449 3466 3522 supplicia
3484 3447 3702 3504 eruditur
3716 3441 3769 3496 Is-

2205 3536 2342 3591 rael.
2371 3537 2675 3608 Simulque
2698 3553 3044 3593 moneamus
3067 3553 3165 3592 eos
3190 3540 3296 3609 qui
3323 3555 3490 3610 parva
3509 3529 3773 3608 putantcri-

2205 3626 2364 3680 mina
2391 3627 2610 3680 furtum
2641 3631 2818 3697 atquc
2848 3626 3188 3697 perjurium,
3218 3629 3370 3699 quod
3399 3627 3668 3682 inducetur
3683 3619 3774 3673 im-

2202 3713 2434 3769 ledictio
2467 3730 2592 3784 quas
2624 3714 2680 3768 in
2714 3714 3007 3769 volumine
3038 3731 3102 3769 ac
3132 3716 3242 3786 [Αι.
3305 3715 3360 3786 a]
3419 3716 3529 3770 face
3555 3708 3775 3779 descripti

2204 3807 2295 3858 est
2323 3803 2378 3856 in
2409 3803 2652 3857 domum
2684 3803 2828 3858 furis
2859 3808 3032 3874 atque
3077 3803 3323 3874 periuri,
3373 3807 3428 3858 ct
3465 3801 3775 3858 commoretur

2205 3891 2264 3946 in
2294 3908 2382 3960 ea,
2427 3896 2484 3946 et
2512 3891 2710 3946 omnia
2738 3894 2866 3962 ejus
2919 3891 3078 3963 ligna
3131 3890 3476 3963 lapidesque
3518 3884 3772 3943 consumat.

2205 3980 2367 4046 Quod
2394 3979 2441 4034 si
2473 3979 2531 4033 in
2565 3980 2654 4034 his
2688 3997 2815 4050 qua:
2848 3979 3076 4035 minora
3103 3984 3399 4050 putantur
3425 3980 3638 4047 (furtum
3664 3971 3770 4030 dico.

2205 4073 2261 4122 et
2291 4067 2635 4138 perjurium)
2666 4071 2830 4122 tanta
2860 4084 3161 4138 poenarum
3182 4066 3551 4123 comminatio
3565 4054 3771 4132 est,quid

2204 4156 2467 4210 dicemus
2493 4156 2566 4210 de
2594 4155 2993 4223 fornicatione,
3025 4156 3340 4225 adulterio,
3391 4152 3682 4214 homicidio,
3705 4161 3771 4202 sto

2205 4243 2461 4316 crilegio,
2495 4243 2841 4316 cunctisque
2871 4245 3244 4314 criminibus,
3303 4261 3430 4318 qua:
3472 4244 3536 4298 ab
3564 4231 3773 4311 Apostolo

2206 4333 2355 4388 inter
2387 4333 2578 4388 carnis
2607 4349 2781 4404 opera
2809 4337 3199 4390 numerantur
3257 4335 3456 4404 (Galat.
3485 4333 3534 4404 v)
3553 4324 3692 4396 Πιθεῖ
3715 4320 3776 4376 τί·

2207 4421 2354 4495 ginti
2384 4421 2613 4477 cubitos
2643 4419 3046 4494 longitudinis,
3080 4427 3137 4478 et
3165 4422 3373 4479 decem
3403 4414 3695 4478 latitudinis,
3720 4407 3773 4464 td

449 4508 677 4566 dicente
706 4507 982 4564 Daniele:
1016 4508 1214 4565 Throni
1234 4511 1402 4580 positi
1431 4517 1577 4574 sunt,
1633 4512 1682 4563 et
1739 4510 1872 4564 libri
1916 4510 2100 4582 aperti
2130 4529 2176 4593 Β
2209 4515 2438 4566 aetatem
2471 4510 2672 4566 referri
2718 4511 2949 4566 Domini
2996 4511 3340 4579 Salvatoris,
3403 4511 3458 4566 id
3487 4512 3559 4565 est
3583 4503 3774 4593 ιιξῑοςερατ

447 4605 578 4654 sunt
603 4599 763 4669 (Dan.
795 4612 900 4667 vn,
936 4599 1044 4669 10).
1076 4597 1176 4653 Sin
1211 4603 1406 4654 autem
1437 4597 1642 4668 falcem
1661 4597 2004 4668 accipimus,
2036 4603 2100 4653 ut

453 4686 594 4742 LXX
617 4686 1143 4753 transtulerunt,de
1164 4686 1505 4758 Apocalypsi
1524 4687 1771 4742 Joannis
1792 4703 2099 4743 sumamus

452 4775 807 4846 exemplum,
840 4775 898 4830 in
930 4791 1047 4846 qua
1079 4774 1366 4846 scriptum
1416 4779 1541 4830 est:
1576 4777 1640 4830 Et
1699 4774 1976 4846 respondit
1997 4793 2098 4830 an-

451 4865 622 4932 gelus,
645 4867 698 4920 et
721 4865 872 4920 dixit
888 4865 942 4919 ei
957 4866 1053 4935 qui
1069 4863 1283 4918 sedebat
1304 4879 1469 4934 super
1487 4879 1687 4934 equum
1709 4883 1726 4918 :
1742 4865 1894 4919 Mitte
1904 4865 2100 4936 falcem

452 4957 608 5009 tuam
635 4954 1030 5020 acutissimam,
1062 4956 1114 5007 et
1145 4955 1286 5007 mete
1313 4954 1532 5007 vineam
1557 4953 1624 5023 (ο)
1648 4956 1820 5021 tuam,
1844 4955 2101 5023 quoniam

452 5046 692 5100 maturae
731 5045 860 5098 sunt
899 5056 1022 5098 uva?
1055 5043 1170 5112 ejus
1213 5042 1391 5111 (Apoc.
1427 5057 1542 5110 xxv,
1584 5042 1669 5112 18)
1719 5047 1826 5096 Pro
1866 5042 2012 5098 falce
2040 5042 2100 5097 in

454 5130 900 5187 Deuteronomio
919 5131 1148 5200 sagittas
1163 5134 1220 5184 et
1236 5129 1487 5200 gladium
1509 5128 1760 5200 legimus
1778 5147 1790 5184 :
1816 5130 2102 5186 Inebriabo

453 5222 689 5293 sagittas
719 5235 868 5276 meas
915 5221 1208 5290 sanguine,
1257 5223 1311 5275 et
1365 5217 1584 5288 gladius
1620 5235 1769 5275 meus
1824 5219 2102 5276 devorabit

496 5395 605 5468 .(a)
636 5395 851 5468 Omnes
883 5413 1023 5453 mss.
1057 5395 1286 5468 codices
1316 5410 1464 5468 quos
1491 5394 1717 5466 inspexi.
1762 5395 1979 5451 habent
2008 5396 2102 5452 hic

456 5466 830 5540 metatbesim
889 5469 1088 5540 primae
1139 5467 1410 5540 syllabae:
1445 5466 1644 5539 legunt
1675 5468 1831 5522 enim
1861 5468 2103 5524 Gemella

457 5553 559 5611 pro
587 5539 1054 5611 ngellaqManr.

529 5610 605 5691 (ὁ)
625 5606 816 5669 Verba
835 5606 1095 5688 δρέπανον
1126 5608 1446 5686 πετόμενον,
1467 5608 1528 5670 id
1546 5617 1650 5681 est,
1674 5607 1735 5668 in
1760 5608 2008 5671 Palatio.
2035 5627 2102 5670 ac

2210 4599 2362 4654 rium
2416 4615 2729 4654 numerum
2780 4600 2926 4654 817
2981 4600 3248 4655 efﬁcere:
3300 4600 3450 4672 quod
3507 4611 3567 4650 no
3602 4585 3779 4661 ,ἱιιᾶίοοί

2211 4692 2372 4743 Pater
2391 4703 2746 4758 quemquam
2774 4687 2908 4741 :sed
2930 4687 3412 4758 omnejudicium
3433 4681 3628 4742 dederit
3650 4673 3774 4738 Pilio,

2208 4779 2265 4830 et
2293 4776 2368 4832 ab
2395 4792 2462 4832 eo
2494 4775 2752 4830 mundus
2776 4775 3140 4845 judicandus-
3161 4776 3239 4830 sit
3269 4777 3446 4847 (toan.
3478 4774 3545 4840 v).

2279 4865 2466 4936 (Vers.
2496 4866 2533 4919 5
2557 4866 2744 4936 seqq.)
2766 4865 2830 4918 Et
2857 4880 3102 4933 egressus
3129 4873 3205 4919 est
3227 4863 3458 4935 angelus
3481 4861 3567 4933 qui
3583 4850 3775 4936 lofum'

2208 4935 2303 5008 tur
2335 4955 2394 5008 in
2421 4969 2527 5018 me,
2559 4955 2608 5008 et
2637 4935 2772 5008 dirit
2799 4952 2870 5007 ad
2894 4969 2981 5008 me
3000 4971 3018 5006 :
3050 4954 3186 5008 Leva
3237 4954 3417 5009 oculos
3471 4956 3597 5011 tuos,
3621 4947 3662 4999 et
3691 4935 3778 4994 ιιἱά

2210 5042 2338 5114 quid
2394 5044 2466 5097 sit
2525 5041 2623 5097 hoc
2677 5041 2816 5112 quod
2871 5041 3199 5113 egredietur.
3265 5046 3332 5098 Et
3379 5042 3526 5096 dixi:
3570 5029 3776 5103 Quidue!

2208 5135 2328 5187 est?
2356 5133 2418 5186 Et
2469 5131 2592 5186 ait:
2621 5131 2742 5186 Hec
2797 5139 2873 5186 est
2901 5132 3166 5202 amphora
3223 5131 3536 5201 egrediens;
3562 5129 3606 5180 et
3640 5115 3774 5175 dicit:

2211 5225 2345 5277 Haec
2372 5227 2453 5276 est
2478 5219 2668 5275 oculus
2696 5235 2884 5275 eorum
2915 5222 2976 5275 in
3002 5223 3265 5277 universa
3295 5225 3460 5276 terra.
3516 5215 3571 5272 Et
3595 5223 3692 5268 ecce
3713 5207 3768 5259 ll-

2209 5397 2437 5470 Regina}
2467 5413 2612 5470 mss.
2642 5397 3066 5470 desiderantur.

2280 5463 2349 5542 (ἵν)
2367 5467 2670 5542 Victorius
2689 5469 2946 5542 quinque
2967 5469 3424 5542 Florentinorum
3439 5463 3767 5542 codicum???)

2211 5545 2267 5595 et
2286 5531 2686 5614 Brixianorum
2707 5531 2954 5614 aliquot,
2989 5542 3244 5614 itemque
3294 5539 3541 5612 Vulgata
3565 5531 3765 5589 editioni!

2211 5612 2556 5672 auctoritate
2580 5611 2862 5688 reposuit,
2894 5615 3074 5685 terra,
3111 5611 3210 5691 pro
3241 5615 3417 5670 tuam.
