3938 6174
290 387 449 457 1457

949 392 1694 459 COMMENTARlORUM
1739 393 1817 456 ΙΝ
1866 391 2327 456 ZACHARIAM
2376 390 2510 455 LIB.
2560 393 2632 456 ll.
2683 395 2853 458 CAP.
2897 391 3033 460 νΠ.

3538 389 3696 457 1458

284 525 451 598 mini,
465 523 616 584 stibi
634 529 853 585 uterne
868 527 1121 585 statione
1138 527 1521 602 requiescant.
1543 526 1764 584 Hebmi
1781 531 1931 583 Ana-
1958 526 2013 594 Α
2039 525 2224 583 subter
2236 542 2366 584 eum
2388 529 2621 596 orietur,
2641 535 2696 585 et
2718 526 2964 600 reliqua.
2983 527 3108 584 Non
3129 530 3332 584 Jesum
3351 525 3692 610 dividimus,

287 615 467 684 niam,
501 616 768 673 Azariam
801 620 860 673 et
888 616 1092 673 Misael
1151 619 1223 673 de
1277 618 1611 689 captivitate
1640 616 1938 673 venientes

285 721 496 762 aurum
526 711 586 761 et
615 709 923 778 argentum
956 707 1014 761 in
1047 723 1294 762 munera
1335 706 1560 778 templi,
1609 711 1666 760 et
1695 721 1936 760 coronas

285 794 598 868 pontificis,
628 811 694 850 ac
711 794 877 850 ducis
900 794 1167 850 attulisse
1185 798 1666 862 commemorant,
1685 798 1742 849 et
1761 810 1936 866 quem

283 899 466 954 supra
495 899 610 938 non
643 882 890 950 dixerat,
921 888 1065 948 Ilen,
1099 883 1157 938 id
1190 889 1299 950 est,
1331 885 1595 954 gratiam,
1644 882 1937 938 Danielem

280 969 516 1026 venisse
541 987 678 1028 cum
709 986 971 1041 munere,
1003 974 1061 1026 et
1087 971 1303 1026 idcirco
1327 973 1511 1026 Hclem
1539 970 1790 1042 positum
1833 985 1936 1041 pro

285 1058 499 1128 Hotdai,
532 1063 599 1114 ut
625 1075 693 1114 ex
721 1059 1202 1130 interpretatione
1247 1060 1504 1115 nominis
1535 1060 1688 1132 quod
1720 1058 1938 1114 dicitur

283 1149 580 1214 somnium,
611 1149 952 1203 ostendatur
981 1148 1041 1203 in
1073 1147 1404 1220 captivitate
1435 1148 1690 1220 positum
1723 1147 1930 1203 Danie-

282 1235 422 1303 lem,
454 1240 513 1292 et
540 1240 662 1292 tres
692 1252 904 1309 pueros
933 1236 1145 1309 regalis
1177 1237 1390 1293 somnii
1423 1237 1699 1310 mysteria
1729 1253 1933 1309 cogno-

283 1324 457 1381 visse.
488 1324 828 1396 Assumptis
859 1325 1016 1380 enim
1047 1326 1238 1381 tribus
1267 1327 1486 1398 pueris,
1523 1325 1719 1381 Daniel
1749 1327 1933 1380 oravit

283 1413 618 1480 Dominum,
650 1419 710 1469 et
738 1413 1279 1486 interpretationem
1310 1415 1524 1470 somnii
1583 1419 1933 1470 consecutus

282 1505 372 1557 est
400 1502 639 1569 (Daniel.
672 1502 758 1573 ιι).
815 1504 940 1557 Baio
983 1504 1157 1573 juxta
1213 1503 1519 1559 historiam
1551 1503 1932 1559 Circumcisio

281 1593 526 1644 conatur
574 1606 878 1661 exponere.
967 1591 1146 1646 Nobis
1215 1597 1414 1647 autem
1483 1592 1771 1648 incumbit
1825 1607 1930 1647 ne-

279 1678 525 1744 cessitas
545 1679 718 1750 juxta
748 1678 887 1734 LXX
944 1680 1290 1751 interpretes
1347 1681 1538 1736 dicere
1585 1697 1714 1753 qua
1746 1680 1930 1736 nostri

281 1766 478 1823 dixere
545 1768 820 1839 majores.
880 1767 1090 1840 Accipe
1146 1785 1181 1824 a
1236 1768 1585 1840 captivitate,
1617 1774 1676 1825 et
1713 1787 1746 1824 a
1776 1769 1933 1841 prin-

279 1855 531 1928 cipibus,
564 1861 622 1911 et
677 1857 752 1911 ab
808 1855 1056 1911 utilibus
1115 1858 1265 1928 ejus,
1324 1861 1382 1913 et
1437 1859 1509 1914 ab
1565 1857 1660 1913 his
1703 1858 1802 1930 qui
1833 1873 1926 1912 co-

276 1947 605 2016 gnoverunt
618 1944 773 2001 829
791 1961 917 2000 eam
929 1989 944 2012 ,
963 1962 1172 2000 aurum
1183 1989 1196 2012 ,
1214 1950 1272 2000 et
1286 1950 1530 2019 argento
1541 1963 1620 2013 m,
1639 1950 1694 2001 et
1715 1945 1934 2018 ingres-

284 2033 481 2088 susin
513 2034 754 2089 domum
777 2033 950 2088 Josiae
976 2033 1080 2089 filii
1104 2034 1432 2106 Sophoniaa,
1455 2035 1550 2104 qui
1597 2038 1656 2090 et
1687 2034 1812 2107 ipse
1836 2050 1930 2089 ve-

274 2121 456 2177 nitde
478 2120 790 2194 Babylone,
816 2123 905 2176 fac
925 2122 985 2177 in
1009 2138 1078 2178 ea
1099 2139 1346 2178 coronas
1369 2139 1576 2178 aureas
1624 2126 1682 2178 et
1729 2139 1932 2196 argen-

273 2213 420 2275 teas,
443 2227 592 2281 quas
613 2210 883 2282 imponas
906 2227 1084 2282 super
1103 2215 1279 2282 caput
1295 2211 1436 2266 Jesu
1456 2210 1557 2265 ﬁlii
1579 2211 1824 2266 Josedec
1844 2227 1934 2266 sa-

271 2298 525 2354 cerdotis
550 2299 768 2370 magni.
793 2298 1110 2370 Captivitas
1130 2299 1494 2365 Judaaorum,
1519 2299 1574 2353 id
1599 2304 1708 2366 est,
1730 2298 1930 2371 populi

274 2386 596 2442 Dominum
613 2386 968 2456 conﬁtentis,
988 2387 1130 2441 vitia
1145 2391 1287 2442 sunt
1297 2392 1473 2459 atque
1491 2391 1729 2458 peccata
1747 2403 1760 2441 :
1783 2405 1930 2459 quae,

278 2475 390 2547 qui
403 2476 643 2547 coeperit
662 2491 833 2548 agere
859 2475 1280 2546 penitentiam,
1305 2481 1362 2531 et
1382 2475 1713 2531 desiderare
1735 2476 1932 2548 pristi-

279 2581 423 2620 nam
453 2563 802 2635 Jerusalem,
829 2564 886 2620 id
910 2568 1020 2633 est,
1043 2563 1358 2620 Ecclesium
1390 2564 1624 2631 Christi,
1657 2564 1717 2621 in
1748 2563 1934 2636 Baby-

276 2652 417 2708 lone
444 2653 666 2708 deserit
693 2669 761 2708 ac
799 2653 1064 2718 dimittit,
1123 2657 1181 2708 et
1238 2652 1478 2708 offertur
1505 2671 1538 2708 a
1568 2652 1934 2724 principibus

273 2741 668 2813 captivorum,
702 2744 760 2795 et
789 2741 863 2795 ab
893 2740 1142 2796 utilibus
1168 2741 1318 2813 ejus,
1350 2741 1406 2795 id
1441 2746 1552 2810 est,
1575 2739 1934 2812 captivitatis

269 2830 403 2902 (qui
421 2833 482 2885 et
502 2829 616 2902 ipsi
637 2845 744 2901 pro
766 2829 1020 2884 utilitate
1041 2845 1151 2884 sua
1185 2828 1384 2884 traditi
1428 2829 1520 2884 sui
1543 2827 1746 2901 angelo
1769 2830 1932 2885 Sata-

270 2919 453 2974 nmin
483 2917 795 2974 interitum
854 2917 1071 2983 carnis,
1122 2922 1188 2972 ut
1241 2917 1486 2990 spiritus
1547 2918 1743 2974 salvus
1772 2918 1937 2974 fieret

271 3008 322 3078 (Ι
360 3005 479 3064 Cor.
511 3007 588 3077 v),
625 3010 682 3062 et
713 3007 786 3062 ab
833 3006 928 3062 his
960 3006 1061 3079 qui
1107 3011 1459 3079 cognoscent
1487 3023 1636 3074 eam,
1667 3007 1937 3064 videlicet

273 3094 696 3168 captivitatem,
730 3095 790 3149 in
824 3095 1038 3151 bonam
1070 3101 1297 3166 partem
1331 3099 1463 3167 post
1489 3096 1781 3168 supplicia
1805 3111 1934 3152 esse

273 3185 641 3241 vertendam.
676 3183 934 3240 Olfertua
961 3188 1159 3239 autem
1193 3201 1401 3238 aurum
1434 3189 1490 3239 et
1519 3190 1826 3256 argentum
1859 3185 1932 3240 ab

2048 631 2152 672 nec
2183 617 2331 671 duas
2363 633 2642 688 personas
2668 617 2727 672 in
2759 635 2941 673 unam
2972 617 3127 673 880
3157 634 3474 689 possumus
3509 618 3696 675 facere

2046 720 2355 776 personam
2386 724 2399 772 ;
2437 707 2535 762 sed
2570 707 2694 778 ipse
2723 707 2823 778 qui
2849 707 3022 762 Jesus
3053 706 3400 778 appellatur,
3434 724 3500 763 eo
3535 707 3691 778 quod

2046 792 2352 850 salvaverit
2373 795 2684 865 mundum,
2701 798 2756 850 et
2777 794 2980 851 Oriens
2997 795 3231 862 dicitur,
3251 795 3460 866 quiain
3485 796 3700 852 diebus

2045 883 2173 954 ejus
2203 887 2329 938 orta
2353 888 2441 938 est
2453 883 2708 954 justitia.
2744 883 2816 938 Et
2859 882 3088 940 canitur
3108 884 3168 938 in
3192 883 3420 940 Psalmo
3446 901 3458 938 :
3490 885 3694 941 Veritas

2043 972 2109 1028 de
2139 975 2286 1027 terra
2313 980 2434 1027 orta
2462 977 2543 1026 est
2571 974 2682 1042 (Ps.
2720 989 2943 1037 LXXXIV,
2975 972 3085 1043 12),
3118 990 3184 1028 eo
3231 975 3387 1044 quod
3417 975 3489 1029 de
3521 978 3689 1029 utero

2041 1060 2310 1133 virginali
2342 1061 2401 1115 in
2433 1060 2780 1116 saeculorum
2823 1063 3330 1118 consummatione
3376 1066 3698 1134 generatus

2043 1147 2286 1203 dixerit:
2319 1149 2425 1219 Ego
2467 1165 2590 1204 sum
2618 1150 2824 1204 veritas
2854 1152 3032 1216 (Joan.
3083 1168 3198 1219 xlv,
3229 1151 3306 1222 6),
3339 1155 3398 1206 et
3426 1135 3690 1206 extrema

2042 1235 2853 1308 horavenerit,juxtaJoannis
2866 1237 3188 1310 Epistolam
3205 1239 3455 1295 dicentis
3469 1241 3687 1308 (IJoan.

2043 1341 2110 1391 ιι,
2152 1325 2235 1395 l8)
2263 1341 2276 1380 :
2312 1325 2519 1396 Fitioli,
2553 1342 2704 1380 nunc
2734 1334 2979 1382 extrema
3005 1328 3141 1382 hora
3170 1335 3267 1395 est,
3301 1328 3360 1384 in
3391 1345 3509 1402 qua
3528 1333 3688 1386 stan-

2040 1416 2254 1477 tem,et
2274 1412 2419 1470 nihil
2439 1419 2706 1486 agentem
2736 1416 3000 1488 gentium
3034 1415 3316 1488 populum
3329 1418 3690 1474 conduxitex

2041 1500 2300 1570 denario,
2334 1507 2391 1558 et
2421 1503 2584 1558 misit
2617 1505 2690 1560 ad
2720 1504 2951 1560 vineam
3001 1505 3213 1576 (Matth.
3262 1506 3379 1577 xx).
3414 1505 3688 1579 Alioquin

2039 1589 2089 1646 si
2119 1591 2442 1646 secundum
2475 1592 2872 1649 diversitatem
2895 1593 3202 1649 nominum
3225 1594 3493 1652 diversus
3507 1582 3690 1653 efﬁci-

2039 1683 2155 1746 tur,
2179 1678 2330 1736 alius
2353 1679 2462 1736 erit
2482 1685 2701 1751 pastor,
2729 1680 2880 1736 alius
2919 1683 3092 1752 aries,
3121 1681 3276 1739 alius.
3295 1699 3503 1755 agnus,
3534 1684 3690 1741 alius

2030 1768 2238 1838 janua,
2260 1768 2414 1825 alius
2435 1767 2584 1840 lapis
2603 1770 2964 1838 offensionis,
3003 1775 3063 1826 et
3083 1775 3248 1843 petra
3269 1773 3553 1828 scandali.
3575 1773 3690 1832 Iste

2008 1925 2016 1938 η
2038 1855 2218 1929 igitur
2237 1856 2338 1928 qui
2364 1857 2584 1914 nostris
2606 1857 2922 1914 virtutibus
2940 1862 3251 1915 coronatus
3267 1865 3374 1927 est,
3399 1861 3620 1918 orietur
3633 1865 3692 1918 et

2040 1944 2435 2017 appellabitur
2465 1946 2683 2002 Oriens.
2733 1947 2819 2002 Ad
2879 1963 3054 2018 quem
3104 1947 3335 2004 locutus
3365 1954 3455 2005 est
3479 1949 3685 2007 Pater:

2005 2033 2228 2091 'Filius
2251 2050 2406 2090 meus
2434 2051 2491 2090 es
2523 2039 2582 2090 tu
2607 2053 2622 2089 :
2655 2051 2756 2104 ego
2785 2035 2942 2092 hodie
2967 2037 3137 2107 genui
3163 2043 3214 2092 te
3254 2037 3366 2108 (Ps.
3401 2055 3461 2109 ιι,
3493 2039 3588 2106 7):
3619 2040 3692 2095 Et

2040 2122 2244 2178 subter
2258 2137 2393 2177 eum
2407 2123 2629 2178 orietur
2643 2123 2960 2180 multitudo
2971 2124 3268 2181 credentiu
3279 2142 3357 2193 m,
3373 2125 3689 2183 etaeditica4

2040 2210 2126 2265 bit
2146 2211 2386 2265 domum
2411 2211 2667 2281 Domini,
2692 2211 3034 2282 Ecolesiam,
3059 2217 3118 2268 et
3139 2213 3267 2285 ipse
3306 2214 3553 2287 accipiet
3570 2215 3685 2270 vir-

2039 2303 2224 2354 tutem
2247 2302 2304 2354 et
2324 2299 2589 2354 decorem
2607 2316 2673 2354 ac
2693 2300 3040 2370 profectum,
3063 2304 3121 2356 et
3141 2301 3388 2373 gloriam
3423 2291 3686 2375 singulo-

2040 2404 2194 2454 rum,
2225 2391 2283 2443 et
2309 2387 2535 2443 sedebit
2563 2392 2621 2442 et
2651 2388 3054 2444 dominabitur
3106 2389 3167 2444 in
3222 2390 3433 2447 throno
3463 2384 3594 2458 suo,
3623 2391 3685 2448 in

2038 2475 2249 2532 throno
2273 2475 2473 2541 David,
2499 2477 2569 2532 de
2591 2492 2706 2549 quo
2728 2481 2787 2532 et
2835 2477 2895 2532 in
2911 2477 3222 2550 Evangelio
3243 2479 3525 2552 scriptum
3557 2484 3648 2536 est
3671 2498 3685 2538 :

2038 2567 2116 2620 Et
2144 2566 2252 2620 erit
2279 2563 2531 2620 sacerdos
2562 2582 2596 2620 a
2625 2565 2837 2621 dextris
2892 2566 3010 2637 ejus
3065 2559 3218 2637 (Luc.
3279 2568 3343 2638 1),
3375 2567 3495 2625 sive
3517 2569 3690 2640 juxta

2040 2652 2414 2722 Hebraicum,
2441 2668 2608 2724 super
2636 2654 2867 2710 thronus
2895 2669 3058 2710 suum
3083 2672 3097 2723 ;
3123 2654 3405 2727 quiaipse
3427 2660 3484 2712 et
3506 2648 3605 2714 rex
3632 2660 3691 2713 et

2039 2740 2304 2796 Pontifex
2328 2746 2455 2796 est:
2483 2745 2540 2795 et
2560 2741 2788 2798 sedebit
2806 2745 2926 2798 tam
2950 2741 3010 2798 in
3060 2741 3262 2815 regali,
3313 2760 3494 2816 quam
3512 2745 3573 2799 in
3601 2761 3690 2803 sa-

1997 2865 2016 2882 ς.
2040 2828 2314 2886 cerdotali
2350 2828 2583 2894 throno,
2626 2833 2682 2885 et
2713 2829 3027 2886 consilium
3058 2830 3368 2903 pacificum
3398 2833 3510 2889 erit
3535 2832 3692 2890 inter

2041 2922 2376 2988 utrumque,
2401 2922 2466 2972 ut
2487 2935 2591 2974 nec
2612 2917 2804 2991 regale
2826 2918 3132 2993 fastigium
3151 2921 3571 2979 sacerdotalem
3587 2921 3686 2979 de-

2040 3007 2259 3079 primat
2278 3006 2646 3079 dignitatem,
2665 3024 2767 3063 nec
2781 3008 3085 3066 sacerdotii
3100 3007 3357 3082 dignitas
3370 3010 3564 3084 regale
3575 3012 3689 3068 fas-

2041 3095 2270 3167 tigium,
2305 3096 2405 3151 sed
2439 3095 2498 3150 in
2531 3095 2710 3152 unius
2738 3095 2928 3168 gloria
2959 3096 3184 3152 Domini
3205 3097 3345 3154 Jesu
3369 3093 3688 3172 utrumque

2040 3184 2386 3240 consentiat.
2422 3183 2559 3256 Legi
2583 3185 2641 3238 in
2665 3185 2976 3254 cujusdam
2999 3184 3148 3241 libro
3169 3185 3278 3242 hoc
3298 3188 3453 3258 quod
3475 3187 3689 3245 dicitur

276 3274 404 3339 his,
425 3271 526 3345 qui
547 3277 608 3328 et
629 3289 834 3338 sensu,
857 3279 914 3327 et
933 3289 1206 3328 sermone
1227 3273 1541 3328 Dominum
1560 3275 1931 3341 conﬁtentur,
1965 3257 2007 3324 C
2044 3273 2227 3342 (Zach.
2260 3290 2339 3338 v1,
2373 3273 2460 3342 13)
2481 3291 2501 3328 .·
2520 3274 2588 3327 Et
2603 3274 2899 3328 consilium
2915 3273 3209 3344 paciﬁcum
3230 3257 3341 3330 erit
3360 3277 3509 3332 inter
3525 3275 3684 3342 duos,

275 3367 343 3419 et
363 3361 513 3418 fiunt
531 3379 599 3417 ex
618 3377 707 3430 eo,
736 3361 795 3416 id
818 3365 926 3430 est,
954 3377 1097 3416 auro
1143 3365 1200 3416 et
1245 3367 1486 3433 argento
1517 3365 1594 3433 (a)
1627 3379 1851 3418 coronae
1874 3363 1933 3416 in

277 3453 462 3506 (homo
489 3450 683 3517 JOSltB,
717 3449 827 3522 qui.
849 3449 1270 3521 interpretatur
1297 3449 1560 3516 salvatus,
1593 3456 1652 3506 et
1666 3455 1756 3506 est
1778 3451 1937 3506 ﬁlius

276 3539 624 3596 uisitationis
644 3539 883 3608 Domini,
907 3539 964 3592 id
981 3540 1090 3607 est,
1112 3535 1415 3604 ἐπισκοπῆς
1434 3535 1633 3610 Κυρίου
1651 3538 1940 3594 Visitatur

279 3628 447 3685 enim
465 3645 501 3683 a
521 3627 764 3683 Domino
788 3627 886 3698 qui
919 3626 1084 3698 prius
1101 3626 1255 3682 male
1279 3631 1674 3698 mgrotaverat.
1701 3626 1766 3681 Et
1787 3630 1940 3682 recte

279 3717 505 3773 dicitur
530 3716 744 3783 Josias,
776 3715 1055 3783 salvatus,
1089 3714 1230 3786 quia
1244 3720 1302 3772 et
1323 3716 1448 3787 ipse
1471 3731 1740 3771 reversus
1762 3720 1851 3770 est
1869 3715 1940 3770 de

281 3805 603 3877 Babylone.
638 3805 1032 3876 lmponuntur
1060 3808 1257 3858 autem
1306 3820 1554 3870 coronae,
1583 3803 1670 3858 vel
1702 3820 1936 3870 corona,

277 3896 424 3951 Jesu
447 3893 568 3949 ﬁlio
586 3893 832 3949 Josedec
852 3892 1134 3948 sacerdoti
1161 3908 1392 3965 magno.
1419 3891 1558 3963 quia
1578 3893 1746 3948 nobis
1767 3892 1940 3964 profl-

279 3983 582 4039 cientibus
603 3986 660 4038 et
680 3981 930 4037 reversis
948 3981 1020 4036 ad
1046 3980 1308 4052 meliora,
1333 3997 1436 4052 per
1474 3980 1740 4053 singulas
1761 3981 1941 4036 virtu-

165 4120 180 4128 -
281 4077 383 4141 tes
407 4074 637 4126 nostras
661 4070 943 4125 Dominus
969 4074 1285 4126 coronatur
1307 4069 1522 4126 :immo
1541 4069 1711 4126 nobis
1733 4069 1944 4125 virtute

285 4158 652 4234 pmnitentim
675 4158 990 4228 coronatis,
1024 4158 1280 4214 salvator
1305 4158 1364 4213 in
1392 4158 1642 4233 singulis
1672 4174 1944 4214 coronam

285 4246 526 4319 accipit,
543 4247 716 4318 juxta
749 4245 894 4301 illud
926 4247 1082 4318 quod
1105 4251 1163 4302 et
1184 4245 1684 4319 Paulusloquitur
1707 4264 1719 4301 :
1744 4249 1817 4303 De
1844 4263 1946 4303 cae-

291 4341 418 4394 tero
446 4337 687 4408 reposita
711 4340 790 4391 est
847 4335 990 4390 mihi
1047 4351 1254 4391 corona
1283 4337 1545 4407 justitiae,
1576 4353 1740 4407 quam
1769 4335 1950 4392 reddet

286 4425 436 4496 migi
460 4425 728 4481 Dominus
747 4424 935 4495 justus
954 4423 1135 4494 judea:
1157 4443 1176 4479 :
1208 4441 1317 4480 non
1364 4425 1544 4480 solum
1569 4433 1758 4480 autem
1787 4425 1950 4490 mihi,

281 4515 396 4572 sed
420 4516 471 4568 et
488 4513 742 4570 omnibus
775 4515 870 4584 qui
888 4513 1133 4584 diligunt
1149 4513 1445 4568 adventum
1467 4514 1688 4569 Domini
1713 4513 1953 4569 Salvato-

2043 3361 2114 3417 ad
2137 3365 2368 3415 Patrem
2392 3359 2592 3414 referri
2613 3365 2670 3415 et
2689 3361 2761 3415 ad
2783 3359 2996 3416 Filium
3023 3377 3036 3414 :
3063 3362 3204 3432 quia
3231 3378 3348 3420 non
3373 3380 3564 3422 suam.
3584 3364 3687 3421 sed

2042 3449 2231 3504 Patris
2253 3447 2476 3503 venerit
2495 3447 2683 3503 facere
2702 3447 3083 3512 voluntatem,
3099 3453 3155 3504 et
3171 3450 3408 3505 Peterin
3425 3451 3567 3507 Filio
3587 3451 3686 3520 sit,

2045 3541 2103 3592 et
2119 3535 2300 3591 Filius
2342 3535 2402 3592 in
2424 3535 2590 3590 Patre
2613 3535 2797 3607 (Ibid.,
2828 3537 2965 3607 xxv).
3014 3536 3240 3592 Corona
3277 3541 3494 3605 autem,
3523 3539 3582 3595 id
3603 3543 3697 3595 est

2046 3624 2276 3697 insigne
2302 3623 2578 3696 victoriae,
2602 3640 2734 3679 cum
2760 3623 3027 3680 Christus
3048 3625 3225 3681 fuerit
3245 3631 3579 3696 coronatus,
3602 3627 3696 3684 his

2049 3730 2280 3786 quoque
2301 3711 2747 3784 repromittitur,
2778 3712 2878 3784 qui
2902 3717 3241 3784 exspectant
3259 3731 3416 3785 eum,
3439 3720 3497 3772 et
3524 3714 3703 3773 intel-

2047 3803 2240 3876 ligunt
2263 3800 2574 3858 utilitatem
2600 3801 2899 3870 quondam
2921 3800 3276 3873 captivitatis
3295 3819 3438 3874 sum,
3461 3807 3519 3860 et
3537 3820 3704 3861 nove-

2051 3895 2189 3948 runt
2211 3891 2312 3946 Dei
2335 3890 2608 3946 universa
2628 3889 2926 3962 mysteria,
2976 3893 3041 3946 ut
3070 3889 3188 3946 sint
3227 3891 3288 3947 in
3317 3893 3570 3965 gratiam
3600 3893 3706 3950 ﬁlii

2051 3978 2375 4052 Sophoniaa,
2400 3978 2510 4034 hoc
2531 3983 2619 4033 est
2639 3977 2994 4034 visitationis
3017 3979 3267 4036 Domini.
3295 3981 3362 4037 Et
3393 3982 3495 4054 qui
3523 3983 3578 4038 in
3599 3981 3706 4040 Ba-

2053 4069 2263 4141 bylone
2292 4067 2565 4124 dicebant
2593 4068 2707 4138 (Ps.
2769 4084 2996 4136 cxxxvr,
3048 4069 3101 4136 1,
3132 4069 3190 4138 2)
3217 4095 3231 4124 ε
3264 4070 3441 4143 Super
3474 4073 3712 4143 ﬂumina

2055 4157 2353 4229 Babylonis
2381 4157 2460 4211 ibi
2487 4155 2731 4212 sedimus
2759 4165 2811 4213 et
2836 4157 3106 4227 ﬂeuimus,
3139 4174 3266 4214 cum
3296 4161 3714 4218 recordaremur

2059 4247 2193 4302 Sion
2217 4264 2235 4300 :
2266 4247 2327 4300 in
2351 4245 2616 4302 salicibus
2648 4247 2711 4300 in
2736 4245 2913 4302 medio
2941 4248 3058 4318 ejus
3084 4249 3476 4318 suspendimus
3493 4264 3717 4322 organa

2058 4339 2266 4400 nostra,
2300 4338 2618 4406 postquam
2644 4333 2857 4389 reversi
2879 4333 3096 4390 fuerint
3113 4335 3173 4389 in
3192 4335 3538 4402 Jerusalem,
3561 4338 3710 4393 acci-

2060 4424 2224 4497 piant
2245 4422 2548 4478 Psalmum
2572 4427 2629 4478 et
2650 4427 3023 4494 tympanum,
3045 4427 3103 4478 et
3133 4427 3348 4478 canant
3367 4422 3427 4482 in
3459 4423 3716 4482 Ecclesia

2060 4511 2314 4579 Domini,
2338 4515 2397 4568 et
2418 4511 2517 4583 qui
2546 4527 2649 4582 per
2673 4511 2901 4581 majora
2923 4510 3023 4566 88
3039 4513 3071 4566 I
3128 4517 3365 4583 peccata
3397 4511 3570 4583 longe
3587 4512 3710 4569 fue-

275 4605 377 4662 rit
405 4603 588 4658 nostri
611 4603 741 4658 Jesu
769 4601 980 4657 Christi
1009 4602 1053 4674 (Ι
1075 4602 1208 4657 Tim.
1242 4618 1317 4672 ιν,
1358 4602 1436 4672 8).
1487 4601 1645 4659 Unde
1674 4620 1709 4656 ιι
1740 4619 1954 4659 corona
1986 4621 2032 4685 D
2065 4607 2196 4658 rant
2226 4602 2298 4656 ab
2338 4600 2561 4669 Judsea,
2595 4605 2651 4655 et
2696 4597 3059 4655 confessione
3106 4599 3434 4666 verissima,
3458 4600 3714 4669 veniant,

269 4690 539 4767 just-itis:
569 4695 627 4745 et
657 4695 822 4762 pater
848 4690 1080 4746 Domini
1109 4689 1424 4746 Salvatoris
1465 4707 1678 4746 nomen
1710 4691 1951 4763 accepit.

277 4778 518 4841 Josedec
544 4779 697 4834 enim
722 4779 1140 4850 interpretatur
1159 4780 1419 4834 Dominus
1439 4781 1690 4852 justitise,
1711 4796 1777 4836 eo
1800 4781 1954 4852 quod

283 4867 512 4927 reddat
528 4867 845 4938 unicuique
861 4868 1186 4924 secundum
1201 4885 1377 4940 opera
1387 4885 1514 4924 sua.
1529 4867 1610 4924 De
1625 4868 1735 4924 hac
1747 4885 1959 4925 corona

284 4963 358 5016 et
389 4955 644 5012 Jacobus
674 4955 733 5010 in
768 4955 1030 5027 Epistola
1058 4973 1167 5012 sua
1199 4956 1460 5029 loquitur
1487 4974 1499 5011 :
1534 4961 1731 5012 Beatus
1759 4957 1846 5011 vir
1865 4960 1961 5028 qui

281 5046 537 5104 sustinet
555 5046 931 5115 tentationem,
955 5046 1089 5117 quia
1105 5062 1230 5101 cum
1239 5047 1501 5118 probatus
1513 5047 1709 5116 fuerit,
1731 5047 1961 5118 accipiet

286 5149 564 5201 coronam
589 5133 743 5200 vite,
777 5149 944 5205 quam
971 5134 1288 5205 repromisit
1341 5133 1473 5188 Deus
1519 5131 1878 5202 diligentibus
1905 5149 1962 5189 se

289 5221 510 5297 (Iacob.
533 5224 618 5290 υ).
645 5220 898 5277 Jubetur
919 5226 1114 5277 autem
1139 5221 1430 5294 prephetze
1453 5225 1518 5276 ut
1539 5224 1853 5292 postquam
1872 5238 1963 5277 co-

290 5327 516 5372 ronam
540 5309 910 5382 imposuerit,
936 5309 1024 5365 vel
1045 5326 1312 5379 coronas,
1330 5325 1507 5382 super
1517 5313 1842 5380 caputJesu
1857 5309 1961 5365 ﬁlii

290 5398 550 5459 Josedec
573 5398 896 5454 sacerdotis
920 5399 1140 5470 magni,
1157 5398 1432 5470 loquatur
1447 5397 1518 5453 ad
1535 5413 1693 5462 eum,
1708 5398 1958 5454 etdicat:

294 5492 440 5549 Hac
463 5487 602 5543 dicit
627 5487 894 5543 Dominus
920 5503 933 5542 :
965 5488 1100 5542 Ecce
1129 5489 1234 5552 vir,
1265 5487 1456 5544 Oriens
1497 5501 1697 5541 nomen
1724 5487 1844 5558 ejus
1867 5507 1886 5542 :
1909 5497 1964 5543 et

379 5630 462 5758 Sa)
493 5629 988 5713 Nomencoroue,
1047 5631 1199 5704 quod
1223 5628 1438 5712 mutila
1497 5645 1672 5684 sensu
1703 5627 1762 5684 in
1795 5633 1964 5688 antea

379 5720 388 5758 ι
414 5705 568 5758 uatis
597 5699 768 5758 libris
798 5701 1020 5758 deerat.
1052 5706 1238 5758 nostri
1271 5717 1415 5758 mss:
1455 5699 1746 5758 supplent.

295 5699 568 5776 vulgatis
597 5699 768 5759 libris
798 5701 1020 5771 deerat,
1052 5699 1238 5760 nostri
1271 5700 1415 5759 mssi
1455 5699 1746 5774 supplent.

2067 4697 2124 4746 et
2154 4707 2256 4761 per
2284 4687 2551 4760 singulos
2606 4687 2904 4758 profectus
2959 4703 3099 4744 suos
3125 4688 3440 4749 .mdiﬁcent
3473 4689 3717 4748 domum

2065 4776 2320 4846 Domini,
2355 4782 2413 4831 et
2442 4781 2581 4832 tunc
2621 4775 2876 4830 universi
2928 4775 3053 4848 pari
3099 4781 3293 4833 mente
3341 4782 3715 4852 cognoscant,

2067 4867 2221 4939 quod
2260 4864 2540 4920 Dominus
2572 4862 2942 4934 omnipotens
2997 4865 3343 4936 prophetam
3388 4866 3618 4924 miserit
3645 4868 3720 4926 ad

2065 4972 2184 5012 eos.
2220 4953 2386 5010 Fient
2415 4957 2610 5008 autem
2643 4951 2841 5008 omnia
2871 4968 3002 5024 quae
3034 4954 3326 5025 promissa
3354 4959 3514 5020 sunt,
3545 4955 3595 5013 si
3621 4956 3724 5012 Do-

2068 5043 2297 5100 minum
2321 5041 2527 5098 audire
2545 5039 2857 5108 voluerint,
2877 5044 3075 5098 stacta
3094 5042 3458 5114 poenitentia,
3475 5043 3535 5100 in
3548 5042 3721 5104 bonis

2070 5131 2348 5205 operibus
2376 5128 2718 5186 manserint.

2141 5222 2300 5293 (Cap.
2333 5219 2456 5275 VII.
2490 5249 2557 5259 —-
2589 5217 2752 5274 Vers.
2783 5217 2806 5274 4
2850 5221 3040 5291 seqq.)
3075 5222 3150 5278 Et
3168 5222 3376 5292 factum
3394 5228 3477 5278 est
3494 5223 3557 5280 in
3574 5236 3723 5280 anno

2069 5317 2260 5383 quarto
2291 5308 2449 5364 Darii
2466 5307 2609 5378 regis
2639 5325 2652 5362 :
2678 5309 2893 5378 factum
2913 5312 2990 5363 est
3015 5309 3236 5365 verbum
3265 5309 3482 5366 Domini
3508 5310 3589 5367 ad
3615 5311 3719 5367 Za-

2069 5401 2338 5464 chariam,
2364 5399 2421 5452 in
2444 5399 2642 5468 quarta
2666 5398 2878 5452 mensis
2897 5398 3054 5465 noni,
3090 5399 3188 5468 qui
3221 5407 3300 5454 est
3317 5398 3531 5455 Cusleu.
3551 5399 3629 5471 (b)
3645 5401 3722 5456 Et

2069 5490 2336 5545 miserunt
2364 5486 2438 5542 ad
2466 5485 2688 5541 domum
2719 5485 2823 5539 Dei
2858 5485 3091 5542 Sarasar
3135 5490 3190 5542 et
3217 5488 3641 5562 Rogommelech,
3672 5496 3726 5546 et

2143 5624 3383 5702 (b)Insignishicdepravatiocontextust
3394 5629 3457 5702 in
3469 5628 3728 5702 Hebrtso,

2077 5696 2254 5773 quam
2278 5700 2337 5757 in
2351 5696 2498 5756 LXX
2519 5696 2962 5771 interpretibus.
2988 5701 3053 5757 In
3072 5699 3310 5764 Hebmo
3327 5701 3487 5762 enim
3517 5699 3734 5772 legitur
