4034 6196
349 393 503 462 1459
1593 399 1656 462 S.
1703 398 2012 464 EUSEBII
2057 401 2502 467 HIERONYMI
3534 406 3646 475 1460

347 532 455 589 viri
473 533 569 603 qui
586 532 747 588 erant
771 547 894 587 cum
907 546 989 599 eo,
1016 527 1091 588 ad
1107 531 1503 605 deprecandam
1521 533 1719 605 faciem
1740 533 1979 589 Domini:
2013 534 2070 602 Α
2097 536 2283 604 nium,
2315 541 2372 593 et
2399 540 2630 595 curatos
2659 552 2923 612 quosque
2947 538 3288 598 sanctiﬁcat.
3308 538 3570 616 Postquam
3587 542 3650 600 in-

345 625 407 677 ut
419 622 660 678 dicerent
680 621 1048 677 sacerdotibus
1068 622 1256 679 domus
1311 625 1533 679 Domini
1565 624 1908 679 exercituum
1937 626 1992 678 et
2097 628 2527 698 terrogaverant
2539 627 2845 684 Persarum
2859 630 3037 686 duces
3050 616 3261 702 pereos
3272 648 3403 703 quos
3414 632 3651 703 miserant,

338 712 617 784 prophetis
647 712 957 782 loquentes:
1024 712 1301 783 Numquid
1354 712 1599 783 ﬂendum
1657 716 1735 766 est
1763 714 1903 766 mihi
1932 713 1991 766 in
2100 718 2157 769 et
2177 716 2247 770 ad
2274 716 2603 771 sacerdotes
2625 720 2800 789 atque
2820 718 3134 790 prophetas
3164 719 3543 776 sciscitantium
3560 721 3654 777 fue-

345 802 538 872 quinto
561 817 746 857 mense
769 802 881 856 :vet
900 803 1250 872 sancti/icore
1278 819 1366 855 me
1387 801 1567 870 debeo,
1591 802 1733 855 sicut
1753 802 1860 870 feci
1870 801 1992 871 jam
2100 807 2189 859 rat
2212 803 2439 875 expleta
2459 804 2691 877 legatio,
2717 806 2783 862 fit
2801 824 2995 863 sermo
3017 808 3248 864 Domini
3274 810 3339 864 ad
3360 810 3655 882 prophetam,

343 891 537 946 multis
558 891 766 946 annis?
787 894 851 947 Et
870 893 1081 961 factum
1093 894 1171 946 est
1191 890 1644 946 verbumDomini
1654 891 1992 945 exercituum
2100 890 2397 963 imperans
2428 897 2493 947 ut
2521 893 2797 966 loquatur
2824 895 2896 951 ad
2925 896 3164 969 vulgum
3196 901 3254 952 et
3282 898 3348 952 ad
3375 899 3657 968 sacerdotes,

346 979 420 1035 ad
446 996 553 1047 me,
584 979 770 1035 dicens
794 996 807 1034 :
843 982 1079 1051 Loquere
1106 980 1175 1034 ad
1209 996 1425 1035 omnem
1448 980 1715 1050 populum
1738 986 1921 1044 terra),
1944 986 1995 1033 et
2101 980 2241 1052 quid
2263 980 2470 1053 legatis
2489 983 2739 1039 debeant
2761 986 3129 1056 respondere.
3160 986 3389 1052 Quando
3415 987 3664 1058 jejunaba-

346 1068 418 1125 ad
445 1068 771 1140 sacerdotes,
805 1068 1017 1124 dicens:
1060 1068 1193 1123 Cum
1214 1070 1546 1139 jejunaretis
1584 1072 1635 1123 et
1662 1067 1993 1139 plangeretis
2099 1069 2177 1125 tis
2200 1075 2255 1125 et
2277 1070 2643 1144 plangebatis
2663 1073 2720 1127 in
2747 1074 2952 1144 quinto
2974 1090 3177 1131 mense
3197 1075 3517 1147 captivitatis
3531 1075 3663 1131 Jeru-

346 1159 405 1212 in
427 1160 614 1230 quinto
636 1165 687 1213 et
703 1158 1117 1229 septimo(a)per
1134 1160 1227 1212 hos
1249 1160 1595 1229 septuaginta
1617 1173 1810 1226 annos,
1838 1174 1994 1211 num—
2101 1159 2304 1229 salem,
2330 1165 2387 1215 et
2405 1159 2465 1214 in
2495 1160 2745 1231 septimo
2766 1178 2991 1227 mense,
3014 1164 3248 1234 quando
3274 1162 3515 1219 Godolias
3533 1165 3665 1219 inter

347 1247 481 1319 quid
496 1248 779 1318 jejunium
797 1247 1089 1318 jejunastis
1119 1247 1310 1301 mihi?
1351 1254 1401 1301 et
1444 1262 1568 1300 cum
1597 1247 1913 1301 comedistis
1943 1250 1995 1300 et
2054 1244 2058 1251 ’
2102 1248 2286 1303 fectus
2310 1252 2399 1305 est
2419 1249 2492 1303 ab
2516 1249 2748 1320 Ismael,
2774 1266 2877 1321 per
2898 1267 3084 1306 annos
3123 1251 3473 1324 septuaginta
3488 1251 3664 1308 desola-

346 1352 472 1391 cum
502 1337 713 1392 bibistis
734 1336 761 1390 ‘I
786 1336 1063 1405 Numquid
1091 1352 1201 1390 non
1233 1337 1381 1390 vobis
1411 1334 1713 1390 comedistis
1742 1339 1793 1390 et
1823 1334 1993 1390 vobis-
2100 1336 2277 1392 tionis
2298 1337 2499 1409 templi
2523 1342 2582 1393 et
2627 1338 3028 1395 subversionis
3069 1339 3407 1410 Jerusalem,
3436 1338 3667 1412 numquid

346 1428 591 1498 metipsis
623 1425 838 1480 bibistis
857 1428 882 1478 ?
900 1424 1177 1495 Numquid
1203 1441 1313 1479 non
1344 1432 1472 1479 sunt
1500 1424 1663 1479 verba
1692 1439 1818 1495 qum
1848 1424 1992 1479 tocu-
2100 1425 2244 1480 mihi
2269 1426 2539 1497 proderat
2560 1427 2714 1497 quod
2732 1427 3098 1498 jejunabatis
3145 1428 3244 1499 (IV
3288 1434 3407 1500 Reg.
3434 1444 3557 1484 xxv:
3581 1429 3665 1483 ter.

344 1518 431 1570 tus
464 1518 543 1571 est
566 1515 830 1570 Dominus
857 1516 918 1569 in
948 1529 1123 1568 manu
1148 1513 1547 1585 praplzetarum
1573 1513 1842 1584 priorum,
1867 1530 1993 1567 cum
2098 1515 2211 1581 xm)
2232 1514 2259 1569 ?
2280 1515 2349 1569 Et
2373 1515 2686 1581 contrario,
2711 1514 2760 1571 si
2782 1517 3017 1587 quando
3037 1517 3113 1586 (b)
3131 1516 3478 1573 mauducatis
3496 1516 3671 1573 etbibi-

345 1603 520 1660 adhuc
536 1604 839 1659 Jerusalem
868 1603 1234 1669 habitaretur,
1260 1611 1317 1658 et
1337 1610 1470 1658 esset
1489 1603 1776 1672 opulenta,
1800 1606 1851 1657 et
1869 1604 1992 1673 ipsa
2097 1602 2195 1673 tis,
2218 1603 2504 1674 numquid
2530 1620 2648 1659 non
2668 1605 2834 1660 vobis
2856 1609 2914 1660 et
2933 1604 3246 1662 comeditis
3268 1610 3324 1662 et
3350 1605 3670 1678 potatis‘th-

344 1700 394 1749 et
407 1692 567 1748 urbes
590 1693 743 1747 illius
764 1691 957 1763 (Vulg.
984 1695 1137 1747 tacet
1158 1692 1336 1763 illius)
1358 1694 1418 1746 in
1438 1693 1677 1747 circuitu
1696 1693 1832 1763 ejus,
1850 1700 1902 1745 et
1923 1691 1993 1746 ad
2100 1708 2213 1763 que
2237 1693 2392 1748 enim
2415 1692 2508 1747 his
2531 1693 2707 1748 rebus
2731 1692 2995 1765 placatur
3014 1699 3188 1760 Deus,
3225 1695 3324 1750 sed
3361 1694 3513 1750 bonis
3529 1694 3673 1766 operi-

345 1789 595 1837 austrum
611 1785 661 1836 et
678 1782 737 1835 in
750 1780 1143 1852 campestribus
1166 1780 1517 1836 habitaretur
1535 1780 1562 1835 ?
1587 1779 1728 1834 LXX
1752 1797 1766 1835 :
1788 1782 1853 1835 Et
1870 1782 1991 1851 [αε-
2099 1779 2235 1846 bus,
2259 1784 2314 1835 et
2337 1781 2386 1835 si
2409 1780 2571 1837 illius
2593 1786 2879 1855 praecepta
2892 1782 3198 1853 faciamus,
3214 1778 3675 1854 quiaescanosnon

345 1873 463 1925 tum
491 1879 568 1926 est
599 1871 659 1925 in
707 1877 900 1940 quarto
953 1885 1100 1923 anno
1146 1871 1244 1923 sub
1298 1870 1464 1923 Durio
1516 1884 1676 1938 rege:
1710 1870 1887 1938 [actus
1914 1875 1993 1923 est
2024 1907 2072 1971 Β
2101 1869 2475 1924 commendat
2503 1869 2640 1925 Deo.
2672 1870 2870 1942 Neque
2900 1870 2949 1925 si
3000 1887 3118 1926 non
3166 1870 3676 1939 manducaverimus,

343 1974 521 2014 sermo
550 1959 775 2013 Domini
803 1958 873 2012 ad
902 1958 1255 2025 Zachariam,
1289 1965 1487 2028 quarta
1516 1956 1606 2011 die
1632 1957 1834 2012 mensis
1853 1958 1991 2011 noni
2024 1956 2071 1971 "
2102 1957 2446 2014 deficiamus
2470 1976 2483 2014 :
2513 1974 2703 2031 neque
2729 1958 2779 2014 si
2810 1959 3377 2026 manducaverimus,
3413 1957 3679 2015 abundabi-

344 2049 443 2118 qui
470 2051 552 2102 est
583 2047 798 2116 Casleu,
831 2053 882 2102 et
904 2048 1060 2102 misit
1094 2049 1155 2101 in
1200 2044 1314 2114 (Al.
1347 2046 1441 2116 de)
1466 2046 1655 2102 Bethet
1685 2045 1917 2100 Sarasar
1943 2052 1995 2101 et
2036 2081 2046 2093 .
2100 2063 2252 2102 mus.
2289 2046 2586 2118 Numquid
2620 2064 2737 2103 non
2768 2047 2890 2103 haec
2947 2051 3088 2104 sunt
3141 2049 3319 2104 verba
3365 2064 3500 2116 mea,
3530 2047 3680 2103 adhuc

342 2136 635 2191 Arabesser
661 2152 782 2202 rex,
804 2138 857 2190 et
882 2136 995 2190 viri
1013 2136 1131 2206 ejus
1154 2143 1215 2190 ut
1235 2135 1657 2206 deprecarentur
1678 2136 1987 2201 Dominum,
2100 2136 2254 2192 833
2285 2141 2475 2191 stante
2504 2136 2833 2192 Jerusalem
2853 2140 2912 2192 et
2929 2136 3177 2194 urbibus
3196 2138 3229 2193 J
3238 2138 3369 2208 uda,
3391 2154 3505 2209 quae
3525 2135 3681 2207 loque-

343 2224 532 2281 dicens
558 2225 633 2280 ad
659 2225 977 2280 Sacerdotes
1007 2224 1198 2280 domus
1231 2225 1451 2279 Domini
1505 2224 1912 2295 omnipotentis,
1942 2231 1992 2279 et
2099 2225 2207 2279 bar
2231 2225 2302 2279 ad
2325 2240 2426 2279 vos
2448 2225 2507 2279 in
2531 2225 2808 2280 manibus
2829 2224 3248 2298 prophetarum
3289 2240 3551 2293 meorum,
3575 2237 3679 2279 cum

343 2314 417 2371 ad
445 2314 754 2386 praphetas,
776 2313 960 2368 dicens
985 2329 996 2368 :
1022 2314 1268 2382 Ingressa
1290 2321 1367 2368 est
1388 2318 1493 2369 huc
1514 2315 1575 2368 in
1600 2329 1785 2369 mense
1801 2314 1990 2384 quinto
2100 2313 2291 2368 adhuc
2311 2318 2493 2368 staret
2512 2313 2858 2381 Jerusalem,
2881 2319 2939 2370 et
2958 2315 3134 2370 urbes
3161 2315 3193 2370 J
3201 2315 3318 2371 uda
3355 2314 3516 2369 rebus
3531 2310 3681 2368 omni-

340 2404 725 2475 sanctiﬂcatio;
738 2403 904 2473 juncta
935 2403 1078 2474 quod
1096 2405 1347 2473 fecerunt
1358 2403 1483 2473 jam
1513 2405 1677 2458 annis
1696 2402 1948 2474 pturibus
1970 2420 1992 2456 .·
2099 2403 2209 2457 bus
2230 2402 2622 2471 abundarent,
2642 2405 2699 2458 et
2720 2405 2840 2458 tam
2866 2407 3148 2458 montana
3169 2403 3347 2475 regio,
3380 2417 3541 2473 quam
3559 2415 3682 2455 cam-

342 2501 393 2549 et
419 2496 598 2565 [actus
619 2500 697 2548 est
726 2507 905 2548 sermo
931 2494 1159 2547 Domini
1188 2493 1454 2548 virtutum
1505 2492 1579 2546 ad
1627 2507 1734 2561 me,
1768 2491 1949 2546 dicens
1970 2509 1989 2545 :
2099 2489 2311 2561 pestris
2332 2491 2598 2562 frugibus
2621 2490 2995 2557 redundaret,
3020 2494 3077 2546 et
3110 2491 3398 2548 ﬁdissima
3417 2506 3541 2562 pace
3558 2488 3683 2543 frue-

343 2583 446 2639 Dic
460 2582 539 2637 ad
557 2597 771 2637 omnem
789 2583 1055 2653 populum
1068 2584 1254 2647 terrae,
1272 2589 1323 2635 et
1340 2581 1421 2635 ad
1439 2580 1753 2648 sacerdotes,
1776 2580 1986 2635 dicens:
2099 2582 2258 2633 retur
2277 2582 2302 2632 .9
2320 2578 2451 2634 Haac
2472 2584 2667 2634 autem
2689 2584 2857 2635 erant
2876 2580 3051 2635 verba
3069 2580 3324 2648 Domini,
3347 2596 3465 2651 quae
3483 2591 3685 2650 sequens

346 2670 406 2727 Si
424 2672 720 2744 jejunatis,
754 2676 807 2726 et
834 2671 1104 2741 ptangitis
1125 2672 1186 2725 in
1206 2671 1415 2741 quintis
1438 2672 1489 2724 et
1509 2670 1775 2740 septimis,
1798 2676 1851 2724 et
1871 2684 1992 2725 ecce
2098 2666 2396 2738 Scriptura
2415 2671 2685 2733 testatur,
2708 2666 2853 2723 velle
2874 2683 2936 2725 se
2958 2684 3161 2724 verum
3174 2668 3465 2741 judicium
3483 2671 3533 2723 et
3549 2665 3687 2721 mise-

341 2761 697 2833 septuaginta
718 2762 877 2826 anni,
910 2759 1181 2831 numquid
1185 2760 1471 2830 jejunium
1473 2758 1992 2830 jejunastismihiet
2098 2755 2410 2811 ricordiam
2442 2755 2501 2810 in
2533 2755 2851 2827 proximos,
2883 2760 2941 2811 et
2970 2756 3231 2828 viduam,
3265 2762 3324 2812 et
3350 2754 3625 2828 pupillum,
3643 2754 3687 2807 et

250 2912 257 2915 ἓ
342 2852 395 2905 si
411 2850 690 2906 comeditis
711 2858 808 2905 aut
830 2849 1039 2915 bibitis,
1062 2864 1242 2904 nonne
1265 2864 1350 2903 vos
1377 2847 1682 2913 comeditis,
1713 2855 1763 2901 et
1783 2862 1872 2901 vos
1903 2846 1990 2901 bi-
2098 2845 2406 2913 advenam,
2439 2849 2498 2900 et
2531 2861 2846 2917 pauperem
2877 2861 2992 2900 non
3039 2844 3409 2911 calumniari,
3435 2848 3488 2901 et
3508 2842 3686 2900 malum

347 2939 471 2995 bilis
491 2939 519 2994 ‘I
544 2938 842 3009 Numquid
869 2953 980 2992 non
1010 2938 1115 2992 ista
1144 2944 1274 2992 sunt
1292 2935 1454 2990 verba
1472 2952 1615 3000 mea,
1640 2952 1760 3004 qua
1780 2934 1990 2990 locutus
2098 2951 2214 2989 non
2245 2934 2500 3006 cogitare
2530 2934 2591 2988 in
2622 2935 2795 2989 corde
2824 2950 2950 2990 suo.
2995 2933 3150 3001 Haec,
3181 2934 3393 3006 inquit,
3425 2932 3688 2989 noluerunt

342 3035 420 3083 est
436 3029 699 3083 Dominus
716 3027 772 3082 in
791 3025 1043 3080 manibus
1058 3025 1475 3097 prophetaram,
1490 3025 1589 3093 qui
1597 3026 1824 3093 fuerunt
1830 3025 1990 3094 prius
2098 3023 2370 3091 facere,et
2382 3022 2577 3077 surdis
2589 3021 2833 3078 auribus
2847 3038 2973 3078 mea
2984 3022 3234 3095 imperia
3247 3022 3687 3094 contempserunt:

342 3115 558 3188 quando
586 3116 888 3171 Jerusalem
907 3114 1274 3180 habitabatur,
1298 3119 1349 3167 et
1368 3115 1493 3167 erat
1511 3111 1816 3176 abundans,
1840 3115 1890 3165 et
1910 3112 1988 3165 ci-
2099 3128 2275 3183 quam
2299 3111 2370 3167 ob
2394 3127 2516 3166 rem
2538 3110 2693 3166 venit
2714 3111 3038 3182 indignatio
3062 3127 3281 3183 magna
3310 3128 3481 3183 super
3494 3110 3685 3166 Jerusa-

339 3200 1991 3275 vitatesperejuscircuitum,832etmontanaetcampestria
2030 3274 2033 3275 ν
2099 3200 2212 3257 lem
2238 3205 2328 3269 ;et
2361 3201 2654 3273 quomodo
2675 3201 2757 3255 illi
2779 3217 2873 3256 me
2893 3200 3094 3257 audire
3116 3200 3449 3267 noluerunt,
3470 3198 3689 3268 sicetego

342 3274 751 3349 habitabantur
774 3294 796 3346 P
817 3291 881 3345 In
903 3292 1111 3361 quarto
1135 3304 1289 3344 anno
1310 3286 1498 3363 Dariis
1519 3286 1693 3360 regis,
1710 3286 1770 3341 in
1784 3303 1985 3343 mense
2015 3274 2057 3340 C
2096 3307 2210 3345 non
2233 3290 2499 3345 exaudivi
2523 3306 2623 3346 eos
2646 3307 2659 3346 :
2683 3294 2742 3346 et
2763 3306 2918 3345 nunc
2941 3294 3105 3346 tanta
3125 3289 3560 3363 scrupulositate
3573 3299 3689 3357 que-

339 3399 514 3453 nono,
548 3381 649 3453 qui
681 3379 1010 3452 appellatur
1051 3393 1282 3443 casum,
1340 3361 1518 3447 (150:)
1574 3381 1632 3431 et
1687 3376 1747 3430 in
1781 3380 1989 3448 quarta
2098 3382 2256 3443 runt,
2276 3378 2509 3449 quando
2525 3379 3051 3450 debeantjejunare
3069 3384 3127 3434 et
3142 3361 3437 3452 plangere,
3455 3376 3686 3433 comante

339 3469 562 3527 mensis
583 3469 850 3540 ejusdem
874 3467 967 3522 die
984 3466 1281 3521 miserunt
1301 3466 1370 3520 ad
1395 3466 1637 3520 domum
1660 3464 1777 3531 Dei,
1800 3464 1857 3518 id
1876 3467 1984 3532 est,
2095 3467 2338 3523 dixerim
2370 3484 2472 3539 per
2501 3467 2747 3523 Isaiam:
2778 3470 2901 3523 Non
2928 3466 3042 3522 tate
3078 3468 3369 3539 jejunium
3412 3466 3558 3536 elegi,
3584 3460 3691 3516 dicit

335 3560 408 3619 ad
433 3558 723 3631 templum
751 3559 900 3629 quod
919 3557 1044 3627 jam
1098 3572 1132 3609 a
1151 3552 1469 3629 Zorobabel
1503 3557 1560 3608 et
1581 3570 1616 3608 a
1635 3553 1773 3608 Jesu
1800 3553 1988 3608 fuerat
2093 3557 2377 3623 Dominus,
2406 3572 2581 3627 neque
2610 3558 2670 3610 ut
2686 3555 3127 3612 humitiet'homo
3147 3558 3403 3612 animam
3418 3570 3564 3611 suam
3581 3594 3594 3618 ,
3620 3546 3691 3606 sed

330 3648 752 3713 instauratum,
775 3647 1021 3702 Sarasar
1041 3649 1097 3699 et
1118 3641 1570 3715 Rogommelech
1593 3646 1650 3697 et
1674 3642 1864 3697 caeteri
1883 3640 1985 3713 qui
2091 3647 2238 3702 solve
2265 3661 2425 3701 omne
2448 3645 2733 3700 vinculum
2751 3645 3092 3716 iniquitatis:
3117 3644 3355 3701 dissolve
3372 3641 3694 3716 obligatione:

330 3754 465 3792 cum
489 3737 574 3792 eis
605 3740 790 3802 erant,
814 3750 963 3806 quos
983 3734 1187 3789 Persas
1234 3732 1415 3787 fuisse
1452 3733 1630 3786 duces
1654 3730 1806 3803 regis
1828 3730 1985 3799 Darii
2089 3735 2455 3790 m’otentarum
2475 3734 2794 3788 cautionum
2815 3750 2833 3786 :
2861 3734 3134 3789 esurienti
3159 3733 3232 3790 da
3260 3748 3457 3807 panem
3481 3734 3618 3787 tuum
3637 3740 3694 3782 ex

332 3826 611 3882 timentes
635 3830 838 3892 Deum,
864 3822 1087 3879 Hebraei
1110 3824 1421 3877 autumant
1448 3837 1461 3874 ε
1487 3824 1553 3874 ut
1572 3818 1850 3890 quiajam
1871 3836 1981 3875 au-
2088 3824 2297 3878 animo.
2323 3822 2386 3877 Si
2402 3821 2606 3877 videris
2624 3820 2853 3891 nudum,
2879 3822 3038 3889 operi
3077 3837 3203 3876 cum
3223 3839 3247 3884 ;
3289 3826 3342 3878 et
3365 3832 3631 3892 pauperem
3653 3817 3694 3868 et

328 3915 559 3973 dierant
581 3912 867 3985 templum
888 3927 1018 3968 esse
1040 3914 1470 3978 constructum,
1495 3912 1821 3980 quaererent
1840 3925 1873 3962 a
1894 3925 1984 3963 sa-
2088 3911 2291 3983 absque
2305 3918 2437 3966 tecto
2458 3910 2626 3965 indue
2645 3911 2703 3964 in
2719 3910 3133 3966 tabernaculum
3153 3914 3338 3966 tuum.
3378 3911 3513 3966 Tunc
3539 3918 3694 3963 erum-

330 4004 666 4060 cerdotibus
690 4002 901 4056 domus
914 3999 1145 4055 Domini
1164 3997 1552 4070 etprophetis,
1573 4001 1769 4052 utrum
1784 4012 1982 4052 secun-
2081 4002 2173 4071 pet
2201 4003 2552 4069 temporanea
2580 3999 2681 4054 tua:
2710 4002 2827 4067 tua,
2861 4003 2912 4054 et
2930 4003 3202 4054 sanitates
3227 4009 3348 4057 tuae
3371 4001 3472 4055 cito
3487 3996 3695 4053 orientur

328 4095 472 4149 dum
506 4090 996 4147 consuetudinem
1026 4086 1334 4158 pristinam
1366 4086 1503 4141 ﬂere
1523 4086 1863 4156 etjejunare
1884 4086 1983 4142 de;
2087 4090 2240 4160 (Isai.
2270 4105 2424 4157 LVIII,
2454 4089 2508 4153 5,
2540 4088 2729 4160 seqq.).
2763 4087 2882 4143 Hoc
2916 4088 3072 4159 quod
3099 4088 3392 4161 scriptum
3414 4083 3566 4143 estin
3583 4082 3694 4152 Sep-

328 4181 551 4246 berent,
585 4194 658 4232 an
707 4176 934 4231 luctum
993 4178 1219 4229 mutare
1282 4173 1501 4229 laetitia.
1535 4175 1605 4228 Et
1649 4177 1741 4229 est
1770 4190 1978 4229 sensus
2083 4176 2391 4249 tuaginta:
2425 4177 2571 4231 Misit
2599 4176 2665 4231 de
2711 4176 2899 4233 Bethet
2929 4176 3158 4232 Sarasar
3185 4186 3243 4233 et
3287 4167 3689 4243 Arabesser[Al.

328 4266 750 4326 sciscitantium
783 4281 797 4322 ;
831 4263 1045 4329 Quinto
1079 4278 1280 4319 mense
1312 4262 1414 4333 qui
1462 4260 1789 4333 appellatur
1820 4265 1974 4334 apud
2084 4265 2286 4322 Arbath
2303 4263 2837 4335 Sager]rex,nnllus
2854 4268 3188 4321 nostrorum
3209 4265 3404 4337 potuit
3423 4272 3685 4335 exponere:

328 4357 623 4413 Romanos
638 4355 836 4419 Julius,
861 4370 896 4408 a
912 4351 1448 4408 Nabuchodonosor
1472 4352 1751 4405 subversa
1770 4356 1860 4406 est
1878 4351 1972 4406 Je-
2084 4370 2273 4426 neque
2295 4353 2449 4409 enim
2474 4353 2630 4424 quod
2652 4353 2803 4409 male
2823 4369 3060 4409 versum
3092 4357 3182 4409 est
3203 4370 3277 4409 ex
3322 4353 3568 4418 Hebrao,
3596 4344 3692 4401 ulla

325 4444 604 4512 rusalem,
628 4460 807 4516 quam
825 4444 898 4498 ob
915 4457 1154 4498 causam
1178 4445 1417 4512 propter
1434 4439 1809 4495 solitudinem
1829 4443 1975 4495 tem-
2081 4443 2305 4499 ratione
2333 4441 2632 4514 explanari
2654 4445 2864 4512 potest.
2888 4440 3028 4503 Quis
3049 4445 3137 4497 est
3154 4441 3317 4496 enim
3341 4441 3453 4496 iste
3470 4437 3685 4500 Sarasar,

324 4535 406 4608 pli
429 4535 542 4590 huc
565 4550 752 4605 usque
768 4532 1167 4604 jejunavimus
1200 4534 1257 4584 et
1300 4528 1654 4601 planximus,
1679 4532 1736 4583 et
1757 4543 1971 4582 moero-
2079 4531 2168 4587 vel
2190 4532 2478 4587 Arabesser
2497 4529 2646 4585 rex?
2666 4536 2766 4584 aut
2785 4529 2958 4599 cujus
3004 4545 3103 4584 rex
3147 4528 3482 4600 provinciae,
3525 4526 3607 4579 aut
3635 4519 3684 4573 in

322 4640 445 4681 rem
470 4628 735 4680 nostrum
759 4622 895 4677 ﬂetu
918 4626 975 4676 et
986 4617 1232 4691 jejuniis
1251 4617 1535 4674 consolati
1556 4633 1784 4673 sumus.
1804 4616 1971 4674 Nunc
2001 4639 2047 4703 Β
2081 4637 2261 4692 quam
2273 4620 2448 4674 veide
2460 4635 2576 4690 qua
2592 4615 3689 4703 misitBethel?autcujusBethelrexesse

321 4712 461 4785 quia
479 4712 714 4778 dicitur,
736 4709 1027 4782 templum
1049 4724 1178 4764 esse
1190 4711 1616 4774 constructum,
1632 4711 1690 4761 et
1701 4705 1968 4761 videmus
2001 4698 2039 4703 ”
2080 4711 2308 4781 poterat
2330 4708 2669 4775 Arabesser,
2695 4723 2826 4779 quae
2848 4705 2988 4761 olim
3010 4722 3144 4761 cum
3190 4707 3401 4762 Iudaea
3422 4704 3592 4761 fuerat
3613 4698 3693 4785 de-

318 4783 691 4874 nequaquam
709 4815 949 4855 causam
969 4813 1312 4870 permanere
1331 4796 1605 4861 tristitiae,
1620 4795 1968 4867 respondere
2077 4796 2302 4863 stituta,
2324 4801 2381 4852 et
2397 4812 2463 4852 eo
2486 4800 2746 4868 tempore
2773 4811 3142 4868 nequaquam
3174 4795 3496 4851 vocabatur
3510 4783 3692 4874 Betltel3

316 4871 678 4964 quaesumus,
714 4893 914 4944 utrum
946 4887 1055 4942 hoc
1080 4887 1266 4941 facere
1288 4886 1630 4955 debeamus,
1655 4902 1727 4940 an
1757 4900 1964 4939 mocro-
2074 4885 2133 4941 id
2155 4890 2268 4953 est,
2290 4885 2481 4941 domus
2513 4886 2612 4941 Dei
2634 4902 2647 4952 ;
2673 4884 2774 4941 sed
2795 4884 3086 4952 Bethaven,
3110 4883 3165 4938 id
3189 4888 3303 4953 est,
3334 4882 3519 4939 domus
3544 4871 3697 4933 idoli?

314 4997 438 5037 rem
468 4980 683 5051 gaudio
713 4975 1126 5033 commutare?
1157 4975 1223 5030 Et
1252 4974 1430 5029 simul
1477 4973 1963 5029 considerandum
2073 4978 2195 5030 Hoc
2217 4990 2453 5046 quoque
2474 4974 2629 5045 quod
2654 4973 2957 5044 sequitur:
2981 4974 3235 5041 Ingressa
3252 4975 3337 5027 est
3354 4970 3527 5025 hacin
3540 4975 3696 5020 mem

317 5069 473 5144 quod
486 5063 1147 5138 ﬂetusatquejejunium
1160 5062 1541 5119 sanctiﬁcatio
1557 5061 1966 5117 dicitur.Unde
2075 5063 2266 5134 quinto
2292 5063 2679 5133 sanctiﬁcatio,
2710 5063 2852 5117 sicut
2878 5063 3127 5132 fecerant
3144 5061 3274 5132 jam
3294 5075 3395 5132 per
3410 5056 3598 5113 multos
3612 5067 3695 5107 ωι-

317 5165 375 5215 et
396 5159 454 5214 in
474 5157 602 5213 Joel
628 5160 984 5229 praeceptum
1036 5158 1127 5210 est
1177 5151 1599 5217 sacerdotibus,
1623 5156 1687 5206 ut
1706 5150 1963 5206 sanctifi-
2072 5168 2191 5220 nos,
2226 5151 2310 5206 sic
2332 5155 2579 5207 conatur
2598 5165 2885 5221 exponere
2906 5167 2923 5202 :
2947 5149 3481 5204 sanctificationem
3501 5144 3694 5229 ingres-

318 5252 450 5304 cent
472 5228 769 5318 jejunium
799 5248 857 5300 et
914 5242 1232 5316 praedicent
1276 5241 1638 5295 curationem
1687 5239 1841 5311 (Joet.
1884 5238 1962 5309 v).
2075 5256 2224 5306 sam,
2266 5256 2404 5295 vasa
2447 5238 2654 5311 templi
2701 5255 2819 5310 qua
2847 5254 2882 5293 a
2923 5236 3472 5294 Nabuchodonosor
3497 5228 3699 5290 sublata

319 5334 495 5390 Curat
514 5334 670 5392 enim
683 5331 925 5389 vulnera
937 5328 1727 5403 delinquentis,abstinentia
1746 5329 1964 5399 etjeju-
2076 5329 2331 5394 fuerant,
2364 5326 2462 5383 illo
2488 5331 2752 5399 tempore
2781 5326 3075 5383 restituta.
3097 5325 3177 5382 De
3223 5324 3421 5397 quinti
3449 5325 3626 5379 autem
3651 5318 3698 5371 ei

318 5509 473 5578 apud
504 5510 731 5565 Erasm.
765 5514 821 5566 et
851 5509 1114 5575 Marian:
1163 5510 1230 5565 Et
1275 5506 1694 5578 Regemmelech,
1740 5504 1800 5561 in
1835 5507 1967 5563 LXX
2109 5577 2119 5578 ί
2146 5507 2223 5578 (a)
2251 5505 2553 5578 Interserit
2583 5503 2784 5576 Regio.
2817 5519 2930 5560 ms.
2952 5519 3158 5572 mense,
3182 5503 3349 5575 quod
3371 5495 3693 5558 Hebrauset

318 5524 473 5578 apud
505 5524 731 5565 mrasm.
765 5524 821 5566 et
852 5524 1114 5575 marian:
1163 5524 1230 5565 ιιι
1275 5524 1346 5563 ue
1382 5524 1694 5574 emmetecn,
1740 5524 1800 5561 1n
1835 5524 1967 5563 um
2146 5524 2223 5576 (tt)
2251 5524 2553 5561 interserit
2584 5524 2784 5576 uegm.
2817 5524 2930 5560 ms.
2952 5524 3158 5572 mense,
3182 5524 3349 5575 quon
3371 5524 3406 5557 ε]

318 5594 474 5643 vero,
504 5581 567 5633 Et
598 5581 805 5654 Arbth
837 5582 1006 5654 sager
1034 5597 1152 5654 rem,
1192 5583 1300 5654 etc.
1337 5524 1471 5641 (gues
1523 5578 1963 5654 depravationes
2072 5577 2377 5654 vulgatus
2400 5575 2688 5648 interpres
2716 5578 2932 5654 tacent.
3017 5647 3026 5654 -
3294 5644 3306 5654 _
3367 5644 3406 5654 Η

319 5656 638 5731 occurrunt
664 5651 839 5731 etiam
888 5644 1058 5731 infra
1098 5644 1157 5704 in
1212 5644 1681 5731 Commentariis,
1716 5649 1817 5704 ubi
1844 5650 1964 5705 haec
2145 5644 2221 5720 (ti)
2242 5649 2445 5731 _P_te_gin.
2466 5644 3453 5731 ms'.,manducabatis,etbibebati3,
3475 5647 3692 5708 moxque

320 5721 523 5797 eadem
557 5721 798 5779 nomina
821 5723 1015 5795 posita
1044 5720 1339 5793 leguntur.
1372 5724 1554 5777 Mam.
2071 5719 2398 5791 comedistis,
2429 5723 2486 5777 et
2509 5719 2761 5793 potastis.
