4034 6196
1902 220 1931 247 Ι

323 410 474 476 “Gl

321 638 650 706 madis.Sed
684 639 1963 716 quiasequitur,decimijejunium,compulsi

320 730 461 783 sunt
490 728 558 782 ad
594 744 826 785 menses
860 730 1094 799 referre,
1125 736 1183 787 et
1212 732 1365 803 quod
1418 732 1494 787 sit
1521 731 1717 804 ipsum
1751 732 1962 803 quinti,

318 815 552 888 septimi
584 817 911 890 decimique
933 820 1152 875 mensis
1175 821 1493 893 jejunium,
1526 821 1763 877 omnino
1787 820 1961 877 silue-

316 908 476 960 runt.
513 904 672 962 Unde
703 906 895 978 priore
926 907 1111 964 simus
1165 908 1567 981 explanatione
1595 911 1873 978 contenti,
1909 914 1964 965 et

314 1010 433 1050 non
466 994 937 1069 inclinemur[Al.
954 996 1348 1071 indignemur]
1372 998 1443 1053 ad
1462 998 1639 1054 falsos
1664 1016 1961 1055 commen-

313 1083 568 1139 tantium
590 1084 745 1140 884
762 1092 1005 1142 conatus
1025 1086 1124 1157 qui
1151 1088 1222 1142 de
1253 1087 1747 1159 interpretationis
1769 1103 1961 1144 errore

313 1177 618 1228 venerunt.
1874 1230 1879 1233 _

384 1262 571 1332 (Vers.
602 1263 637 1316 8
681 1265 871 1335 seqq.)
903 1268 970 1321 Et
1012 1268 1221 1335 factum
1268 1273 1347 1321 est
1375 1267 1599 1321 verbum
1645 1267 1868 1322 Domini
1891 1266 1962 1322 ad

311 1350 657 1419 Zachariam,
689 1352 875 1408 dicens
902 1371 920 1408 :
943 1357 1076 1410 Haec
1106 1355 1188 1409 ait
1209 1355 1474 1410 Dominus
1500 1358 1850 1412 exercituum
1870 1355 1957 1411 di-

309 1455 433 1496 cens
463 1459 482 1495 :
509 1440 787 1497 Iudicium
816 1458 1007 1497 verum
1027 1442 1299 1513 judicate,
1333 1447 1385 1499 et
1413 1444 1873 1511 misericordiam,
1906 1453 1959 1500 et

307 1530 685 1586 miserationes
710 1532 875 1602 facite
903 1534 1278 1604 unusquisque
1295 1548 1419 1587 cum
1440 1535 1621 1604 fratre
1648 1550 1763 1589 suo.
1789 1538 1857 1590 Et
1874 1536 1956 1589 vi-

309 1616 495 1684 duam,
526 1623 578 1673 et
618 1619 916 1690 pupillum,
949 1627 1001 1675 et
1043 1620 1329 1687 advenam,
1364 1624 1418 1675 et
1460 1638 1755 1693 pauperem
1789 1623 1959 1678 nolite

308 1706 650 1762 calumniari
679 1724 692 1762 :
726 1715 780 1762 et
822 1709 1035 1763 malum
1067 1710 1153 1763 vir
1180 1711 1352 1781 fratri
1378 1725 1476 1765 suo
1523 1726 1631 1765 non
1675 1713 1868 1782 cogitet
1898 1713 1955 1766 in

307 1794 465 1850 corde
478 1811 595 1850 suo.
623 1796 989 1852 Etnoluerunt
1004 1797 1359 1863 attendere,et
1376 1803 1657 1854 verterunt
1676 1800 1957 1871 scapulam

980 416 1726 483 COMMENTARIORUM
1772 416 1849 481 lN
1895 414 2355 483 ZACHARIAM
2397 416 2546 484 LIB.
2590 416 2669 485 lI.
2716 418 2890 485 CAP.
2935 417 3070 486 VII.

320 545 559 621 septimi
583 547 831 621 jejunio,
863 553 1233 609 tentaverunt
1250 552 1464 610 referre
1484 554 1555 610 ad
1588 554 1712 610 dies
1742 552 1962 611 hebdo-
1993 555 2046 620 Α
2068 552 2221 625 justo
2262 560 2523 622 auferunt
2575 557 2725 629 (Isai.
2764 573 2811 623 γ,
2844 557 2935 629 23)
2986 573 3000 612 :

3566 419 3597 486 1
3610 416 3725 486 ιϐ’

3052 559 3109 612 et
3154 558 3390 630 propter
3432 572 3537 615 vos
3566 557 3716 618 885

2073 642 2305 699 Abacuc
2334 660 2401 699 ex
2431 660 2680 715 persona
2705 661 2904 701 eorum
2930 644 3030 718 qui
3053 645 3485 719 opprimuntur,
3505 648 3617 705 Deo
3641 648 3720 704 fa-

2072 733 2188 788 ciat
2216 732 2526 789 invidiam:
2545 734 2743 790 Contra
2762 751 2850 789 me
2867 734 3079 809 factum
3100 743 3179 791 est
3182 736 3543 807 judicium,et
3548 737 3725 810 judea:

2072 823 2271 893 accipit
2298 841 2320 876 :
2351 823 2471 879 ideo
2507 824 2773 896 dissipata
2816 829 2895 879 est
2926 824 3038 889 lex,
3068 833 3119 880 et
3145 841 3255 880 non
3282 827 3529 897 pervenit
3556 843 3724 899 usque

2070 910 2143 965 ai
2172 910 2336 980 ﬁnem
2343 911 2639 983 judicium,
2657 915 2787 983 quia
2808 914 3015 984 impius
3031 915 3292 984 opprimit
3296 915 3513 985 justum
3533 915 3718 986 (Abac.

2070 1011 2110 1061 1,
2142 997 2195 1062 3,
2228 997 2303 1067 4).
2338 997 2452 1052 Nec
2486 1013 2696 1053 novum
2744 1003 3020 1070 putemus
3050 999 3149 1055 Dei
3183 1016 3311 1056 esse
3341 1007 3717 1075 praeceptum,

2069 1084 2209 1141 olim
2245 1101 2349 1157 per
2372 1086 2606 1158 Moysen
2642 1087 2755 1143 ista
2785 1089 3165 1145 mandaverat
3190 1106 3204 1145 :
3231 1088 3319 1145 Sic
3345 1106 3608 1160 magnum
3622 1092 3718 1163 ju-

2067 1173 2275 1230 dicabis
2294 1183 2358 1230 ut
2374 1192 2611 1247 parvum
2636 1194 2647 1231 :
2667 1192 2960 1248 personam
2981 1193 3095 1234 non
3117 1179 3371 1250 accipies,
3394 1181 3445 1234 et
3465 1181 3720 1251 pauperis

2066 1279 2179 1319 non
2207 1264 2553 1319 misereberis
2582 1267 2641 1319 in
2663 1265 2878 1337 judicio
2898 1284 2916 1320 :
2939 1267 3204 1339 quoniam
3232 1268 3331 1322 Dei
3348 1268 3623 1340 judicium
3641 1271 3720 1325 est

2068 1351 2244 1422 (Deut.
2277 1370 2317 1423 ι,
2352 1354 2460 1421 17).
2495 1352 2953 1411 Misericordiam
2978 1372 3212 1428 quoque
3232 1359 3291 1412 et
3308 1356 3718 1413 miserationes

2068 1439 2664 1514 facietunusquisque
2684 1458 2818 1498 cum
2834 1444 3009 1499 fratre
3022 1448 3295 1501 suo.Post
3307 1444 3517 1516 judicii
3533 1444 3608 1517 (b)
3634 1462 3720 1502 se-

2067 1528 2365 1584 veritatem
2396 1534 2681 1602 sequatur
2700 1531 2758 1586 in
2777 1536 3018 1588 cunctos
3039 1532 3368 1599 clementia,
3389 1537 3446 1588 et
3464 1533 3719 1590 maxime

2067 1615 2125 1670 in
2159 1617 2387 1685 fratres,
2422 1635 2568 1691 quos
2624 1618 2711 1676 vel
2743 1621 3008 1691 ejusdem
3057 1621 3387 1693 sanguinis,
3420 1621 3507 1677 vel
3540 1621 3717 1678 unius

2066 1705 2375 1761 nobiscum
2400 1707 2530 1762 ﬁdei
2546 1724 2673 1763 esse
2694 1708 3105 1780 perspicimus.
3128 1709 3381 1765 Viduam
3403 1726 3637 1781 quoque
3659 1715 3718 1767 et

2065 1793 2380 1865 pupillum,
2398 1795 2469 1851 de
2496 1796 2713 1867 quibus
2736 1796 2905 1852 nobis
2934 1802 3284 1870 prmoeptum
3311 1801 3429 1854 est:
3457 1800 3590 1854 Esto
3611 1815 3714 1870 pu-

306 1884 683 1940 recedentem:
712 1892 937 1941 etaures
956 1892 1626 1957 suasaggravaverunt,ne
1653 1889 1911 1944 audirent
1940 1904 1954 1942 :
1987 1922 2034 1988 B
2060 1883 2219 1952 pillic
2242 1888 2425 1953 pater,
2451 1888 2503 1939 et
2526 1900 2627 1955 pro
2656 1886 2774 1940 viro
2802 1887 2972 1940 matri
2991 1901 3180 1942 eorum
3200 1903 3222 1948 ;
3246 1886 3509 1957 judicans
3528 1888 3713 1959 pupil-

306 1979 358 2028 et
385 1988 478 2029 cor
503 1990 665 2029 suum
689 1978 993 2045 posuerunt
1021 1975 1375 2030 adamantem
1396 1975 1585 2048 [ναις.
1612 1982 1672 2031 ut
1697 1977 1957 2032 adaman-

309 2064 436 2131 tem]
465 2077 535 2117 ne
559 2062 822 2118 audirent
852 2064 1047 2135 legem,
1078 2071 1131 2118 et
1167 2064 1332 2119 verba
1361 2080 1482 2135 quae
1510 2067 1665 2121 misit
1691 2066 1955 2121 Dominus

321 2152 669 2205 exercituum
714 2151 775 2205 in
795 2152 995 2222 spiritu
1020 2166 1124 2206 suo
1146 2168 1245 2223 per
1287 2168 1517 2207 manum
1557 2158 1955 2224 prophetarum

310 2239 638 2310 priorum,et
650 2244 800 2309 facta
820 2248 898 2295 est
919 2239 1224 2309 indignatio
1234 2256 1479 2311 magnaa
1495 2242 1721 2296 Domino
1740 2244 1951 2297 exerci-

304 2328 482 2381 tuum.
502 2328 567 2381 Et
594 2328 806 2397 factum
833 2331 913 2383 est
926 2329 1071 2383 sicut
1094 2327 1306 2384 locutus
1323 2338 1479 2394 est,et
1493 2346 1601 2385 non
1625 2330 1946 2386 audierunt:

299 2414 378 2471 sic
399 2415 734 2482 clamabunt,
756 2421 808 2472 ct
826 2433 938 2472 non
975 2417 1270 2473 exaudiam
1298 2418 1431 2473 dicit
1449 2418 1709 2474 dominus
1744 2421 1949 2475 exerci-

300 2511 482 2558 tuum.
514 2505 580 2558 Et
604 2503 850 2576 dispersi
867 2520 958 2560 eos
982 2521 1082 2576 per
1108 2507 1294 2560 omnia
1322 2522 1517 2576 regna,
1532 2522 1652 2579 quae
1671 2509 1948 2570 nesciunt;

294 2600 350 2646 et
381 2601 534 2647 terra
559 2591 801 2647 desolata
825 2596 902 2647 est
921 2593 989 2673 ab
1020 2595 1117 2660 eis,
1133 2608 1193 2648 eo
1215 2594 1354 2664 quod
1383 2610 1496 2649 non
1515 2598 1653 2650 esset
1675 2597 1948 2651 transiens

300 2684 356 2735 et
384 2684 655 2737 revertens
676 2701 695 2746 ;
723 2684 778 2736 et
792 2689 1094 2752 posuerunt
1109 2685 1314 2737 terram
1336 2682 1759 2739 desiderabilem
1777 2687 1835 2740 in
1854 2685 1945 2741 de-

298 2774 521 2824 sertum.
550 2768 687 2824 LXX
718 2787 732 2825 :
769 2773 834 2824 Et
860 2771 1039 2840 factus
1068 2774 1152 2824 est
1179 2785 1359 2826 sermo
1387 2770 1608 2825 Domini
1636 2770 1709 2825 ad
1739 2772 1946 2827 Zacha-

292 2858 441 2912 riam
469 2856 651 2913 dicens
679 2875 698 2912 :
729 2858 859 2914 Haec
885 2858 1019 2913 dicit
1049 2859 1315 2914 Dominus
1343 2860 1904 2930 omnipotens,dicens
1923 2879 1942 2915 :

290 2946 568 3002 Iudicium
578 2947 793 3018 justum
810 2946 1075 3018 judicate,
1098 2952 1153 3002 et
1174 2948 1609 3003 misericordiam
1631 2957 1685 3003 et
1708 2949 1941 3005 misera-

293 3037 499 3091 tionem
515 3037 687 3106 faciat
701 3037 1075 3108 unusquisque
1094 3036 1164 3091 ad
1182 3035 1422 3109 fratrem
1432 3041 1672 3092 suum:et
1692 3039 1937 3109 viduam,

289 3126 343 3181 et
367 3123 671 3196 pupillum,
700 3133 752 3180 et
776 3141 1073 3197 pauperem
1093 3141 1206 3181 non
1222 3127 1549 3196 apprimatis
1582 3142 1595 3179 :
1633 3130 1686 3181 et
1706 3127 1943 3184 malitiae

291 3215 667 3285 unusquisque
691 3215 887 3285 fratris
914 3215 1004 3269 sui
1030 3214 1207 3269 nolite
1249 3215 1565 3270 meminisse
1597 3217 1656 3269 in
1686 3215 1938 3271 cordibus

2063 1971 2199 2038 lum,
2231 1980 2283 2027 et
2300 1973 2618 2043 justiﬁcans
2637 1973 2862 2028 viduam
2897 1975 3058 2045 (Eccl.
3082 1991 3157 2040 ιν,
3192 1974 3304 2047 10).
3332 1978 3400 2029 Et
3430 1976 3713 2032 advenam

2062 2062 2120 2114 et
2150 2076 2464 2132 pauperem
2496 2060 2677 2116 nolite
2698 2060 3067 2130 calumniari,
3095 2062 3238 2134 quia
3266 2060 3515 2119 alterum
3547 2079 3715 2135 pere-

2060 2146 2331 2220 grinatio,
2358 2148 2605 2205 alterum
2628 2153 2857 2222 egestas
2885 2149 3173 2206 humilem
3203 2151 3359 2207 facit.
3393 2152 3462 2208 Et
3488 2151 3710 2208 malum

2059 2235 2149 2291 vir
2189 2237 2353 2293 fratri
2382 2254 2488 2293 suo
2536 2254 2652 2294 non
2702 2238 2915 2311 cogitet
2942 2239 3002 2294 in
3052 2240 3227 2296 corde
3275 2256 3402 2308 suo,
3437 2240 3559 2297 sive
3590 2244 3716 2298 uta

2059 2325 2445 2398 Septuaginta
2456 2328 2489 2381 d
2500 2326 3014 2385 iciturzEtmalitiw
3026 2330 3399 2400 unusquisque
3415 2330 3614 2400 fratris
3626 2331 3715 2385 sui

2059 2415 2131 2485 (ο)
2162 2430 2269 2470 non
2299 2416 2619 2470 meminerit
2647 2417 2705 2470 in
2725 2416 2979 2472 cordibus
3006 2419 3122 2472 suis
3153 2417 3303 2489 (Luc.
3337 2416 3417 2488 χ).
3451 2421 3710 2474 Fratrem

2058 2508 2256 2559 autem
2288 2508 2345 2558 et
2365 2504 2719 2576 proximum,
2740 2504 2827 2560 vel
2850 2521 3023 2561 omne
3055 2505 3361 2561 hominum
3394 2521 3583 2579 genus
3603 2506 3706 2562 de-

2056 2591 2265 2647 bemus
2295 2592 2557 2664 accipere
2583 2610 2597 2661 ;
2632 2592 2769 2664 quia
2788 2610 2857 2648 ex
2888 2610 3005 2649 uno
3036 2610 3246 2650 sumus
3275 2598 3513 2666 parente
3533 2611 3708 2667 gene-

2056 2680 2188 2748 rati,
2220 2679 2309 2736 vel
2339 2697 2437 2737 eos
2460 2681 2560 2753 qui
2592 2682 2899 2738 domestici
2930 2682 3065 2738 fidei
3088 2683 3431 2755 sunt,juxta
3457 2684 3709 2756 parabo-

2053 2766 2171 2824 lam
2194 2769 2507 2842 Evangelii,
2523 2785 2651 2841 quae
2686 2772 3015 2842 proximum
3037 2787 3157 2827 non
3179 2770 3708 2844 consanguineum,

2053 2858 2154 2913 sed
2187 2874 2390 2914 omnes
2412 2858 2679 2915 homines
2708 2859 2832 2915 vult
2858 2858 3128 2933 intelligi.
3150 2861 3313 2926 Quod
3346 2865 3550 2916 autem
3574 2864 3710 2918 ante

2051 2947 2259 3002 debeat
2290 2947 2376 3003 ira
2424 2948 2603 3014 ﬁniri,
2638 2965 2814 3020 quam
2848 2948 2934 3005 sol
2982 2948 3313 3015 occumbat,
3347 2952 3405 3005 et
3434 2948 3707 3005 omnium

2051 3035 2338 3091 malorum
2370 3052 2496 3107 quae
2519 3038 2590 3092 ab
2613 3037 2744 3092 aliis
2762 3036 2920 3108 passi
2941 3053 3175 3105 sumus,
3188 3036 3367 3093 deleri
3390 3038 3704 3106 memoria,

2048 3128 2106 3179 et
2135 3124 2193 3179 in
2217 3123 2421 3180 multis
2441 3124 2584 3181 locis
2602 3125 2946 3197 legimus,et
2967 3125 3220 3181 maxime
3245 3126 3304 3181 in
3326 3125 3404 3199 (d)
3425 3125 3702 3198 Jeremia,

2050 3213 2149 3284 qui
2181 3228 2248 3268 ex
2270 3229 2519 3284 persona
2544 3214 2639 3269 Dei
2671 3213 2930 3286 loquitur
2954 3230 2967 3268 :
2992 3217 3061 3269 Et
3084 3214 3323 3270 malitia
3349 3216 3601 3285 proximi
3616 3216 3708 3271 sui

290 3294 504 3358 vestris.
536 3304 601 3357 Et
635 3302 945 3357 noluerunt
982 3303 1284 3370 attendere,
1314 3306 1363 3358 et
1412 3302 1675 3358 dederunt
1721 3304 1943 3359 dorsum
1971 3286 2014 3354 C
2051 3303 2426 3375 unusquisque
2454 3304 2515 3356 in
2548 3302 2804 3358 cordibus
2832 3304 3031 3358 vestris
3059 3319 3130 3359 ne
3157 3305 3540 3360 memineritis.
3558 3307 3705 3359 Cum

292 3395 663 3447 contemnens:
685 3400 736 3446 et
754 3407 916 3447 aures
940 3408 1069 3447 suas
1087 3396 1613 3463 aggravaverunt,ut
1638 3408 1750 3448 non
1774 3394 1942 3449 audi-

294 3487 420 3535 rent
446 3497 465 3533 :
495 3488 547 3536 et
573 3495 671 3535 cor
696 3496 859 3536 suum
884 3489 1194 3553 posuerunt
1222 3481 1554 3551 inobediens,
1572 3485 1759 3536 utnon
1786 3482 1943 3537 audi-

293 3576 419 3624 rent
445 3568 618 3638 legem
655 3584 854 3639 meam,
886 3575 940 3624 et
986 3570 1148 3625 verba
1176 3585 1299 3625 mea
1346 3584 1472 3640 quae
1499 3570 1654 3624 misit
1684 3571 1944 3625 Dominus

293 3658 637 3726 omnipotens
667 3659 728 3713 in
770 3659 974 3729 spiritu
1003 3674 1121 3728 suo,
1154 3659 1214 3712 in
1260 3658 1521 3713 manibus
1547 3658 1944 3730 prophetarum

286 3748 562 3818 priorum.
594 3746 661 3802 Et
696 3750 846 3817 facta
891 3754 968 3801 est
996 3748 1086 3801 ira
1112 3763 1317 3817 magna
1358 3763 1394 3801 a
1440 3747 1668 3801 Domino
1696 3749 1942 3818 omnipo-

294 3837 460 3901 tente,
482 3838 537 3891 et
558 3836 664 3891 erit
689 3836 832 3890 sicut
846 3835 993 3899 dixi,
1023 3839 1077 3891 et
1095 3852 1207 3891 non
1232 3834 1530 3890 audierunt
1546 3851 1689 3890 eum.
1713 3838 1806 3890 Sic
1828 3836 1945 3891 cla-

290 3924 540 3994 mabunt,
572 3931 624 3979 et
649 3939 758 3978 non
789 3923 1085 3979 exaudiam
1106 3939 1216 3993 eos,
1245 3922 1379 3978 dicit
1407 3924 1670 3979 Dominus
1690 3925 1942 3995 omnipo-

293 4018 410 4068 tens
435 4030 448 4067 :
471 4016 522 4067 et
540 4012 761 4084 ejiciam
778 4028 868 4067 eos
888 4014 953 4067 in
971 4029 1159 4068 omnes
1178 4015 1363 4082 gentes
1378 4028 1511 4083 quas
1526 4014 1945 4082 ignoraverunt:

292 4104 348 4156 et
375 4108 524 4156 terra
551 4100 792 4156 desolata
814 4104 889 4156 est
917 4104 1039 4173 post
1070 4117 1157 4157 eos
1184 4118 1218 4155 a
1244 4101 1664 4172 perambulante
1691 4106 1744 4156 et
1772 4118 1949 4158 rever-

295 4196 459 4257 wnte,
474 4192 526 4245 et
536 4193 842 4261 posuerunt
868 4192 1076 4245 terram
1094 4191 1319 4246 electam
1339 4192 1400 4245 in
1423 4190 1794 4246 solitudinem.
1819 4191 1947 4246 Haec

297 4276 489 4349 magis
518 4277 694 4346 volui,
722 4278 836 4333 ista
864 4278 1125 4350 quaesivi,
1148 4295 1276 4350 qua:
1308 4294 1425 4333 non
1449 4278 1747 4348 facientes,
1767 4279 1947 4351 capti-

295 4365 463 4421 vitati
485 4364 629 4421 estis
658 4366 887 4429 traditi;
917 4375 969 4422 el
990 4368 1070 4437 (a)
1093 4383 1207 4422 non
1248 4364 1624 4422 desolationis
1655 4383 1720 4422 ac
1741 4367 1950 4423 mortis

299 4453 488 4526 quinti
502 4456 724 4510 mensis
737 4454 1948 4527 septimiquejejunium.Justumjudicium

290 4542 573 4613 judicate,
598 4559 671 4598 ne
700 4543 955 4599 audiatis
987 4545 1044 4597 in
1078 4543 1326 4599 Psalmis
1351 4559 1363 4598 :
1394 4544 1669 4614 Usquequo
1683 4544 1952 4614 judicatis

2051 3406 2157 3463 ego
2205 3391 2318 3446 ista
2367 3390 2759 3461 praeceperim,
2802 3390 2886 3444 illi
2936 3392 3234 3447 attendere
3281 3391 3618 3459 noluerunt,
3652 3394 3710 3447 et

2048 3483 2348 3534 verterunt
2374 3478 2678 3549 scapulam
2710 3480 3101 3545 recedentem,
3136 3480 3259 3535 sive
3289 3480 3535 3534 dorsum
3567 3495 3708 3535 con-

2051 3571 2418 3633 temnens,ex
2430 3565 2633 3620 habitu
2656 3566 2913 3637 corporis
2936 3565 3325 3638 meaimperia
3340 3569 3703 3639 respuentes.

2052 3653 2319 3710 Solemus
2348 3653 2505 3709 enim
2535 3654 2773 3724 quando
2829 3659 3035 3723 rugata
3066 3654 3276 3724 fronte,
3308 3659 3365 3709 et
3392 3669 3531 3710 nare
3562 3669 3706 3709 con-

2050 3746 2237 3798 tracta
2269 3742 2701 3797 contemnimus
2747 3741 3152 3809 admonentes,
3183 3742 3425 3798 dorsum
3463 3747 3706 3813 vertere,

2047 3832 2217 3904 juxta
2237 3830 2379 3886 illud
2402 3831 2557 3903 quod
2579 3830 2864 3901 scriptum
2884 3834 2992 3886 est:
3026 3832 3307 3887 Verterunt
3326 3834 3398 3885 ad
3416 3847 3503 3887 me
3520 3830 3707 3898 dorsa,

2053 3928 2104 3976 et
2128 3935 2241 3974 non
2287 3920 2457 3990 facies
2484 3934 2614 3974 suas
2659 3919 2881 3989 (Jerem.
2916 3936 2982 3988 ιι,
3014 3920 3125 3990 27).
3167 3922 3235 3972 Et
3264 3933 3458 3986 aures,
3490 3918 3705 3990 inquit,

2054 4025 2194 4065 suas
2233 4011 2694 4081 aggravaverunt
2715 4024 2787 4063 ne
2808 4007 3097 4074 audirent,
3130 4006 3284 4063 sicut
3324 4006 3549 4080 aspidis
3596 4009 3702 4080 [ΑΙ.

2054 4097 2504 4169 aspides]surdte
2525 4096 3519 4168 obturantis[Al.obturantes]aures
3539 4113 3702 4165 suas,

2055 4203 2183 4259 quas
2199 4203 2312 4242 non
2330 4185 3181 4259 audiet[Al.exaudient]vocem
3196 4185 3711 4253 incantantium,et

2053 4276 2290 4332 venefici
2320 4273 2681 4330 incantantis
2713 4274 3025 4347 sapienter.
3062 4275 3519 4348 Ingravaverunt
3547 4274 3707 4332 enim

1998 4365 2002 4368 ⁴
2057 4380 2227 4420 aures
2259 4379 2397 4418 suas
2428 4363 2583 4418 886
2609 4367 2676 4418 ut
2705 4380 2821 4419 non
2853 4363 3144 4431 audirent,
3177 4367 3236 4419 et
3264 4380 3367 4419 cor
3396 4380 3573 4419 suum
3606 4380 3710 4435 po-

2058 4457 2320 4519 suerunt,
2354 4457 2419 4507 ut
2441 4468 2558 4507 non
2581 4451 3019 4524 acquiescerent
3042 4451 3155 4524 legi
3185 4451 3308 4507 Dei.
3343 4450 3507 4506 Unde
3530 4451 3714 4507 Isaias

2059 4543 2130 4598 ad
2160 4557 2259 4597 eos
2290 4541 2661 4596 comminans
2710 4539 2975 4612 loquitur
3027 4556 3040 4595 :
3094 4542 3465 4595 Incrassatum
3510 4542 3588 4594 est
3617 4555 3717 4596 cor

298 4631 676 4703 iniquitatem,
700 4640 750 4688 et
773 4648 1041 4704 personas
1060 4636 1402 4703 peccatorum
1429 4634 1690 4687 sumitis?
1716 4632 1956 4688 Iudicate
1984 4652 2031 4716 D
2056 4630 2254 4703 populi
2282 4630 2463 4700 hujus,
2496 4636 2547 4707 et
2592 4629 2822 4684 auribus
2850 4630 2970 4683 suis
2998 4629 3253 4701 graviter
3297 4627 3632 4696 audierunt,
3662 4635 3715 4683 et

295 4719 518 4792 pupillo
537 4728 591 4776 et
607 4720 791 4778 viduae
810 4739 829 4775 :
854 4721 1120 4781 humilem
1136 4729 1187 4776 et
1204 4735 1502 4792 pauperem
1522 4719 1821 4791 iustiﬁcate
1840 4723 1951 4790 (Ps.

301 4825 491 4880 LXXXI,
522 4810 580 4874 2,
614 4809 690 4881 3),
726 4825 797 4865 ne
824 4810 989 4865 vobis
1017 4825 1253 4881 quoque
1284 4808 1558 4880 loquatur
1588 4808 1769 4864 Isaias
1804 4826 1816 4862 :
1851 4810 1960 4878 Qui

291 4898 604 4970 justiﬁcan:
632 4899 869 4969 impium
880 4902 1105 4970 propter
1122 4913 1393 4953 munera:
1415 4902 1465 4952 et
1495 4897 1634 4967 quod
1648 4898 1865 4968 justum
1880 4902 1959 4954 est

372 5022 455 5093 (a)
479 5020 660 5094 Regin
674 5064 686 5077 .
711 5038 847 5088 ms.,
871 5023 1181 5094 captivitati
1197 5021 1324 5077 estis
1346 5020 1560 5094 traditi,
1574 5029 1625 5076 et
1638 5020 1961 5094 desolationi

303 5109 370 5149 ac
398 5092 591 5164 morti.—
615 5092 1100 5164 Justumjudicate,
1124 5109 1212 5160 ne,
1236 5097 1369 5158 etc.,
1394 5092 1488 5164 cui
1519 5093 1638 5147 fere
1665 5092 1959 5148 Victorius

305 5163 583 5237 concinit,
619 5163 1141 5237 inductanegandi
1168 5163 1477 5237 particula.

378 5235 455 5307 (b)
476 5235 672 5291 Minus
694 5240 844 5292 recte
866 5234 1070 5308 legunt
1087 5234 1306 5307 vulgati
1327 5234 1482 5303 libri,
1500 5236 1628 5291 Post
1638 5235 1847 5307 judicii
1872 5250 1958 5291 ve-

306 5307 533 5379 ritatem
556 5317 841 5379 sequatur,
873 5307 982 5363 etc.
1015 5360 1025 5379 ἢ

379 5377 451 5449 (c)
505 5375 691 5434 Penes
757 5375 1025 5445 Victor,
1057 5395 1127 5435 ne
1180 5378 1550 5433 memineritis
1597 5378 1655 5431 in
1711 5375 1962 5432 cordibus

305 5457 591 5601 filiive
610 5520 887 5601 Ιενετηίἂξ,
911 5520 1065 5592 quod
1088 5519 1520 5601 leguutqmpps
1544 5535 1687 5601 mss.
1712 5518 1959 5601 codices,

306 5590 610 5647 Marianus
629 5590 1144 5649 Zachariaehomen
1166 5590 1638 5662 substituit,quia
1651 5590 1771 5662 haec
1788 5590 1966 5646 verba

306 5661 738 5745 consequentia
766 5662 1043 5745 leguntur
1061 5664 1120 5745 in
1152 5663 1264 5745 hoc
1282 5663 1484 5745 eodem
1518 5660 1819 5745 propheta,
1846 5678 1959 5718 non

305 5734 465 5808 apud
494 5733 849 5793 Jersmiamf
866 5735 985 5793 Nos
1025 5739 1219 5792 autem
1249 5733 1468 5791 imitari
1497 5733 1793 5791 voluimus
1823 5750 1963 5806 pru-

2064 4719 2245 4774 oculos
2274 4734 2405 4774 suos
2421 4718 2842 4782 clauserunt,ne
2868 4719 3011 4786 forte
3038 4715 3285 4772 viderent
3311 4716 3485 4772 oculis
3503 4717 3641 4783 suis,
3664 4723 3717 4772 et

2064 4807 2322 4863 audirent
2367 4806 2615 4873 auribus,
2638 4813 2699 4859 .et
2727 4804 2887 4860 corde
2928 4805 3324 4877 intelligerent,
3356 4807 3407 4860 et
3435 4808 3711 4861 converte-

2065 4898 2275 4962 rentur,
2308 4899 2359 4948 et
2387 4909 2484 4965 ego
2504 4908 2760 4948 sanarem
2780 4908 2867 4949 eos
2896 4894 3047 4964 (Isai.
3068 4910 3144 4958 v1,
3176 4899 3229 4950 et
3258 4899 3387 4949 Act.
3420 4893 3709 4964 xvm,27).

2069 5018 2330 5077 dentiam
2362 5016 2835 5089 doctissimorum
2858 5017 3113 5089 virorum
3147 5017 3246 5089 qui
3278 5033 3393 5073 non
3424 5016 3553 5089 ausi
3578 5020 3718 5089 sunt

2070 5092 2131 5146 in
2164 5087 2489 5161 Evangeliis
2506 5087 3038 5161 rnomeanacbariae
3060 5086 3432 5161 substituere,
3450 5091 3507 5144 et
3525 5086 3718 5144 delere

2071 5178 2287 5218 nomen
2299 5159 2746 5232 Jeremiaa,quod
2762 5164 2958 5214 tamen
2972 5159 3140 5215 ﬂuxit
3151 5159 3716 5232 imperitiaveterum

2073 5233 2449 5289 librariorum
2476 5231 2536 5285 in
2567 5230 2898 5287 contextum
2925 5247 3157 5287 sacrum
3190 5230 3482 5303 Evangelii
3502 5246 3714 5303 secun—

2073 5306 2215 5360 dum
2247 5303 2608 5371 Matthmum,
2641 5318 2973 5373 capsxxvu,
3006 5318 3155 5358 vers.
3185 5304 3237 5357 9.
3272 5301 3552 5373 luitur.—
3570 5301 3717 5373 Cum

2074 5376 2197 5431 haec
2228 5391 2342 5431 non
2373 5374 2661 5433 Jeremim.
2695 5372 2796 5429 sed
2829 5373 3024 5444 potius
3055 5373 3343 5429 Zacharias
3371 5372 3547 5429 verba
3576 5372 3716 5444 sint,

2075 5465 2200 5519 quae
2233 5446 2384 5500 infra
2402 5444 2655 5519 replicat
2671 5449 2727 5497 S.
2755 5443 2961 5519 Doctor
2988 5443 3453 5519 cap.‘8,corrigit
3468 5443 3563 5500 hic
3584 5443 3717 5519 Vic-

2073 5514 2280 5584 torius,
2304 5519 2363 5572 in
2390 5514 2662 5571 lat-horia
2682 5531 2702 5576 ;
2720 5516 2892 5585 cujus
2908 5514 3140 5571 tametsi
3163 5514 3495 5587 exemplum
3517 5514 3721 5587 contra

2074 5606 2218 5645 mss.
2256 5588 2428 5643 ﬁdem
2466 5586 2581 5642 nun
2614 5586 2939 5657 sequimur,
2972 5604 3087 5642 non
3119 5586 3349 5644 videtur
3383 5586 3721 5644 damnanda

2072 5659 2327 5717 licentia.
