4034 6196
440 382 597 451 146⁵1

1689 384 1754 448 S.
1799 379 2110 448 EUSEBII
2152 378 2593 484 HIEBONYMI

3636 376 3751 443 1468

437 517 500 576 in
529 517 738 591 plateis
768 533 897 576 esse
927 523 1281 588 sessuros,et
1299 536 1400 594 pro
1421 517 2085 594 temporislongitudine
2113 519 2168 584 Α
2200 532 2311 572 nus
2342 516 2403 572 in
2433 514 2742 590 Evangelio
2772 514 3125 589 loquebatur
3155 531 3169 573 :
3200 516 3361 575 Multi
3412 513 3472 573 de
3523 513 3751 573 Orientett

437 607 681 665 baculos
714 608 988 664 manibus
1017 615 1366 682 retenturos,
1402 611 1710 666 aretandas
1741 609 1962 681 plateas
1995 607 2093 662 ho-

438 696 666 753 minum
698 697 1095 765 multitudine,
1118 717 1331 772 pueros
1356 717 1420 756 ac
1439 699 1664 771 puellas
1694 698 1862 770 quasi
1895 698 1952 750 in
1977 697 2091 752 fes-

437 785 513 842 tis
547 785 752 842 diebus
775 786 986 843 choros
1005 789 1300 854 ducere,et
1329 789 1740 845 exstruendam
1761 785 2088 842 Jerusalem

441 879 617 947 atque
649 875 708 929 in
739 880 960 931 statum
993 877 1289 933 felicitatis
1320 878 1576 948 pristinae
1637 875 2088 932 restituendam.

442 964 560 1020 Hoc
592 965 856 1037 reliquiis
886 965 1108 1036 populi,
1143 983 1269 1038 quae
1303 968 1372 1021 de
1429 966 1759 1038 captivitate
1791 969 2084 1034 venerant,

435 1052 744 1108 videbatur
776 1054 1137 1122 incredibile,
1171 1057 1544 1110 cernentibus
1588 1056 1791 1110 urbem
1851 1053 2086 1125 penitus

437 1141 803 1207 destitutam,
839 1159 1146 1197 murorum
1193 1144 1417 1210 ruinas,
1454 1144 1794 1199 combustos
1837 1141 2085 1213 parietes

439 1245 652 1284 manus
685 1230 1032 1302 Babylonias
1063 1236 1372 1300 ostentare,
1397 1233 1612 1287 idcirco
1648 1231 1944 1287 consociat
1975 1247 1988 1284 :
2025 1231 2083 1285 Si

446 1318 611 1372 vobis
643 1317 742 1388 qui
775 1319 916 1373 estis
953 1319 1208 1391 reliquias
1241 1321 1452 1392 captivi
1479 1319 1700 1392 populi,
1733 1319 1821 1375 vel
1849 1317 2086 1374 difﬁcile

435 1404 523 1460 vel
557 1404 918 1476 impossibile
949 1407 1176 1462 videtur
1228 1425 1357 1463 esse
1387 1410 1541 1480 quod
1598 1409 1877 1480 spondeo,
1930 1410 1995 1460 ut
2024 1406 2082 1459 in

433 1493 642 1549 diebus
672 1493 790 1548 illis
821 1495 1036 1565 quibus
1066 1497 1408 1552 azdificanda
1429 1503 1519 1552 est
1543 1496 1883 1559 Jerusalem,
1917 1499 2084 1549 tanta

435 1581 681 1637 felicitas
711 1583 788 1638 sit
820 1601 832 1638 :
870 1584 1132 1655 nunquid
1159 1585 1216 1639 in
1249 1590 1560 1657 conspectu
1597 1584 1820 1640 Domini
1854 1583 2082 1638 autdif-

433 1669 584 1725 ﬁcile
615 1672 745 1742 erit,
780 1677 880 1727 aut
909 1671 1402 1746 impossibile,qui
1436 1675 1556 1730 haec
1591 1676 1787 1728 futura
1821 1689 1949 1728 meo
1983 1687 2082 1727 ore

432 1760 725 1830 promittit
751 1761 778 1814 ?
809 1763 936 1830 Quae
965 1764 1113 1817 enim
1143 1764 1288 1826 apud
1307 1765 1554 1819 homines
1576 1762 1941 1834 impossibilia
1954 1765 2081 1816 sunt

433 1848 581 1919 apud
612 1850 778 1904 Deum
805 1851 1095 1920 possibilia
1150 1855 1277 1907 sunt
1327 1853 1543 1923 (Matth.
1604 1869 1720 1915 xxx,
1775 1853 1891 1918 26),
1951 1849 2078 1904 Haec

432 1938 859 2007 persecutionis
889 1945 1148 2010 tempore
1180 1940 1239 1994 in
1273 1940 1548 1995 Ecclesiis
1603 1939 1817 1995 Christi
1848 1937 2079 2009 expleta

434 2026 1198 2097 conspeximus,quando,in
1231 2031 1452 2082 tantam
1486 2029 1706 2083 rabiem
1741 2029 2073 2098 persecuto-

435 2127 568 2166 rum
605 2112 804 2167 feritas
834 2114 1080 2168 excitata
1108 2119 1216 2180 est,
1249 2119 1312 2169 ut
1342 2116 1517 2170 etiam
1559 2115 1943 2171 conciliabula
1973 2132 2074 2170 no-

434 2203 557 2255 stra
609 2201 993 2268 destruerent,
1027 2202 1253 2258 divinos
1283 2203 1463 2259 libros
1495 2205 1730 2276 ignibus
1757 2205 2072 2271 traderent,

444 2304 648 2344 omnes
679 2289 904 2354 insulae,
940 2292 1192 2356 metalla,
1226 2309 1502 2349 carceres.
1563 2294 1962 2348 confessorum
2020 2295 2076 2346 et

426 2382 749 2450 martyrum
773 2379 1057 2436 catenatis
1086 2381 1363 2453 gregibus
1387 2381 1798 2454 implerentur.
1837 2381 1978 2447 Quis
2009 2395 2074 2435 eo

429 2469 688 2538 tempore
719 2468 975 2523 crederet
994 2486 1228 2524 rursum
1250 2469 1534 2526 Ecclesias
1557 2470 1983 2526 construendae
2002 2469 2074 2524 ab

430 2552 520 2608 his
550 2554 696 2627 ipsis
719 2556 819 2627 qui
843 2561 973 2612 ante
999 2557 1550 2614 destruxerant?non
1585 2561 1738 2631 quod
1771 2558 1946 2614 iidem
1969 2557 2075 2612 ho-

432 2643 622 2699 mines
653 2644 996 2715 fuerint,sed
1015 2648 1166 2718 quod
1194 2647 1396 2723 eadem
1424 2647 1635 2720 regalis
1656 2651 1915 2720 potestas
1947 2663 2073 2719 quae

429 2733 596 2806 prius
628 2734 869 2790 sedebat
899 2735 958 2788 in
989 2734 1221 2791 insidiis
1253 2753 1386 2791 cum
1418 2736 1695 2793 divitibus
1731 2737 1900 2807 (Psal.
1933 2739 2076 2806 x),et

429 2822 598 2894 quasi
630 2838 697 2876 ex
727 2823 1270 2879 senatus-consulto
1290 2824 1500 2878 Christi
1523 2841 1734 2880 nomen
1758 2826 2076 2880 conabatur

432 2911 822 2983 exstinguere,
859 2929 1015 2968 nunc
1041 2913 1308 2984 expensis
1331 2913 1660 2984 reipublicae
1685 2913 2073 2968 Ecclesiarum

429 2997 705 3054 basilicas
735 3003 1012 3067 exstruat,
1030 3005 1086 3056 et
1107 2999 1316 3056 exultet
1345 3018 1579 3056 summa
1608 3001 1930 3073 fastigia,ut
1961 3018 2074 3056 non

428 3085 622 3142 solum
656 3085 954 3158 laquearia
983 3093 1041 3142 et
1068 3093 1217 3143 tecta
1267 3089 1549 3161 fulgentia
1605 3106 1747 3144 auro
1805 3091 2072 3156 decoret;

427 3175 528 3230 sed
560 3175 806 3246 parietes
838 3175 1047 3231 diversi
1080 3177 1391 3232 marmoris
1422 3177 1628 3232 vestiat
1658 3177 1893 3244 crustis,
1915 3182 1970 3232 et
1995 3176 2078 3229 di-

2203 604 2482 661 Occidente
2509 608 2749 677 venient,
2781 614 2832 662 et
2861 606 3200 664 accubabant
3247 609 3306 662 in
3351 623 3508 677 regno
3554 607 3750 661 calorum

2199 687 2326 749 cum
2374 694 2665 766 Abraham,
2725 697 2897 765 Isaac,
2956 702 3011 749 et
3040 695 3197 751 Jacob
3244 697 3418 766 (Matt.
3468 694 3752 762 vnI,lt).Et

2198 782 2382 838 multo
2413 787 2547 839 ante
2579 783 2888 840 Psalmista
2917 784 3478 856 promiserat,dicens
3509 803 3524 837 :
3551 785 3663 838 Deus
3686 783 3752 837 deo

2199 889 2324 926 rum
2352 873 2616 928 Dominus
2646 873 2852 928 locutus
2882 876 2981 939 est,
3014 881 3066 928 et
3091 875 3299 928 vocavit
3339 882 3544 928 terram.
3587 873 3647 926 Ab
3669 877 3752 926 ortu

2193 961 2322 1016 solis
2350 977 2516 1031 usque
2547 962 2618 1016 ad
2649 977 2921 1028 occasum,
2953 963 3023 1017 de
3052 962 3181 1017 Sion
3220 963 3376 1016 decor
3400 960 3753 1033 pulchritudini:

2194 1051 2310 1120 ejus
2340 1050 2510 1120 (Psal,
2541 1067 2691 1120 xux,
2751 1054 2801 1120 1,
2832 1052 2908 1120 2).
2965 1050 3172 1106 Veniet
3227 1051 3381 1106 enim
3434 1066 3496 1104 ex
3549 1050 3662 1104 Sion
3686 1048 3756 1118 qui

2196 1137 2404 1208 eripiat
2433 1141 2489 1192 et
2517 1141 2736 1192 evertat
2792 1138 3136 1210 iniquitates
3189 1155 3220 1192 a
3250 1138 3423 1193 Jacob
3471 1136 3667 1208 quando
3707 1136 3755 1189 ab

2195 1223 2445 1296 Oriente,
2478 1230 2534 1280 et
2588 1226 2898 1281 Occidente
2957 1227 3262 1281 incensum
3317 1225 3541 1281 offertur
3589 1223 3754 1279 nomini

2199 1313 2426 1368 Domini
2456 1313 2514 1368 in
2547 1314 2706 1368 omni
2739 1314 2882 1384 loco,
2911 1319 2969 1370 et
2999 1314 3350 1370 sacriﬁcium
3390 1314 3662 1378 mundum,
3687 1326 3757 1366 ne-

2196 1417 2501 1473 quaquam
2537 1403 2592 1457 in
2624 1402 2877 1458 victimis
2915 1405 3126 1459 veteris
3180 1402 3545 1470 Testamenti,
3594 1402 3675 1456 sed
3716 1399 3756 1452 in

2199 1491 2507 1547 sanctitate
2538 1493 2880 1564 evangelicae
2912 1492 3205 1563 puritatis,
3236 1493 3308 1548 de
3337 1509 3448 1564 quo
3502 1492 3699 1546 incenso
3720 1493 3759 1542 et

2199 1577 2338 1634 alibi
2370 1578 2621 1651 legimus
2655 1599 2667 1636 :
2701 1582 2990 1652 Dirigatur
3016 1583 3192 1636 oratio
3219 1597 3358 1650 mea,
3388 1583 3521 1635 sicut
3538 1581 3758 1634 incensum

2189 1665 2250 1722 in
2277 1677 2561 1740 conspectu
2581 1674 2671 1724 tuo
2702 1670 2813 1740 (Ps.
2848 1686 2971 1741 οη,
3005 1672 3062 1736 2,
3093 1672 3170 1742 3).
3213 1670 3283 1725 Et
3311 1670 3463 1741 quod
3492 1668 3561 1723 sit
3585 1667 3673 1722 hoc
3694 1666 3758 1719 in-

2187 1772 2453 1819 censum.
2484 1775 2734 1829 sequens
2763 1774 2956 1814 sermo
2986 1759 3357 1814 demonstrat
3389 1775 3400 1812 :
3433 1756 3653 1812 Elevatio
3675 1771 3757 1808 ma-

2186 1862 2364 1900 nuum
2384 1863 2624 1901 mearum
2682 1848 3018 1918 sacriﬁcium
3070 1849 3454 1918 uespertinum.
3509 1849 3758 1912 Postquam

2184 1934 2341 1989 enim
2373 1935 2444 1989 de
2471 1936 2637 2007 virga
2665 1936 2830 1991 Jesse
2880 1935 3213 2007 pullulavit,
3273 1935 3374 2008 qui
3433 1933 3760 1990 dominaretur

2184 2022 2461 2093 gentibus
2492 2028 2548 2078 et
2578 2023 2635 2078 in
2670 2024 2795 2095 ipso
2826 2028 3028 2096 gentes
3056 2030 3372 2096 sperarunt
3418 2025 3573 2095 (Rom.
3607 2023 3697 2089 xv),
3719 2022 3759 2072 et

2185 2111 2255 2165 de
2281 2110 2532 2179 Oriente,
2567 2116 2623 2167 et
2652 2113 2723 2167 de
2754 2112 3086 2180 Occidente,
3145 2119 3267 2168 tam
3299 2113 3520 2185 primus
3564 2106 3759 2182 populus

2185 2214 2363 2270 quam
2380 2201 2736 2257 novissimus
2750 2202 2808 2256 in
2830 2201 3146 2257 Dominum
3164 2202 3296 2257 cred
3309 2202 3605 2269 iderunt,et
3620 2197 3758 2251 factus

2183 2290 2274 2342 est
2301 2304 2440 2360 grex
2469 2307 2624 2344 unus
2659 2306 2671 2344 :
2706 2295 2846 2345 tunc
2877 2291 2947 2344 ad
2981 2289 3244 2346 laetitiam
3279 2307 3479 2346 omnes
3507 2289 3758 2362 provocata

2185 2383 2324 2432 sunt
2355 2379 2638 2442 nationes,
2673 2383 2728 2433 et
2758 2380 3062 2435 concitatas
3091 2380 3162 2433 ad
3207 2379 3508 2451 gaudium,
3539 2373 3760 2448 pr0pheta

2185 2466 2411 2521 dicente
2445 2483 2458 2520 :
2491 2467 2808 2533 Laetamini,
2839 2472 3046 2538 gentes,
3071 2484 3198 2522 cum
3217 2467 3419 2539 populo
3446 2467 3554 2538 eius
3577 2465 3755 2534 (Pam,

2183 2553 2294 2625 28).
2321 2555 2492 2609 Juxta
2523 2555 2675 2609 348
2706 2554 2848 2610 illud
2880 2556 3037 2626 quod
3068 2555 3206 2611 alibi
3239 2557 3515 2628 scriptum
3545 2559 3622 2608 est
3647 2568 3658 2604 :
3685 2551 3755 2604 Re-

2182 2643 2554 2698 cordabuntur
2581 2652 2631 2698 et
2660 2649 3040 2700 convertentur
3069 2645 3140 2699 ad
3158 2646 3453 2701 Dominum
3470 2658 3637 2700 omnes
3660 2641 3756 2710 ﬁnes

2184 2739 2372 2799 terra,
2403 2736 2456 2786 et
2483 2731 2788 2787 adorabunt
2813 2749 2997 2788 coram
3025 2750 3087 2790 eo
3115 2736 3391 2790 universa
3418 2731 3639 2804 familiae
3659 2744 3756 2799 gen-

2185 2821 2343 2875 tium.
2379 2820 2659 2892 Quodque
2688 2821 2956 2892 sequitur
2988 2838 3002 2878 :
3026 2825 3090 2878 In
3116 2825 3350 2878 veritate
3376 2831 3426 2880 et
3455 2822 3657 2889 iustitia,
3682 2816 3760 2871 hoc

2185 2907 2478 2979 significat
2506 2910 2660 2980 quod
2695 2910 2902 2964 veteris
2935 2909 3101 2983 Legis
3159 2912 3375 2966 umbra
3431 2909 3676 2970 discedat,
3720 2908 3761 2957 et

2185 2996 2480 3068 Evangelii
2511 2997 2724 3053 veritas
2755 2999 3357 3071 veniat,nequaquam
3380 3002 3437 3055 in
3463 2997 3667 3071 justitia
3685 2993 3756 3049 Ju-

2185 3085 2464 3152 daeorum,
2499 3087 2598 3141 sed
2633 3087 2692 3140 in
2715 3087 2954 3157 justitia
2984 3087 3344 3144 Christiana:
3376 3089 3496 3160 ipse
3523 3086 3654 3142 enim
3678 3087 3759 3136 Do-

2187 3175 2385 3229 minus
2416 3176 2628 3230 veritas
2659 3181 2745 3230 est
2773 3180 2948 3246 atque
2971 3176 3211 3247 justitia
3261 3179 3336 3234 de
3366 3194 3479 3249 quo
3528 3174 3756 3248 legimus:

427 3261 596 3317 vinos
621 3262 801 3317 libros
832 3279 978 3334 quos
1009 3263 1173 3335 prius
1206 3264 1474 3319 tradebat
1503 3265 1955 3334 incendio,nunc
1979 3265 2072 3319 de-
2103 3251 2145 3317 C
2187 3265 2393 3319 Veritas
2421 3264 2487 3318 de
2514 3268 2667 3318 terra
2699 3269 2821 3320 orta
2848 3269 2946 3332 est,
2978 3269 3028 3320 et
3044 3268 3362 3337 justitia,tie
3384 3265 3514 3323 calo
3540 3260 3756 3336 prospexit

423 3353 660 3407 auratos
691 3355 748 3406 et
777 3356 1148 3423 purpuratos,
1180 3358 1235 3407 et
1261 3368 1631 3424 gemmarum
1660 3354 1939 3409 varietate
1968 3353 2066 3408 di-

423 3437 690 3503 stinctos,
722 3439 782 3494 in
813 3440 1139 3494 custodiam
1174 3439 1418 3495 Romani
1447 3444 1753 3495 veneretur
1783 3446 1990 3495 status.

495 3526 678 3600 (Vers.
712 3529 768 3594 7,
799 3529 877 3598 8.)
909 3531 1036 3586 Ilaec
1061 3531 1196 3584 dicit
1221 3531 1482 3585 Dominus
1510 3531 1852 3585 exercituum
1886 3549 1902 3583 :
1935 3531 2066 3584 Ecce

423 3632 518 3687 ego
551 3618 762 3673 salvabo
785 3619 1053 3690 populum
1083 3635 1268 3673 meum
1297 3618 1361 3672 de
1389 3621 1542 3674 terra
1600 3618 1860 3688 Orientis,
1911 3618 2064 3673 842

423 3713 475 3760 et
503 3705 569 3760 de
598 3710 747 3762 terra
774 3723 990 3762 occasus
1020 3705 1177 3762 solis.
1201 3708 1266 3761 Et
1293 3706 1566 3762 adducam
1595 3722 1703 3777 eos,
1755 3711 1807 3762 et
1846 3706 2065 3761 habita-

425 3795 558 3854 bunt
586 3796 642 3850 in
674 3796 851 3851 medio
881 3797 1184 3852 Jerusalem
1213 3817 1231 3850 :
1261 3803 1312 3851 et
1339 3803 1499 3850 erunt
1518 3795 1662 3850 mihi
1693 3797 1749 3849 in
1783 3796 2063 3866 p0pulum,

421 3886 472 3938 et
482 3900 575 3955 ego
595 3901 689 3940 ero
711 3887 792 3940 eis
814 3887 874 3939 in
899 3887 1155 3952 Deum,in
1177 3887 1405 3940 veritate
1425 3890 1474 3938 et
1496 3885 1556 3938 in
1568 3883 2067 3956 justistia,(a)LXX

423 3971 716 4028 similiter.
753 3975 877 4028 Haec
905 3975 1241 4029 Judteorum
1272 3973 1368 4028 alii
1399 3973 1620 4039 dicunt,
1656 3979 1788 4044 post
1818 3973 2064 4027 Zoroba-

422 4061 514 4117 bel
545 4066 601 4116 et
628 4062 990 4131 Nehemiam,
1023 4063 1306 4117 aedificato
1335 4061 1640 4133 templo,et
1662 4062 1845 4116 muris
1877 4061 2070 4115 civita-

420 4149 496 4203 tis
528 4151 837 4204 exstructis
867 4155 924 4204 et
951 4154 1104 4205 statu
1133 4149 1373 4205 Judaico
1429 4149 1718 4222 restituto,
1750 4169 1784 4204 a
1839 4149 2066 4204 Macha-

421 4238 561 4291 baais
589 4243 647 4292 et
677 4238 920 4294 diversis
942 4237 1432 4309 principibus,qui
1457 4255 1644 4309 usque
1675 4239 1747 4294 ad
1780 4239 2065 4294 Herodem

421 4340 619 4381 rexere
645 4326 910 4381 Judaeum
942 4343 1070 4382 esse
1101 4325 1406 4394 completa.
1439 4325 1552 4380 Alii
1598 4326 1656 4381 in
1690 4343 2064 4382 consumma—

422 4413 580 4470 tione
611 4415 816 4470 mundi
846 4417 955 4471 sub
983 4415 1232 4480 Christo,
1269 4431 1441 4486 quem
1475 4416 1693 4471 frustra
1723 4416 2064 4486 praestolan-

422 4507 538 4571 tur,
566 4503 854 4576 explenda
900 4508 1379 4560 commemorant.
1429 4505 1546 4560 Nos
1603 4508 1799 4560 autem
1853 4511 1910 4560 et
1967 4505 2066 4560 illo

2178 3352 2349 3423 (Psal.
2387 3368 2602 3406 Lxxxw:
2640 3353 2751 3424 12).
2787 3353 2948 3409 Unde
2979 3358 3036 3408 et
3065 3354 3124 3409 in
3171 3360 3385 3426 quarto
3413 3353 3616 3410 decimo
3641 3345 3752 3421 psal-

2177 3456 2293 3506 mo,
2318 3441 2553 3511 justitia
2581 3441 2760 3496 simul
2791 3447 2845 3498 et
2875 3442 3088 3498 veritas
3122 3445 3540 3499 nominantur:
3563 3441 3649 3510 Qui
3669 3452 3756 3492 am-

2179 3529 2338 3586 bulat
2359 3531 2478 3584 sine
2505 3532 2728 3586 macula
2781 3535 2836 3585 et
2865 3541 3126 3601 operatur
3142 3534 3451 3604 justitiam,
3477 3541 3526 3588 et
3573 3527 3758 3600 loquitur

2175 3620 2461 3674 veritatem
2491 3620 2553 3673 in
2575 3619 2733 3674 corde
2760 3636 2881 3676 suo.

2249 3707 2433 3774 (Vers.
2465 3707 2540 3766 9).
2594 3709 2722 3764 Ilaec
2767 3709 2904 3764 dicit
2951 3711 3226 3765 Dominus
3283 3706 3756 3767 exercituum:00n-

2173 3799 2445 3866 [orientur
2474 3813 2676 3852 manus
2696 3805 2893 3854 vestrae
2921 3799 3019 3868 qni
3047 3799 3258 3854 auditis
3298 3802 3363 3855 in
3389 3801 3564 3856 diebus
3589 3795 3657 3849 his
3678 3807 3760 3846 ser-

2174 3900 2363 3939 mones
2393 3883 2523 3940 illos
2547 3902 2646 3954 per
2665 3902 2721 3941 os
2747 3885 3151 3957 prophetarum
3173 3889 3233 3942 in
3257 3889 3350 3943 die
3378 3903 3479 3960 quo
3492 3881 3760 3957 fundalacsl

2175 3971 2367 4027 domus
2398 3974 2625 4028 Domini
2652 3976 3000 4030 exercituum
3026 3984 3088 4031 ut
3145 3976 3415 4048 templum
3460 3972 3762 4042 aediﬁcaretur

2175 4061 2557 4134 Septuaginta
2585 4079 2688 4133 pro
2722 4063 2969 4118 Domino
2995 4065 3385 4135 exercituum,
3404 4065 3663 4121 Dominum
3681 4072 3761 4112 om-

2175 4152 2517 4222 nipotentem
2551 4155 2756 4206 caetera
2785 4152 3055 4209 similiter
3081 4154 3523 4210 transtulerunt.
3553 4146 3760 4204 Editica

2177 4242 2238 4294 to
2269 4238 2488 4309 templo
2520 4239 2630 4294 sub
2662 4239 2974 4296 Zorobabel
3004 4245 3063 4297 et
3089 4242 3231 4298 Jesu
3287 4243 3349 4298 in
3408 4245 3594 4314 quarto
3640 4233 3758 4290 enim

2178 4344 2330 4382 anno
2371 4326 2526 4382 Darii
2561 4329 2739 4400 regis,
2769 4334 2978 4400 quarta
3005 4329 3097 4385 die
3146 4331 3373 4393 mensis
3403 4330 3550 4394 noni,
3577 4324 3658 4398 qui
3683 4337 3758 4392 ap-

2177 4416 2427 4488 pellatur
2446 4433 2682 4483 CASLEU,
2716 4411 3136 4474 haec‘universa
3152 4420 3432 4475 dicuntur
3451 4411 3757 4491 quandojam

2177 4504 2464 4576 templum
2499 4506 2686 4560 fuerat
2715 4508 3104 4579 exstructum)
3161 4507 3344 4564 iidem
3395 4507 3647 4580 propheta
3670 4500 3756 4567 Ag‘

421 4594 704 4665 tempOre,
736 4592 794 4647 id
827 4597 1078 4664 est,post
1105 4592 1419 4648 Zorobabel
1451 4597 1508 4648 et
1528 4592 1889 4660 Nehemiam,
1923 4594 2066 4649 dici-
2101 4617 2146 4680 Β
2178 4609 2338 4664 gzeus
2370 4599 2427 4649 et
2454 4593 2785 4662 Zacharias,
2815 4594 2916 4665 qui
2942 4600 3008 4650 ut
3035 4595 3426 4652 aedificaretur
3476 4601 3528 4651 et
3553 4593 3692 4647 duces
3716 4587 3760 4638 et

426 4697 559 4736 mus
591 4698 657 4736 ex
683 4685 844 4754 parte
876 4681 1165 4754 completa
1194 4686 1251 4737 et
1279 4682 1447 4753 quasi
1497 4682 1554 4736 in
1587 4681 1739 4753 typis
1771 4687 1829 4737 et
1860 4682 2068 4755 imagi-

425 4769 600 4825 nibus
627 4771 1017 4840 prmcessisse,
1051 4770 1286 4842 quando
1311 4769 1564 4842 populus
1587 4771 1861 4826 reductus
1888 4778 1977 4826 est
1999 4773 2070 4827 de

428 4858 781 4930 captivitate,
815 4864 872 4914 et
903 4859 1190 4915 habitavit
1221 4859 1280 4913 in
1309 4859 1721 4925 Jerusalem,et
1753 4860 1848 4914 Dei
1881 4877 2069 4933 p0pu-

429 4946 523 5002 lus
554 4946 882 5020 appellatus
915 4952 1023 5019 est,
1057 4953 1113 5002 et
1143 4964 1382 5002 rursum
1417 4949 1696 5003 Dominus
1717 4953 1955 5004 vocatus
1985 4955 2074 5005 est

430 5035 584 5092 Deus
616 5053 839 5092 eorum:
869 5053 1240 5108 nequaquam
1276 5037 1336 5090 in
1360 5037 1663 5092 mendacio
1694 5037 2073 5109 etiniquitate

427 5125 529 5181 sed
563 5125 621 5181 in
651 5120 889 5182 veritate
917 5131 974 5181 et
995 5126 1249 5197 justitia.
1284 5125 1354 5178 Et
1383 5141 1537 5179 nunc
1577 5125 1915 5196 plenissime
1963 5128 2072 5182 sub

426 5214 673 5270 Domino
704 5213 998 5270 Salvatore
1028 5215 1088 5268 in
1123 5212 1392 5282 Ecclesia,
1428 5213 1484 5267 id
1515 5218 1624 5278 est,
1656 5212 1716 5268 in
1745 5230 1876 5268 vera
1904 5215 2070 5270 Jeru-

429 5301 613 5358 salem
642 5303 1094 5376 promissionem
1117 5302 1294 5357 rebus
1320 5299 1815 5372 expleri,maxime
1832 5303 1972 5374 quia
1992 5304 2075 5359 di-

429 5390 584 5446 citur
614 5394 764 5448 :Ecce
809 5409 905 5461 ego
960 5392 1179 5446 salvabo
1233 5388 1509 5462 populum
1566 5407 1750 5445 meum
1805 5392 1869 5448 de
1926 5401 2075 5449 terra

433 5477 693 5550 Orientis,
725 5491 775 5538 et
805 5483 871 5537 de
903 5491 1052 5538 terra
1082 5479 1406 5545 Occidentis,
1443 5479 1514 5534 de
1539 5478 1756 5550 quibus
1785 5485 1843 5536 et
1870 5482 2072 5538 Domi-

2179 4681 2465 4754 populum
2498 4683 2730 4738 fuerant
2760 4683 3068 4750 cohortati,
3101 4702 3260 4741 nunc
3303 4686 3652 4742 cohortantur
3669 4690 3759 4736 eos,

2181 4776 2245 4826 ut
2273 4787 2343 4826 ex
2375 4771 2637 4842 priorum
2666 4771 2906 4828 veritate
2937 4773 3029 4828 his
3057 4790 3187 4844 quis
3205 4775 3268 4830 in
3294 4775 3552 4832 futurum
3580 4763 3764 4842 promito

2179 4863 2409 4924 tuntur,
2441 4862 2886 4916 accommodent
2915 4862 3113 4929 ﬁdem,
3145 4867 3205 4918 et
3261 4863 3576 4919 confortent
3601 4866 3763 4913 manus

2180 4965 2318 5003 suas
2352 4964 2727 5019 nequaquam
2762 4949 3064 5005 Medorum
3124 4951 3413 5022 impetum
3458 4955 3512 5006 et
3537 4941 3762 5017 impedire

2181 5036 2538 5108 cupientium
2563 5053 2662 5109 per
2683 5037 2992 5094 circuitum
3016 5040 3325 5095 nationum
3357 5037 3586 5095 insidias
3615 5025 3763 5089 formi-

2181 5126 2388 5181 dantes
2422 5143 2434 5180 :
2474 5131 2526 5181 et
2553 5127 2953 5182 confortentur
2983 5144 3086 5200 per
3113 5146 3179 5184 os
3202 5129 3609 5201 prophetarum
3628 5137 3683 5176 ex
3697 5115 3762 5171 die

2182 5230 2298 5286 quo
2329 5213 2536 5286 templi
2588 5215 2972 5272 fundamenta
3002 5222 3142 5274 sunt
3159 5219 3321 5289 jacta
3353 5232 3532 5289 usque
3559 5212 3622 5269 ad
3647 5207 3757 5264 diem

2184 5320 2299 5376 quo
2332 5304 2865 5375 superaediticatum
2905 5311 2996 5362 est
3024 5307 3332 5379 templum,
3357 5311 3411 5362 et
3437 5303 3759 5379 audiantqull

2183 5397 2478 5464 sequuntu
2488 5393 2796 5451 r.Breviter
2815 5378 3196 5467 explanamus
3218 5395 3520 5451 historiam
3535 5378 3756 5464 quidquid

2183 5483 2254 5538 de
2293 5480 2646 5549 Jerusalem,
2669 5487 2727 5538 et
2756 5484 2828 5539 de
2855 5484 3077 5556 templo
3103 5484 3314 5542 dicitur
3339 5479 3688 5557 spiritualiter
3708 5467 3755 5527 ad

505 5688 580 5758 (a)
609 5691 744 5750 Quae
775 5693 1016 5747 deerant
1045 5693 1238 5758 verba,
1269 5693 1692 5764 LXXsimiliter,
1719 5695 1903 5754 nostri
1933 5712 2076 5755 mss.
2119 5695 2440 5754 sufﬁciunt.
