4034 6196
162 426 327 495 1469

811 428 1550 493 COMMENTARIORUM
1599 426 1678 489 IN
1724 421 2188 488 ZACHARIAM
2229 426 2379 488 LIB.
2425 426 2502 488 Π.
2548 425 2718 488 CAP.
2766 424 2927 490 VIII.

3416 426 3572 489 N70

164 563 487 623 Ecclesium
517 563 854 631 referentes,
888 563 949 619 in
981 580 1098 637 qua
1137 563 1541 621 confortantur
1596 575 1812 617 manus
1841 556 1900 624 Α
1927 558 2385 631 proclamantem
2413 576 2427 616 :
2465 560 2841 634 Unusquisque
2867 561 3100 633 accipiet
3114 561 3402 635 prapriam
3426 576 3573 617 mer-

163 671 275 729 per
300 654 453 710 bona
474 669 669 726 opera,
701 658 761 708 et
784 652 1109 709 fundantur
1136 654 1370 718 domus,
1396 651 1627 724 quando
1680 646 1814 706 fidei

167 744 556 800 fundamenta
630 742 954 814 jaciuntur,
1017 741 1424 815 templumque
1472 741 1812 809 exstruitur,

162 833 403 906 quando
426 830 738 887 multitudo
770 830 1132 887 credentium
1163 832 1487 901 roboratur,
1520 835 1578 886 et
1605 830 1689 886 ita
1728 830 1813 885 vi-

165 923 273 990 vit,
305 927 371 977 ut
397 921 685 993 templum
717 920 818 976 Dei
849 936 977 977 esse
1006 924 1317 976 mereatur.

242 1011 430 1083 (Vers.
463 1009 576 1079 10.)
608 1009 886 1081 Siquidem
915 1017 1042 1065 ante
1071 1009 1184 1066 dies
1215 1010 1340 1065 illos
1380 1025 1582 1065 merces
1637 1009 1812 1064 homi-

168 1117 311 1157 num
335 1116 449 1156 non
473 1102 619 1165 erat,
649 1114 748 1154 nec
774 1114 976 1154 merces
985 1099 1364 1170 jumentorum
1384 1108 1705 1171 erat,neque
1721 1100 1814 1153 in-

169 1190 415 1247 troeunti
441 1197 495 1244 et
521 1188 747 1244 exeunti
765 1196 883 1244 erat
904 1205 1020 1259 pax
1041 1205 1162 1260 prze
1194 1188 1550 1244 tribulatione
1571 1206 1590 1243 :
1634 1195 1686 1243 et
1730 1187 1816 1242 di-

171 1280 307 1334 misi
334 1293 522 1335 omnes
548 1277 795 1332 homines
823 1293 1264 1348 unumquemque
1290 1284 1484 1333 contra
1502 1278 1819 1348 proximum

170 1384 357 1425 suum.
386 1365 730 1441 .844LXX:
766 1366 909 1435 Quia
936 1375 1064 1421 ante
1118 1366 1232 1422 dies
1282 1367 1412 1422 illos
1461 1382 1666 1422 merces
1721 1366 1817 1421 ho-

171 1459 395 1513 minum
421 1472 531 1512 non
561 1457 666 1511 erit
703 1457 762 1510 in
794 1456 1029 1518 lucrum,
1086 1463 1139 1510 et
1189 1470 1394 1510 merces
1442 1456 1821 1527 jumentorum

178 1561 293 1603 non
320 1545 591 1611 subsistet,
623 1552 674 1600 et
727 1543 1042 1615 egredienti,
1072 1547 1125 1600 et
1170 1544 1511 1617 ingredienti
1558 1560 1670 1600 non
1711 1543 1822 1599 erit

171 1651 296 1709 pax
337 1648 461 1707 prae
517 1632 910 1689 tribulatione:
960 1635 1011 1688 et
1054 1634 1300 1688 emittam
1346 1648 1529 1689 omnes
1577 1632 1821 1689 homines

174 1738 618 1794 unumquemque
643 1722 717 1777 ad
738 1723 1058 1793 proximum
1085 1738 1268 1776 suum.
1310 1721 1691 1793 Septuaginta
1748 1721 1820 1775 ad

175 1813 442 1869 futurum
474 1817 708 1882 tempus
740 1809 939 1865 omnia
966 1809 1312 1876 retulerunt,
1349 1811 1451 1866 sed
1485 1809 1695 1866 melius
1748 1809 1821 1865 ad

1922 648 2105 706 cedem
2126 651 2295 722 juxta
2320 667 2451 722 opus
2478 669 2638 707 suum
2673 652 2722 724 (Ι
2753 653 2874 709 Cor.
2910 670 2991 717 In,
3023 653 3099 724 8).

1994 739 2183 808 (Vers.
2212 741 2300 806 11,
2334 740 2447 813 42.)
2476 743 2633 798 Nunc
2665 747 2846 798 autem
2874 759 2984 799 non
3006 744 3171 815 juxta
3199 742 3316 798 dies
3358 744 3573 815 priores

1928 843 2022 900 ego
2041 828 2258 902 faciam
2274 831 2528 901 reliquiis
2553 833 2746 903 populi
2774 831 2963 904 hujus,
2986 832 3120 888 dicit
3133 833 3398 889 Dominus
3416 848 3573 889 exer-

1923 920 2188 980 cinuum;
2216 919 2309 974 sed
2339 936 2524 975 semen
2548 923 2704 992 pacis
2732 923 2856 976 erit.
2913 922 3076 976 Vinea
3131 920 3288 977 dabit
3335 923 3578 992 fructum

1924 1023 2087 1062 suum
2106 1024 2124 1060 :
2156 1014 2209 1062 et
2233 1011 2385 1063 terra
2410 1008 2569 1064 dabit
2595 1025 2818 1080 germen
2840 1025 3003 1065 suum
3023 1014 3097 1064 :et
3116 1010 3243 1066 exii
3261 1009 3469 1066 dabunt
3484 1027 3578 1066 ro-

1926 1111 2043 1153 rem
2068 1112 2231 1151 suum
2254 1101 2327 1152 :et
2354 1097 2633 1167 possidere
2649 1099 2865 1167 faciam
2889 1099 3153 1171 reliquias
3166 1100 3362 1171 populi
3389 1101 3576 1173 hujus,

1927 1184 2186 1239 universa
2216 1184 2349 1242 haec.
2385 1185 2524 1241 LXX
2549 1205 2568 1241 :
2599 1189 2674 1243 Et
2700 1203 2850 1242 nunc
2877 1203 2987 1243 non
3008 1187 3176 1259 juxta
3205 1188 3323 1243 dies
3368 1190 3582 1260 priores

1926 1288 2022 1344 ege
2044 1274 2256 1341 faciam
2282 1275 2538 1347 reliquiis
2562 1277 2755 1348 populi
2765 1275 2950 1348 hujus,
2976 1276 3380 1333 dicitDominus
3399 1278 3579 1332 omni-

1924 1369 2150 1433 potens:
2184 1362 2276 1418 sed
2300 1380 2491 1434 pacem
2517 1364 2848 1420 monstrabo.
2916 1365 3085 1419 Vinea
3135 1364 3287 1421 dabit
3330 1367 3580 1436 fructum

1927 1466 2089 1506 suum
2108 1468 2127 1506 :
2159 1453 2209 1507 et
2239 1455 2394 1508 terra
2431 1453 2583 1508 dabit
2601 1456 2855 1524 germina
2881 1470 2984 1509 sua
3008 1458 3080 1510 :et
3101 1454 3295 1510 ccelum
3309 1453 3462 1511 dabit
3490 1470 3581 1510 ro-

1927 1554 2045 1594 rem
2054 1555 2219 1595 suum
2240 1558 2259 1595 :
2271 1545 2322 1596 et
2329 1541 2606 1612 possidere
2614 1544 2822 1615 faciam
2833 1544 3095 1615 reliquias
3104 1544 3297 1615 populi
3322 1544 3436 1599 mei
3463 1544 3582 1601 haec

1929 1630 2490 1702 omnia.Priusquam
2513 1631 2828 1688 domusDei
2852 1632 2990 1687 fund
3001 1635 3234 1688 amenta
3244 1634 3587 1705 jacerentur

1931 1722 1989 1773 et
2007 1717 2945 1792 mdiﬁcareturtemplum,merces
2966 1720 3275 1777 hominum
3300 1739 3415 1779 non
3437 1727 3582 1789 erat,

1935 1822 2042 1861 nec
2071 1823 2297 1864 merces
2320 1809 2708 1880 jmentorum,
2742 1826 2849 1865 nec
2870 1827 2984 1882 prae
3005 1809 3384 1867 tribulatione
3404 1814 3461 1867 et
3485 1828 3586 1867 an-

177 1899 563 1975 praeteritum,
595 1902 661 1953 ut
688 1897 747 1952 in
778 1898 1062 1954 Hebraico
1084 1897 1353 1969 habetur,
1385 1902 1442 1954 et
1470 1899 1549 1970 (a)
1594 1898 1822 1971 exposi-
1857 1918 1907 1983 Β
1936 1895 2133 1968 gustia
2152 1892 3458 1983 paxintroeuntibus,etexeuntibus,etomnes
3478 1900 3583 1956 ho-

176 1990 357 2046 tionis
388 1988 602 2044 veritas
623 1986 1324 2059 approbabit.Antequam
1358 1987 1704 2042 fundaretur
1734 1988 1832 2042 do-

185 2094 321 2135 mus
350 2076 606 2141 Domini,
638 2081 697 2132 et
724 2075 1111 2131 aediﬁcaretur
1137 2074 1425 2148 templum
1461 2075 1835 2141 Domini,om-

183 2167 281 2223 nis
305 2166 471 2222 labor
497 2169 688 2220 vester
706 2164 908 2219 irritus
940 2163 1070 2218 fuit.
1103 2164 1175 2219 Et
1190 2168 1311 2219 tam
1341 2164 1610 2220 homines
1654 2181 1832 2235 quam

174 2257 453 2327 jumenta
482 2253 541 2308 in
568 2251 950 2325 agricultura,
976 2251 1034 2307 in
1068 2252 1487 2321 mercimoniis,
1530 2252 1835 2325 operibus-

188 2360 302 2416 que
325 2341 592 2410 diversis,
627 2341 813 2397 cassis
842 2341 1153 2397 conatibus
1184 2342 1659 2398 frustrabantur:
1693 2343 1835 2399 foris

191 2431 538 2502 adversarii,
567 2430 726 2485 domi
758 2430 967 2486 seditio
994 2430 1320 2486 turbabant
1349 2447 1572 2502 pacem,
1606 2436 1664 2486 et
1718 2434 1842 2487 erat

194 2521 413 2593 ubique
442 2520 518 2591 (b)
543 2518 843 2590 justitium
868 2519 941 2574 ab
962 2518 1249 2574 bellorum
1272 2519 1841 2590 frequentiam,etin-

196 2609 381 2667 sidias
408 2607 783 2677 domesticas,
815 2608 958 2662 dum
976 2623 1082 2662 nec
1114 2608 1291 2663 frater
1320 2607 1483 2662 fratri
1506 2607 1738 2663 exhibet
1766 2608 1840 2662 ﬁ-

193 2700 351 2768 dem,
378 2700 435 2752 et
462 2695 656 2752 omnis
677 2698 769 2751 est
799 2694 1040 2751 inimica
1060 2695 1489 2768 propinquitas.
1513 2695 1679 2751 Hunc
1707 2713 1839 2752 sen-

194 2803 330 2844 sum
362 2784 493 2841 aliis
521 2784 715 2841 verbis
735 2786 980 2857 Aggnus
1009 2784 1294 2856 propheta
1337 2784 1841 2856 comprehendens

194 2874 279 2931 ait
301 2890 314 2930 :
334 2875 400 2929 Et
425 2889 574 2928 nunc
598 2874 786 2945 ponite
811 2872 981 2928 corda
1013 2880 1240 2928 vestraa
1268 2872 1357 2928 die
1401 2873 1504 2927 hac
1531 2876 1582 2928 et
1633 2889 1840 2945 supra:

192 2966 487 3034 antequam
511 2964 813 3034 poneretur
833 2962 976 3033 lapis
1003 2977 1167 3032 super
1186 2962 1425 3034 lapidem
1443 2963 1505 3016 in
1526 2963 1724 3034 templo
1747 2964 1844 3018 Do-

194 3053 359 3109 mini.
393 3051 528 3107 Cum
555 3050 881 3107 accederetis
904 3051 976 3105 ad
996 3067 1247 3106 acervum
1285 3052 1488 3122 viginti
1538 3051 1847 3107 modiorum

193 3149 249 3197 et
272 3141 472 3211 flerent
499 3140 682 3194 decem
705 3142 777 3194 :et
805 3140 1088 3195 intraretis
1117 3140 1186 3193 ad
1216 3141 1545 3201 torcular.ut
1569 3141 1843 3211 exprime-

195 3230 333 3285 retis
363 3229 773 3300 quinquaginta
805 3227 1048 3296 lagenas,
1078 3234 1131 3282 et
1150 3227 1846 3299 fiebantviginti.Percussi

202 3333 297 3374 vos
318 3323 479 3372 vente
505 3319 698 3373 urente
723 3319 776 3371 et
804 3317 1084 3384 aurigine,
1107 3319 1163 3372 et
1179 3317 1453 3387 grandine
1471 3319 1658 3372 omnia
1677 3333 1845 3388 Opera

200 3422 473 3462 manuum
501 3408 885 3471 vestrarum,et
902 3420 1016 3459 non
1036 3412 1155 3460 erat
1182 3408 1240 3460 in
1265 3422 1288 3461 ι
1300 3405 1414 3460 abis
1433 3408 1530 3476 qui
1548 3410 1844 3462 revertere-

196 3503 291 3552 tur
316 3495 389 3551 ad
414 3510 523 3562 me,
552 3494 690 3550 dicit
718 3495 982 3549 Dominus
1011 3494 1167 3565 (Agg.
1202 3511 1264 3561 ιι,
1328 3495 1395 3548 16
1448 3495 1636 3566 seqq):
1687 3495 1842 3566 quod

198 3588 258 3641 et
286 3584 348 3639 in
369 3582 628 3639 Ecclesia
656 3587 715 3638 et
738 3582 799 3638 in
826 3598 1180 3654 unoquoque
1202 3582 1561 3637 credentium
1584 3582 1845 3654 accipere

198 3688 540 3747 possumus.
574 3670 875 3742 Siquidem
893 3674 1210 3741 antequam
1233 3670 1444 3726 domus
1474 3669 1574 3725 Dei
1597 3668 1654 3723 in
1674 3669 1844 3726 nobis

197 3761 587 3818 fundamenta
597 3759 917 3830 jaciantur,
941 3762 999 3813 et
1024 3758 1383 3813 aediﬁcemur
1396 3756 1682 3830 templum
1708 3763 1840 3829 Deo,

197 3855 258 3907 et
287 3848 600 3904 audiamus
633 3849 703 3902 de
732 3846 1011 3919 Apostolo
1039 3863 1052 3901 :
1088 3847 1183 3902 Vos
1212 3848 1345 3902 estis
1375 3847 1644 3918 templum
1700 3848 1800 3902 Dei
1824 3865 1844 3904 :

196 3946 251 3995 et
274 3938 521 4009 Spiritus
548 3943 769 3992 sanctus
797 3936 1013 3990 habitat
1040 3936 1100 3990 in
1130 3936 1278 3990 vobis
1311 3936 1382 4002 (Il
1409 3935 1529 3990 Cor.
1588 3952 1669 4001 v1,
1730 3937 1840 4009 16),

198 4024 491 4099 quidquid
524 4024 662 4080 boni
695 4023 889 4096 operis
919 4023 1134 4079 habere
1152 4022 1497 4078 videbamur
1516 4023 1623 4094 [Αἰ.
1646 4023 1843 4080 videa-

196 4115 378 4185 mur],
411 4113 531 4169 sive
559 4111 897 4178 rationales,
932 4112 1033 4183 qui
1062 4110 1740 4183 'appellanturhomines,
1766 4112 1843 4169 si-

193 4220 269 4260 ve
297 4202 616 4274 simplices,
649 4201 749 4274 qui
773 4202 1048 4271 jumenta
1078 4200 1357 4255 dicuntur
1401 4199 1647 4256 homines
1698 4203 1844 4257 enim

194 4298 250 4350 et
267 4294 548 4364 jumenta,
579 4290 796 4362 inquit,
824 4291 1000 4345 salvos
1026 4291 1217 4360 facies,
1240 4289 1466 4344 Domine
1515 4289 1628 4360 (Ps.
1676 4307 1843 4358 xxxv,
1878 4350 1881 4355 ,

193 4383 279 4451 7),
312 4382 638 4436 mercedem
670 4395 786 4435 non
816 4378 994 4435 habet
1020 4378 1175 4449 apud
1206 4382 1476 4448 Deum,et
1504 4379 1720 4433 suntin
1748 4396 1849 4434 no-

196 4472 296 4527 bis
324 4468 478 4526 bella
505 4473 682 4539 atque
711 4467 1038 4532 discord-ias,
1071 4472 1128 4521 et
1157 4466 1375 4537 ubique
1429 4465 1733 4522 tribulatio
1790 4472 1849 4523 et

198 4558 330 4615 sine
351 4574 493 4630 pace
522 4555 758 4623 Christi,
790 4571 968 4627 quam
1000 4556 1071 4610 ad
1104 4559 1334 4611 Patrem
1364 4555 1846 4627 vadens;aposto-

1942 1982 2299 2039 minesinter
2316 1984 2587 2041 sehostili
2619 1986 3149 2042 odiodissidebant.
3183 1988 3350 2045 Nunc
3390 1993 3585 2045 autem

1943 2072 2213 2144 quiajam
2229 2073 3233 2146 domusDominifundamentajacta
3244 2080 3587 2141 sunt,ettem

1943 2160 2108 2232 plum
2123 2161 2473 2217 aediﬁcatum
2487 2167 2975 2235 est,nequaquam
2990 2164 3199 2220 faciam
3213 2168 3278 2220 ut
3290 2165 3454 2237 prius
3469 2166 3589 2222 fece

1945 2266 2071 2304 ram
2088 2248 2182 2305 his
2196 2249 2295 2322 qui
2310 2250 2380 2305 de
2393 2250 2723 2322 captivitate
2734 2250 3051 2324 Babylonia
3062 2257 3205 2309 sunt
3217 2253 3429 2310 reversi
3449 2272 3462 2321 ;
3487 2254 3590 2310 sed

1945 2337 2056 2394 erit
2085 2338 2305 2410 ubique
2336 2355 2446 2411 pax
2475 2343 2531 2395 et
2560 2340 2841 2412 gaudium
2856 2344 2914 2396 et
2934 2340 3264 2396 ariditatem
3292 2358 3358 2397 ac
3372 2342 3588 2398 famem

1951 2426 2187 2499 pristini
2210 2426 2493 2499 temporis
2526 2427 2721 2483 futura
2750 2428 3112 2484 abundantia
3167 2430 3588 2502 compensabit.

1944 2514 2130 2570 Vinea
2182 2514 2337 2570 enim
2397 2515 2559 2571 dabit
2615 2516 2870 2571 frustum
2930 2533 3129 2581 suum,
3164 2522 3219 2573 et
3273 2518 3593 2576 toreularia

1949 2603 2150 2661 omnia
2170 2603 2802 2675 complebuntur,terra
2821 2604 2965 2660 laetis
2986 2605 3590 2678 segetibusvestietur,

1948 2697 2007 2750 et
2034 2692 2417 2764 irrigantibus
2446 2692 2660 2765 pluviis
2690 2710 2754 2750 ac
2776 2710 2905 2753 rore
2924 2697 3228 2765 nocturno,
3251 2696 3450 2752 omnia
3468 2695 3596 2769 pul-

1951 2780 2261 2836 lulabunt:
2296 2781 2571 2838 universa
2601 2799 2728 2854 quae
2754 2782 2898 2853 dixi,
2939 2783 3149 2838 faciam
3207 2783 3282 2855 (ά)
3327 2784 3594 2858 reliquiis

1950 2868 2153 2943 populi
2213 2870 2327 2925 mei
2386 2870 2721 2942 possidere:
2777 2871 3161 2928 fundamenta
3206 2873 3421 2929 domus
3476 2874 3595 2931 Do-

1954 2957 2100 3014 mini
2147 2958 2309 3029 jacta
2350 2962 2510 3025 sunt,
2545 2963 2602 3014 et
2630 2958 2918 3032 templum
2947 2964 3277 3016 extructum
3325 2965 3433 3018 est.
3467 2963 3595 3017 Hinc

1951 3047 2153 3102 eadem
2172 3050 2229 3102 et
2240 3048 2486 3119 Aggaeus
2510 3047 2794 3120 propheta
2814 3049 3017 3104 eodem
3033 3053 3296 3121 tempore
3312 3048 3594 3122 loquitur,

1952 3134 2053 3207 qui
2084 3150 2264 3207 supra
2294 3135 2516 3191 dixerat
2545 3138 2804 3193 Percussi
2836 3153 2925 3193 vos
2954 3142 3116 3194 vento
3145 3142 3341 3195 urente
3362 3143 3418 3195 et
3444 3142 3597 3197 auri-

1953 3226 2083 3294 gine
2111 3229 2163 3281 et
2188 3225 2466 3297 grandine
2510 3228 2699 3282 omnia
2753 3242 2926 3298 opera
2971 3244 3240 3284 manuum
3269 3234 3597 3297 vestrarum,

1954 3318 2269 3386 postquam
2300 3314 2506 3387 templi
2537 3315 2920 3372 fundamenta
2949 3320 3091 3372 sunt
3123 3317 3323 3387 jacta:
3385 3320 3597 3385 Ponite,

1951 3401 2166 3474 inquit,
2201 3405 2260 3457 in
2281 3403 2446 3458 corda
2469 3408 2649 3459 vestra
2675 3420 2745 3459 ex
2758 3404 2848 3460 die
2874 3406 3041 3460 istaet
3062 3407 3121 3460 in
3142 3408 3416 3476 futurum,
3446 3424 3479 3462 a
3512 3408 3601 3462 die

1952 3491 2212 3546 vicesimo
2231 3499 2424 3562 quarto
2440 3493 2575 3547 noni
2596 3493 2800 3548 mensis
2822 3510 2885 3548 :a
2901 3492 2991 3548 die
3009 3508 3112 3563 quo
3122 3494 3487 3564 fundamenta
3499 3496 3594 3566 ja-

1951 3586 2036 3633 cta
2062 3587 2192 3634 sunt
2223 3580 2436 3652 templi,
2457 3582 2644 3651 ponite
2672 3596 2839 3652 super
2867 3597 2960 3637 cor
2994 3586 3253 3637 uestrum.
3311 3583 3589 3656 Numquid

1942 3667 2066 3738 jam
2091 3683 2277 3723 semen
2299 3670 2359 3723 in
2386 3670 2636 3740 germine
2662 3679 2743 3724 est
2759 3685 2778 3724 :
2804 3673 2854 3724 et
2884 3669 3065 3726 adhuc
3085 3670 3246 3726 vinea
3273 3675 3325 3727 et
3351 3672 3486 3741 ﬁcus
3540 3680 3593 3729 et

1952 3757 2408 3828 malogranatum
2434 3765 2486 3814 et
2520 3756 2738 3829 lignum
2761 3759 2919 3814 olivae
2933 3760 3123 3829 ﬂoruit
3141 3762 3166 3811 .9
3220 3761 3304 3815 Ex
3346 3759 3435 3816 die
3486 3761 3596 3817 ista

1954 3844 2290 3912 benedicam,
2321 3855 2373 3902 et
2400 3863 2622 3902 rursum
2642 3847 2864 3903 movebo
2876 3848 3073 3903 caelum
3093 3849 3303 3919 pariter
3319 3855 3372 3904 et
3385 3855 3596 3905 terram

1955 3934 2110 4005 (Agg.
2175 3953 2236 4001 ιι,
2296 3936 2363 3989 19
2410 3936 2580 4007 seqq.)
2627 3934 2903 3991 Dicamus
2956 3940 3013 3992 et
3068 3936 3255 4007 aliter,
3341 3941 3588 4009 emptam

1954 4039 2131 4094 super
2148 4023 2405 4079 Ecclesia
2417 4024 2880 4097 explanationem
2903 4025 3593 4100 sequentes.Priusquam

1954 4112 2130 4167 ﬁdem
2162 4111 2376 4168 Christi
2407 4113 2541 4185 quis
2570 4113 2831 4185 recipiat,
2864 4118 2923 4169 et
2950 4114 3007 4191 in
3038 4130 3105 4170 eo
3123 4113 3378 4187 Spiritus
3409 4117 3596 4173 sancti

1956 4200 2110 4256 846
2136 4200 2517 4257 fundamenta
2539 4202 2868 4273 jaciuntur,
2898 4202 3098 4259 nullus
3129 4204 3332 4260 audire
3360 4206 3593 4277 poterit,

1953 4294 2040 4345 est
2069 4305 2292 4345 merces
2322 4289 2481 4362 Operi
2510 4295 2631 4347 tuo.
2654 4291 2785 4347 Sive
2814 4291 2912 4349 ille
2941 4292 3181 4349 Judaeus
3209 4292 3305 4360 sit,
3329 4294 3449 4350 sive
3481 4295 3598 4350 hae-

1955 4378 2193 4445 reticus,
2226 4378 2345 4435 sive
2375 4379 2650 4452 gentilis:
2684 4381 2969 4453 quidquid
2989 4382 3125 4437 boni
3147 4382 3337 4453 operis
3376 4383 3595 4453 fecerit,

1955 4467 2070 4523 nisi
2099 4468 2159 4523 in
2184 4468 2421 4524 nomine
2449 4468 2661 4525 Christi
2696 4469 2914 4537 fecerit,
2944 4471 3271 4526 mercedem
3318 4470 3409 4525 sui
3460 4471 3597 4527 boni

1957 4557 2149 4629 operis
2179 4574 2293 4612 non
2322 4556 2866 4613 habebit.Videmus
2897 4556 3301 4614 haereticorum
3319 4558 3599 4632 virgines,

197 4646 279 4703 lis
323 4645 634 4718 dereliquit
682 4647 839 4701 Joan.
897 4648 1037 4711 XIV),
1097 4642 1496 4716 impleturque
1546 4643 1604 4698 in
1680 4644 1849 4700 nobis
1879 4652 1929 4717 Ι)
1958 4644 2440 4718 philosophorum
2472 4644 2724 4718 rigorem
2754 4645 3088 4701 Judaeorum
3119 4646 3179 4701 in
3209 4662 3477 4703 escarum
3508 4664 3604 4704 va-

193 4733 435 4792 Domini
464 4732 787 4790 sententia:
820 4733 1047 4788 Inimici
1074 4733 1332 4802 hominis,
1391 4732 1676 4787 domestici
1733 4732 1849 4804 ejus

196 4823 389 4898 (lich.
419 4839 519 4893 vn,
549 4823 627 4890 6).
658 4822 845 4878 Omnis
871 4822 1021 4876 enim
1047 4822 1226 4892 frater
1252 4820 1705 4892 supplantatione
1717 4836 1849 4890 sup-

193 4913 418 4987 plantat
431 4913 507 4974 ;et
526 4912 709 4966 omnis
737 4910 949 4966 amiens
966 4909 1348 4981 fraudulenter
1365 4908 1664 4981 incedit,(c)
1688 4916 1740 4964 et
1764 4911 1853 4965 vir

196 5003 440 5073 fratrem
465 5015 631 5055 suum
663 4999 879 5055 deridet
906 5003 958 5055 et
975 5000 1260 5055 ueritatem
1286 5014 1399 5053 non
1420 4998 1820 5068 toquitur,didi
1832 5029 1849 5038 -

197 5091 287 5146 cit
307 5089 503 5158 lingua
530 5104 719 5144 eorum
766 5089 917 5160 loqui
970 5086 1321 5143 mendacium
1366 5087 1583 5157 (Jerem.
1633 5104 1711 5155 ιχ,
1773 5088 1849 5159 4),

199 5178 371 5246 Quod
399 5178 449 5233 si
479 5181 889 5234 convertamur
914 5177 985 5232 ad
1008 5174 1390 5240 Christum,et
1411 5174 1699 5247 templum
1723 5176 1852 5248 ejus

201 5266 361 5325 845
416 5266 766 5335 efficiamur,
836 5266 1035 5321 statim
1112 5263 1423 5320 audiemus
1504 5264 1851 5335 Apostolum

276 5536 362 5605 (a)
393 5533 636 5605 Victor.,
654 5538 709 5605 et
740 5535 802 5589 in
822 5533 1181 5605 expositionis
1209 5533 1351 5605 serie
1380 5532 1601 5602 veritas,
1634 5534 1742 5605 etc.

278 5537 340 5604 (a
393 5536 636 5605 Victor.,
656 5538 709 5590 et
740 5536 802 5589 in
822 5536 1181 5605 expositionis
1209 5536 1351 5589 serie
1380 5536 1601 5602 veritas,
1634 5536 1742 5587 etc.

278 5536 362 5676 (bl
390 5606 457 5661 In
486 5604 618 5661 aliis
648 5604 817 5660 libris
838 5606 1084 5676 justitia,
1118 5605 1178 5658 in
1205 5602 1335 5676 aliis
1366 5619 1529 5674 asque
1560 5601 1854 5676 malejur-

194 5672 390 5760 gum,
413 5675 626 5760 tioium
645 5672 1201 5760 quippe,_publicum
1223 5672 1580 5760 luctum—,seu
1603 5672 1847 5742 malum,

196 5746 263 5807 ct
290 5746 514 5822 publici
536 5746 693 5819 juris
721 5746 1128 5815 cessationem,
1140 5747 1435 5818 justitiam
1464 5746 1600 5803 dici.

1958 4734 2161 4790 rietate
2190 4732 2659 4800 observantiam;
2692 4737 2749 4788 et
2775 4737 2971 4788 tamen
3008 4733 3258 4790 dicimus
3283 4735 3396 4801 [Ab.
3456 4735 3599 4790 dici-

1956 4821 2095 4893 tur].
2120 4823 2289 4894 juxta
2315 4826 2616 4894 Aggmum,
2649 4822 2802 4893 quod
2837 4823 3165 4892 comedant,
3220 4826 3277 4879 et
3332 4840 3447 4879 non
3506 4841 3599 4880 sa-

1959 4910 2216 4966 tientur:
2250 4908 2474 4975 bibant,
2505 4913 2562 4964 et
2592 4925 2706 4964 non
2737 4908 3134 4967 inebrientur:
3169 4910 3603 4982 operiantur,et

1960 5016 2077 5055 non
2108 4997 2415 5054 caletiant:
2449 5001 2505 5052 et
2522 4998 2622 5069 qui
2655 5000 2953 5054 mercedes
3012 5004 3348 5073 congregat,
3408 5000 3603 5056 mittat

1959 5105 2060 5146 eas
2087 5088 2144 5142 in
2178 5090 2481 5159 pertusum
2514 5085 2813 5142 sacculum
2839 5088 2991 5158 (Agg.
3026 5089 3087 5160 ι).
3121 5092 3436 5161 Postquam
3467 5105 3601 5145 vero

1960 5177 2136 5232 ﬁdem
2166 5173 2379 5231 Christi
2410 5175 2749 5248 receperint,
2782 5180 2840 5231 et
2870 5175 2956 5230 illi
2984 5180 3041 5232 et
3068 5176 3244 5248 hiqui
3267 5177 3325 5232 in
3346 5176 3603 5234 Ecclesia

1962 5265 2193 5322 fuerant
2221 5266 2570 5337 peccatores,
2603 5268 2658 5320 et
2684 5280 2788 5336 pro
2819 5264 3225 5337 magnitudine
3255 5264 3600 5322 delictorum

2035 5532 2102 5604 (c)
2123 5529 2347 5604 Verba,
2362 5532 2411 5604 et
2440 5529 2534 5604 vir_
2555 5528 2793 5598 fratrem
2819 5546 2981 5587 suum
3009 5534 3236 5600 deridet,
3268 5533 3341 5589 ad
3381 5536 3606 5589 nostro-

1964 5599 2097 5660 rum
2130 5618 2282 5658 mss.
2316 5599 2490 5655 ﬁdem
2520 5600 2968 5660 interseruntur.

2034 5674 2110 5753 (d)
2140 5678 2326 5753 antea
2349 5675 2474 5728 erat
2490 5672 2698 5753 faciam
2727 5674 2918 5746 populi
2936 5675 3324 5753 mei_reliquias
3336 5673 3609 5753 possidere

1964 5743 2156 5804 Nostri
2190 5761 2333 5802 mss.
2370 5743 2739 5801 emendant.‘
2794 5743 2808 5746 “
3046 5743 3059 5759 ⁸
