3938 6174
60 216 218 287 me
713 204 1455 285 CUMMENTARIORUM
1501 203 1579 275 1N
1615 200 2077 274 mamma
2119 203 2269 272 LIB.
2321 212 2393 272 ιι.
2434 212 2602 272 CAP.
2651 208 2812 274 VIII.
3291 205 3458 282 ‘l‘t’n

73 357 337 414 videbunt
364 355 563 428 pacem
593 355 806 426 Dei,'et
849 352 1234 410 confessionis
1457 343 1867 420 gloriamiﬁ'si
1924 344 2224 416 proximus
2277 345 2645 418 propinquus
2699 348 3002 421 accipitur,
3047 355 3372 425 peregrinis
3401 353 3458 414 et

75 445 460 519 possidebunt.
493 441 611 500 Hoc
641 444 798 517 quod
831 443 1112 515 scriptum
1146 444 1270 496 est:
1303 438 1419 494 Non
1446 449 1570 492 sum
1595 435 1706 490 mi-
1809 431 2021 487 ‘alienis
2045 433 2444 490 mentiendum
2469 440 2574 491 est.
2595 434 2717 492 Hoc
2735 437 2891 494 idem
2922 442 3235 512 Apestolus
3263 445 3455 519 loqui-

73 539 254 603 εένῑυς,
284 533 373 590 ve‘l
399 549 510 589 non
539 549 628 589 me
654 533 933 605 pteni'tuit,
966 529 1402 587 calumniantur
1429 522 1703 594 haeretici,
1815 525 1949 577 tur:
2009 521 2338 590 Deponentes
2391 525 2758 595 mendacium,
2820 530 3112 602 loquimini
3176 540 3458 594 veritatem

75 625 230 696 quasi
251 626 362 680 "aut
385 621 664 692 crudelis,
699 625 801 676 aut
829 618 1133 675 mutabilis
1166 618 1243 673 sit
1267 617 1444 686 Deus,
1491 614 1542 669 si
1573 623 1708 669 eum
1816 612 2188 681 unusquisque
2215 616 2606 684 cumproximo
2635 631 2732 672 suo
2752 619 2969 690 (Ephes.
3025 639 3102 692 ιν,
3141 621 3257 697 25).
3290 626 3457 684 Veri-

75 718 165 768 θεαὶ
187 717 300 767 non
327 711 626 783 pleniteat,
661 715 761 765 aut
791 707 1150 782 posuiteat.Si
1173 706 1330 762 enim
1353 702 1707 777 paenituerit,
1816 703 2019 764 tatem,
2061 699 2273 770 inquit,
2319 706 2377 756 et
2395 702 2684 772 judicium
2715 708 2874 777 pacis
2897 710 3156 780 judicate
3186 713 3244 770 in
3279 717 3461 788 portis

72 803 266 857 (munt
285 803 416 855 eum
436 815 569 856 esse
601 797 940 854 mutabilem
968 815 982 865 ;
1013 796 1063 852 si
1095 812 1210 850 non
1241 792 1592 866 paenituerit,
1616 807 1708 845 as-
1817 789 2044 843 vestris.
2090 788 2152 842 In
2170 789 2393 858 judicio
2427 792 2613 861 prima
2643 795 2719 848 sit
2750 797 2957 853 veritas
2988 805 3162 872 atque
3185 805 3459 874 justitia;

73 893 265 946 serunt
290 891 422 945 esse
461 887 775 943 crudelem.
811 885 1087 941 Poenituit
1115 889 1309 940 autem
1341 882 1493 937 840
1527 881 1709 935 Deum
1820 876 2029 930 deinde
2050 876 2314 947 sequitur
2337 878 2876 938 misericordia.Hoc
2893 892 2981 941 est
3001 889 3155 944 enim
3182 891 3459 959 iudicium

73 979 220 1052 quod
252 975 390 1034 seu!
423 977 590 1032 υπηχῆ
617 977 676 1030 in
709 991 904 1048 regem
935 977 980 1045 (1
1016 975 1149 1048 Reg,
1182 974 1295 1044 xv).
1321 973 1398 1028 Et
1427 970 1581 1042 apud
1608 967 1711 1023 Ni-
1821 963 2001 1036 pacis,
2035 969 2101 1019 ut
2131 967 2490 1036 propositum
2515 970 2698 1038 judex
2734 970 2955 1028 habeat
3000 977 3305 1048 p‘aciﬁcare
3345 982 3463 1038 dis-

76 1066 301 1133 ni'vitas,
325 1066 542 1138 quibus
564 1083 667 1137 per
687 1065 1027 1136 prephetam
1078 1062 1488 1118 nuntiaverat:
1528 1058 1715 1113 Adhuc
1823 1054 2046 1118 cordes,
2098 1054 2266 1122 juxta
2319 1053 2463 1110 illud
2526 1058 2852 1131 Evangelii:
2887 1064 3049 1120 Beati
3075 1069 3303 1139 paciﬁci
3333 1087 3462 1141 quo-

69 1156 408 1220 ινῖάηωη,-ει
427 1155 625 1210 mue
642 1153 1178 1225 subvertant-(Jonas
1205 1169 1294 1222 III,
1327 1151 1401 1221 4),
1453 1147 1552 1220 qui
1581 1162 1714 1219 ege-
1821 1144 1980 1197 niam
2007 1141 2127 1211 ﬁlii
2158 1144 2254 1198 Dei
2305 1144 2642 1201 vocabuntur
2696 1150 2904 1219 (Matth.
2960 1171 3015 1221 v,
3074 1156 3152 1226 9).
3186 1159 3468 1231 Quodque

70 1249 206 1300 runt
223 1243 655 1316 paenitentiam,
687 1243 903 1298 dicitur
927 1249 984 1298 et
1003 1242 1128 1314 ipse
1185 1245 1446 1296 mutasse
1472 1239 1715 1294 senten-

58 1334 210 1389 tiam
241 1347 432 1400 suam,
465 1347 581 1388 non
628 1331 770 1388 vitio
820 1331 1042 1387 mentis
1093 1329 1452 1401 improvidae,
1507 1326 1609 1381 sed
1645 1325 1719 1379 ὀδε

53 1427 268 1479 eorum
299 1435 428 1492 quae
467 1420 624 1476 male
675 1424 778 1476 aut
819 1420 967 1476 bene
1013 1419 1256 1483 faciunt,
1305 1417 1600 1472 varietate.
1655 1404 1716 1470 Si

65 1511 224 1567 enim
242 1510 394 1565 male
414 1509 1082 1576 fecerint,comminatur
1103 1527 1116 1565 .
1143 1508 1192 1563 si
1215 1506 1464 1579 pristina
1483 1508 1720 1577 peccata

64 1598 504 1670 deﬂeverint,(a)
527 1597 860 1652 miseretur:
879 1613 993 1652 non
1013 1600 1276 1652 mutator
1287 1594 1439 1651 Deus
1452 1595 1550 1667 qui
1564 1607 1718 1648 unus

63 1692 241 1759 atque
271 1687 426 1743 idem
451 1690 566 1756 est,
598 1691 656 1741 et
685 1686 900 1741 mutari
933 1702 1047 1741 non
1081 1689 1308 1757 potest;
1359 1685 1460 1739 sed
1509 1681 1630 1738 illis
1650 1697 1720 1738 ex
1748 1727 1794 1792 B

65 1775 241 1831 malis
270 1775 341 1831 ad
373 1775 527 1830 bona
556 1791 732 1845 opera
760 1774 1154 1841 commutatis,
1211 1778 1401 1828 mutat
1455 1777 1510 1828 et
1541 1788 1715 1826 suum

64 1866 194 1936 ipse
227 1865 545 1918 decretum.
577 1862 684 1926 Qui
727 1867 785 1917 et
835 1862 895 1917 in
935 1861 1144 1917 Genesi
1201 1861 1465 1932 loquitur
1495 1861 1720 1916 Clamor

61 1954 424 2010 sedomoru'm
445 1954 494 2006 et
513 1950 828 2007 Gomorrhx
845 1949 1262 2021 multiplicatus
1281 1957 1361 2004 est
1377 1967 1398 2012 ;
1418 1957 1468 2004 et
1498 1951 1721 2020 peccatu

51 2049 262 2098 eorum
281 2049 488 2111 magna
507 2043 636 2094 sunt
655 2041 823 2094 nimis
844 2056 862 2093 :
904 2039 1230 2094 descendens
1275 2054 1406 2106 ergo
1450 2037 1640 2092 videbo
1669 2038 1722 2092 si

54 2134 231 2203 juxta
260 2130 556 2185 clamorem
584 2130 902 2200 eorumqui
927 2129 1077 2183 venit
1097 2127 1170 2183 ad
1215 2144 1321 2194 me,
1372 2127 1720 2198 compleant:

62 2222 154 2276 sin
185 2222 527 2284 autemnon,
553 2227 618 2272 ut
642 2218 817 2272 sciam
845 2216 996 2287 (Gen.
1043 2229 1204 2284 'xvm,
1252 2217 1342 2284 20,
1395 2217 1508 2284 21).
1559 2215 1720 2278 Quod

59 2307 240 2377 dixit,
269 2307 379 2362 hoc
399 2306 607 2362 eetz‘Si
631 2305 1059 2378 permanserint
1093 2305 1154 2360 in
1203 2305 1416 2370 furore,
1467 2320 1583 2359 non
1623 2303 1722 2358 de-

57 2395 174 2452 erit
200 2407 374 2468 pmna
395 2395 773 2467 peccantibus
800 2411 813 2449 :
840 2394 887 2450 si
914 2393 1194 2449 desierint
1217 2394 1290 2449 ab
1311 2393 1565 2460 insania,
1593 2407 1724 2448 mea

45 2485 217 2540 iﬁent
237 2482 564 2555 cognitione
585 2482 1238 2555 dignissimi.Cognoscit
1254 2491 1435 2538 autem
1457 2483 1725 2538 Dominus

47 2573 278 2644 'eo‘s'qui
297 2571 616 2641 sui~sunt(l‘l
641 2572 781 2627 Tim.
809 2588 872 2639 ιι,
909 2572 1020 2641 10).
1061 2571 1127 2626 Et
1157 2571 1472 2643 Apostolus
1523 2571 1726 2626 scribit

50 2662 128 2716 ad
163 2659 413 2716 Galatas
437 2678 450 2715 :
471 2659 576 2715 Sed
599 2663 730 2715 tunc
747 2660 1052 2715 nescientes
1077 2657 1249 2714 Deum
1289 2659 1503 2731 (Galat.
1540 2677 1616 2725 ιν,
1647 2661 1722 2731 8).

49 2750 342 2820 Cumque
373 2748 596 2804 noverit
615 2764 819 2804 omnes
846 2749 1015 2818 Deus,
1039 2752 1092 2803 et
1116 2747 1261 2803 nihil
1285 2765 1418 2804 eum
1443 2764 1549 2803 nec
1581 2764 1725 2820 pra:-

53 2837 410 2907 teritorum,
435 2853 540 2892 nec
571 2837 942 2908 praesentium
975 2836 1172 2903 lateat,
1223 2852 1329 2892 nec
1370 2837 1727 2903 futurorum,

41 2926 298 2999 impios
317 2926 376 2980 in
399 2925 705 2997 Evangelio
729 2926 951 2981 nescire
973 2942 1035 2981 se
1067 2924 1208 2980 dicit
1237 2941 1250 2979 :
1287 2925 1530 2980 Recedite
1559 2943 1595 2980 a
1621 2942 1728 2994 me,

1817 1232 2092 1304 sequitur
2114 1249 2126 1287 :
2152 1235 2214 1288 In
2227 1235 2402 1303 portis
2431 1237 2640 1303 vestris,
2663 1237 2743 1292 illi
2777 1241 3113 1312 prophetico
3158 1250 3465 1319 congruit:

1813 1322 2081 1376 "Oderunt
2105 1323 2164 1376 in
2191 1323 2361 1392 portis
2409 1327 2812 1395 corripientem,
2865 1339 2914 1385 et
2953 1333 3176 1390 verbum
3220 1345 3470 1394 sanctum

1827 1411 2134 1466 abominati
2161 1421 2289 1466 sunt
2319 1413 2498 1480 (Amos
2545 1429 2600 1477 v,
2647 1416 2759 1488 10).
2809 1419 2879 1474 ‘Et
2925 1421 2983 1475 in
3018 1422 3129 1478 alio
3166 1422 3320 1481 loco:
3352 1428 3471 1482 Non

1827 1500 2234 1570 confundantur
2261 1516 2390 1556 cum
2433 1503 2723 1573 loquentur
2763 1507 3007 1565 inimicis
3047 1515 3169 1568 suis
3213 1516 3272 1570 in
3307 1522 3472 1587 porta

1829 1588 1944 1658 (Ps.
1968 1604 2150 1642 cxxxx.
2202 1589 2278 1660 6).
2312 1589 2491 1645 David
2545 1601 2778 1664 quoque
2815 1597 3122 1666 judicabat
3175 1603 3233 1657 in
3267 1604 3469 1676 portis,

1829 1675 2064 1765 quando
2095 1677 2350 1732 Absalou
2373 1678 2668 1735 veritatem
2683 1682 2895 1752 judicii
2919 1675 3350 1760 repromittens,
3372 1711 3472 1765 pa-

1826 1763 1901 1818 tri
1930 1765 2205 1819 tendebat
2260 1766 2506 1823 insidias
2565 1769 2634 1840 (Π
2684 1772 2807 1843 Reg.
2871 1776 3009 1842 xxx).
3071 1777 3138 1832 Et
3192 1763 3475 1850 quaeritur

1829 1865 2010 1924 quare
2040 1854 2193 1925 apud
2224 1853 2457 1910 Judzeos
2487 1856 2541 1910 in
2568 1859 2932 1928 portislocus
2963 1864 3474 1938 fueritjudicandi.

1828 1941 1911 1996 Ne
1957 1946 2302 2013 cogerentur
2351 1943 2616 2015 agricolae
2665 1947 2878 2005 intrare
2923 1953 3116 2020 urbes,
3150 1961 3207 2011 et
3235 1957 3475 2031 aliquod

1831 2029 2025 2085 subire
2055 2029 2453 2102 dispendium,
2480 2033 2714 2103 judices
2745 2037 2802 2091 in
2837 2041 3021 2110 portis
3054 2029 3483 2113 residebautmt

1819 2123 1950 2173 tam
1980 2119 2236 2174 urbanos
2262 2135 2439 2190 quam
2471 2123 2724 2180 rusticos
2751 2126 2808 2180 in
2831 2129 2990 2184 exitu
3023 2136 3080 2186 et
3111 2132 3348 2191 introitu
3384 2153 3479 2192 ur-

1819 2207 1922 2262 'bis
1944 2207 2233 2278 audirent,
2261 2213 2318 2263 et
2347 2209 2510 2265 finito
2542 2215 2794 2284 negotio,
2818 2219 3227 2293 unusquisque
3253 2225 3481 2281 confes-

1820 2295 1936 2350 ‘tim
1968 2295 2038 2351 ad
2071 2297 2238 2351 sedes
2269 2298 2534 2369 proprias
2564 2307 2959 2362 reverteretur.
2997 2308 3062 2362 Et
3105 2307 3336 2376 malum,
3387 2313 3481 2368 in-

1833 2385 1978 2456 quit,
2011 2393 2198 2440 contra
2227 2388 2428 2441 amicas
2468 2395 2667 2443 vestros
2718 2408 2787 2447 ne
2829 2396 3075 2464 cogitetis
3123 2399 3182 2452 in
3225 2397 3484 2456 cordibus

1830 2474 2070 2528 vestris:
2120 2489 2268 2528 nam
2329 2474 2504 2546 (mn),
2566 2480 2720 2549 quod
2777 2498 2980 2538 omnes
3037 2501 3174 2541 voce
3231 2503 3488 2546 consona

1833 2558 2045 2625 κακίαν,
2079 2562 2264 2629 id‘est,
2287 2565 2566 2621 malitiam
2588 2567 2950 2641 interpretati
2974 2578 3134 2641 sunt,
3171 2576 3483 2648 dupliciter

1826 2653 2096 2722 accipere
2118 2667 2455 2723 possumus,
2480 2660 2537 2710 et
2584 2669 2686 2735 pro
2717 2658 3050 2728 afﬂictione,
3085 2668 3141 2717 et
3172 2682 3274 2737 pro
3306 2665 3482 2722 malo.

1837 2744 1947 2793 Pro
1979 2739 2290 2796 afflictione
2315 2759 2327 2795 :
2361 2742 2426 2797 Si
2452 2752 2532 2798 est
2580 2745 2804 2802 malitia
2835 2750 2898 2804 in
2925 2750 3146 2807 civitate
3191 2769 3357 2825 quam
3377 2756 3485 2810 Do-

1836 2831 2021 2883 minus
2043 2845 2148 2884 non
2167 2831 2356 2900 fecerit
2377 2833 2556 2904 (Amos
2587 2851 2670 2901 ιιι,
2703 2837 2781 2904 6.)
2799 2836 2904 2894 Et:
2959 2840 3177 2911 Sufﬁcit
3221 2843 3335 2898 diei
3360 2861 3481 2899 ma-

1829 2918 1971 2973 litia
2014 2935 2115 2973 sua
2163 2922 2327 2990 (Mat.
2378 2938 2457 2991 VI,
2486 2923 2578 2991 34)
2610 2922 2719 2979 Pro
2750 2927 2904 2982 malo
2935 2927 2994 2982 in
3024 2929 3174 2986 Jona
3205 2931 3487 3004 propheta

51 3016 330 3087 ορρνανέί
356 3015 671 3087 iniquitatis
701 3015 877 3069 ηεεσίο
928 3029 1019 3070 vos
1057 3017 1211 3084 (Luc,
1263 3030 1386 3081 xm,
1438 3015 1549 3086 2'7),
1581 3015 1729 3088 Ergo
1783 3085 1797 3088 Α
1826 3006 2100 3078 loquitur
2126 3013 2306 3064 Deus:
2345 3012 2611 3068 Ascendit
2640 3015 2852 3070 clamor
2897 3018 3131 3074 malitiae
3187 3033 3374 3076 eorum
3415 3021 3489 3077 ad

49 3085 116 3160 et
148 3085 464 3169 notitiam,
494 3107 550 3158 et
580 3103 1002 3174 paenitentiam,
1033 3108 1090 3159 et
1113 3103 1280 3170 iram,
1304 3085 1737 3176 etindignatio-
1769 3085 1812 3151 (ἶ
1849 3111 1936 3150 me
1963 3098 2138 3167 (Iona:
2166 3114 2204 3168 1,
2235 3099 2312 3170 2).
2374 3099 2440 3154 Et
2496 3102 2555 3156 in
2614 3104 2891 3175 Apostolo
2947 3105 3198 3179 legimus
3221 3104 3493 3182 9Repleti

37 3197 335 3258 'nem,‘e't
361 3198 567 3248 omnes
597 3193 839 3248 affectus
891 3192 1009 3257 Dei,
1060 3209 1175 3247 non
1223 3191 1468 3247 humani
1515 3209 1737 3249 sermo-

39 3282 157 3337 his
193 3280 370 3351 vitio,
402 3283 503 3337 sed
531 3280 738 3336 divinas
771 3279 1096 3351 majestatis
1145 3297 1321 3336 sensu
1355 3282 1736 3353 accipiamus.

130 3369 356 3440 (Vers.
390 3371 476 3440 16,
507 3370 616 3441 47).
653 3370 778 3426 Haec
803 3379 932 3424 sunt
963 3385 1100 3441 ergo
1128 3370 1293 3424 verba
1330 3386 1452 3440 qua:
1478 3372 1694 3440 facietis
1718 3390 1738 3426 :

53 3459 418 3530 Loquimini
443 3460 728 3513 veritatem
756 3460 1130 3529 unusquisque
1156 3473 1281 3512 cum
1329 3460 1590 3528 proximo
1620 3475 1738 3527 suo,

21 3548 381 3604 veritatem
398 3549 459 3601 et
475 3548 753 3618 judicium
772 3549 931 3619 pacis
932 3545 1188 3618 judicate
1205 3547 1265 3600 in
1283 3547 1456 3618 portis
1477 3549 1741 3617 vestris,et

35 3638 466 3709 areasquisque
490 3637 698 3691 malum
729 3639 923 3694 contra
955 3637 1196 3691 amicum
1223 3651 1386 3690 suum
1412 3651 1524 3690 non
1550 3638 1744 3706 cogite-

29 3731 114 3784 tis
270 3725 537 3781 cordibus
572 3727 845 3790 vestris,et
866 3726 1253 3796 juramentum
1279 3723 1597 3778 mendaxne
1615 3723 1742 3778 dili-

27 3817 212 3884 gatis
239 3833 255 3870 :
292 3815 488 3869 omnia
516 3815 667 3869 enim
702 3814 819 3870 haec
848 3817 977 3867 sunt
1005 3827 1132 3884 quae
1159 3813 1276 3882 odi,
1305 3811 1439 3868 dicit
1459 3811 1737 3867 Dominus.

35 3903 259 3960 LXX:
297 3905 404 3957 Isti
454 3908 729 3958 sermones
785 3911 916 3957 sunt
974 3917 1105 3972 quos
1132 3903 1384 3972 facietis:
1427 3903 1744 3972 Loquimini

19 3994 388 4049 veritatem
415 3993 786 4062 unusquisque
841 4005 966 4044 cum
1007 3994 1263 4061 proximo
1291 4003 1392 4046 suo
1412 4009 1429 4044 :
1459 3992 1743 4045 veritatem

17 4091 92 4138 et
111 4075 442 4154 judicium
469 4079 843 4150 paciﬁcum,et
857 4082 1083 4150 justum
1098 4079 1346 4150 judicate
1364 4081 1423 4134 in
1439 4082 1612 4151 portis
1634 4095 1746 4135 ves-

18 4174 200 4238 tris,
237 4173 302 4224 et
321 4170 707 4240 "unusquisque
733 4168 949 4222 malum
976 4170 1234 4240 proximo
1261 4183 1355 4224 suo
1403 4185 1514 4225 non
1549 4171 1745 4238 cogitet

23 4264 104 4317 in
144 4256 441 4314 cordibus
460 4258 682 4324 vestris,
716 4257 1170 4326 et'juramentum
1186 4265 1425 4313 mendaa:
1456 4258 1745 4330 ne'diliga-

17 4353 136 4415 tis,
178 4347 353 4419 quia
380 4345 497 4401 haec
525 4347 711 4401 omnia
743 4345 852 4413 odi,
893 4346 1031 4401 dicit
1063 4345 1339 4401 Dominus
1383 4349 1739 4418 omnipotens.

1848 3187 1998 3240 omni
2047 3188 2342 3256 iniquitate
2389 3198 2442 3244 et
2491 3192 2716 3249 malitia
2775 3194 2948 3264 (Rom.
3011 3213 3048 3265 ι,
3098 3197 3210 3265 29).
3243 3185 3498 3270 Utroque

1847 3272 2028 3346 igitur
2056 3276 2228 3331 modo
2261 3292 2365 3332 nec
2394 3278 2602 3350 afﬂigit
2630 3282 2884 3336 amicum
2917 3300 3113 3356 suum,
3137 3303 3240 3342 nec
3274 3287 3496 3344 malum

1849 3363 2158 3418 adversum
2189 3381 2322 3419 eum
2355 3368 2569 3438 cogitat
2598 3368 2656 3422 in
2714 3372 2906 3439 corde,
2959 3372 3059 3443 qui
3117 3380 3356 3430 sanctus
3385 3379 3494 3430 est.

1849 3453 1913 3506 Et
1923 3455 2324 3523 juramentum,
2357 3453 2456 3524 ait,
2480 3456 2719 3511 mendam
2746 3475 2816 3512 ne
2842 3459 3121 3530 diligatis:
3153 3463 3492 3534 praecipien-

1847 3545 1904 3595 te
1931 3540 2171 3595 Domino
2201 3541 2260 3595 in
2295 3543 2601 3615 Evangelio
2631 3561 2642 3598 :
2676 3547 2785 3614 Ego
2828 3555 3009 3603 autem
3055 3549 3173 3605 dico
3231 3553 3404 3619 vobis,
3436 3559 3502 3607 ut

1848 3644 1958 3684 non
1977 3630 2183 3700 juretis
2207 3633 2425 3701 penitus
2455 3632 2549 3687 sed
2577 3635 2649 3688 sit
2679 3642 2863 3689 vester
2889 3652 3089 3705 sermo,
3125 3646 3208 3694 est
3251 3644 3348 3707 est,
3381 3656 3498 3694 non

1841 3727 1958 3772 non
1991 3718 2138 3788 (Mat.
2170 3713 2321 3786 v,'3li
2345 3738 2361 3783 ;
2386 3719 2656 3791 quienim
2691 3739 2804 3777 non
2828 3723 3136 3796 juraverit,
3171 3735 3496 3800 numqtiam

1849 3807 2062 3879 poterit
2082 3808 2358 3879 pejerare.
2383 3809 2530 3866 851
2565 3811 2670 3874 Qui
2703 3813 2881 3882 jurat,
2916 3814 3116 3870 audiat
3164 3815 3496 3887 illud‘quod

1849 3896 2135 3968 scriptum
2169 3903 2291 3954 est:
2323 3898 2441 3953 Non
2488 3917 2730 3955 assumes
2768 3917 2967 3957 nomen
3015 3901 3232 3959 Domini
3284 3906 3383 3961 hei
3410 3908 3500 3962 tui

1840 4001 2010 4058 super
2038 4001 2100 4041 re
2127 4003 2273 4043 vana
2302 3987 2494 4058 (Exod.
2526 4007 2619 4056 xx,
2648 3991 2725 4060 7).
2774 3990 2985 4047 Omnia
3030 3992 3153 4048 haec
3202 3999 3340 4050 sunt
3370 4012 3497 4066 quas

1851 4075 1993 4141 odit,
2012 4075 2154 4131 dicit
2171 4077 2453 4133 Dominus
2479 4079 2677 4150 :juxta
2704 4079 2998 4135 Malachiae
3022 4083 3195 4138 verba
3221 4085 3497 4142 dicentis:

1845 4165 1915 4219 Et
1935 4167 2132 4220 omnia
2159 4181 2277 4237 qua:
2324 4170 2570 4234 oderam,
2595 4169 2884 4240 faciebatis
2917 4167 3102 4242 (Mala.
3139 4189 3197 4239 ιι,
3233 4173 3364 4246 43);
3394 4181 3499 4232 sec.

1845 4248 2014 4324 LXX).
2055 4255 2110 4308 In
2146 4257 2451 4327 praeceptis
2475 4273 2601 4328 qua:
2624 4258 2696 4312 ad
2722 4257 2898 4314 vitam
2931 4259 3245 4330 pertinent,
3275 4265 3332 4316 et
3362 4267 3505 4318 sunt

1849 4344 2182 4416 perspicua,
2219 4361 2332 4400 non
2386 4345 2666 4402 debemus
2721 4363 2978 4418 querere
3035 4346 3395 4420 allegoriam,
3428 4365 3502 4404 ne

17 4434 368 4499 Promisi,
412 4451 507 4490 me
534 4447 648 4490 non
671 4435 839 4505 juxta
867 4434 992 4490 dies
1019 4435 1244 4506 priores
1273 4436 1458 4492 facere
1489 4436 1747 4510 reliquiis
1778 4447 1823 4510 ι)
1847 4433 2016 4503 juxta
2037 4433 2357 4506 Comicum,
2380 4436 2601 4491 nodum
2632 4451 2965 4507 quaeramus
2995 4435 3054 4491 in
3086 4437 3277 4508 scirpo
3307 4435 3498 4507 (Plau-

17 4523 285 4600 populi
311 4524 810 4594 -oaptivorum.'Et
838 4523 990 4580 sicut
1019 4524 1264 4596 cogitavi
1315 4530 1378 4581 ut
1425 4526 1743 4600 afﬂigerem

17 4631 171 4686 eos,
207 4621 384 4669 cum
419 4626 528 4667 me
570 4613 642 4668 ad
695 4613 1059 4670 iracundiam
1115 4621 1528 4686 provocassent
1554 4622 1746 4689 patres

17 4719 319 4771 eorum,
347 4703 404 4754 et
426 4717 541 4756 non
575 4718 707 4758 sum
742 4701 1017 4758 misertus
1046 4721 1058 4759 :
1093 4704 1178 4758 sic
1209 4720 1363 4759 nunc
1395 4705 1472 4776 (b)
1503 4705 1746 4779 cogitavi

17 4805 411 4852 :onversus
431 4783 586 4846 850
618 4791 674 4844 in
705 4790 924 4847 diebus
947 4791 1100 4857 istis,
1153 4797 1218 4847 ut
1266 4793 1623 4849 benefaciam
1652 4796 1747 4851 Je-

17 4879 356 4942 -usalem
381 4881 438 4934 et
457 4877 657 4934 domui
679 4880 850 4936 Juda.
875 4880 951 4936 Ut
970 4880 1151 4954 igitur
1169 4887 1508 4953 permaneat
1524 4891 1751 4939 senten-

21 4971 130 5030 ἰδ’
156 4980 362 5037 mea,
394 4970 594 5024 etnon
633 4969 736 5025 ﬁat
785 4969 951 5025 irrita
1008 4969 1367 5040 pollicitatio,
1428 4971 1547 5028 haec
1582 4973 1751 5029 tacite

17 5075 177 5139 [use
223 5055 530 5131 principio
561 5074 573 5113 :
610 5058 926 5130 Loquimini
970 5060 1253 5114 veritatem
1302 5075 1428 5116 cum
1480 5063 1752 5132 proximis

26 5149 311 5210 astris.
345 5141 684 5202 Proximum
715 5164 888 5204 omne
918 5147 1223 5204 hominum
1271 5164 1460 5222 genus
1501 5151 1749 5222 accipia-

17 5255 218 5309 ου»,
261 5230 422 5304 quia
442 5250 512 5290 ex
535 5252 648 5292 uno
672 5254 881 5293 sumus
903 5243 1142 5310 parente
1161 5239 1446 5310 generati,
1476 5239 1752 5312 Alioquin

76 5384 207 5458 (α)
239 5376 889 5458 ’νεςδ-ιιωηηίεενειαζ,
924 5382 1050 5458 sine
1080 5381 1582 5458 quo_inc_ongruus
1606 5388 1750 5458 erat,

25 5447 127 5519 αὶ
139 5447 721 5533 Δὰξιιιίιιξεβθιιειιει3
745 5453 1084 5533 suffecimus
1097 5447 1178 5533 ἐξ
1195 5447 1532 5528 Ηθεὶιιᾶηε.
1558 5456 1617 5513 in
1633 5447 1752 5532 qud

18 5540 55 5600 τ,
97 5523 509 5596 “laverint,
539 5540 644 5600 pro
672 5526 1014 5602 donaverint,
1046 5523 1284 5601 legitur;

1853 4531 1964 4588 tus,
1994 4524 2130 4579 Men.
2159 4541 2222 4594 ιι,
2257 4525 2326 4596 1).

1926 4611 2109 4683 (Vers.
2146 4615 2231 4677 18,
2269 4614 2376 4684 19.)
2410 4614 2474 4667 Et
2501 4615 2708 4682 factum
2735 4617 2815 4668 est
2843 4612 3065 4667 verbum
3097 4613 3316 4668 Domini
3334 4629 3502 4670 exer-

1856 4702 2066 4755 cituum
2095 4701 2165 4756 ad
2197 4717 2284 4756 me
2302 4700 2515 4757 dicens:
2531 4706 2664 4758 Haec
2691 4701 2825 4757 dicit
2842 4702 3108 4758 Dominus
3135 4703 3501 4758 exercituum:

1855 4790 2138 4860 Jejunium
2167 4793 2372 4861 quarti,
2405 4795 2460 4846 et
2479 4791 2759 4862 jejunium
2789 4793 2990 4863 quinti,
3017 4795 3069 4847 et
3093 4792 3367 4862 jejunium
3385 4799 3502 4863 sep-

1859 4880 2000 4944 timi,
2032 4881 2081 4932 et
2097 4881 2385 4947 jejunium
2409 4878 2606 4934 decimi
2637 4882 2743 4934 erit
2771 4879 2959 4934 domui
2981 4879 3121 4935 Iuda
3152 4881 3212 4934 in
3233 4879 3503 4951 gaudium

1859 4971 1912 5023 et
1937 4969 1997 5021 in
2022 4968 2360 5034 latitiam,et
2385 4971 2445 5022 in
2473 4969 2838 5023 solemnitates
2857 4969 3189 5038 prazclaras:
3219 4971 3504 5026 veritatem

1862 5060 2094 5126 tantum,
2127 5066 2178 5112 et
2207 5072 2394 5128 pacem
2421 5055 2654 5128 diligite.
2691 5056 2833 5111 LXX
2864 5073 2878 5111 :
2910 5059 2974 5112 Et
3004 5058 3180 5126 factus
3209 5066 3288 5112 est
3324 5069 3502 5114 sema

1861 5147 2082 5202 Domini
2111 5147 2488 5216 omnipotentis
2518 5144 2588 5199 ad
2607 5161 2723 5210 me,
2751 5145 2938 5200 dicens
2963 5161 2982 5198 :
3005 5145 3132 5201 Haec
3157 5145 3294 5200 dicit
3325 5146 3502 5216 Domi~

1858 5253 1963 5290 nus
1992 5236 2638 5306 mnnipotensJejunzum
2668 5238 3009 5305 quartum,et
3028 5234 3308 5307 jejunium
3337 5237 3500 5306 quin-

1875 5452 1885 5464 .
1914 5377 2012 5507 ί(ὁ)
2045 5378 2107 5435 In
2136 5378 2341 5436 eodem
2373 5394 2507 5449 ms.,
2537 5379 2774 5452 cogitare
2802 5393 3092 5436 conversus
3117 5389 3244 5436 sum'
3255 5379 3315 5436 in
3344 5376 3505 5438 rebus

1875 5467 1910 5507 ω
1935 5467 2002 5507 is.

1860 5467 2002 5509 um.
