3938 6174
129 304 271 395 list
801 337 1547 401 COMMENTARIORUM
1594 337 1670 398 1N
1717 334 2172 397 ZACHARIAM
2220 337 2368 398 LIB.
2418 339 2494 401 ιι.
2528 338 2699 400 cap.
2737 337 2839 399 1x.
3365 337 3523 399 ηεξ

126 463 648 540 crediderant,quia
676 470 928 526 necdum
948 470 1213 526 viderant
1245 470 1415 542 signa
1444 473 1619 542 atque
1636 469 1755 524 vir-
1786 467 1843 535 Α
1869 472 1919 524 et
1946 484 2150 540 ponam
2170 470 2230 523 in
2260 470 2422 528 domo
2446 487 2569 528 mea
2590 472 3037 540 elevationem,ut
3060 485 3223 526 nemo
3243 472 3525 540 pertrans-

123 559 288 621 tutes,
323 559 525 629 postea
568 555 835 613 viderent
864 574 967 630 per
1014 556 1307 629 apostolos
1337 561 1393 613 et
1434 557 1756 623 crederent,

122 648 422 716 essentque
446 642 830 702 beatitudinis
852 645 1011 702 illius
1032 650 1535 718 compotes,quam
1559 645 1761 701 Domi-

117 748 221 788 nus
248 732 626 804 repromittit,
645 734 846 791 dicens
879 751 894 790 :
928 736 1205 790 Beatiores
1233 736 1333 805 qui
1361 750 1474 790 non
1503 734 1762 790 viderunt

120 821 545 878 et'crediderunt
577 822 755 892 (Joan.
789 824 1007 893 xx,29).
1043 824 1232 895 Tyrus
1265 828 1463 879 autem
1494 827 1551 879 ct
1580 824 1758 878 Sidon

116 911 381 983 (quarum
432 910 613 966 altera
660 912 893 985 συνοχὴ,
943 913 1000 967 id
1050 917 1159 983 est,
1209 914 1465 984 angustia
1512 930 1531 966 :
1581 911 1764 969 altera

114 998 373 1073 θήρευμα,
401 1000 458 1054 id
476 1003 586 1066 est,
618 1002 851 1072 venatio,
869 1000 1307 1073 interpretatur)
1328 1002 1621 1057 intantum
1649 1001 1760 1057 sibi

118 1104 419 1160 sumpsere
466 1088 841 1163 sapientiam,
894 1095 958 1145 ut
1010 1090 1475 1162 sophismatibus
1532 1090 1659 1146 suis
1706 1095 1764 1146 et

116 1177 186 1250 (α)
215 1176 654 1234 dialecticorum
685 1179 911 1234 retibus
960 1182 1017 1234 et
1046 1178 1445 1251 sophistarum
1493 1179 1758 1250 texturis,

115 1282 258 1337 quas
310 1265 692 1334 munitiones,
723 1267 1027 1340 Scriptura
1074 1274 1515 1335 commemorat,
1549 1283 1759 1340 propo-

112 1359 270 1411 neret
294 1355 371 1427 (b)
391 1354 581 1428 Tyrus
611 1355 923 1429 aenigmata
950 1356 1265 1428 Salomoni,
1298 1357 1355 1412 id
1379 1362 1489 1424 est,
1515 1357 1638 1429 regi
1665 1374 1764 1430 pa-

111 1444 293 1511 ciﬁco,
309 1450 366 1501 et
382 1451 688 1516 argentum
710 1461 906 1511 suum,
924 1446 1172 1502 nitorem
1192 1444 1460 1502 videlicet
1481 1444 1757 1519 eloquen-

108 1531 220 1602 tia,
253 1535 310 1587 et
338 1548 575 1600 aurum,
608 1548 888 1589 sensuum
923 1533 1320 1601 calliditatem,
1344 1534 1534 1590 instar
1560 1534 1761 1607 pulve-

107 1619 187 1676 ris
218 1623 274 1676 et
302 1619 411 1675 luti
449 1620 605 1693 quod
638 1620 698 1677 in
730 1620 935 1694 plateis
984 1639 1051 1678 ac
1080 1623 1189 1678 viis
1217 1628 1324 1691 est,
1357 1627 1757 1697 congregaret,

104 1714 171 1764 ut
206 1720 451 1781 regnum
481 1708 829 1767 idololatrize
875 1711 1029 1782 quod
1064 1712 1377 1777 munierat,
1412 1711 1757 1783 possideret.

121 1796 232 1901 §ed
261 1797 548 1901 adversus.
579 1798 688 1901 has
728 1800 1083 1856 munitiones
1111 1799 1423 1873 Apostolus
1454 1799 1714 1873 loquitur
1745 1818 1758 1855 :
1792 1837 1838 1901 Β

112 1886 232 1942 Non
258 1903 413 1942 arma
444 1887 669 1945 militiae
714 1893 914 1944 nostrae
942 1905 1051 1944 non
1081 1894 1214 1945 sunt
1239 1892 1508 1956 carnalia,
1540 1891 1637 1945 sed
1664 1905 1763 1961 po-

99 1976 282 2031 tentia
309 1979 439 2042 Deo,
470 1975 541 2031 ad
570 1977 995 2034 destructionem
1021 1980 1402 2034 munitionum
1434 1995 1448 2035 :
1484 1977 1639 2035 859
1668 1994 1751 2033 co-

101 2066 400 2134 gitationes
422 2065 853 2134 destruentia,et
871 2083 1085 2123 omnem
1113 2067 1464 2123 altitudinem
1496 2067 1764 2123 extollen-

104 2159 217 2207 tem
244 2167 303 2208 se
328 2151 617 2208 adversum
662 2155 950 2210 scientiam
1003 2157 1107 2210 Dei
1135 2155 1203 2227 (II
1239 2154 1358 2211 Cor.
1405 2172 1465 2222 χ,
1496 2157 1551 2219 4,
1583 2158 1661 2225 5).
1697 2156 1765 2211 Et

106 2240 224 2296 sub
254 2257 504 2313 persona
548 2240 753 2299 Ninive
798 2259 926 2316 quas
976 2243 1391 2316 interpretatur
1418 2252 1639 2312 ornata,
1673 2243 1762 2299 vel

99 2328 339 2401 pulchra
358 2329 527 2402 (nihil
551 2331 709 2387 enim
725 2332 944 2388 mundo
961 2333 1228 2389 ornatius
1249 2333 1380 2405 est),
1396 2333 1492 2389 Dei
1514 2350 1614 2405 per
1630 2350 1764 2406 pro-

112 2418 353 2491 phetam
387 2424 591 2475 contra
613 2420 817 2475 mundi
843 2421 1111 2477 homines
1143 2438 1334 2477 sermo
1365 2422 1638 2495 dirigitur
1664 2438 1677 2476 :
1703 2424 1766 2477 Et

107 2512 178 2563 tu
206 2507 519 2591 inebriat-is,
550 2512 768 2583 erisque
794 2509 1057 2582 despecta,
1078 2515 1128 2566 et
1157 2525 1366 2581 quaeres
1395 2513 1674 2567 auxilium
1697 2512 1764 2568 ab

110 2597 344 2653 inimico
377 2613 390 2651 :
423 2612 611 2654 omnes
640 2601 970 2656 munitiones
996 2603 1109 2656 tua?
1134 2601 1273 2655 sicut
1301 2601 1435 2671 ﬁcus
1460 2617 1583 2655 cum
1612 2617 1763 2670 gros-

102 2686 194 2741 sis
222 2686 336 2740 suis
367 2702 382 2740 :
413 2687 465 2741 si
481 2702 763 2745 concussa?
778 2689 1007 2760 fuerint,
1024 2689 1226 2744 cadent
1248 2690 1305 2743 in
1327 2706 1385 2744 os
1412 2689 1760 2745 comedentis.

106 2776 188 2830 Et
214 2772 434 2846 Tyrum
482 2775 663 2848 igitur
692 2781 749 2832 et
796 2775 1071 2833 Sidonem
1104 2777 1389 2833 Dominus
1422 2778 1761 2850 possidebit,

103 2879 253 2919 cum
271 2865 409 2917 aute
434 2865 786 2934 percusserit
816 2865 1216 2921 fortitudinem
1239 2882 1440 2922 earum
1474 2866 1533 2922 in
1560 2866 1765 2923 salsis-

118 2950 279 3009 simo
308 2958 365 3010 et
388 2952 760 3010 amarissimo
793 2953 939 3009 mari
970 2952 1151 3024 hujus
1182 2953 1398 3019 saeculi,
1433 2958 1490 3010 et
1521 2969 1592 3009 ne
1623 2955 1764 3027 quid

100 3043 176 3098 in
206 3043 293 3101 eis
322 3047 582 3120 pristinae
612 3047 911 3099 remaneat
931 3043 1248 3114 sapientia,
1272 3042 1329 3097 id
1352 3048 1458 3113 est,
1484 3043 1766 3109 tumentis

104 3132 401 3204 stultitiae,
419 3150 522 3207 per
536 3148 710 3205 quam
736 3131 846 3187 sibi
868 3129 1190 3187 imbecilles
1209 3130 1583 3203 munitiones,
1599 3137 1657 3188 et
1677 3149 1763 3188 ar-

1870 561 1979 624 eat,
2011 560 2123 613 sive
2143 563 2467 630 revertatur,
2501 569 2554 617 et
2569 576 2915 633 nequaquam
2944 561 3304 631 superveniat
3319 560 3399 614 eis
3428 559 3527 615 ul-

1871 656 1961 702 tra
1989 649 2219 703 abactor
2241 656 2292 703 et
2312 651 2564 704 eminens
2587 667 2599 705 :
2620 650 2751 721 quia
2783 664 2931 703 nunc
2958 647 3074 702 vidi
3101 649 3160 702 in
3177 648 3350 703 oculis
3368 649 3525 704 meis.

1868 735 2115 791 Ascalon
2146 736 2565 809 interpretatur
2594 740 2741 807 ignis
2788 736 3049 807 ignobilis
3080 737 3199 792 sive
3222 736 3525 808 ponderata

1870 824 1978 896 [ΑΙ.
2009 825 2271 897 pondera]
2326 843 2339 881 :
2392 826 2562 891 Gaza,
2593 829 2770 898 fortis,
2814 831 2916 882 aut
2962 827 3261 899 imperium
3291 844 3311 882 :
3339 828 3523 882 Acca-

1871 930 1997 982 ron,
2029 915 2253 983 sterilis,
2287 916 2407 971 sive
2448 916 2727 972 eradicata
2764 933 2777 971 ε
2810 918 3048 987 Azotus,
3082 932 3208 987 quin
3244 914 3523 972 Hebraice

1870 1002 2086 1058 dicitur
2108 1019 2286 1059 ssnon
2333 1004 2598 1075 (THY-tte),
2632 1006 2776 1075 ignis
2824 1004 2895 1076 (c)
2924 1019 3211 1075 generans,
3244 1008 3346 1058 aut
3373 1005 3521 1073 ignis

1867 1094 2077 1162 patrui,
2111 1092 2198 1147 vel
2246 1094 2395 1161 ignis
2441 1094 2713 1150 mamillae
2731 1110 2752 1155 ;
2795 1093 3119 1159 Jebusaeus,
3150 1093 3521 1148 conculcatam

1871 1180 2026 1235 860
2077 1185 2264 1236 sonat.
2309 1180 2626 1237 Nominum
2676 1181 3073 1255 expressimus
3116 1179 3517 1253 etymologias,

1872 1274 1938 1325 ut
1967 1285 2207 1325 sensum
2241 1270 2488 1327 breviter
2534 1287 2966 1343 percurramus.
3001 1270 3221 1326 Videns
3266 1268 3517 1326 Ascalon

1872 1362 1929 1413 et
1975 1359 2125 1413 Gaza
2170 1361 2227 1414 et
2281 1360 2561 1425 Accaron,
2614 1362 2767 1432 quod
2820 1358 3021 1415 Emath
3073 1362 3228 1415 esset
3273 1358 3333 1413 in
3388 1356 3526 1413 fini-

1872 1446 1983 1502 bus
2031 1445 2322 1511 Damasci,
2373 1452 2431 1503 et
2478 1448 2698 1522 Tyrum
2754 1452 2810 1505 et
2859 1448 3155 1510 Sidonem,
3209 1451 3522 1519 postquam

1874 1552 2160 1606 percussae
2192 1543 2331 1592 sunt
2360 1537 2418 1592 in
2469 1537 2737 1606 circuitu,
2771 1543 2828 1593 et
2857 1553 3030 1593 omne
3060 1552 3263 1593 earum
3295 1536 3521 1606 fenum,

1870 1622 2050 1697 ligna,
2083 1629 2140 1679 et
2186 1625 2405 1697 stipula
2448 1625 2720 1682 incendio
2776 1625 3174 1699 conﬂagravit,
3218 1641 3523 1697 possessas

1872 1729 2000 1769 esse
2033 1730 2066 1768 a
2096 1713 2363 1779 Domino,
2397 1719 2453 1769 et
2497 1714 2635 1787 ipsae
2667 1714 2877 1771 timore
2906 1732 2973 1771 ac
3002 1713 3198 1770 dolore
3227 1718 3286 1770 et
3314 1714 3519 1771 confu-

1872 1801 2034 1857 sione
2066 1802 2404 1873 perterritis,
2438 1808 2734 1876 eruperunt
2786 1820 3019 1875 sperare
3050 1802 3312 1860 meliora.
3346 1801 3521 1859 Deni-

1873 1906 1986 1961 que
2014 1889 2282 1957 Ascalon,
2308 1892 2366 1946 in
2401 1908 2518 1963 qua
2545 1898 2669 1947 erat
2691 1890 2853 1963 prius
2885 1890 3174 1961 diabolus,
3195 1894 3342 1961 ignis
3360 1894 3522 1962 igno-

1873 1980 2021 2043 bilis,
2055 1984 2112 2034 et
2163 1995 2350 2051 usque
2396 1980 2469 2034 ad
2521 1996 2856 2036 mensuram
2888 1996 2954 2035 ac
3004 1981 3235 2052 pondus
3280 1985 3521 2037 venerat

1872 2073 2264 2139 peccatorum,
2282 2085 2488 2139 pavore
2510 2069 2879 2136 contremuit,
2895 2086 2961 2125 eo
2983 2069 3140 2141 quod
3162 2068 3521 2126 habitatores

1873 2155 2087 2211 habere
2117 2155 2409 2211 desiverit.
2436 2156 2502 2210 Et
2531 2157 2682 2212 Gaza
2710 2156 2898 2212 doluit
2919 2156 3119 2223 nimis,
3140 2174 3319 2230 agens
3341 2157 3519 2231 paeni-

1873 2244 2139 2300 tudinem
2173 2243 2459 2300 scelerum
2484 2245 2892 2317 pristinorum,
2917 2262 3045 2315 quas
3076 2247 3374 2317 quondam
3404 2247 3521 2302 for-

1875 2333 1951 2388 tis
1982 2349 2047 2389 ac
2077 2333 2225 2388 dura
2256 2333 2443 2388 fuerat
2473 2332 2870 2400 indomabilis,
2902 2337 2960 2389 et
2988 2333 3099 2389 sibi
3131 2351 3373 2405 regnum
3395 2351 3521 2390 om-

1875 2422 2040 2475 nium
2074 2421 2472 2493 promittebat.
2505 2438 2571 2477 eo
2625 2423 2779 2494 quod
2831 2438 2930 2477 rex
2958 2422 3087 2493 ejus
3136 2425 3194 2477 et
3226 2423 3520 2495 princeps,

1874 2526 2065 2566 sermo
2088 2510 2417 2565 contrarius
2439 2514 2495 2565 et
2513 2514 2770 2582 potestas
2793 2509 3219 2581 inimici,suum
3244 2510 3525 2583 perdidis-

1874 2603 1964 2654 set
1984 2598 2319 2670 imperium.
2343 2603 2593 2654 Accaron
2623 2614 2857 2670 quoque
2879 2598 3117 2668 sterilis,
3142 2599 3281 2671 quia
3301 2599 3523 2671 absque

1876 2688 2023 2759 Lege
2053 2690 2110 2743 et
2159 2687 2364 2743 notitia
2418 2687 2513 2741 Dei
2566 2687 2718 2743 filios
2769 2704 2886 2743 non
2932 2687 3205 2755 habebat,
3236 2687 3526 2743 eradicata

1875 2781 1981 2847 est,
2016 2781 2081 2831 ut
2110 2776 2336 2832 audiret
2363 2775 2507 2831 illud
2532 2774 2937 2849 propheticum
2970 2794 2984 2832 :
3020 2778 3253 2844 Laetare,
3281 2777 3522 2839 sterilis;

1873 2878 1999 2938 qua?
2026 2882 2138 2921 non
2162 2866 2341 2937 paris,
2367 2882 2589 2937 erumpe
2619 2869 2670 2921 et
2697 2866 2899 2933 clama,
2931 2880 3056 2938 qua:
3080 2882 3190 2921 non
3228 2868 3474 2937 parturis
3506 2882 3520 2922 :

1873 2968 2015 3027 quon
2025 2957 2137 3010 iam
2157 2955 2339 3025 plures
2359 2954 2469 3024 ﬁlii
2487 2953 2717 3010 desertae
2736 2956 2937 3023 magis,
2952 2970 3117 3026 quam
3134 2955 3251 3026 ejus
3272 2970 3396 3027 qua:
3415 2954 3522 3010 ha-

1876 3044 1960 3099 bet
1987 3045 2169 3098 virum
2199 3043 2349 3113 (lsai.
2384 3059 2493 3110 LIV,
2529 3042 2591 3114 ι).
2623 3043 2885 3115 Cumque
2914 3043 3161 3098 Ascalon
3202 3046 3258 3098 et
3286 3043 3440 3099 Gaza
3463 3047 3522 3100 et

1875 3137 2133 3188 Accaron
2167 3130 2381 3187 fuerint
2429 3130 2764 3203 perterritae,
2797 3136 2855 3187 et
2902 3131 3213 3200 doluerint,
3246 3149 3312 3189 eo
3362 3133 3519 3204 quod

102 3228 363 3295 gentnm
382 3201 437 3280 et
452 3201 663 3280 aur—um
685 3219 809 3276 luto
826 3219 1044 3276 similia
1060 3201 1644 3294 compararunt,igne
1668 3238 1767 3278 eas
1797 3201 1839 3268 C
1876 3220 1961 3277 vel
1997 3220 2352 3277 habitatores
2401 3201 2516 3275 non
2548 3201 2882 3287 habuerint,
2916 3219 3001 3276 vel
3033 3238 3227 3294 regem
3260 3201 3523 3294 perdide-

104 3317 407 3385 excoquet
435 3316 491 3368 et
519 3310 830 3366 mundabit
872 3309 943 3364 ad
977 3325 1213 3381 purum,
1246 3310 1317 3365 de
1368 3326 1480 3381 quo
1510 3309 1773 3367 Salvator

100 3400 384 3473 loquitur
416 3400 473 3456 in
505 3398 853 3472 Evangelia:
874 3397 1057 3468 Ignem
1086 3400 1215 3453 veni
1239 3399 1457 3453 mittere
1485 3415 1651 3469 super
1670 3407 1772 3455 ter-

102 3506 269 3556 ram,
298 3492 349 3545 et
391 3505 555 3563 quam
584 3488 724 3554 volo,
756 3490 819 3542 ut
845 3485 1005 3541 adeat
1037 3487 1189 3558 (Luc.
1230 3501 1333 3553 ιιι,
1366 3486 1478 3557 49),
1508 3487 1679 3558 juxta
1709 3486 1773 3541 il-

98 3579 222 3636 lud
249 3579 403 3650 quod
427 3579 486 3633 in
509 3576 701 3633 Marco
721 3576 1007 3648 scriptum
1029 3578 1119 3631 est
1143 3592 1155 3631 :
1190 3572 1377 3629 Omnis
1400 3576 1525 3640 igne
1542 3576 1776 3630 satietur

95 3666 311 3743 (ﬂare.
340 3683 417 3734 iv,
452 3666 563 3739 48).

194 3754 382 3829 (Vere.
412 3757 448 3811 5
477 3754 668 3827 seqq.)
712 3752 920 3809 Videbit
957 3750 1215 3820 Ascalon,
1246 3760 1297 3807 et
1324 3752 1554 3823 timebit,
1588 3760 1639 3807 et
1672 3753 1776 3809 Ga-

92 3862 212 3918 za,
245 3849 300 3901 et
327 3843 529 3901 dolebit
556 3843 726 3898 nimis
746 3860 766 3897 :
798 3849 851 3897 et
876 3841 1138 3911 Accaron,
1169 3841 1433 3911 quoniam
1452 3842 1679 3910 confusa
1700 3844 1779 3896 est

90 3949 243 4009 spes
274 3934 413 4005 ejus,
443 3934 493 3989 et
533 3931 736 4005 peribit
777 3946 879 3987 res:
905 3929 971 3985 de
1002 3929 1165 4001 Gaza,
1196 3932 1250 3985 et
1278 3929 1509 3984 Ascalon
1536 3946 1647 3985 non
1680 3929 1777 3985 ba-

95 4024 411 4083 bitabitur.
445 4023 522 4077 Et
547 4021 749 4077 sedebit
777 4023 1057 4092 separator
1083 4020 1144 4074 in
1171 4018 1353 4087 Azoto,
1388 4022 1444 4073 et
1471 4018 1780 4091 disperdam

1879 3310 2015 3379 rint,
2049 3308 2134 3365 vel
2166 3325 2301 3380 spes
2331 3325 2428 3363 eas
2462 3308 2567 3379 [Αι.
2601 3308 2827 3378 earum]
2852 3309 3133 3363 lrustrata
3162 3309 3240 3364 sit
3261 3310 3527 3382 pristina,

1880 3398 2218 3470 alienigenae
2265 3396 2551 3451 sedebunt
2605 3396 2662 3450 in
2703 3400 2901 3462 Azoto,
2934 3397 3035 3450 ubi
3084 3396 3239 3468 ignis
3267 3401 3528 3468 generat,

1882 3502 2055 3557 quem
2087 3484 2373 3539 Dominus
2401 3483 2563 3538 misit
2594 3499 2770 3555 super
2798 3488 3035 3549 terram,
3062 3488 3120 3538 et
3149 3484 3352 3539 ardere
3376 3483 3530 3539 desi-

1882 3575 2048 3630 derat
2078 3576 2226 3639 (Luc.
2244 3573 2367 3645 xu).
2392 3575 2523 3643 Ipse
2545 3572 2700 3626 enim
2733 3570 2987 3642 baptizat
3008 3571 3066 3626 in
3089 3570 3308 3643 Spiritu
3331 3575 3533 3627 sancto

1883 3667 1939 3719 et
1968 3664 2101 3735 igne
2149 3662 2375 3733 (Matth.
2426 3660 2532 3730 In),
2586 3659 2684 3715 ubi
2738 3659 3032 3714 fratruelis
3065 3663 3123 3715 et
3155 3662 3401 3731 patruus
3447 3663 3537 3715 est

1886 3746 2333 3827 ἀδελφιδοῦςμι.
2368 3743 2682 3825 ἀδελφίδος]
2712 3746 2802 3800 καὶ
2831 3741 3233 3823 πατράδελφος,
3268 3764 3444 3820 quem
3474 3746 3536 3802 in

1886 3840 2121 3897 Cantico
2134 3838 2491 3896 canticorum
2506 3854 2725 3910 sponsa
2748 3836 3045 3892 desiderat
3068 3852 3081 3891 :
3109 3836 3210 3891 ubi
3234 3835 3387 3909 ignis
3411 3853 3538 3892 ma-

1888 3930 2064 3986 millae
2095 3933 2185 3984 est
2240 3933 2296 3984 et
2343 3926 2659 4000 largissimi
2713 3924 2932 3996 uberis,
2964 3926 3036 3981 de
3086 3942 3200 3997 quo
3241 3924 3301 3979 in
3334 3926 3537 3981 eodem

1887 4019 2125 4077 Cantico
2157 4017 2408 4090 legimus
2436 4032 2448 4072 :
2474 4016 2535 4071 In
2562 4016 2748 4071 medio
2769 4015 2999 4071 uberum
3024 4031 3272 4070 meorum
3299 4029 3538 4070 commo-

85 4113 441 4186 snperbiam
467 4111 911 4167 Philistinorum.
938 4112 1005 4165 Et
1030 4109 1282 4180 auferam
1312 4109 1641 4177 sanguinem
1660 4107 1781 4177 ejus
1887 4108 2104 4164 rabitur
2131 4106 2310 4178 (Cant.
2345 4123 2384 4173 ι,
2427 4104 2529 4177 l2).
2563 4105 2633 4160 Et
2678 4103 2738 4159 in
2768 4102 3043 4176 Apostolo
3079 4119 3092 4158 :
3127 4104 3233 4159 Lac
3261 4103 3411 4159 vobis
3436 4117 3542 4176 po-

87 4205 195 4262 de
222 4218 317 4259 ore
342 4203 480 4275 ejus,
512 4203 568 4256 et
593 4199 1038 4255 abominationes
1077 4198 1193 4270 ejus
1222 4195 1286 4252 de
1314 4196 1495 4253 medio
1525 4196 1782 4252 dentium
1890 4203 2007 4253 tum
2034 4196 2162 4253 dedi
2188 4211 2299 4251 non
2318 4210 2493 4251 escam
2519 4194 2563 4266 (Ι
2597 4191 2717 4249 Cor.
2741 4210 2828 4260 ιιι,
2853 4193 2930 4265 3).
2962 4192 3073 4248 Pro
3104 4209 3169 4249 eo
3192 4192 3349 4266 quod
3372 4192 3544 4264 juxta

86 4293 273 4365 ejus,
297 4294 347 4347 et
376 4290 724 4361 relinquetur
752 4290 918 4343 etiam
939 4289 1054 4360 ipse
1082 4287 1187 4342 Deo
1220 4292 1482 4353 nostro,et
1502 4288 1785 4358 eritquasi
1890 4285 2026 4341 LXX
2057 4284 2313 4341 diximus
2343 4303 2355 4340 ε
2384 4288 2432 4338 et
2462 4282 2791 4339 habitabant
2808 4282 3143 4353 alienigenae
3170 4284 3232 4337 in
3265 4287 3460 4347 Αχροιο,
3481 4281 3541 4336 in

84 4383 255 4441 dua:
278 4380 337 4436 in
364 4377 525 4449 .luda,
557 4382 608 4434 et
651 4379 888 4434 Accaron
935 4378 1094 4448 quasi
1120 4374 1418 4432 Iebusceus.
1454 4378 1518 4430 Et
1545 4377 1780 4430 circum-
1892 4376 2128 4431 Hebraio
2159 4373 2391 4446 legitur,
2407 4370 2697 4440 habitabit,
2717 4370 2803 4427 vel
2832 4369 3040 4426 sedebit
3066 4386 3301 4425 MAMZEB
3329 4370 3541 4442 (11221:)

82 4470 280 4530 dabo
307 4468 527 4525 domum
553 4482 733 4524 meam
760 4482 829 4523 ec
860 4465 946 4522 his
974 4466 1075 4537 qui
1100 4464 1244 4519 mihi
1270 4465 1535 4533 militant,
1568 4472 1777 4533 euntes,
1888 4465 1951 4518 in
1980 4464 2163 4527 Azoto,
2197 4477 2300 4534 pro
2319 4476 2435 4533 quo
2462 4475 2568 4515 nos
2600 4458 2929 4531 posuimus,
2951 4460 3001 4513 et
3028 4455 3229 4512 sedebit
3252 4461 3544 4527 separator

80 4569 182 4621 et
210 4561 565 4625 revertentes,
597 4565 651 4613 et
676 4572 787 4614 non
829 4555 1091 4612 transibit
1134 4569 1297 4623 super
1342 4567 1430 4610 eos
1480 4552 1626 4608 ultra
1654 4567 1782 4608 θέαι-
1814 4565 1863 4631 D
1891 4555 1953 4609 in
1982 4553 2164 4608 Azoto.
2198 4553 2598 4623 Separatorem
2630 4546 2945 4603 Dominum
2978 4543 3263 4617 intellige,
3295 4543 3395 4616 qui
3426 4543 3546 4598 fru-

78 4657 247 4711 θεον
278 4667 296 4704 :
326 4649 457 4722 quia
503 4663 654 4703 nunc
680 4645 797 4702 vidi
826 4646 886 4702 in
940 4644 1112 4700 oculis
1140 4645 1298 4699 meis.
1335 4641 1481 4697 LXX
1517 4659 1530 4697 :
1569 4641 1791 4699 Videbit
1902 4647 2165 4699 mentum
2197 4656 2231 4695 a
2260 4637 2444 4711 paleis
2491 4640 2722 4708 separet
2750 4634 2957 4707 (Matth.
2987 4650 3050 4688 ιιι
3078 4641 3130 4689 et
3158 4633 3305 4704 xui),
3338 4637 3396 4688 et
3426 4631 3545 4704 pis-

71 4737 387 4805 Asealon,
422 4739 474 4792 et
502 4735 711 4791 timebit
737 4753 756 4790 :
785 4742 837 4789 et
866 4733 1029 4803 Gaza,
1050 4735 1102 4788 et
1130 4730 1337 4787 dolebit
1364 4731 1533 4785 nimis
1566 4747 1585 4785 :
1614 4740 1667 4786 et
1690 4731 1787 4787 Ac-
1900 4749 1995 4787 ces
2024 4730 2209 4786 bonos
2239 4745 2272 4783 a
2301 4726 2565 4799 piscibus
2596 4723 2788 4790 malis,
2824 4728 2883 4779 et
2912 4725 3220 4795 argentum
3250 4727 3307 4777 et
3336 4735 3548 4776 aurum

69 4842 330 4897 carem,
360 4826 623 4898 quoniam
650 4825 875 4893 confusa
905 4829 984 4878 est
1012 4822 1082 4877 de
1110 4837 1205 4893 spe
1230 4837 1350 4888 sua,
1383 4825 1435 4875 et
1462 4820 1664 4890 peribit
1696 4836 1794 4876 rex
1902 4819 2223 4877 aecrdibus
2244 4815 2551 4887 scoriaque
2577 4813 2892 4869 discernat.
2911 4812 3177 4884 Cumque
3198 4809 3306 4867 hoc
3329 4807 3546 4877 fecerit,

70 4919 197 4977 de
229 4914 399 4982 Gaza,
430 4918 482 4970 et
528 4912 758 4969 Ascalon
803 4927 914 4967 non
970 4910 1329 4966 habitabitur.
1364 4909 1426 4963 Et
1472 4908 1794 4966 habitabant
1905 4907 2190 4982 promittit
2217 4911 2274 4961 et
2295 4909 2502 4960 caetera
2534 4920 2548 4959 :
2578 4901 2898 4974 Disperdam
2930 4900 3222 4972 injuriam,
3242 4898 3329 4956 vel
3360 4913 3550 4970 super-

78 5005 485 5073 alienigenee
505 5005 565 5059 in
579 5005 737 5058 Αποιο
759 5020 777 5057 :
797 5005 849 5057 et
868 5000 1150 5055 destruam
1163 4999 1431 5071 injuriam
1452 4998 1793 5067 alienigena-
1904 5001 2055 5056 biam
2100 4996 2579 5051 Philislhinorum.
2631 4996 2738 5047 Pro
2772 4990 2988 5064 quibus
3034 4988 3175 5044 LXX
3207 4989 3549 5059 alienigenas

72 5110 287 5157 rum,
317 5101 369 5150 et
396 5094 658 5165 auferam
686 5092 1020 5160 sanguinem
1044 5103 1233 5145 eorum
1261 5087 1326 5142 de
1354 5102 1447 5143 ore
1473 5087 1718 5154 illorum,
1745 5091 1797 5144 et
1906 5083 2354 5143 transtulerunt.
2397 5079 2702 5136 Philistzim
2733 5079 3190 5150 interpretantur
3237 5076 3296 5165 in
3348 5074 3552 5165 lingua

67 5163 579 5246 abominationes
624 5196 815 5237 eorum
843 5178 910 5235 de
948 5177 1124 5234 medio
1174 5176 1421 5233 dentium
1469 5177 1715 5244 illorum,
1746 5186 1797 5234 et
1907 5180 2127 5240 nostra,
2156 5172 2406 5227 cadentes
2443 5170 2633 5241 poculo
2663 5185 2681 5223 :
2708 5166 2855 5223 801
2891 5166 3046 5238 quod
3078 5166 3149 5221 de
3179 5164 3356 5221 calice
3386 5163 3549 5220 bibe-

68 5271 507 5337 remanebunt
534 5278 585 5327 et
617 5272 714 5326 isti
740 5270 849 5325 Deo
877 5277 1080 5339 nostra,
1113 5270 1163 5321 et
1196 5268 1357 5322 erunt
1386 5270 1443 5320 ut
1472 5261 1796 5341 χιλίαρχος,

68 5363 203 5425 id
237 5364 356 5427 est,
384 5362 642 5417 tribunus
670 5360 731 5415 in
759 5358 900 5416 Iuda
932 5374 946 5414 :
978 5363 1031 5413 et
1061 5356 1299 5413 Accaron
1327 5355 1469 5443 sicut
1497 5356 1797 5423 Jebusams,

1908 5262 2026 5318 rint
2057 5259 2392 5334 Babylonis,
2424 5264 2482 5315 et
2528 5256 2800 5314 inebriati
2849 5256 3197 5312 corruerint.
3230 5255 3299 5308 Hi
3350 5253 3550 5324 itaque

1906 5357 2167 5424 tempore
2188 5346 2505 5405 vocationis
2527 5346 2792 5419 gentium
2813 5350 2869 5401 et
2889 5345 3171 5419 adventus
3195 5341 3406 5399 Christi
3433 5357 3550 5399 non

209 5520 297 5595 (α)
312 5519 525 5577 Victor.
538 5527 608 5590 ,et
622 5519 926 5576 dialecticis
946 5516 1150 5595 retibus
1170 5518 1221 5571 et
1239 5511 1651 5589 σειρειτῶνβω)
1673 5514 1799 5567 tea:-

64 5579 317 5661 tui-is.
538 5579 550 5590 ’
772 5659 791 5661 ᾉ
894 5659 899 5661 Α
1068 5592 1075 5595 “
1203 5655 1270 5661 ___
1318 5579 1333 5661 Ῐ
1527 5579 1643 5661 '_'

1979 5579 2041 5661 p.’
2069 5599 2132 5654 ιι,
2165 5581 2273 5640 col.
2304 5579 2430 5651 699,
2463 5579 2583 5637 not.

216 5662 424 5741 (b)Non
438 5662 648 5740 repetit
658 5661 751 5719 hic
768 5655 1353 5744 Regin.ms.nethct.
1369 5671 1583 5719 nomen
1594 5657 1795 5735 Tyrus.

458 5790 734 5875 Ρηιιοι..
765 5786 951 5855 XXV.

3159 5778 3234 5843 4⁸1

1979 5513 2050 5585 (c)
2079 5509 2284 5585 Confer
2311 5524 2438 5585 quas
2471 5506 2744 5580 superius
2783 5505 3161 5564 observamus
3190 5505 3263 5563 ad
3295 5502 3559 5578 Sophon.
