4034 6196
323 285 500 353 .1485

1026 285 1769 354 COMMENTARIORUM
1814 292 1893 351 ΙΝ
1939 286 2397 354 ZACHARIAM
2444 291 2589 353 LIB.
2665 292 2714 352 Ι.
2749 290 2921 353 CAP.
2959 290 3061 352 IX.
3192 321 3222 353 ι

3504 270 3509 278 ⁴
3588 288 3749 360 1486

342 388 486 474 dum
516 417 663 474 illud
696 421 850 492 quod
882 419 1132 493 legimus
1157 440 1171 478 :
1203 425 1423 480 Post-uta
1453 442 1486 479 ιι
1515 441 1618 494 me,
1649 429 1697 480 et
1726 425 1862 481 dabo
1882 427 1987 480 Ιίὸι
2017 430 2063 491 Α
2102 426 2231 480 Ecce
2257 428 2452 480 civitas
2489 426 2670 496 ﬁrma,
2706 426 2949 480 salutare
2979 430 3225 480 nostrum
3246 432 3412 495 ponet
3438 440 3657 478 murum
3688 431 3748 480 et

340 514 531 581 gentes
550 507 924 565 hereditatem
943 517 1115 577 tuam,
1137 516 1190 567 et
1210 515 1600 583 possessionem
1622 518 1777 570 tuam
1801 521 1987 570 termi-

342 612 438 653 nos
466 606 627 653 ιιι-νε
656 598 768 669 (Ps.
803 616 864 666 ιι,
897 600 973 668 8).
1007 600 1069 655 In
1092 601 1521 672 septuagesimo
1547 619 1778 675 quoque
1800 602 1988 675 primo

342 684 567 757 psalmo
599 687 709 743 sub
740 704 989 758 persona
1018 688 1345 745 Salomonis
1371 695 1427 745 et
1456 690 1579 746 veri
1599 691 1824 762 paciﬁci
1845 691 1988 746 dici-

339 778 439 829 tur
462 791 474 830 :
508 775 573 831 Et
600 766 1001 832 domanab‘itur
1028 794 1060 832 a
1092 780 1240 833 mari
1268 794 1438 851 usque
1460 779 1530 834 ad
1548 796 1721 847 mare,
1744 784 1795 836 et
1820 797 1855 835 a
1881 781 1987 850 ﬂu-

339 864 498 919 mine
525 880 695 936 usque
722 864 793 922 ad
822 868 987 922 terra:
1017 869 1279 922 terminos
1309 868 1486 938 (Vers.
1520 871 1603 935 8).

410 1041 596 1115 (Vers.
633 1043 718 1111 11,
755 1043 862 1110 12).
921 1045 994 1099 Tu
1030 1060 1239 1116 quoque
1268 1046 1329 1099 in
1357 1047 1633 1117 sanguine
1681 1048 1993 1102 testamenti

338 1132 424 1186 tui
450 1132 684 1187 emisisti
709 1132 910 1187 vinctos
938 1140 1055 1187 tuos
1082 1132 1149 1187 de
1179 1132 1303 1187 lacu
1335 1135 1396 1188 in
1422 1149 1526 1205 quo
1554 1149 1667 1189 non
1697 1142 1775 1190 est
1805 1152 1947 1208 aqua
1973 1154 1986 1191 :

339 1220 730 1276 convertimini
747 1219 817 1274 ad
838 1222 1218 1291 munitionem,
1243 1222 1413 1275 vincti
1433 1223 1577 1293 spei:
1604 1222 1759 1278 hodie
1784 1238 1993 1295 quoque

339 1309 681 1364 annuntians
709 1308 955 1379 duplicia
984 1308 1208 1364 reddam
1236 1310 1356 1365 tibi.
1391 1309 1531 1365 LXX
1555 1327 1568 1365 :
1603 1311 1666 1366 Et
1690 1319 1747 1366 tu
1769 1313 1831 1366 in
1858 1328 1991 1367 san-

338 1397 511 1466 guine
542 1399 853 1453 testamenti
880 1399 1115 1453 emisisti
1141 1400 1347 1454 vinctos
1376 1403 1495 1454 tuos
1524 1399 1591 1454 de
1624 1400 1745 1454 lacu
1766 1402 1864 1472 qui
1880 1416 1992 1456 non

341 1485 505 1541 habet
533 1502 734 1558 aquam
761 1504 774 1542 :
807 1484 1061 1542 sedebitis
1090 1487 1148 1540 in
1178 1489 1486 1542 munitione
1506 1489 1679 1543 vincti
1695 1504 1989 1559 congrega-

322 1564 524 1644 tionis,
551 1582 605 1630 et
624 1590 725 1645 pro
756 1591 865 1629 una
895 1575 982 1629 die
1009 1577 1469 1644 peregrinationis
1500 1576 1655 1632 804
1675 1580 1790 1633 tua?
1808 1576 1989 1649 dupli-

336 1664 423 1718 cia
450 1662 681 1718 reddam
712 1664 835 1719 tibi.
869 1662 1187 1735 Postquam
1230 1680 1422 1720 sermo
1456 1665 1774 1737 prophetas,
1807 1665 1989 1722 immo

337 1751 464 1822 ipse
488 1751 641 1806 Deus
664 1751 831 1807 Pater
850 1752 1240 1824 omnipolens,
1276 1754 1564 1808 nuntiavit
1593 1754 1731 1809 Sion
1752 1758 1809 1810 et
1826 1754 1991 1810 Jeru-

338 1839 522 1895 salem
544 1840 701 1912 quod
722 1841 942 1897 veniret
967 1842 1038 1897 ad
1063 1857 1163 1897 eas
1185 1857 1284 1896 rex
1305 1858 1472 1908 suus,
1499 1842 1683 1909 mitis,
1706 1848 1763 1898 et
1784 1860 1985 1899 ascen-

340 1929 483 1985 dens
510 1946 687 2002 super
705 1930 933 1985 asinam
955 1928 1349 2002 subjugalem,
1374 1935 1432 1985 et
1450 1930 1678 2002 pullum
1702 1932 1900 1999 asinae,
1933 1936 1991 1988 et

340 2021 596 2090 potestas
627 2018 755 2089 ejus
785 2022 940 2074 esset
969 2018 1165 2074 futura
1186 2035 1219 2073 a
1251 2018 1398 2073 mari
1424 2036 1610 2091 usque
1631 2021 1703 2075 ad
1727 2037 1907 2088 mare,
1932 2025 1990 2076 et

339 2121 375 2161 a
397 2105 742 2162 fluminibus
766 2122 951 2179 usque
972 2107 1043 2162 ad
1070 2107 1352 2163 terminos
1373 2112 1560 2174 terrae,
1578 2108 1713 2163 facit
1732 2113 1990 2181 apostro-

341 2194 518 2267 pham
540 2195 613 2250 ad
638 2195 831 2267 ipsum
854 2195 1175 2261 Christum,
1207 2196 1278 2251 de
1303 2213 1419 2268 quo
1440 2196 1778 2252 vaticinium
1802 2201 1908 2264 est,
1932 2202 1990 2253 et

337 2282 629 2356 loquitur:
654 2284 729 2339 Tu
748 2299 958 2356 quoque
980 2288 1039 2341 in
1058 2286 1328 2355 sanguine
1345 2288 1675 2353 testamenti,
1701 2285 1821 2341 sive
1835 2287 1989 2356 pacti

337 2375 446 2438 tui,
473 2374 707 2429 emisisti
736 2375 940 2430 vinctos
970 2377 1090 2430 tuos
1117 2373 1182 2429 de
1212 2375 1354 2445 lacu,
1391 2376 1447 2429 in
1469 2389 1575 2446 quo
1595 2390 1705 2429 non
1724 2383 1801 2429 est
1819 2390 1984 2445 aqua,

338 2460 499 2525 Quod
523 2461 605 2517 ita
623 2460 1003 2534 intelligitur:
1040 2464 1102 2517 In
1124 2462 1408 2534 sanguine
1432 2462 1723 2534 passionis
1744 2468 1857 2517 tua:
1887 2479 1987 2518 eos

337 2551 437 2623 qui
470 2551 646 2607 vincti
675 2551 733 2606 in
750 2567 979 2607 carcere
1000 2551 1350 2607 tenebantur
1371 2551 1605 2617 inferni,
1636 2551 1695 2606 in
1729 2568 1844 2623 quo
1870 2569 1985 2606 non

339 2644 431 2695 est
461 2639 579 2695 ulla
611 2640 1031 2710 misericordia,
1052 2644 1152 2695 tua
1173 2640 1483 2696 clementia
1512 2640 1793 2696 liberasti.
1817 2640 1983 2696 Deni-

336 2744 452 2798 que
484 2733 797 2800 postquam
828 2728 1114 2784 Dominus
1144 2730 1480 2796 resurrexit,
1513 2728 1570 2783 hi
1605 2729 1702 2800 qui
1734 2729 1985 2800 peccatis

334 2817 542 2886 Adam,
594 2818 734 2889 sive,
784 2822 848 2872 ut
895 2817 1136 2889 quidam
1167 2816 1387 2886 volunt,
1433 2818 1647 2873 erroris
1678 2817 1885 2888 incliti,
1918 2835 1983 2873 ac

333 2903 541 2960 mortis
570 2904 818 2961 vinculis
847 2906 1218 2971 tenebantur,
1251 2911 1695 2961 resurrexerunt
1724 2922 1859 2961 cum
1891 2923 1980 2975 eo,

330 2997 391 3050 et
419 2998 819 3067 apparuerunt
849 2994 908 3050 in
942 2999 1145 3051 sancta
1172 2994 1423 3051 civitate.
1455 2995 1537 3050 De
1560 2995 1664 3049 hoc
1694 2995 1980 3067 sanguine

331 3084 688 3154 testamenti,
719 3087 778 3139 et
808 3083 932 3157 ipse
955 3085 1215 3139 futuram
1238 3083 1504 3139 indicans
1524 3083 1880 3156 passionem,
1904 3085 1979 3139 ad

2018 1798 2065 1863 B

2095 514 2443 569 antemurale
2470 515 2620 582 (Isai.
2653 530 2806 579 xxvr,
2842 513 2915 585 1).
2947 512 3108 568 Hanc
3135 515 3331 567 autem
3354 511 3742 569 munitionem

2096 601 2169 655 ad
2200 617 2378 672 quam
2409 602 2560 657 Deus
2592 603 2929 658 cohortatur
2957 601 3181 656 vinctos
3211 600 3354 672 spei,
3379 600 3500 655 sive
3519 600 3743 657 vinctos

2096 696 2399 759 sperantes
2446 690 2732 762 Ecclesiae,
2789 708 2903 746 non
2953 690 3126 746 aliam
3168 690 3451 745 debemus
3482 688 3742 762 accipere

2098 778 2211 834 nisi
2233 779 2657 835 habitationem
2676 780 2953 852 paradisi,
2969 779 3026 833 in
3051 796 3228 851 quam
3247 778 3474 851 primus
3490 778 3744 834 cumDo-

2098 868 2258 922 mino
2290 869 2435 923 latro
2457 867 2759 939 ingressus
2781 874 2871 925 est
2901 870 3051 941 (Luc.
3085 870 3247 940 χχιιι)
3273 886 3285 923 :
3320 872 3376 924 et
3406 868 3621 923 idcirco
3639 883 3742 940 per

2097 955 2433 1012 Zachariam
2467 962 2853 1029 provocantur
2889 958 2961 1012 ad
3003 956 3410 1023 munitionem,
3445 956 3584 1029 quia
3612 958 3741 1028 jam

2097 1048 2237 1100 tnnc
2261 1049 2319 1101 et
2339 1062 2407 1101 ex
2431 1045 2528 1101 illo
2551 1050 2810 1118 tempore
2825 1046 3106 1101 Dominus
3128 1045 3524 1118 promittebat,
3550 1049 3617 1101 ut
3638 1062 3742 1118 pro

2100 1133 2252 1188 brevi
2274 1133 2669 1203 tribulatione,
2686 1139 2901 1189 aeterna
2917 1135 3240 1207 reciperent
3257 1133 3498 1206 premia.
3514 1134 3746 1201 Sive,ut

2097 1221 2155 1276 in
2180 1221 2315 1276 LXX
2336 1221 2579 1295 legitur:
2600 1239 2699 1295 pro
2722 1240 2834 1278 una
2853 1223 2940 1278 die
2953 1208 3746 1295 peregrinationis'tuaeﬁupli-

2097 1312 2183 1364 cia
2199 1310 2426 1366 reddam
2443 1312 2562 1366 tibi.
2582 1312 2658 1366 Ad
2684 1312 3181 1384 comparationem
3199 1311 3355 1367 enim
3378 1310 3742 1378 aeternitatis,

2099 1414 2271 1454 omne
2301 1400 2454 1470 quod
2487 1399 2745 1471 patimur
2769 1401 2826 1454 in
2858 1401 3078 1455 mundo
3108 1417 3227 1455 una
3246 1400 3369 1455 dies
3397 1399 3747 1472 appellanda

2100 1493 2208 1555 est,
2223 1500 2336 1542 non
2357 1486 2863 1556 habitationis,sed
2888 1488 3402 1561 peregrinationis:
3422 1488 3562 1560 quia
3579 1488 3749 1544 adve-

2101 1592 2185 1630 na:
2199 1592 2406 1632 sumus
2420 1580 2476 1632 et
2491 1578 2776 1649 peregrini
2793 1577 2946 1632 sicut
2958 1594 3163 1633 omnes
3176 1582 3371 1649 patres
3383 1576 3744 1633 nostri.Nam

2098 1663 2157 1718 in
2181 1665 2449 1736 praesenti
2476 1670 2952 1722 momentaneum
2976 1670 3033 1722 et
3049 1665 3171 1721 leve
3188 1665 3589 1722 tribulationis
3606 1682 3744 1722 nos-

2098 1755 2407 1825 tris,supru
2426 1754 2663 1809 modum
2688 1755 2746 1809 in
2765 1754 3123 1811 sublimitate
3140 1760 3363 1811 cateruae
3383 1754 3579 1827 gloriae
3598 1771 3744 1828 pon-

2091 1839 2201 1896 dus
2212 1841 2548 1912 operaturin
2564 1841 2867 1905 nobis,nnn
2881 1844 3410 1915 contemplantibus
3424 1844 3746 1917 qumvidenv

2098 1934 2214 1999 tur,
2229 1931 2329 1985 sed
2347 1947 2475 2001 quae
2495 1947 2609 1985 non
2628 1931 2898 1986 videntur
2914 1934 2985 2002 (ll
3001 1933 3120 1987 Cor.
3138 1933 3210 2004 li).
3225 1931 3361 1996 Quae
3378 1933 3534 1988 enim
3553 1933 3747 1989 viden-

2098 2017 2558 2089 tur,temporalia
2572 2024 2728 2085 sunt;
2744 2036 2870 2090 quae
2885 2026 3080 2075 autem
3098 2038 3209 2076 non
3222 2020 3749 2089 videntur,a3terna.

2171 2108 2356 2177 (Vers.
2413 2108 2521 2173 13.)
2572 2109 2843 2175 Quoniam
2888 2108 3114 2164 extendi
3143 2110 3283 2164 mihi
3318 2109 3538 2177 ludam,
3588 2111 3750 2180 quasi

2096 2211 2285 2251 arcum
2318 2196 2540 2266 implevi
2572 2196 2853 2266 Ephraim,
2881 2202 2932 2252 et
2960 2198 3233 2253 suscitabo
3252 2197 3395 2267 ﬁlios
3425 2203 3565 2267 tuos,
3587 2200 3745 2270 Sion,

2101 2300 2258 2354 super
2282 2284 2427 2354 ﬁlios
2457 2287 2597 2350 tuos,
2631 2284 2860 2350 Gra’cia,
2907 2290 2958 2340 et
2991 2302 3195 2357 ponam
3222 2295 3273 2342 te
3300 2289 3465 2358 quasi
3494 2287 3749 2355 gladium

2094 2374 2347 2443 fortium.
2382 2372 2554 2428 LXX:
2590 2374 2859 2441 Quoniam
2889 2374 3090 2429 tetendi
3117 2384 3186 2441 te,
3215 2375 3386 2440 Juda,
3418 2376 3562 2430 mihi
3586 2377 3749 2446 quasi

2096 2477 2311 2516 arcum:
2342 2462 2566 2532 implevi
2578 2462 2864 2532 Ephraim,
2887 2467 2941 2517 et
2958 2464 3240 2519 suscitabo
3260 2464 3405 2533 ﬁlios
3428 2472 3568 2531 tuos,
3586 2465 3743 2531 Sion,

2093 2565 2256 2620 super
2265 2551 2408 2621 ﬁlios
2430 2548 2822 2612 Crc'ecorumct
2834 2552 3132 2607 attrectabo
3149 2560 3199 2607 te
3212 2553 3373 2624 quasi
3389 2552 3641 2624 gladium
3649 2569 3749 2625 pu-

2093 2641 2360 2708 gnatoris.
2388 2639 2503 2694 Hoc
2522 2640 2547 2693 J
2560 2639 2703 2693 ιιόωὶ
2729 2640 2797 2694 ad
2823 2639 3287 2696 Machabzeorum
3310 2645 3575 2713 tempora
3600 2642 3745 2699 refe-

2095 2729 2359 2798 runt,qui
2390 2728 2573 2782 vicere
2595 2728 3026 2795 Macedonas,et
3056 2730 3423 2785 sordidatum
3454 2730 3745 2803 templum

2094 2815 2422 2871 idololatria
2487 2822 2617 2888 post
2647 2817 2824 2871 trium
2858 2822 2916 2873 et
2946 2819 3126 2875 semis
3155 2835 3443 2874 annorum
3478 2820 3745 2892 spatium

2094 2905 2544 2960 mundaverunt.
2579 2906 2859 2977 Quodque
2889 2906 3156 2978 sequitur
3182 2925 3195 2962 :
3229 2909 3398 2976 Quasi
3420 2925 3614 2964 arcum
3642 2911 3747 2965 im-

2088 2994 2235 3065 plevi
2265 2995 2546 3065 Ephraim,
2581 2994 2897 3067 significari
2928 2995 3243 3062 aestimant,
3286 2996 3388 3068 qui
3421 2997 3491 3053 de
3539 2998 3741 3055 decem

2092 3082 2364 3137 tribubus
2396 3098 2522 3154 quae
2552 3082 2924 3155 appellantur
2946 3084 3144 3156 Israel,
3166 3090 3448 3140 venerant
3475 3087 3587 3141 sub
3608 3087 3746 3142 Eze-

334 3171 656 3243 discipulos
676 3171 1052 3244 loquebatur:
1081 3173 1336 3244 Accipite,
1367 3181 1417 3228 et
1448 3173 1613 3228 bibite
1640 3188 1709 3228 ex
1736 3172 1835 3227 hoc
1861 3189 1974 3228 om-
2007 3164 2050 3230 C
2089 3170 2241 3236 chia,
2274 3170 2490 3243 quibus
2515 3172 2694 3227 etiam
2714 3172 2908 3228 Josias
2931 3189 3206 3245 regnasse
3231 3179 3627 3229 memoratur:
3660 3175 3745 3232 ita

332 3275 450 3315 nes:
467 3261 555 3315 hic
574 3268 651 3316 est
671 3263 820 3317 enim
838 3263 991 3317 calix
1008 3264 1139 3317 novi
1160 3264 1472 3317 testamenti
1490 3264 1550 3317 in
1569 3262 1843 3331 sanguine
1862 3277 1983 3317 meo

334 3347 545 3419 (Matth.
575 3366 727 3416 xxvx,
761 3350 852 3419 27,
882 3351 994 3418 28).
1023 3355 1088 3405 In
1125 3350 1302 3422 hujus
1331 3350 1862 3423 praeﬁgurationem
1893 3350 1984 3406 la-

334 3454 441 3493 cus
457 3438 557 3510 qui
573 3454 689 3493 non
714 3437 888 3494 habet
907 3439 1399 3511 aquas,etJosepb
1416 3456 1449 3494 a
1467 3439 1745 3494 fratribus
1764 3439 1984 3494 missus

333 3530 424 3582 est
451 3524 511 3582 in
542 3526 619 3598 (a)
651 3525 843 3583 lacum
875 3528 1011 3599 (Gen
1040 3527 1291 3598 xxxvu):
1323 3533 1380 3582 et
1410 3526 1610 3582 Daniel
1641 3528 1802 3598 (Dan.
1831 3530 1907 3594 vn)
1929 3533 1984 3582 et

331 3613 617 3670 Jeremias
648 3632 682 3670 a
702 3614 987 3671 Chaldmis
1009 3622 1064 3671 et
1086 3615 1300 3688 populo
1323 3615 1660 3671 Judaaorum
1688 3632 1701 3669 :
1737 3615 1984 3671 Banaias

332 3720 567 3777 quoque
581 3709 842 3777 tempore
861 3704 1010 3760 nivis
1031 3710 1088 3760 et
1109 3704 1343 3777 frigoris
1365 3704 1664 3760 descendit
1684 3704 1742 3759 in
1766 3704 1983 3774 lacum,

334 3796 400 3849 ut
429 3792 509 3848 ibi
540 3792 767 3849 leonem
809 3793 1162 3849 interficeret
1215 3794 1287 3864 (Il
1332 3794 1456 3864 Reg.
1490 3810 1647 3863 χχιιι,
1680 3793 1795 3863 20).
1826 3792 1983 3848 Jere-

334 3881 483 3938 mlas
500 3887 696 3937 autem
715 3898 827 3938 non
851 3882 910 3937 in
933 3899 1146 3955 aquam
1167 3881 1305 3949 laci;
1326 3882 1426 3937 sed
1447 3882 1504 3935 in
1527 3880 1715 3936 lutum
1732 3897 1987 3935 omnum-

2093 3260 2398 3315 dumtaxat
2418 3266 2484 3315 ut
2514 3261 2677 3333 prius
2695 3260 3097 3316 testimonium
3123 3261 3292 3317 aliter
3313 3279 3490 3334 quam
3518 3280 3626 3318 nos
3648 3278 3747 3319 ex-

2094 3349 2482 3421 planavimus,
2534 3350 3012 3421 interpretentur,
3062 3355 3119 3407 et
3147 3351 3383 3408 dicant:
3415 3351 3458 3407 0
3493 3351 3744 3421 Christe,

2093 3454 2269 3508 quem
2294 3454 2602 3508 speramus
2620 3436 2727 3509 [ΑΙ.
2750 3440 3155 3509 sperabamus]
3180 3457 3307 3496 esse
3333 3446 3669 3509 venturum,
3689 3446 3748 3497 et

2093 3527 2194 3598 qui
2225 3530 2577 3598 regnaturus
2608 3542 2671 3580 es
2701 3526 2759 3580 in
2793 3526 3085 3580 universis
3132 3527 3404 3583 terminis
3434 3531 3599 3582 terras
3633 3545 3646 3581 :
3682 3528 3742 3583 in

2094 3614 2379 3687 sanguine
2400 3613 2735 3669 testamenti
2758 3614 2841 3668 tui
2866 3630 2980 3685 quo
3002 3630 3374 3685 conspersum
3389 3614 3737 3685 Jerusalem,

2086 3705 2256 3775 juxta
2283 3701 2645 3757 Ezechielem’
2678 3701 2831 3773 (Cap.
2864 3702 2999 3773 xvx),
3034 3702 3092 3756 in
3123 3719 3229 3757 suo
3259 3703 3546 3775 sanguine
3575 3719 3741 3775 repe-

2096 3792 2245 3856 risti,
2266 3796 2323 3846 et
2345 3790 2506 3846 inisti
2533 3795 2765 3862 pactum
2790 3807 2921 3845 cum
2952 3790 3249 3845 Abraham
3273 3791 3332 3845 in
3353 3790 3745 3847 divisionibus

2093 3879 2259 3935 vituli
2282 3883 2339 3935 et
2359 3879 2557 3934 arietis
2582 3883 2639 3933 et
2658 3878 2839 3945 hirci;
2865 3876 3140 3933 dimisisti
3168 3877 3449 3950 populum
3471 3884 3641 3934 tuum
3666 3880 3751 3936 ls-

316 3987 451 4047 Oque
479 3970 589 4026 laci
616 3970 999 4044 demergitur,
1029 3972 1180 4043 quod
1217 3974 1414 4042 posset
1462 3969 1748 4025 suffocare
1798 3968 1989 4042 magis
2096 3968 2212 4024 rael
2236 3969 2306 4023 de
2329 3967 2660 4039 captivitate
2674 3971 2740 4022 et
2760 3965 2988 4022 camino
3007 3965 3509 4036 Chaldaeorum,in
3528 3967 3749 4040 quibus

336 4076 515 4131 quam
536 4059 877 4133 refrigerare
893 4058 1634 4131 sitientem(Jerem.xxxvn
1650 4063 1707 4114 et
1726 4062 1984 4127 xxxvm).
2097 4058 2251 4114 866
2298 4056 2460 4112 nulla
2507 4064 2627 4111 erat
2676 4054 3076 4111 misericordia
3108 4054 3258 4128 (Gen.
3288 4058 3403 4127 xv).
3438 4057 3752 4129 Propterea

337 4147 501 4204 Unde
547 4148 609 4203 in
661 4148 889 4220 psalmo
934 4147 1212 4205 scribitur
1238 4165 1251 4202 :
1307 4149 1518 4218 Inﬁxus
1546 4164 1667 4203 sum
1698 4149 1759 4201 in
1789 4148 1989 4203 limum
2098 4151 2152 4203 et
2182 4163 2303 4212 vos,
2337 4162 2369 4201 ο
2393 4144 2684 4210 Israelitze,
2712 4144 2816 4212 qui
2837 4144 3016 4199 vincti
3041 4145 3239 4212 eratis,
3263 4150 3321 4201 et
3344 4145 3668 4218 sperabatis
3690 4146 3753 4201 in

331 4238 618 4311 pro/undi,
672 4246 725 4293 et
772 4253 884 4293 non
928 4245 1009 4293 est
1050 4237 1352 4293 substantia
1393 4237 1504 4308 (Ps.
1540 4236 1752 4307 vam).
1788 4238 1850 4292 In
1881 4236 1990 4292 hoc
2101 4233 2365 4300 Domino,
2401 4231 2757 4287 revertimini
2786 4232 2858 4286 ad
2890 4230 3352 4288 munitissimam
3375 4231 3747 4288 Jerusalem:

336 4327 466 4382 lacu
495 4326 706 4382 inferni
727 4326 1066 4382 morabatur
1088 4325 1249 4381 dives
1270 4325 1365 4381 ille
1386 4325 1685 4397 quondam
1711 4342 1993 4397 purpura-
2100 4322 2379 4393 quoniam
2403 4320 2573 4375 hodie
2595 4319 2759 4375 vobis
2780 4318 3010 4375 habetis
3029 4321 3336 4375 Dominum
3358 4319 3752 4392 pollicentem,

335 4420 455 4487 tus,
487 4416 658 4487 cujus
688 4415 892 4488 lingua
913 4414 1292 4487 magniloqua
1314 4430 1619 4486 poenarum
1642 4414 1993 4469 exurebatur
2100 4412 2252 4478 quod
2290 4426 2390 4481 pro
2422 4408 2578 4464 brevi
2604 4408 2956 4479 captivitatis
2980 4408 3213 4480 injuria,
3236 4408 3533 4480 duplicata
3556 4410 3757 4466 omnia

335 4504 647 4575 incendiis,
696 4509 753 4560 et
792 4504 1087 4560 intantum
1121 4520 1236 4559 non
1269 4503 1523 4559 habebat.
1554 4501 1673 4557 ulla
1702 4518 1991 4573 aquarum
2029 4521 2069 4584 ι)
2101 4497 2573 4570 recipiatis,sicut
2592 4495 2879 4584 recepisse
2902 4495 3153 4584 legimus
3174 4501 3231 4551 et
3253 4496 3363 4551 Job
3384 4495 3539 4567 (Cap.
3564 4497 3705 4567 xm)
3737 4513 3751 4554 :

338 4593 659 4666 refrigeria,
693 4596 758 4649 ut
785 4593 1028 4649 extremi
1059 4590 1224 4664 digiti
1259 4591 1537 4663 pauperis
1566 4590 1733 4645 tincti
1757 4590 1815 4645 in
1842 4606 1994 4662 aqua
2030 4582 2055 4584 —
2100 4589 2278 4644 Juxta
2297 4585 2679 4658 trepologiam
2699 4583 2974 4639 hiclocus
2990 4582 3286 4654 explanari
3309 4584 3394 4639 sic
3413 4586 3755 4655 potestzEx-

338 4681 706 4754 refrigerium
729 4680 1055 4754 postularet
1074 4681 1225 4751 (Luc.
1252 4680 1391 4750 xv1).
1416 4679 1789 4750 Rursumque
1812 4680 1882 4734 ad
1907 4680 1993 4751 ip-

341 4787 438 4827 sos
457 4771 558 4842 qui
577 4770 755 4826 vincti
776 4775 963 4839 erant,
979 4768 1259 4825 etChristi
1284 4767 1687 4825 misericordia
1705 4767 1995 4824 liberandi

327 4875 541 4935 sermo
572 4859 876 4932 dirigitur:
907 4859 1313 4916 Convertimini
1341 4858 1411 4912 ad
1428 4857 1805 4927 munitionem,
1828 4857 1999 4911 vincti

346 4949 485 5020 spei.
519 4948 588 5003 Et
615 4952 705 5004 est
733 4964 943 5004 sensus
967 4964 980 5002 :
1014 4947 1122 5012 Qui
1153 4964 1308 5002 nunc
1330 4945 1508 5001 vincti
1528 4945 1671 5001 estis
1699 4950 1756 5000 et
1781 4944 1996 5001 immiti

342 5042 522 5109 atque
544 5036 792 5093 terribili
810 5036 1037 5093 inferno
1061 5036 1362 5103 tenemini,
1378 5034 1479 5106 qui
1502 5034 1855 5090 solutionem
1880 5033 1999 5089 vin-

342 5125 613 5182 culorum
644 5126 704 5180 in
735 5125 950 5182 Christi
982 5125 1231 5196 speratis
1263 5124 1535 5191 adventu,
1589 5120 1994 5177 convertimini

342 5216 417 5271 ad
449 5214 858 5284 munitionem,
884 5214 1002 5271 sive
1027 5214 1306 5270 sedebitis
1326 5212 1387 5267 in
1413 5212 1763 5280 munitione,
1788 5212 1859 5267 de
1882 5227 1999 5282 qua

342 5304 630 5377 scriptum
680 5310 812 5361 est:
865 5304 1268 5360 Munimentum
1316 5303 1496 5357 sancti
1547 5302 1710 5356 timor
1737 5301 1995 5362 Domini;

343 5391 497 5450 865
530 5398 599 5450 ut
627 5394 866 5466 possitis
899 5394 1125 5450 dicere:
1160 5393 1283 5448 Esto
1313 5389 1457 5445 mihi
1484 5392 1544 5444 in
1573 5390 1742 5444 Deum
1783 5396 1996 5459 protec-

340 5486 517 5539 torem
544 5486 594 5538 et
624 5485 682 5538 in
711 5481 898 5539 locum
920 5483 1218 5545 munitum,
1242 5482 1299 5535 ut
1330 5480 1543 5535 salvum
1563 5493 1652 5533 me
1672 5479 1849 5549 facias
1880 5477 1994 5549 (Ps.

346 5588 475 5642 axx,
506 5572 584 5645 3),
606 5578 664 5629 et
693 5573 765 5629 de
794 5572 957 5628 vobis
985 5586 1215 5644 quoque
1233 5568 1518 5643 propheta
1539 5570 1957 5622 commemoret
1981 5582 1993 5621 :

2104 4676 2362 4732 tenditur
2385 4674 2563 4730 Judas
2585 4674 2642 4727 in
2666 4689 2823 4738 arcu,
2841 4688 2973 4727 cum
2992 4672 3276 4727 Dominus
3298 4678 3472 4744 atque
3492 4672 3756 4729 Salvator

2106 4783 2139 4820 a
2168 4766 2335 4819 Patre
2365 4762 2423 4817 in
2456 4762 2611 4816 hunc
2644 4761 2932 4815 mundum
2981 4760 3255 4829 mittitur,
3291 4760 3393 4832 qui
3424 4760 3549 4833 ipse
3579 4764 3670 4817 est
3698 4765 3755 4817 et

2106 4869 2296 4921 arcus,
2347 4856 2403 4906 et
2444 4849 2783 4922 sagittarius
2827 4854 2883 4904 et
2917 4849 3150 4921 sagitta.
3184 4854 3391 4917 Arcus,
3426 4855 3490 4904 ut
3516 4849 3576 4904 in
3608 4866 3755 4922 prte-

2106 4941 2254 4997 senti
2288 4940 2430 4995 loco.
2464 4938 2837 5009 Sagittarius,
2870 4942 2934 4993 ut
2976 4939 3034 4992 in
3067 4938 3512 5010 quadregesimo
3544 4942 3753 5011 quarto

2107 5030 2379 5104 psalmo:
2430 5028 2665 5096 Sagittae
2721 5035 2835 5084 tua?
2890 5035 3061 5082 acuta
3113 5029 3503 5099 potentissimae
3558 5027 3751 5098 (Psal.

2106 5136 2253 5185 κων,
2303 5120 2389 5187 6),
2439 5116 2655 5187 quibus
2704 5117 2809 5188 (Al.
2844 5116 2968 5189 qui[
3000 5132 3134 5171 cum
3184 5116 3361 5171 fuerit
3391 5115 3751 5186 vulneratus,

2107 5208 2248 5263 dicit
2280 5224 2291 5262 :
2369 5206 2689 5261 Vulneratus
2734 5205 3002 5259 charilate
3051 5220 3147 5273 ego
3175 5220 3300 5259 sum
3329 5204 3522 5277 (Cant.
3572 5221 3645 5274 ιι,
3678 5204 3758 5276 5).

2107 5298 2331 5370 Sagitta
2380 5309 2535 5359 vero,
2586 5293 2713 5365 ipse
2762 5298 2850 5348 est
2897 5293 2996 5364 qui
3048 5293 3308 5365 loquitur
3347 5309 3450 5365 per
3496 5294 3757 5348 Isaiam:

2111 5388 2297 5442 Posuit
2325 5400 2412 5438 me
2438 5384 2577 5437 sicut
2604 5383 2867 5449 sagittam
2915 5382 3158 5452 electam,
3190 5391 3241 5437 et
3271 5384 3332 5437 in
3360 5382 3626 5453 pharetra
3652 5397 3757 5438 sua

2106 5472 2385 5531 abscondit
2416 5487 2506 5527 me
2550 5472 2700 5541 (1δαί.
2731 5486 2882 5539 xmx,
2913 5470 2990 5541 2).
3025 5470 3249 5541 Sagitta
3278 5470 3478 5534 electa,
3512 5470 3757 5528 verbum

2108 5562 2207 5619 Dei
2229 5567 2344 5627 est;
2372 5559 2644 5632 pharetra
2661 5557 2720 5611 in
2739 5573 2857 5628 qua
2877 5557 3091 5629 sagitta
3111 5558 3510 5630 absconditur,
3527 5558 3761 5634 dispen.

417 5678 496 5756 (α)
522 5678 727 5751 Voces,
762 5680 821 5740 in
854 5677 1057 5753 lacum,
1090 5693 1205 5738 non
1234 5676 1411 5737 habet
1440 5671 1645 5751 Regia.
1671 5689 1782 5733 ms.
1807 5671 1909 5758 qui
1937 5677 1994 5736 et
2027 5673 2272 5739 Eleanan
2304 5683 2408 5745 pro
2442 5665 2709 5739 Banaias,
2743 5662 2920 5741 paulo
2951 5668 3083 5741 post
3111 5664 3364 5739 praefert.
