4034 6196
429 264 583 324 1487
1673 280 1737 337 s.
1785 277 2021 338 anser

2140 278 2585 345 HIERONYMI
3597 299 3711 366 1m

427 395 574 460 satio
604 397 796 453 carnis
840 405 1176 502 assumptis.
1218 401 1336 459 Hac
1363 403 1643 478 impletur
1672 407 1970 481 Ephraim,
2005 413 2068 464 ut
2097 411 2149 478 Α
2253 411 2440 485 (Vers.
2477 416 2561 480 15,
2597 417 2710 483 16.)
2755 416 2820 473 Et
2859 417 3192 476 devorabunt
3227 429 3274 478 et
3297 424 3713 502 subiicientlapidi.

320 480 336 500 ‘
425 487 1029 594 cumarmatusfueri't
1045 495 1100 546 et
1117 496 1355 594 paratus
1373 494 1443 549 ad
1464 494 1680 552 bellum
1693 480 1770 564 ,et
1790 498 1805 551 i
1814 515 1914 570 pse
1932 514 2068 553 cum
2178 480 2273 557 bus
2287 503 2504 574 fundw:
2531 509 2580 560 et
2601 480 2840 562 bibentes
2861 508 3274 565 inebriabuntur
3292 480 3437 584 quasi

423 573 697 672 geptibus
726 577 956 672 sagittis
987 579 1216 636 Domini
1246 583 1601 653 vulneretur,
1631 603 1699 642 ex
1721 589 1890 657 cujus
1912 587 2066 642 tribu
2177 609 2211 646 a
2240 573 2406 663 vino],
2440 598 2490 648 et
2520 594 2874 666 replebantur
2900 601 2960 651 ut
2982 598 3212 669 phialae,
3235 609 3282 656 et
3303 573 3449 672 guasi
3472 573 3713 664 corn‘uaﬂa‘l;

424 661 650 751 Primus
667 665 948 738 ΡορυῙωΠ
969 669 1142 724 δοίάίί
1157 671 1463 728 JBPObORm
1483 675 1582 738 (ῙῘῙ
1607 675 1725 746 “6’9-
1758 677 1866 744 12),
1891 693 2067 748 quem
2179 683 2335 747 taris,
2359 661 2412 736 et
2431 661 2667 738 salva-bit
2688 701 2776 740 eos
2797 661 3055 743 Dominus
3082 661 3222 744 Deus
3242 661 3413 746 eorum
3431 693 3485 748 in
3498 693 3570 750 die
3585 661 3715 751 illaut

422 750 482 852 in
515 751 918 856 hze‘reticorum
951 774 1198 856 persona
1228 761 1433 834 accipi,
1461 763 1605 818 Osee
1638 764 1918 836 propheta
1944 763 2064 836 ple-
2173 786 2387 840 gregem
2401 773 2591 842 pepuli
2604 774 2857 844 sui,quia
2874 775 3079 847 lapides
3093 779 3270 833 sancti
3283 778 3717 856 elevabantursuper

425 840 558 897 nius
577 842 1093 918 demonstrat(Ose.
1111 867 1143 903 v
1160 853 1216 904 et
1231 854 1328 921 νι),
1346 856 1402 906 et
1417 853 1570 924 quod
1589 853 2064 924 supradiximus:
2177 840 2412 913 terram'
2435 840 2572 928 eius.
2608 840 2746 915 LXX
2781 879 2793 916 :
2847 867 2911 918 Et
2927 840 3252 920 consument
3277 883 3375 936 eos,
3405 872 3450 923 et
3474 840 3660 926 obruent
3676 875 3717 927 in

423 931 556 987 Filii
573 933 865 1004 Ephraim,
881 937 1220 993 tntendentes
1236 942 1288 994 et
1307 942 1581 996 mittentes
1603 943 2069 1007 arcum,conversi
2177 947 2449 1018 lapidibus
2478 949 2688 1019 fundae,
2721 955 2771 1006 et
2803 952 2984 1007 bibent
3012 957 3332 1024 sanguinem
3356 931 3519 1013 eorum
3539 962 3648 1016 sicut
3661 964 3719 1016 vi-

420 1028 549 1077 sunt
571 1025 630 1078 in
651 1024 738 1080 die
763 1024 901 1081 belli
929 1029 1041 1097 (Ps.
1077 1045 1280 1097 Lxxvu,
1312 1028 1387 1100 9).
1423 1029 1753 1086 Suscitante
1775 1030 1929 1086 enim
1957 1036 2062 1086 Do-
2175 1052 2328 1103 num,
2361 1045 2413 1091 et
2443 1037 2744 1108 implebunt
2770 1042 2913 1095 sicut
2937 1041 3158 1112 phialas
3187 1044 3381 1114 altare,
3402 1047 3720 1103 etsalvabiteos

425 1111 584 1168 mino
615 1111 767 1169 filios
810 1114 974 1185 Sion,
1014 1115 1120 1171 hoc
1164 1123 1271 1184 est,
1325 1117 1476 1174 filios
1522 1119 1807 1188 Ecclesiae,
1843 1124 1899 1174 et
1929 1136 2062 1175 con-
2173 1125 2436 1179 Dominus
2458 1127 2517 1179 in
2537 1126 2623 1181 die
2645 1126 2745 1182 illa
2765 1129 2901 1182 sicut
2920 1111 3040 1184 oves
3054 1131 3311 1202 populum
3328 1111 3610 1205 suum,quia
3627 1135 3724 1207 lapi-

422 1199 735 1256 trariorum
783 1204 1123 1276 dogmatum
1177 1206 1458 1280 magistri,
1491 1212 1547 1263 et
1579 1207 1994 1280 philosophoru
2007 1226 2058 1262 m
2173 1215 2264 1268 des
2283 1215 2463 1269 sancti
2482 1214 2770 1271 volventur
2785 1233 2948 1289 super
2966 1199 3168 1274 terram
3186 1221 3312 1292 ejus.
3329 1220 3427 1276 Pro
3442 1199 3636 1293 ecquod
3650 1199 3723 1280 nos

421 1289 614 1350 omnis
627 1292 1071 1364 assertio,atque
1088 1299 1431 1366 argumenta
1447 1295 1751 1368 gentilium
1767 1297 2065 1352 destruen-
2174 1300 2449 1370 diximus,
2501 1304 2879 1372 elevabuntur,
2926 1311 2982 1361 et
3011 1307 3070 1361 in
3102 1289 3372 1364 Hebraico
3402 1289 3639 1383 scrip-tum
3662 1316 3726 1367 est

376 1372 380 1376 “
420 1384 536 1444 tur,
567 1381 706 1451 quia
736 1380 861 1452 ipse
893 1382 1174 1438 Dominus
1194 1383 1426 1454 gladius
1449 1384 1687 1440 fortium
1713 1389 1822 1450 est,
1856 1385 1926 1440 de
1947 1402 2064 1456 quo
2173 1407 2614 1448 METHNOSASOTH
2649 1393 3022 1466 (meeum),
3055 1401 3245 1468 potest
3272 1372 3598 1469 interpretari
3613 1397 3724 1455 868

419 1469 668 1525 dicitur:
703 1473 995 1541 Accingere
1023 1473 1206 1542 gladio
1237 1483 1328 1530 tuo
1357 1491 1520 1546 super
1547 1477 1727 1542 femur
1753 1478 1930 1544 tuum,
1964 1491 2061 1547 ρο·
2170 1487 2442 1551 vagantes,
2459 1479 2577 1536 sive
2591 1483 2880 1553 fugientes.
2907 1483 3186 1540 Protectis
3207 1484 3339 1541 filiis
3359 1485 3569 1553 Sion,et
3583 1486 3726 1542 Domi-

418 1562 739 1616 tentissime.
792 1562 978 1634 Specie
1025 1571 1120 1618 tua
1151 1567 1201 1617 et
1225 1564 1639 1635 pulchritudine
1667 1573 1780 1631 tua,
1815 1565 2057 1634 intende,
2172 1583 2245 1622 no
2271 1572 2529 1638 canente,
2552 1573 2610 1625 et
2631 1570 2873 1625 vadente
2895 1570 2952 1625 in
2976 1572 3207 1629 turbine
3229 1577 3420 1630 contra
3439 1574 3726 1630 adversarios

409 1665 671 1721 prospere
688 1651 916 1722 procede
942 1657 995 1707 et
1023 1669 1226 1723 regna;
1252 1657 1475 1725 pr0pter
1502 1655 1786 1709 veritatem
1814 1658 1865 1708 et
1893 1671 2058 1708 man-
2170 1672 2392 1727 eorum,
2425 1661 2587 1713 tanta
2616 1658 2725 1713 erit
2754 1659 2924 1715 ruina
2953 1659 3305 1732 Graecorum,
3349 1665 3410 1717 ut
3451 1679 3550 1718 non
3584 1662 3727 1719 dicam

414 1747 759 1804 suetudinem
789 1755 839 1802 et
870 1746 1162 1814 iustitiam,
1195 1752 1245 1798 et
1265 1743 1489 1798 deducet
1505 1745 1558 1797 te
1576 1742 1912 1797 mirabiliter
1933 1742 2062 1798 dex-
2092 1773 2137 1836 Β
2171 1742 2519 1818 gladiis,sed
2535 1748 2698 1818 jactu
2719 1747 2980 1820 lapidum
3000 1755 3056 1804 et
3075 1750 3384 1806 fundarum
3405 1750 3648 1807 rotatibus
3662 1767 3730 1824 op-

415 1843 540 1893 tera
567 1842 663 1894 tua
696 1836 856 1910 (Ibid.
879 1853 1026 1902 XLIV,
1051 1836 1083 1889 4
1105 1836 1155 1888 et
1174 1833 1361 1904 seqq.).
1396 1832 1513 1888 Hoc
1543 1831 1735 1903 gladio
1764 1831 2058 1904 Ethiopes
2092 1831 2132 1836 ”
2168 1834 2518 1904 primantur,
2544 1835 2623 1890 ita
2645 1840 2709 1891 ut
2730 1838 2936 1908 praedae
2957 1838 3077 1893 sint
3098 1843 3155 1894 et
3177 1839 3514 1895 devorationi
3534 1838 3729 1895 inimicis

413 1931 818 1994 vulnerantur,
847 1928 918 1983 de
941 1925 1156 1996 quibus
1177 1923 1461 1994 scriptum
1485 1926 1606 1977 est:
1631 1922 1694 1975 Et
1713 1936 1823 1986 vos,
1847 1919 2057 1976 ithio-
2168 1922 2313 1978 suis.
2331 1924 2491 1978 Tunc
2508 1924 2775 1981 bibentes
2793 1925 3242 1982 inebriabuntur
3256 1929 3416 2000 quasi
3433 1926 3731 1984 vino.Nonhi

411 2040 526 2095 pes,
585 2021 864 2078 vulnerati
917 2032 1034 2072 meo
1082 2013 1264 2086 gladio
1309 2013 1464 2066 eritis
1507 2009 1690 2081 (Soph.
1723 2027 1793 2076 ιι,
1829 2010 1926 2078 12)
1958 2009 2056 2080 qui
2167 2011 2267 2082 qui
2299 2012 2429 2067 caesi
2462 2017 2622 2082 sunt,
2657 2013 2801 2069 ebrii
2825 2019 2996 2070 erunt
3017 2017 3306 2088 sanguine
3332 2033 3461 2085 suo;
3493 2017 3577 2072 sed
3594 2015 3731 2087 hiqui

413 2117 725 2184 postquam
752 2107 963 2166 Christi
985 2104 1178 2178 gladio
1204 2100 1419 2157 fuerint
1439 2098 1742 2169 vulnerati,
1768 2098 2060 2170 deponent
2166 2099 2411 2156 vicerint
2431 2101 2599 2173 quasi
2621 2101 2767 2157 ebrii
2786 2119 2917 2157 cum
2941 2103 3345 2175 desperatione
3367 2105 3683 2178 pugnabunt,
3695 2105 3735 2158 et

412 2205 628 2257 tetrum
645 2197 918 2264 colorem,
937 2201 992 2250 et
1008 2192 1362 2250 exsultantes
1378 2188 1720 2260 loquentur:
1746 2189 1865 2242 Erit
1880 2187 2058 2259 splen-
2164 2187 2735 2260 placebuntDomino
2755 2191 2921 2262 quasi
2939 2190 3140 2248 altaris
3157 2209 3392 2259 cornua,
3409 2191 3734 2265 ejusqueliba-

409 2291 509 2346 dor
553 2289 774 2344 Domini
820 2287 930 2342 Dei
973 2283 1150 2338 nostri
1193 2295 1358 2351 super
1398 2293 1495 2332 nos
1524 2276 1632 2348 (Ps.
1668 2293 1890 2346 Lxxxur,
1925 2277 2050 2348 17):
2161 2277 2260 2332 tio.
2285 2279 2396 2332 Hoc
2418 2277 2574 2332 enim
2597 2277 3022 2352 intelligiturin
3049 2280 3283 2352 phialis,
3301 2281 3502 2354 quibus
3519 2277 3735 2352 superal-

409 2379 567 2451 quod.
593 2383 652 2433 et
680 2373 1000 2432 David'sibi
1031 2375 1164 2443 post
1202 2365 1601 2442 paenitentiam
1647 2363 2005 2437 repromittit
2036 2383 2049 2419 :
2163 2370 2285 2421 tare
2317 2365 2436 2421 liba
2467 2366 2812 2422 funduntur.
2848 2367 3107 2424 Salvabit
3138 2386 3371 2442 quoque
3394 2369 3642 2425 Dominus
3664 2382 3734 2422 eos

405 2439 641 2525 iacebis
660 2482 771 2530 me,
789 2471 838 2520 et
855 2478 1020 2534 super
1031 2439 1221 2515 nivem
1243 2457 1541 2514 dealbabor
1560 2455 1744 2527 (Ibid.,
1770 2471 1820 2520 ι,
1846 2453 1924 2525 9).
1941 2454 2054 2509 Iste
2162 2455 2464 2511 sicutoves
2476 2459 2531 2511 et
2547 2472 2780 2529 gregem
2800 2455 2998 2529 populi
3017 2458 3107 2514 sui
3125 2484 3137 2514 :
3156 2439 3446 2514 non—enim
3462 2461 3740 2514 utarmatus

409 2563 499 2614 est
526 2555 757 2629 gladius
788 2553 861 2608 de
889 2568 1003 2624 quo
1034 2548 1239 2606 scribit
1273 2543 1582 2618 Apostolus
1607 2561 1620 2596 :
1662 2544 1849 2601 Vivens
1877 2557 2053 2598 sermo
2161 2544 2448 2620 exercitus
2480 2548 2536 2599 et
2566 2543 2891 2601 instructus
2923 2548 3046 2601 arte
3070 2546 3330 2602 bellandi
3351 2547 3626 2602 adversum
3647 2544 3738 2600 Ma-

407 2647 512 2704 Dei
540 2654 590 2701 et
627 2645 847 2715 efﬁcax,
898 2645 950 2696 et
986 2636 1383 2712 penetrabilior
1411 2635 1562 2690 omni
1588 2632 1772 2701 gladio
1801 2633 2049 2703 ancipiti,
2161 2634 2407 2688 cedones
2433 2633 2769 2702 dimicabit;
2792 2634 2894 2689 sed
2915 2635 3105 2690 veniet
3127 2637 3298 2707 quasi
3321 2651 3455 2709 grex
3473 2637 3673 2708 paratus
3689 2630 3741 2687 ad

405 2744 458 2795 et;
480 2736 802 2807 pertingens
839 2744 1008 2803 usque
1035 2727 1106 2783 ad
1134 2727 1460 2781 divisionem
1486 2723 1685 2776 animae
1710 2737 1774 2775 ac
1800 2721 2049 2790 spiritus.

478 2824 658 2896 (Vere.
714 2823 778 2876 14
806 2824 826 2888 )
878 2821 938 2874 Et
975 2818 1238 2874 Dominus
1271 2819 1419 2870 Deus
1449 2827 1613 2882 super
1639 2825 1726 2866 eos
1756 2809 2049 2875 videbitur,

406 2913 553 2972 807
572 2921 622 2968 et
641 2911 816 2967 exibit
835 2913 899 2963 ut
919 2907 1108 2978 fulgur
1118 2903 1380 2976 jaculum
1400 2901 1601 2971 ejus,et
1623 2899 1893 2954 Dominus
1915 2899 2052 2953 Deus
2161 2905 2396 2971 propter
2425 2899 2699 2955 duritiam
2732 2900 3176 2995 tribulationum
3211 2907 3270 2958 et
3299 2902 3476 2958 animi
3505 2899 3708 2995 fortitudi

403 3010 465 3064 in
487 3005 618 3061 tuba
635 3001 873 3070 canet,et
893 2996 1047 3054 vadet
1068 2996 1128 3049 in
1145 2993 1370 3048 turbine
1388 2991 1596 3044 Austri.
1619 2989 1882 3044 Dominus
1899 3003 2052 3042 επεν·
2161 3005 2294 3044 nem
2335 2989 2742 3060 (elevabuntur
2772 2989 2842 3044 de
2872 2987 3205 3046 humilitate
3255 3008 3382 3059 sua,
3430 2994 3484 3047 et
3522 2991 3665 3046 erunt
3697 2987 3741 3040 in

400 3097 616 3152 cituum
660 3091 900 3161 proteget
946 3101 1052 3140 eos.
1102 3081 1239 3137 LXX
1272 3097 1285 3134 :
1328 3081 1394 3134 Et
1421 3079 1686 3133 Dominus
1713 3078 1856 3132 Deus
1886 3093 2050 3147 super
2081 3141 2119 3161 η
2159 3084 2312 3134 terra
2341 3077 2500 3134 illius
2531 3077 2787 3150 gloriosi.
2821 3078 3046 3135 Aliter:
3083 3079 3332 3152 Lapides
3362 3077 3538 3135 sancti
3565 3078 3669 3148 ejus
3689 3071 3740 3128 de

913 3177 963 3228 et
983 3170 1289 3242 egredietur
1308 3169 1448 3222 sicut
1466 3165 1663 3237 fulgur
1680 3166 1881 3236 sagitta
1895 3141 2010 3237 ejus
2028 3183 2045 3219 :
2078 3141 2120 3208 α
2156 3184 2365 3240 genere
2378 3141 2723 3222 sacerdotali
2738 3183 2839 3239 per
2851 3167 3078 3224 diversa
3091 3168 3147 3223 fu
3154 3141 3499 3242 gientes,illo
3511 3141 3741 3222 tribuente

400 3253 452 3329 et
472 3271 736 3327 Dominus
757 3266 892 3320 Deus
913 3263 988 3334 (a)
1009 3260 1347 3330 omnipotens
1365 3255 1580 3312 sonabit
1611 3255 1667 3308 in
1679 3253 1840 3321 tuba,
1870 3258 1922 3308 et
1946 3255 2046 3309 ibit
2153 3255 2452 3312 victoriam
2470 3260 2919 3328 consequentur,
2937 3257 3207 3312 dicamus
3227 3263 3287 3314 et
3297 3259 3464 3330 juxta
3477 3261 3736 3350 anagogen,

399 3365 461 3417 in
489 3355 846 3414 commotione
873 3350 1098 3407 terroris
1126 3349 1233 3402 sui.
1272 3345 1528 3400 Dominus
1559 3345 1894 3414 omnipotens
1920 3358 2021 3413 pro

2151 3346 2333 3400 immo
2347 3343 2724 3417 explanemus
2743 3344 3108 3418 prophetiam
3130 3346 3340 3402 multis
3353 3341 3736 3403 obscuritatibus

395 3455 534 3520 teget
559 3461 667 3502 eos.
699 3445 770 3499 Et
800 3442 956 3500 hunc
977 3438 1170 3494 locum
1192 3436 1264 3492 ad
1287 3433 1749 3492 Machabeeorum
1783 3432 2042 3520 referunt
2150 3433 2491 3489 involutam.
2517 3433 2642 3488 Filii
2666 3433 2803 3489 Sion
2825 3434 3066 3506 protecti
3091 3451 3124 3489 a
3145 3433 3398 3491 Domino
3419 3451 3539 3502 suo,
3559 3433 3740 3520 devora-

390 3518 656 3608 tempora
684 3531 839 3604 quod
873 3527 990 3585 illis
1021 3529 1223 3582 contra
1243 3521 1594 3619 Antiochum
1616 3519 2037 3619 dimicantibus
2146 3522 2680 3619 bunt-adversarios
2696 3539 3038 3619 suos,nquos-
3059 3521 3602 3619 intelligimus-filios
3621 3518 3738 3619 (ira-

387 3607 562 3697 atque
583 3620 971 3684 vincentibus,
996 3614 1222 3671 Domini
1245 3610 1419 3668 fuerit
1439 3626 1636 3707 pugna
1657 3613 1832 3707 atque
1853 3608 2032 3707 victo-
2143 3611 2262 3707 piae:
2279 3611 2348 3707 Et
2362 3610 2677 3707 subjicient
2696 3607 3740 3707 lepidibus-iuncia2,comminationibus

388 3693 497 3782 ria,
527 3713 629 3785 qui
652 3725 923 3784 egressus
949 3707 1026 3762 sit
1045 3703 1210 3760 fortis
1232 3702 1302 3756 ad
1327 3699 1609 3771 praelium,
1635 3702 1692 3752 et
1712 3698 1898 3754 instar
1918 3695 2030 3752 ful-
2142 3699 2676 3771 Scripturarum,de
2696 3700 3047 3756 adversariis
3067 3701 3193 3756 suis
3213 3702 3505 3773 subjectos
3520 3693 3740 3754 humiles-

383 3799 720 3876 gurisillius
739 3785 2026 3882 potentiaapparueritvictisqueadversariis,
2139 3805 2252 3861 que
2284 3789 2588 3882 facientes:
2614 3787 2760 3882 nihil
2783 3789 2940 3844 enim
2966 3789 3047 3882 ita
3068 3790 3346 3882 percutit,
3382 3795 3444 3845 ut
3463 3790 3739 3882 exemplum

381 3873 441 3949 et
469 3888 724 3948 turbinis
746 3889 929 3942 morte
949 3879 1252 3954 dispersis,
1276 3877 1586 3950 protexerit
1618 3873 1896 3948 populum
1919 3875 2028 3930 Ju-
2138 3878 2207 3932 de
2219 3877 2846 3949 Scripturissanctis,et
2862 3878 3270 3934 testimonium
3288 3883 3476 3936 rotatu
3490 3875 3592 3932 oris
3607 3873 3740 3970 emis.-

382 3982 660 4036 deorum.
675 3981 792 4031 Nos
815 3979 1011 4030 autem
1034 3971 1353 4026 referemus
1374 3970 1583 4021 cuncta
1603 3964 1673 4018 ad
1701 3963 2028 4036 intelligen-
2135 3982 2288 4022 sum.
2317 3967 2480 4032 Quod
2511 3971 2707 4022 autem
2733 3966 2792 4021 in
2817 3965 2963 4021 LXX
2985 3966 3206 4023 dicitur
3231 3985 3245 4024 :
3281 3973 3350 4024 Et
3375 3969 3544 4024 bibent
3562 3963 3743 4033 sangui-

377 4071 522 4127 tiam
553 4064 890 4130 Salvatoris,
925 4061 997 4116 de
1027 4075 1141 4131 quo
1172 4072 1352 4129 supra
1381 4055 1603 4110 dictum
1634 4056 1757 4108 est:
1790 4053 2026 4109 Extendi
2129 4069 2256 4109 nem
2286 4069 2474 4110 eorum
2499 4056 2659 4126 quasi
2677 4056 2887 4122 vinum,
2911 4055 2970 4109 in
2994 4056 3238 4112 Hebraeo
3265 4074 3382 4113 non
3405 4055 3483 4111 ita

373 4157 518 4213 mihi
537 4155 743 4213 ludam
781 4151 936 4222 quasi
966 4165 1176 4204 arcum.
1210 4147 1332 4210 Quo
1362 4147 1618 4210 extenso,
1652 4146 1709 4197 et
1738 4141 2022 4198 hmreticis
2131 4143 2231 4198 sed
2254 4143 2490 4198 bibentes
2511 4143 2938 4199 inebriabuntur
2960 4149 3118 4216 quasi
3133 4148 3371 4214 vino,ut
3387 4143 3609 4238 audiant
3626 4134 3741 4238 illud

375 4250 554 4316 atque
580 4240 900 4315 gentilibus
929 4255 964 4294 a
991 4236 1130 4292 Sion
1163 4233 1301 4289 ﬁliis
1329 4231 1670 4322 interfectis,
1720 4231 2024 4322 apparebit
2130 4233 2200 4322 de
2222 4231 2839 4322 Canticocanticorum
2874 4252 2886 4290 :
2919 4235 3116 4303 Bibtte,
3144 4237 3338 4306 amici,
3363 4242 3412 4291 et
3433 4231 3738 4322 inebriamini

373 4333 558 4407 gloria
581 4330 910 4400 Domini,et
939 4325 1269 4399 egredietur
1289 4325 1354 4377 ut
1373 4321 1568 4394 fulgur
1606 4318 1871 4418 jaculum
1893 4320 2020 4418 ejus
2129 4321 2304 4418 (Dant.
2340 4337 2394 4391 v,
2426 4321 2601 4418 1)-.AE_t
2632 4322 2712 4376 ita
2742 4320 3004 4418 placebit
3027 4339 3230 4378 eorum
3292 4318 3739 4418 ebrietas,

372 4403 442 4479 de
472 4439 587 4494 quo
618 4419 848 4492 fulgure
867 4421 925 4473 et
954 4417 1014 4470 in
1045 4415 1278 4469 Abacuc
1299 4410 1554 4484 legimus
1579 4427 1592 4461 :
1624 4410 1687 4463 In.
1707 4410 1826 4464 luce
1847 4410 2017 4479 sagit-
2127 4408 2326 4465 altaris
2347 4409 2697 4464 sacrificium
2721 4428 2734 4478 ;
2759 4415 2816 4465 et
2837 4409 3007 4482 quasi
3030 4429 3272 4484 cornua,
3292 4412 3414 4468 sive
3433 4407 3610 4482 anguli
3628 4403 3738 4459 alta-

371 4519 556 4570 tarum
573 4519 796 4566 tuarum
815 4507 971 4562 ibunt
991 4506 1048 4560 in
1065 4502 1349 4575 splendore
1365 4499 1706 4570 fulgurantis
1726 4497 1894 4552 hastae
1911 4507 2022 4554 tua?
2055 4504 2097 4567 D
2131 4499 2231 4554 ris.
2254 4499 2509 4554 Salvabit
2532 4515 2764 4571 quoque
2787 4515 2885 4554 eos
2903 4499 3206 4568 Dominus,
3235 4500 3408 4573 quasi
3430 4511 3633 4573 gregem
3651 4505 3735 4564 p0-

2163 2726 2435 2786 mortem,
2456 2727 2513 2777 et
2534 2721 2778 2778 Domino
2801 2723 3136 2792 auxiliante,
3163 2723 3475 2796 superabit.
3491 2723 3550 2778 Et
3569 2721 3739 2794 lapides

2161 2811 2346 2866 sancti
2395 2812 2491 2879 qui
2540 2811 2802 2883 oppressi
2857 2811 3075 2867 iuerint
3103 2812 3355 2885 (lapides
3386 2817 3564 2868 autem
3588 2812 3740 2877 vocat,

2161 2905 2396 2971 propter
2425 2899 2699 2955 duritiam
2732 2900 3176 2956 tribulationum
3211 2907 3270 2958 et
3299 2902 3476 2958 animi
3505 2895 3740 2956 fortitudi-

367 4601 550 4668 (Abac.
579 4617 662 4664 ιιι,
690 4598 796 4667 11).
823 4595 982 4660 Quod
1010 4593 1206 4665 fulgur
1225 4595 1281 4646 et
1302 4589 1576 4661 splendor
1598 4586 1710 4642 alio
1738 4586 2021 4642 vocabulo

368 4692 514 4746 tuba
543 4688 876 4763 appellatur
904 4690 963 4741 et
993 4682 1252 4754 clangor,
1284 4685 1348 4735 ut
1378 4695 1512 4733 cum
1530 4675 2023 4776 sanctusclamor

374 4781 480 4851 [Αἰ.
505 4778 762 4851 clangor]
784 4772 1130 4837 insonuerit,
1154 4769 1308 4826 dicat
1331 4768 1432 4840 qui
1458 4767 1620 4839 prius
1642 4765 1835 4821 surdis
1857 4765 2020 4821 auri-

373 4870 486 4925 bus
515 4869 735 4924 fuerat:
771 4863 1078 4934 Disciplina
1105 4859 1328 4915 Domini
1355 4857 1569 4928 aperuit
1594 4853 1736 4909 mihi
1755 4871 1938 4925 aures,
1965 4863 2019 4910 et

370 4957 518 5014 dedit
533 4955 671 5011 mihi
685 4951 961 5010 auremad
976 4948 1328 5005 audiendum.
1345 4944 1624 5014 Quodque
1641 4943 1935 5014 sequitur:
1957 4943 2020 4997 Et

369 5047 524 5103 vadet
549 5061 611 5100 in
641 5044 860 5101 turbine
891 5041 1100 5100 Austri.
1134 5038 1254 5092 sive
1281 5036 1439 5090 vadet
1469 5035 1529 5087 in
1547 5041 1700 5087 motu
1719 5034 2016 5086 commina-

367 5137 533 5194 tionis
559 5148 696 5191 sua}.
735 5132 864 5187 [deo
896 5127 1307 5191 comminatur,
1340 5127 1396 5178 et
1423 5120 1584 5187 dicit,
1617 5136 1679 5175 se
1711 5118 2010 5174 illaturum

365 5242 492 5282 esse
515 5222 823 5296 supplicia,
847 5225 913 5275 ut
933 5215 1340 5290 poenitentium
1363 5210 1728 5266 misereatur.
1754 5209 2011 5278 Denique

357 5314 556 5387 jungit
570 5318 627 5369 et
646 5311 816 5367 dicit:
838 5309 1097 5365 Dominus
1118 5305 1456 5374 omnipotens
1475 5301 1716 5371 proteget
1732 5312 1839 5363 eos,
1862 5313 2010 5368 quos

364 5403 528 5474 prius
557 5418 666 5458 sua
695 5396 1149 5457 comminatione
1180 5396 1484 5450 terruerat.
1509 5389 1796 5462 Legamus
1819 5387 2006 5442 histo-

365 5491 511 5557 riam
545 5489 956 5547 Ninivitarum.

2131 4586 2253 4659 puli
2285 4588 2395 4658 sui,
2429 4587 2567 4658 quia
2589 4587 2813 4659 lapides
2835 4589 3019 4643 sancti
3043 4588 3352 4645 volvantur
3375 4605 3543 4661 super
3559 4591 3734 4640 terram

2128 4677 2277 4746 ejus,
2309 4676 2407 4747 qui
2440 4679 2670 4731 tantum
2705 4681 2875 4730 erunt
2896 4675 3049 4732 leves
3072 4682 3128 4732 et
3149 4677 3207 4731 in
3233 4677 3491 4733 sublime
3513 4674 3738 4739 nitentes,

2128 4770 2192 4820 ut
2222 4781 2336 4820 non
2369 4762 2776 4836 praestolentur
2805 4765 3222 4820 aedificantium
3271 4781 3508 4830 manus,
3537 4760 3623 4818 sed
3648 4754 3739 4828 ipsi

2127 4852 2401 4908 festinent
2415 4852 2634 4924 imponi
2655 4868 2834 4924 super
2852 4853 3303 4908 fundamentum
3319 4851 3614 4919 Christi,et
3630 4857 3738 4902 con-

2124 4942 2294 4997 tineri
2318 4941 2582 5014 angulari
2611 4941 2825 5013 lapide,
2849 4942 2919 4997 de
2942 4942 3157 5014 quibus
3178 4948 3236 4998 et
3257 4942 3461 4998 Petrus
3483 4933 3738 5013 apostolus

2123 5029 2274 5084 869
2301 5029 2587 5101 loquitur:
2615 5028 2765 5084 Sicut
2797 5031 3004 5101 lapides
3026 5032 3138 5085 vivi
3156 5025 3665 5102 supermdiﬁcamini
3687 5021 3738 5078 in

2121 5117 2343 5172 domum
2363 5117 2735 5188 spiritualem,
2754 5120 2806 5172 et
2825 5118 3189 5174 sacerdotium
3203 5127 3482 5187 sanctum,
3497 5113 3737 5188 oﬂcreniﬂ

2121 5208 2442 5279 spirituales
2472 5208 2742 5274 victimas,
2788 5208 3059 5278 placentes
3090 5209 3195 5263 Deo
3227 5208 3276 5280 (Ῑ
3307 5209 3457 5264 Petr.
3489 5222 3528 5273 ι,
3557 5204 3628 5272 5).
3657 5195 3737 5255 Isti

2118 5301 2256 5352 sunt
2278 5295 2499 5368 lapides
2521 5295 2623 5367 qui
2644 5295 3008 5360 clamabunt,
3040 5296 3089 5352 si
3115 5297 3371 5352 tacuerit
3397 5293 3634 5368 populus
3651 5289 3734 5345 Ju-

2117 5387 2372 5441 dmorum
2397 5385 2547 5456 (Luc.
2570 5385 2708 5456 x1x),
2744 5389 2800 5438 et
2819 5383 3120 5440 volventur
3141 5384 3432 5458 quamdiu
3454 5385 3511 5439 in
3532 5379 3734 5452 corport

2116 5475 2334 5531 fuerint
2349 5490 2525 5548 super
2539 5477 2775 5541 terram,
2791 5472 2930 5546 quia
2948 5475 3224 5549 aggravet
3240 5477 3477 5532 terrena
3491 5462 3733 5529 habitatio

435 5682 511 5762 (a)
541 5685 604 5737 In
636 5681 832 5739 Graeco
859 5681 1016 5749 Deus,
1045 5677 1108 5735 in
1139 5677 1341 5750 Regia.
1375 5691 1489 5733 ms.
1521 5675 1868 5750 omnipotens
1896 5673 2280 5736 desideretur.
