4034 6196
294 439 445 512 ηεο

965 444 1716 511 COMMENTARIORUM
1761 443 1841 508 IN
1885 442 2339 510 ZAGHARIAM
2388 449 2532 512 LIB.
2581 449 2660 513 Il.
2706 448 2878 513 CAP.
2925 451 3002 515 X.

3531 447 3690 514 M90

290 594 526 642 sensum
543 577 733 640 multa
753 585 1055 638 curantem
1072 582 1314 654 (Sapien.
1347 584 1444 652 ιχ),
1468 584 1523 637 ct
1543 579 1597 634 in
1640 595 1812 636 carne
1830 595 1926 652 po-
1954 579 2009 647 Α
2035 580 2403 649 mendacium,
2438 588 2486 637 et
2517 585 2878 642 somniatortl
2903 584 3072 640 locuti
3097 585 3226 640 sunt
3282 582 3513 654 frustra,
3544 598 3685 641 vane

288 667 432 728 situs
454 668 706 726 Sanctus
728 666 991 741 loquitur
1006 688 1025 723 :
1050 671 1181 739 Quis
1201 669 1352 726 dabit
1400 669 1541 725 mihi
1555 685 1765 741 pennas
1783 671 1926 725 sicut

283 759 537 816 columba
567 758 681 829 (Ps.
710 776 819 825 LIV,
842 759 948 829 7)?
969 759 1068 831 qui
1101 764 1328 814 tantum
1364 757 1422 813 in
1457 775 1518 814 se
1545 762 1654 822 est,
1687 763 1929 814 conatur

287 851 340 904 et
358 846 607 904 volvitur
631 865 645 914 ;
670 851 727 902 et
752 847 999 918 erigitur
1019 848 1091 902 ad
1115 864 1368 914 summa,
1399 848 1495 902 sed
1537 847 1729 902 carnis
1749 846 1926 918 fragi-

287 934 442 992 litate
463 935 763 992 retinetur.
789 936 966 990 Terra
984 941 1179 992 autem
1201 935 1300 991 illa
1321 941 1408 992 est
1427 952 1604 1006 super
1620 953 1795 1007 quam
1815 934 1930 990 vol-

284 1028 495 1083 vuntur
523 1021 780 1096 lapides,
814 1024 886 1078 de
917 1041 1035 1096 qua
1083 1024 1332 1096 legimus
1359 1041 1370 1079 :
1424 1025 1647 1081 Cantate
1677 1025 1924 1090 Domino,

287 1115 458 1168 omnis
486 1117 636 1168 terra
665 1114 778 1185 (Ps.
808 1130 936 1178 xcv,
973 1115 1042 1184 1).
1076 1114 1179 1169 Et:
1217 1114 1411 1170 Omnis
1454 1123 1610 1168 terra
1643 1114 1832 1169 adoret
1856 1116 1926 1184 te,

285 1210 333 1260 et
350 1203 558 1274 psallat
589 1203 693 1258 tibi
722 1207 838 1274 (Ps.
883 1219 1006 1273 va,
1042 1204 1116 1273 4).

351 1308 540 1380 (Vera.
576 1307 688 1378 17.)
718 1309 870 1381 Quid
901 1309 1055 1364 enim
1087 1309 1286 1363 bonum
1315 1310 1434 1380 ejus
1455 1313 1554 1372 est,
1581 1317 1633 1364 et
1652 1308 1784 1380 quid
1808 1309 1929 1378 pul-

287 1398 477 1455 chrum
500 1399 642 1468 ejus,
673 1398 786 1452 nisi
811 1399 1156 1467 frumentum
1183 1398 1497 1466 electorum,
1531 1408 1583 1453 et
1604 1400 1795 1452 vinum
1814 1413 1934 1466 ger-

289 1487 501 1542 minans
529 1485 817 1555 virgines?
852 1486 1024 1541 LXX:
1061 1488 1200 1554 Quia
1231 1488 1280 1541 si
1308 1486 1442 1558 quid
1461 1488 1731 1557 optimum
1752 1488 1930 1550 illius,

285 1585 333 1633 et
359 1576 557 1647 siquid
580 1576 781 1632 bonum
808 1576 878 1630 ab
896 1591 979 1643 eo,
1001 1578 1342 1647 frumentum
1361 1578 1656 1648 juvenibus
1674 1583 1725 1632 et
1741 1580 1933 1632 vinum

290 1665 410 1722 boni
425 1665 697 1722 odorisad
713 1664 980 1738 virgines.
1003 1665 1156 1729 ideo,
1171 1665 1465 1737 inquiunt,
1486 1666 1796 1721 Macbabei
1819 1667 1933 1722 huc

286 1752 535 1824 illucque
582 1753 902 1825 fugientes,
929 1753 1175 1809 Domino
1192 1753 1530 1822 auxiliante,
1551 1755 1930 1826 superabunt,

288 1847 366 1913 ut,
413 1841 616 1913 ejectis
640 1842 1058 1898 Macedonibus
1089 1842 1160 1897 de
1188 1847 1344 1898 terra
1385 1843 1585 1910 Israel,
1618 1844 1934 1899 mundetur

2034 669 2462 726 consolabuntur
2481 689 2500 728 :
2519 673 2724 729 idcirco
2745 674 2964 730 abducti
2978 677 3105 730 sunt
3132 672 3241 743 [ΑΙ.
3264 673 3505 745 adducti]
3523 689 3683 746 quasi

2034 775 2204 829 grex:
2232 761 2576 830 afﬂigentur,
2603 764 2734 834 quia
2764 779 2872 818 non
2921 771 2998 818 est
3027 765 3104 818 eis
3127 768 3328 835 pastor.
3369 763 3502 818 LXX
3527 781 3539 818 :
3576 768 3679 819 Pe-

2035 848 2138 903 tite
2160 849 2406 920 pluviam
2441 867 2474 905 a
2501 852 2727 906 Domino
2770 861 3158 924 Opportunum,
3196 860 3603 923 temporaneam
3631 856 3684 909 et

2036 937 2329 990 serotinam
2349 954 2369 990 :
2401 937 2662 992 Dominus
2685 940 2814 1008 fecit
2840 939 3190 1009 phantasias,
3225 943 3276 996 et
3293 941 3542 1012 pluviam
3566 941 3682 997 hie-

2036 1025 2236 1078 malem
2260 1025 2411 1080 dabit
2429 1027 2528 1088 eis,
2554 1028 2852 1114 unicuyue
2874 1026 3100 1082 herbam
3129 1028 3188 1082 in
3215 1045 3348 1099 agro
3377 1046 3390 1084 :
3424 1032 3687 1102 quoniam

2040 1111 2099 1166 hi
2120 1115 2216 1184 qui
2246 1114 2623 1184 loquebantur,
2658 1111 2827 1170 locuti
2855 1120 2982 1171 sunt
3011 1116 3220 1173 labores
3245 1135 3256 1171 :
3319 1121 3368 1172 et
3398 1117 3574 1173 divini
3602 1121 3684 1174 vi-

2037 1203 2214 1256 siones
2241 1203 2442 1273 falsas,
2473 1207 2525 1259 et
2553 1205 2774 1260 somnia
2803 1204 2951 1276 falsa
2975 1207 3146 1261 locuti
3164 1214 3313 1271 sunt,
3343 1222 3482 1262 vane
3499 1222 3684 1262 conso~

2042 1290 2303 1346 labantur
2326 1308 2344 1344 :
2365 1291 2482 1346 ideo
2503 1293 2738 1361 arefacti
2757 1297 2892 1348 sunt
2913 1295 3054 1351 sicut
3075 1310 3218 1365 oves,
3241 1303 3293 1350 et
3311 1296 3513 1367 afflicti
3538 1303 3688 1364 sunt,

2040 1390 2170 1460 quia
2190 1405 2298 1444 non
2323 1393 2438 1444 erat
2460 1391 2556 1461 qui
2576 1394 2818 1446 sanaret.
2846 1393 2929 1447 lla
2951 1390 3196 1448 felicitas
3218 1409 3346 1465 quae
3369 1393 3428 1448 in
3462 1393 3689 1450 Macha-

2042 1477 2296 1533 baeorum
2313 1481 2574 1550 tempore
2586 1479 2878 1550 promissa
2891 1485 2998 1547 est,
3016 1481 3248 1552 quando
3263 1481 3688 1553 sanctilapides

2041 1565 2243 1620 elevati
2263 1571 2400 1622 sunt
2419 1583 2597 1639 super
2613 1574 2848 1638 terram,
2871 1574 2927 1624 et
2960 1587 3052 1626 res
3093 1569 3414 1627 Israelitlca
3433 1571 3609 1628 crevit
3625 1570 3684 1626 in

2042 1657 2258 1726 majus,
2288 1655 2582 1711 intentum
2615 1662 2678 1712 ut
2707 1675 2946 1713 rursum
2978 1659 3270 1715 frumento
3293 1659 3463 1732 Legis
3485 1660 3684 1732 populi

2040 1748 2430 1811 vescerentur,
2463 1749 2519 1800 et
2547 1745 2680 1801 vino
2729 1747 2914 1802 sancti
2960 1747 3214 1820 Spiritus
3259 1748 3689 1805 inebriarentur

2039 1832 2294 1904 virgines
2315 1839 2540 1901 vestrae,
2563 1850 2631 1889 ex
2654 1839 2815 1906 parte
2838 1835 3221 1907 promittitur.
3246 1838 3525 1894 Caaterum
3549 1838 3692 1910 quia.

289 1930 594 2002 templum,
649 1931 820 2003 Legis
875 1934 1163 2002 praecepta
1217 1937 1540 1999 serventur,
1600 1937 1657 1985 et
1684 1931 1932 1987 eruditio
1965 1945 2010 2010 Β
2032 1923 2158 2010 jam
2180 1926 2502 2010 extremum
2529 1928 2760 1995 tempus
2777 1929 2864 1980 est
2886 1924 3412 1996 prophetarum,et
3430 1927 3689 1986 mundus

285 2019 711 2091 Scripturarum
747 2035 983 2074 rursum
1013 2019 1302 2092 germinet
1321 2020 1598 2092 virgines,
1623 2020 1680 2074 id
1704 2026 1811 2086 est,
1835 2036 1931 2092 po-

286 2106 452 2181 pulos
473 2108 836 2164 credentium
863 2108 923 2162 in
948 2124 1134 2162 unum
1174 2108 1379 2179 Deum,
1409 2108 1511 2180 qui
1558 2109 1725 2180 prius
1747 2109 1929 2165 idolo.

286 2194 466 2254 latrite
499 2196 730 2251 fuerant
766 2194 1026 2251 cultibus
1075 2196 1460 2268 constuprati.
1523 2197 1586 2252 In
1640 2197 1930 2252 frumento

285 2284 619 2343 electorum:
653 2284 712 2340 id
735 2289 842 2352 est,
877 2301 1103 2340 sanam
1133 2285 1396 2356 (0311312)
1448 2301 1565 2340 non
1590 2287 1838 2357 juvenes,
1869 2291 1932 2341 ut

284 2372 664 2446 Septuaginta
702 2371 1172 2439 transtulerunt;
1219 2374 1322 2429 sed
1370 2375 1560 2430 electos
1589 2380 1645 2429 et
1673 2375 1933 2430 eruditos

290 2462 440 2520 viros
462 2460 712 2534 intelligi
734 2460 956 2531 volunt,
980 2462 1081 2533 qui
1110 2463 1493 2532 frumentum,
1511 2461 1568 2516 id
1591 2466 1700 2526 est,
1724 2466 1932 2534 Legem

294 2551 394 2608 Dei
413 2549 719 2607 comedere
756 2555 1113 2605 mereantur.
1151 2549 1260 2605 Pro
1293 2549 1444 2617 vino,
1473 2550 1623 2622 quod
1657 2550 1935 2606 Hebraice

293 2639 506 2696 dicitur
533 2655 741 2695 ramos
769 2640 1022 2710 (eum),
1053 2637 1268 2711 Aquila
1314 2637 1484 2691 οἰνίαν
1519 2638 1934 2711 interpretatus

292 2732 415 2786 est:
441 2727 596 2799 quod
620 2732 678 2781 ct
699 2726 895 2803 ipsum
923 2727 996 2781 ad
1039 2727 1364 2782 ubertatem
1397 2727 1703 2782 vindemias
1735 2727 1935 2783 referri

290 2820 500 2888 potest.
523 2814 855 2871 Haecludaai
881 2815 1194 2870 mstimant.
1225 2815 1503 2871 Caeterum
1537 2833 1642 2872 nos
1676 2817 1934 2872 frumen-

292 2908 416 2960 tum
441 2903 778 2973 electorum,
807 2903 1253 2974 sivejuvenum,
1274 2909 1332 2958 et
1370 2904 1570 2960 vinum
1599 2904 1936 2977 germinans

290 2993 568 3065 virgines,
591 2993 712 3051 sive
732 2993 933 3048 vinum
959 2993 1092 3048 boui
1115 2993 1312 3048 odoris
1335 2994 1405 3049 ad
1449 2993 1728 3066 virgines,
1759 2994 1939 3049 intel-

290 3081 534 3156 ligimus
553 3081 868 3138 Dominum
884 3080 1372 3154 Salvatorem,qui
1396 3083 1658 3154 loquitur
1673 3083 1731 3137 in
1753 3084 1937 3137 Evan-

291 3167 442 3243 gelio
462 3188 481 3224 .·
503 3171 624 3226 Nisi
646 3186 883 3239 granum
909 3171 1087 3226 tritici
1103 3171 1306 3226 cadens
1327 3172 1386 3225 in
1405 3174 1639 3234 terram,
1658 3175 1938 3227 mortuum

292 3260 482 3330 fuerit,
495 3261 674 3330 ipsum
689 3260 867 3315 solum
878 3263 1163 3330 permanet
1181 3279 1200 3314 :
1211 3262 1301 3314 sin
1321 3268 1504 3315 autem
1514 3264 1802 3325 moriatur,
1821 3277 1936 3316 ma-

283 3309 1593 3420 };ifféédlimitamini,infmia;
1605 3309 1615 3314 ⁷
1636 3309 1938 3404 ὶῖἷὲῖοᾉὲῖ-
1971 3309 2014 3375 C

293 3436 492 3492 ﬁcitur
512 3435 608 3494 ille
631 3437 824 3506 panis,
849 3436 948 3507 qui
972 3437 1043 3492 de
1065 3435 1207 3492 cmlo
1255 3437 1576 3501 descendit,
1604 3442 1661 3492 et
1680 3437 1779 3509 qui
1803 3453 1938 3492 con-

296 3524 492 3583 ﬁrmat
512 3541 613 3582 cor
628 3524 1016 3596 hominis(Ps.
1031 3526 1172 3596 CIII).
1189 3529 1356 3580 Hunc
1374 3542 1584 3596 panem
1601 3526 1940 3591 comedunt,

295 3613 399 3686 qui
416 3613 474 3668 in
497 3613 723 3670 Christo
741 3614 964 3669 robusti
983 3619 1146 3681 sunt,
1165 3619 1222 3669 et
1237 3615 1309 3669 ad
1327 3630 1476 3685 quos
1491 3613 1748 3670 Joannes
1765 3614 1942 3669 Evan-

293 3701 506 3774 gelista
535 3702 800 3774 loquitur
825 3720 838 3758 :
871 3702 1062 3758 Scriba
1119 3703 1289 3773 vobis,
1337 3703 1584 3773 iuvenes,
1611 3704 1746 3774 quia
1766 3718 1943 3758 sermo

294 3793 397 3848 Dei
422 3793 480 3846 in
514 3792 662 3848 vobis
692 3791 806 3863 [ΑΙ.
864 3792 1040 3862 nobis]
1069 3800 1258 3846 manet
1311 3796 1362 3847 et
1408 3793 1576 3861 fortes
1604 3792 1756 3858 estis,
1789 3799 1838 3846 et
1866 3791 1944 3847 vi-

291 3881 447 3937 cistis
468 3881 786 3953 malignum
815 3881 861 3952 (l
891 3882 1047 3935 Joan.
1083 3897 1145 3949 ιι,
1187 3882 1290 3952 ib).
1325 3880 1431 3946 Qui
1465 3879 1823 3935 frumentum
1857 3883 1947 3935 est

293 3967 638 4035 electorum,
669 3969 1124 4040 sivejuvenum,
1156 3968 1280 4041 ipse
1311 3973 1401 4024 est
1455 3975 1511 4024 et
1554 3968 1755 4022 vinum
1788 3968 1941 4039 quod

292 4057 556 4115 latiﬁcat
582 4057 738 4114 870
768 4074 867 4113 cor
897 4057 1174 4127 hominis,
1207 4064 1264 4112 et
1292 4057 1512 4112 bibitur
1541 4057 1614 4111 ab
1643 4055 1736 4112 his
1770 4056 1946 4129 virgi-

295 4147 500 4216 nibus,
527 4162 654 4218 qute
687 4151 828 4202 sunt
856 4151 1073 4201 sancta;
1131 4150 1188 4202 et
1239 4162 1475 4216 corpore
1533 4153 1588 4201 et
1618 4145 1852 4218 spiritu,
1885 4149 1950 4200 ut

295 4234 600 4292 inebriatus
621 4239 799 4307 atque
817 4234 1164 4306 gaudentes,
1189 4239 1512 4306 sequantur
1532 4234 1870 4304 Ecclesium,
1891 4241 1950 4290 et

298 4324 534 4380 dicatur
576 4323 648 4380 de
693 4323 778 4380 eis
803 4339 816 4376 :
840 4323 1190 4379 Adducentur
1216 4339 1332 4392 regi
1365 4325 1626 4395 virgines,
1656 4332 1776 4396 post
1804 4341 1948 4393 eam,

291 4414 570 4486 proxima
597 4415 715 4486 ejus
743 4413 1048 4484 afferentur
1079 4415 1184 4468 tibi
1210 4429 1222 4468 :
1257 4413 1558 4484 afferentur
1587 4415 1648 4468 in
1683 4414 1880 4469 laetitia
1900 4417 1950 4468 et

297 4502 639 4560 sudatione
668 4503 782 4571 (Ps.
815 4519 965 4572 κων,
1003 4502 1088 4566 15,
1132 4503 1238 4572 16).
1283 4503 1584 4566 Quomodo
1623 4502 1778 4556 enim
1816 4501 1951 4556 laeti-

2041 2009 2292 2066 declinat
2314 2010 2384 2065 ad
2408 2009 2605 2079 finem,
2631 2017 2687 2066 et
2708 2012 2908 2067 omnia
2927 2029 3054 2085 qua;
3089 2013 3367 2084 praedicta
3414 2019 3574 2083 sunt,
3596 2014 3689 2074 sui

2040 2098 2359 2154 terminum
2374 2099 2811 2170 praestolamur:
2833 2099 3320 2158 PetiteaDomino
3338 2102 3694 2164 utdetvobis

2045 2185 2300 2258 pluviam
2328 2187 2643 2244 serotinum
2671 2205 2684 2242 :
2710 2193 2774 2242 ut
2796 2188 3066 2244 Christus
3088 2189 3185 2261 qui
3238 2190 3566 2264 promissus
3581 2195 3690 2259 est,

2043 2274 2235 2330 veniat
2273 2280 2329 2330 et
2359 2275 2582 2330 tribuat
2610 2276 2775 2331 vobis
2817 2293 2974 2332 rores
3006 2281 3064 2332 et
3095 2276 3276 2345 nives,
3337 2295 3441 2350 pro
3473 2279 3691 2350 quibus

2044 2363 2327 2434 scriptum
2363 2368 2450 2418 est
2482 2364 2539 2418 in
2599 2365 2834 2420 Hebraeo
2881 2382 3070 2420 ΑΖιΖιΜ
3101 2366 3366 2439 (ni-nm).
3401 2368 3472 2422 Et
3497 2366 3691 2424 nescio

2045 2453 2186 2526 quid
2209 2451 2464 2508 volentes
2489 2453 2633 2508 LXX
2657 2453 2980 2522 phantasias
3011 2454 3369 2526 interpretati
3391 2460 3550 2521 sunt,
3579 2455 3694 2514 nisi

2047 2543 2194 2598 forte
2215 2541 2680 2614 magnitudinem
2704 2542 2901 2613 gratia:
2924 2543 3491 2616 admirationemque
3511 2545 3694 2600 dono-

2049 2648 2200 2698 rum,
2219 2631 2454 2685 nomine
2469 2629 2792 2702 pbantasiae
2805 2629 3034 2686 voluere
3045 2631 3393 2688 describere.
3411 2631 3694 2690 Dominus

2049 2737 2184 2791 ergo
2207 2718 2306 2791 qui
2331 2719 2592 2774 facturus
2613 2719 2759 2774 871
2788 2724 2876 2775 est
2899 2720 3060 2776 nives
3081 2721 3474 2778 etsiccitatem
3497 2722 3693 2779 omnis

2047 2813 2233 2876 terra,
2258 2807 2597 2880 evangelica
2620 2807 3048 2880 praedicationis
3069 2808 3420 2881 irrigaturus
3450 2815 3539 2868 est
3559 2810 3688 2884 plu-

2047 2897 2183 2952 viis:
2200 2897 2326 2968 ipse
2341 2895 2504 2951 dabit
2518 2896 2736 2952 imbres
2749 2897 3207 2966 credentibus,et
3219 2899 3482 2955 ubertate
3495 2899 3694 2958 omnia

2049 2985 2517 3057 complebuntur,
2553 2989 2619 3039 ut
2647 2990 2957 3058 postquam
2991 2987 3051 3041 in
3085 2986 3312 3043 Christo
3338 2988 3692 3044 crediderint

2051 3074 2338 3139 nationes,
2374 3072 2706 3147 intelligant
2731 3092 2879 3131 vana
2910 3092 3038 3131 esse
3060 3092 3188 3148 quae
3209 3081 3342 3132 ante
3365 3076 3690 3134 coluerunt.

2047 3172 2178 3227 Sive
2210 3172 2334 3244 ipse
2369 3170 2542 3226 Israel
2577 3171 2882 3244 intelligat,
2940 3172 3038 3245 qui
3087 3175 3384 3245 quondam
3415 3175 3696 3248 deceptus

2049 3259 2390 3316 idololatriae
2413 3260 2708 3316 erroribus
2729 3262 3056 3328 tenebatur,
3100 3263 3316 3319 frustra
3347 3280 3411 3318 se
3449 3263 3702 3321 coluisse

2052 3349 2388 3418 simulacra,
2403 3354 2459 3403 et
2474 3348 2801 3404 divinorum
2814 3351 3053 3406 audisse
3067 3351 3454 3418 mendacia,et
3469 3356 3696 3424 acquie-

2050 3439 2204 3494 visse
2234 3437 2503 3501 somniis,
2537 3437 2753 3507 quibus
2785 3437 3088 3510 Scriptura
3136 3440 3397 3511 praecipit
3425 3457 3540 3496 non
3571 3458 3693 3497 crc-

2051 3525 2309 3581 dendum
2341 3525 2522 3596 (Deut.
2553 3526 2699 3593 xm).
2733 3525 2802 3579 Et
2830 3526 2904 3580 ob
2936 3525 3086 3580 hanc
3116 3542 3352 3582 causam
3375 3526 3533 3582 ducti
3556 3531 3698 3583 sunt

2053 3614 2220 3685 quasi
2248 3629 2386 3686 grex
2407 3613 2463 3668 in
2483 3613 2896 3685 captivitatem,
2921 3619 2978 3668 et
2999 3613 3195 3669 afﬂicti
3216 3615 3440 3687 absque
3464 3620 3698 3688 pastore

2056 3704 2189 3774 Deo,
2213 3701 2350 3773 quia
2375 3702 2545 3775 Legis
2570 3701 2839 3757 notitiam
2865 3719 2978 3757 non
3025 3702 3340 3758 habebant.
3370 3703 3575 3759 Omnis
3595 3703 3694 3759 hic

2055 3791 2217 3848 locus
2239 3793 2525 3847 obscurus
2559 3795 2616 3846 et
2653 3789 2869 3846 dubius
2890 3796 2999 3856 est,
3029 3797 3086 3847 et
3106 3792 3278 3848 debet
3317 3792 3486 3848 nobis
3519 3792 3700 3850 lector

2055 3881 2373 3952 ignoscere,
2407 3880 2458 3935 si
2489 3880 2546 3934 in
2580 3879 2672 3934 his
2706 3893 2830 3951 quas
2861 3879 3134 3948 ambigua
3164 3884 3325 3949 sunt,
3349 3884 3407 3936 et
3428 3898 3534 3938 nos
3557 3886 3697 3953 p‘sn-

2057 3969 2192 4025 dulo
2214 3968 2542 4024 incedimus
2563 3969 2769 4041 gradu.
2788 3973 3112 4025 Possumus
3132 3973 3326 4025 autem
3341 3970 3513 4041 juxta
3534 3970 3704 4043 spiri-

2056 4058 2274 4114 tualem
2322 4056 2766 4130 intelligentiam
2825 4058 3038 4124 dicere,
3095 4059 3251 4131 quod
3309 4060 3610 4117 credentes
3639 4059 3700 4116 in

2058 4146 2286 4202 Christo
2317 4146 2602 4202 Dominus
2633 4145 2978 4202 adhortetur
3034 4151 3101 4203 ut
3156 4151 3356 4219 petant
3384 4149 3702 4206 serotinum

2060 4236 2315 4309 pluviam
2331 4235 2387 4290 in
2402 4235 2906 4292 consummatione
2919 4237 3389 4308 mundi,quando
3403 4237 3704 4310 plenitudo

2060 4334 2335 4391 donanda
2365 4337 2453 4388 est
2481 4334 2704 4404 gratias,
2737 4339 2794 4389 et
2821 4333 3070 4406 singulis
3100 4335 3160 4389 in
3203 4351 3343 4406 agro
3387 4352 3496 4390 suo
3527 4335 3710 4390 herba

2063 4426 2416 4487 succrescat,
2441 4421 2522 4476 ita
2571 4427 2636 4476 ut
2660 4422 2888 4493 possint
2904 4422 3094 4478 dicere
3118 4439 3130 4476 :
3155 4424 3416 4478 Dominus
3431 4424 3577 4492 regit
3599 4439 3706 4490 me,

2063 4520 2115 4569 et
2139 4512 2283 4567 nihil
2302 4511 2444 4566 mihi
2464 4511 2677 4566 deerit:
2710 4513 2768 4565 in
2801 4512 2920 4566 loco
2935 4526 3158 4582 pascuae
3177 4511 3259 4566 ibi
3275 4527 3364 4566 me
3379 4512 3705 4566 collocavit:

298 4591 446 4649 tiam
468 4607 582 4648 non
601 4590 925 4656 habebunt,
949 4590 1390 4662 quasinebriatae
1411 4590 1616 4662 poculo
1634 4590 1942 4646 Salvatoris

2063 4624 2226 4680 super
2252 4624 2426 4679 aquas
2458 4609 2783 4678 refectionis
2809 4607 3062 4663 educavit
3083 4623 3172 4662 me
3205 4609 3316 4678 (Ps.
3349 4625 3488 4675 χχιι,
3529 4610 3580 4679 1,
3627 4607 3708 4678 2).

301 4683 664 4752 generantur
682 4679 742 4734 in
767 4678 1044 4750 virgines,
1069 4684 1125 4733 et
1147 4679 1368 4734 audent
1387 4679 1576 4734 dicere
1597 4686 1607 4731 ξ
1629 4679 1942 4735 Ιηινοάιιιίἀ

2067 4678 2277 4752 omnia
2297 4678 2454 4751 enim
2483 4695 2818 4762 simulacra,
2842 4700 2898 4750 et
2918 4695 3098 4750 divini
3113 4700 3171 4751 et
3191 4678 3578 4752 somniatores
3595 4696 3712 4751 frn-

302 4784 392 4826 me
421 4770 485 4824 in
535 4768 796 4824 cellulam
851 4768 986 4838 vini,
1044 4768 1349 4837 confortate
1402 4783 1488 4822 me
1549 4769 1610 4822 in
1663 4770 1959 4839 unguentis

301 4857 489 4928 (Cant.
523 4874 586 4927 ιι,
619 4857 720 4928 4)9
747 4856 965 4910 Vinum
1001 4855 1110 4910 hoc
1142 4855 1276 4910 boni
1310 4855 1506 4910 odoris
1553 4859 1662 4919 est,
1713 4855 1866 4909 unde
1895 4855 1957 4910 in

303 4946 515 5003 eodem
536 4944 798 5000 carmine
820 4945 1035 4999 dicitur
1058 4962 1071 5000 :
1098 4944 1317 5000 Potabis
1351 4959 1439 4998 me
1462 4943 1525 5000 de
1555 4945 1684 4998 vino
1717 4959 1959 5014 unguen-

303 5035 472 5102 tarii,
493 5034 559 5091 de
578 5034 720 5090 rivis
739 5033 1249 5105 malogranatorum
1268 5031 1380 5102 [ΑΙ.
1403 5037 1717 5102 gnatorum]
1740 5037 1962 5088 tuorum

305 5123 587 5195 (Ibidem).
616 5123 733 5178 Hoc
788 5122 922 5177 vino
977 5122 1247 5178 inebriati
1305 5126 1445 5177 sunt
1501 5123 1600 5194 qui
1633 5126 1964 5194 sequuntur

304 5213 548 5284 Agnum
569 5211 667 5267 Dei
691 5227 1066 5283 quocumque
1085 5211 1267 5276 vadit,
1289 5210 1482 5265 vestiti
1507 5211 1776 5267 candidis
1796 5210 1964 5266 vesti-

304 5300 466 5366 bus;
493 5299 708 5371 quisse
731 5316 862 5355 cum
885 5297 1234 5354 mulieribus
1254 5315 1364 5353 non
1398 5298 1927 5369 coinquinaveaunt
1943 5315 1961 5350 .-

309 5389 576 5462 virgines
605 5389 762 5444 enim
795 5394 1246 5460 permanserunt
1281 5388 1471 5460 (Apoc.
1503 5388 1642 5458 xxv).

386 5493 552 5567 (Cap.
586 5496 654 5552 Χ.
696 5526 756 5536 -
798 5499 962 5550 Vers.
993 5496 1018 5550 1
1055 5495 1243 5566 seqq.)
1299 5495 1472 5550 Petite
1527 5511 1565 5550 a
1593 5496 1819 5550 Domino
1845 5494 1967 5565 plu-

309 5583 474 5640 viam
504 5586 562 5639 in
593 5590 833 5657 tempore
859 5585 1119 5650 serotino,
1151 5592 1202 5638 et
1233 5585 1491 5639 Dominus
1516 5585 1683 5653 faciet
1711 5585 1884 5648 nives,
1915 5586 1969 5638 et

302 5672 568 5746 pluviam
596 5673 791 5728 imbris
822 5673 978 5728 dabit
1006 5673 1103 5738 eis,
1153 5673 1389 5743 singulis
1445 5672 1672 5728 herbam
1730 5673 1789 5726 in
1814 5687 1966 5742 agro.

313 5761 469 5830 Quia
506 5763 805 5819 simulacra
829 5763 1009 5821 locuta
1038 5768 1162 5820 sunt
1189 5761 1412 5829 inutile,
1444 5765 1493 5817 et
1513 5761 1691 5818 divini
1714 5761 1971 5818 viderunt

2069 4790 2190 4842 stra
2210 4784 2389 4840 locuti
2412 4788 2572 4854 sunt,
2594 4789 2652 4838 et
2678 4801 2824 4838 vane
2853 4783 3330 4842 consolabantur.
3353 4788 3490 4850 Quae
3511 4785 3585 4842 de
3601 4784 3713 4840 bte-

2074 4873 2272 4930 reticis
2292 4873 2676 4945 loquitur,qui
2706 4873 2817 4928 sub
2849 4873 3086 4929 nomine
3114 4873 3446 4930 Christiano
3477 4890 3592 4929 non
3621 4874 3714 4929 in-

2071 4961 2364 5034 telligunt,
2420 4977 2524 5016 nec
2582 4961 2652 5016 de
2709 4961 2927 5032 quibus
2983 4961 3202 5027 dicant,
3262 4978 3368 5018 nec
3397 4963 3470 5018 de
3499 4961 3718 5034 quibus

2074 5051 2390 5116 afﬁrmant,
2420 5055 2478 5105 et
2505 5051 2816 5105 attendunt
2843 5049 3148 5122 spiritibus
3185 5051 3462 5122 erroneis,
3507 5054 3565 5107 et
3593 5066 3716 5107 ma-

2072 5139 2275 5211 gistris
2298 5138 2719 5194 dzemoniorum
2740 5137 2801 5192 in
2825 5137 3112 5210 hypocrisi
3145 5139 3453 5195 mendacia
3473 5138 3720 5210 loquen-

2073 5228 2304 5294 tium,et
2316 5244 2419 5282 cau
2431 5227 2693 5282 teriatam
2708 5225 2990 5283 habentes
3001 5227 3720 5299 conscientiam(lTim.tv):

2078 5321 2140 5372 ut
2161 5332 2533 5388 nequaquam
2557 5315 2858 5371 credentes
2881 5331 3084 5370 eorum
3107 5315 3610 5371 consolationibus
3625 5315 3724 5370 ab-

2077 5406 2369 5460 ducantur
2398 5406 2496 5476 qui
2529 5420 2678 5459 vana
2709 5403 3078 5474 promittunt,
3109 5409 3170 5459 et
3196 5408 3502 5476 propterea
3524 5403 3721 5460 traditi

2077 5498 2217 5548 sunt
2232 5494 2461 5548 Satanas
2479 5493 2537 5546 in
2561 5492 2862 5546 interitum
2883 5492 3078 5547 carnis
3093 5493 3138 5561 (Ι
3158 5491 3283 5547 Cor.
3304 5495 3388 5562 v),
3407 5495 3464 5547 et
3484 5491 3722 5548 abducti

2077 5583 2137 5637 in
2167 5582 2566 5653 captivitatem
2592 5580 2742 5650 regis
2763 5580 3086 5652 Babylonii,
3110 5586 3168 5636 et
3199 5581 3552 5652 affligantur,
3586 5582 3726 5654 quia

2077 5670 2372 5727 Christum
2399 5675 2692 5741 pastorem
2716 5685 2830 5726 non
2857 5669 3094 5736 habent,
3117 5686 3291 5742 quem
3313 5669 3426 5727 sibi
3452 5669 3597 5728 falso
3621 5687 3723 5728 no-

2079 5759 2236 5817 mine
2270 5759 2705 5832 repromittunt.
