4034 6196
443 432 590 501 1491

1690 441 1755 502 S.
1801 437 2111 503 EUSEBII
2160 438 2597 505 HlEllONYMl

3621 446 3723 509 ΝΘΕ

512 572 700 639 (Vere.
734 571 768 626 3
822 571 1011 645 seqq.)
1067 571 1241 646 Super
1290 576 1538 647 pastores
1588 573 1766 631 iratus
1821 583 1900 632 est
1926 574 2091 651 furor
2116 571 2171 638 Α
2202 579 2400 632 cantes
2430 575 2775 634 Macedonas
2804 576 2973 650 quasi
3002 577 3191 635 lutum
3228 576 3435 634 viarum
3462 576 3513 636 in
3539 578 3725 652 prndio:

438 669 671 725 meus,et
696 677 856 734 super
882 663 1063 718 hircos
1092 665 1344 733 visitabo,
1378 668 1506 737 quia
1556 667 1798 721 uisitauit
1819 668 2093 721 Dominus

440 756 776 807 exercituum
808 768 1024 823 gregem
1051 769 1209 808 suum
1255 754 1483 809 domum
1502 755 1647 811 Iuda
1672 773 1690 809 :
1723 760 1775 811 et
1800 757 1979 826 posuit
2006 772 2091 811 eos

439 842 604 911 quasi
621 857 819 911 equum
862 842 1060 910 gloriae
1094 858 1216 899 sum
1252 845 1310 898 in
1336 844 1582 899 bello.Ex
1602 847 1716 916 ipso
1736 845 1991 915 angulus,
2023 861 2092 899 ea:

439 931 557 1001 ipso
591 929 865 1000 paxillus,
900 947 969 986 ex
998 933 1113 1003 ipso
1142 949 1304 987 arcus
1330 935 1610 1002 praetii,ex
1639 936 1754 1005 ipso
1783 933 2093 1002 egredietur

442 1022 619 1075 omnis
636 1025 856 1075 ea'actor
874 1022 1064 1086 simul,
1098 1032 1149 1076 et
1171 1026 1329 1077 erunt
1358 1024 1521 1094 quasi
1533 1024 1700 1093 fortes
1719 1024 2094 1079 conculcantes

443 1108 620 1163 lutum
657 1111 876 1164 viarum
906 1111 965 1163 in
993 1112 1207 1181 prrelio,
1268 1117 1318 1167 et
1348 1113 1642 1177 bellabunt,
1672 1116 1803 1184 quia
1831 1114 2092 1169 Dominus

441 1213 567 1252 cum
615 1201 710 1253 eis.
761 1198 943 1254 LXX:
996 1201 1168 1271 Super
1192 1206 1437 1272 pastores
1484 1204 1782 1258 concitatus
1826 1209 1903 1258 est
1932 1209 2094 1273 [uror

441 1303 613 1352 meus,
646 1288 798 1344 862
816 1292 869 1343 et
890 1306 1055 1359 super
1073 1307 1240 1359 agnos
1260 1293 1497 1347 visitabo
1517 1310 1534 1345 :
1558 1296 1610 1346 et
1640 1292 1888 1346 uisitabit
1909 1292 2090 1347 Domi-

441 1393 546 1432 nus
594 1379 734 1432 Deus
775 1380 1120 1449 omnipotens
1164 1396 1379 1450 gregem
1412 1397 1571 1436 suum
1600 1381 1821 1435 domum
1848 1380 2010 1447 Iuda,
2041 1390 2094 1436 et

444 1468 608 1538 ponet
627 1481 713 1521 eos
737 1468 880 1522 sicut
924 1484 1122 1538 equum
1158 1469 1402 1526 decorem
1430 1487 1591 1525 suum
1615 1472 1675 1524 in
1700 1470 1918 1540 praelio,
1951 1472 2000 1525 et
2025 1486 2094 1524 ea:

440 1556 562 1626 ipso
580 1557 841 1626 respexit,
874 1562 1012 1612 etex
1039 1559 1155 1628 ipso
1182 1560 1383 1629 posuit,
1405 1567 1455 1614 et
1474 1574 1541 1613 ex
1571 1559 1685 1630 ipso
1716 1575 1876 1613 arcus
1906 1559 1965 1613 in
2001 1560 2091 1629 fu-

440 1659 592 1708 rore,
625 1645 706 1715 (a)
755 1645 1060 1715 egredietur
1093 1647 1269 1701 omnis
1298 1647 1393 1718 qui
1419 1647 1597 1702 educit
1626 1646 1824 1712 simul,
1854 1654 1905 1703 et
1932 1650 2093 1702 erunt

441 1734 602 1805 quasi
620 1734 908 1789 bellatores
951 1737 1319 1792 concultantes
1351 1738 1531 1792 lutum
1550 1737 1770 1792 viarum
1795 1737 1853 1791 in
1878 1736 2091 1808 praelia,

442 1826 496 1878 et
524 1823 1001 1894 prmparabuutur,
1060 1825 1193 1895 quia
1248 1827 1510 1881 Dominus
1546 1843 1671 1881 cum
1698 1826 1776 1881 eis
1805 1833 1900 1880 est.
1936 1827 2004 1880 Et
2031 1825 2091 1879 in

449 1909 559 1966 hoc
577 1910 704 1966 loco
726 1911 941 1982 duplex
980 1913 1315 1969 Judzeorum
1340 1914 1621 1986 expositio
1652 1918 1759 1969 est.
1792 1913 1901 2006 Alii
1934 1912 2091 1968 enim
2123 1942 2167 2006 Β

447 1998 881 2054 arbitranturin
900 2001 1147 2056 adventu
1181 2002 1393 2057 Christi
1418 2002 1687 2057 universa
1709 2000 2052 2073 complenda
2075 2018 2088 2056 :

444 2086 542 2143 alii
569 2088 680 2142 sub
712 2087 1058 2144 Machabesis
1093 2091 1220 2161 jam
1268 2107 1396 2146 esse
1426 2090 1732 2162 completa.
1764 2091 1866 2146 Est
1895 2094 2089 2145 autem

443 2192 646 2232 eorum
697 2193 825 2247 quae
879 2177 1165 2234 Dominus
1222 2179 1544 2251 pollicetur,
1578 2180 1691 2235 ista
1723 2179 2085 2251 explanatio:

441 2268 627 2337 Super
644 2270 908 2338 pastores
941 2273 998 2323 ct
1024 2269 1317 2340 principes
1343 2286 1408 2324 ac
1438 2270 1768 2324 sacerdotes
1788 2268 1975 2324 iratus
2003 2271 2093 2323 est

441 2352 750 2421 Dominus,
784 2359 842 2410 et
900 2372 1079 2427 super
1134 2356 1348 2424 hircos,
1399 2362 1457 2412 et
1496 2356 1776 2429 populum
1812 2356 2089 2424 visitavit,

436 2442 608 2514 juxta
631 2441 775 2497 illud
800 2446 956 2515 quod
997 2447 1277 2517 scriptum
1313 2451 1437 2501 est:
1473 2446 1615 2501 Grex
1640 2447 1884 2517 perditus
1908 2448 2090 2516 factus

442 2535 525 2587 est
550 2533 790 2603 populus
817 2550 988 2599 meus,
1016 2543 1259 2606 pastores
1287 2538 1569 2607 eiecerunt
1588 2551 1673 2591 eos
1703 2537 1835 2603 (Ier.
1868 2552 1918 2601 L,
1942 2534 2091 2606 6),ut

438 2619 579 2676 vitio
610 2621 1028 2694 magistrorum
1077 2623 1349 2695 discipuli
1381 2623 1756 2696 punirentur:
1791 2640 1907 2679 non
1940 2622 2090 2693 inju-

443 2707 969 2782 stitiajudicis,qui
990 2716 1229 2782 peccata
1250 2721 1484 2783 patrum
1504 2713 1694 2769 reddit
1714 2712 1770 2766 in
1792 2711 1943 2767 filios
1958 2729 1971 2766 :
1988 2711 2088 2766 sed

444 2796 729 2868 quia,illis
754 2800 1152 2870 peccantibus,
1187 2801 1439 2873 populus
1469 2800 1763 2872 applausit
1793 2798 1970 2855 simul
1995 2816 2007 2855 :
2032 2803 2091 2854 et

442 2889 586 2942 tunc
608 2886 846 2957 quidem
863 2889 1416 2945 visitavitDominus
1432 2889 1622 2944 hircos
1636 2888 1886 2960 suos,vel
1907 2904 2089 2960 agnos

443 2973 888 3047 pinguissimos,
920 2982 978 3033 et
1029 2977 1181 3048 fecit,
1213 2982 1376 3049 juxta
1401 2977 1800 3051 Septuaginta,
1830 2977 2091 3032 ariditate

442 3063 661 3118 siccari.
694 3068 904 3121 Postea
930 3082 1062 3122 vero
1119 3066 1375 3122 visitavit
1404 3066 1688 3123 Dominus
1721 3065 2089 3137 omnipotens

444 3165 680 3222 gregem
714 3169 888 3207 suum
911 3154 1152 3209 domum
1172 3155 1327 3210 Juda
1350 3172 1362 3210 :
1385 3153 1850 3209 suscitavitenim
1871 3154 2087 3208 Judam

447 3236 866 3305 Machabmum,
900 3245 955 3295 ct
1011 3246 1250 3297 caeteros
1306 3260 1374 3297 ex
1413 3257 1499 3308 eo,
1533 3246 1732 3296 contra
1760 3242 1938 3297 duces
1967 3244 2084 3295 An-

2208 670 2383 720 erunt
2418 671 2613 722 autem
2642 667 2967 735 fortissimi,
3002 672 3176 740 atque
3222 667 3508 734 bellabunt,
3535 668 3641 740 quia
3656 668 3729 724 Do-

2201 753 2399 810 minus
2421 771 2555 810 cum
2578 755 2661 810 eis
2683 760 2791 811 est.
2817 756 3006 812 Nostri
3027 756 3146 812 haec
3168 757 3239 811 ad
3258 756 3619 828 persecutionis
3633 761 3735 812 tem-

2202 859 2341 913 pora
2358 844 2635 912 referunt,
2660 845 2811 916 quod
2838 862 2938 915 pro
2959 845 3099 902 vitio
3123 845 3466 902 sacerdotum
3486 844 3733 917 frequenter

2201 931 2376 988 etiam
2405 932 2654 1004 populus
2679 934 2942 989 tradatur
2962 934 3311 991 adversariis
3330 950 3341 988 :
3360 938 3411 990 et
3428 938 3590 989 tamen
3601 933 3736 989 Domi-

2201 1037 2314 1076 nus
2338 1022 2706 1093 omnipotens
2726 1022 2923 1078 visitet
2944 1027 3146 1095 postea
3169 1038 3394 1095 gregem
3406 1038 3552 1078 suum
3563 1024 3737 1077 domum

2199 1108 2370 1181 Juda,
2395 1110 2497 1183 qui
2519 1111 2703 1166 Deum
2729 1116 2785 1166 et
2825 1128 3094 1168 sermone
3114 1115 3172 1167 et
3191 1111 3379 1167 animo
3412 1111 3741 1166 confiteturzet

2202 1203 2381 1271 ponat
2400 1216 2499 1255 eos
2521 1200 2687 1271 quasi
2712 1216 2926 1272 equum
2949 1200 3143 1272 gloriae
3169 1217 3288 1255 suae
3327 1200 3380 1255 in
3425 1197 3569 1266 bello,
3591 1199 3741 1270 dequo

2202 1288 2390 1343 sancti
2413 1287 2618 1344 dicunt
2642 1307 2654 1344 :
2679 1290 2917 1345 Ascende
2942 1305 3104 1361 super
3132 1306 3294 1362 equos
3333 1294 3458 1352 tuos,
3484 1291 3530 1343 et
3553 1288 3743 1358 equitatu

2203 1384 2296 1432 tua
2323 1378 2471 1433 salus
2501 1378 2684 1449 (Abac.
2719 1395 2801 1445 III,
2827 1380 2903 1450 8).
2938 1379 3068 1450 Ipse
3089 1377 3199 1434 erit
3219 1382 3276 1432 et
3308 1393 3464 1433 arcus
3482 1376 3654 1432 furoris
3668 1375 3745 1431 Do-

2202 1466 2370 1533 mini,
2398 1468 2469 1522 de
2519 1484 2632 1538 quo
2681 1467 2763 1523 ait
2786 1484 2799 1522 :
2826 1467 3114 1523 Inebriabo
3140 1469 3364 1538 sagittas
3389 1481 3524 1522 meas
3546 1466 3745 1535 sanguine

2204 1556 2383 1628 (Deut.
2414 1573 2591 1621 xxxn,
2624 1556 2732 1627 42).
2777 1556 2843 1611 Et
2898 1572 3135 1611 rursum
3163 1574 3176 1611 :
3224 1557 3445 1625 Sagittae
3468 1568 3585 1611 meae
3606 1568 3748 1609 censu-

2200 1653 2351 1700 ment
2381 1661 2487 1701 eos.
2514 1650 2591 1701 De
2612 1645 2721 1701 hoc
2746 1662 2907 1713 arcu,
2930 1649 2987 1699 et
3006 1645 3077 1701 de
3125 1644 3218 1700 his
3262 1644 3478 1717 sagittis
3497 1643 3546 1697 in
3566 1642 3748 1714 septimo

2202 1733 2434 1790 Psalmo
2463 1735 2631 1806 (Vers.
2668 1735 2754 1801 13,
2790 1735 2876 1806 14)
2926 1732 3214 1806 legimus:
3264 1734 3450 1789 Arcum
3473 1748 3609 1787 suum
3632 1738 3751 1785 teten-

2202 1822 2304 1890 dit,
2336 1827 2390 1878 et
2418 1824 2647 1893 paravit
2676 1824 2841 1878 illum
2865 1840 2878 1878 :
2910 1829 2964 1878 et
2994 1824 3055 1877 in
3082 1824 3197 1894 ipso
3220 1823 3434 1894 paravit
3457 1836 3572 1877 vasa
3593 1820 3751 1882 mortis,

2202 1914 2435 1983 sagittas
2454 1928 2590 1968 suas
2608 1911 2930 1967 ardentibus
2949 1911 3159 1984 effecit.
3185 1911 3253 1966 Et
3273 1909 3664 1978 conculcabuut,
3683 1908 3752 1970 ait,

2202 2000 2566 2057 adversarios
2598 2016 2737 2055 suos
2762 2000 2822 2054 in
2854 2000 3134 2072 martyrio
3189 1998 3462 2066 coronati,
3506 2000 3555 2053 et
3578 1994 3750 2051 dicent:

2199 2092 2460 2146 Dominus
2490 2090 2835 2146 illuminatio
2861 2105 3006 2156 mea,
3033 2096 3083 2145 et
3103 2089 3253 2144 salus
3272 2104 3409 2155 mea,
3431 2102 3572 2159 quem
3591 2084 3758 2140 timebo!

2199 2181 2462 2236 Dominus
2489 2183 2762 2251 protector
2782 2186 2912 2235 vitae
2957 2192 3114 2244 metu,
3139 2195 3175 2233 a
3217 2194 3324 2249 quo
3348 2174 3640 2247 trepidabo?
3660 2173 3758 2226 Dum

2200 2268 2712 2339 appropinquarent
2738 2281 2901 2337 super
2926 2281 3012 2321 me
3039 2269 3312 2333 nocentes,
3334 2268 3396 2320 ut
3412 2263 3609 2320 ederent
3623 2273 3760 2316 carnes

2196 2372 2364 2411 meas.
2391 2356 2496 2424 Qui
2523 2354 2792 2410 tribulant
2806 2370 2893 2409 me
2903 2355 3122 2410 inimici
3141 2356 3276 2421 mei,
3300 2354 3406 2425 ipsi
3414 2351 3757 2423 inﬁmatisunt,

2197 2450 2250 2500 et
2279 2443 2610 2499 ceciderunt.
2643 2443 2704 2499 Si
2728 2443 3026 2498 consistant
3052 2441 3344 2496 adversum
3384 2455 3467 2495 me
3492 2445 3660 2505 castra,
3681 2449 3759 2489 non

2196 2534 2409 2589 timebit
2427 2548 2520 2587 cor
2537 2547 2718 2586 meum
2733 2547 2752 2584 :
2771 2530 2832 2586 Si
2845 2539 3109 2599 exsurgat
3140 2529 3425 2585 adversum
3447 2545 3527 2583 me
3541 2524 3751 2598 pretium.

2197 2624 2259 2677 in
2288 2623 2385 2677 hoc
2413 2637 2509 2690 ego
2537 2621 2763 2692 sperabo
2802 2620 2973 2689 (Psal.
3003 2636 3159 2686 xxvx,
3194 2621 3219 2674 1
3254 2613 3653 2690 seqq.)0uando
3674 2611 3755 2666 im-

2198 2710 2454 2783 plebitur
2482 2708 2627 2765 illud
2659 2708 2959 2780 eloquium
2985 2724 2998 2762 :
3035 2709 3181 2765 Unus
3208 2723 3282 2762 ea:
3327 2706 3469 2763 vobis
3486 2707 3758 2776 persequ

2194 2799 2376 2869 mille,
2410 2801 2461 2853 et
2488 2798 2594 2871 duo
2622 2805 2936 2853 conrertent
2962 2798 3023 2851 in
3078 2798 3273 2867 fugam
3328 2795 3405 2866 (b)
3432 2794 3589 2848 multa
3609 2785 3757 2845 millia

2195 2890 2373 2957 (Deut.
2402 2890 2601 2958 xxxn).

2270 2981 2455 3049 (Vere.
2487 2977 2541 3043 6,
2599 2975 2677 3046 7.)
2737 2975 2798 3029 Et
2849 2974 3263 3047 confundentur
3318 2984 3602 3030 ascensores
3642 2978 3758 3038 equo-

2196 3083 2347 3133 rum,
2381 3070 2432 3121 et
2461 3067 2780 3136 confortabo
2809 3063 3032 3119 domum
3074 3064 3236 3129 Iuda,
3300 3066 3354 3118 et
3395 3062 3594 3117 domum
3614 3051 3759 3124 Ioseph

2196 3155 2456 3210 salvabo:
2484 3162 2536 3209 et
2563 3161 2873 3208 convertam
2902 3167 3007 3219 eos,
3042 3153 3174 3222 quia
3207 3150 3500 3207 miserebor
3523 3158 3706 3203 eorum:
3725 3140 3759 3194 ά

2197 3249 2359 3299 erunt
2386 3247 2532 3300 sicut
2553 3247 2805 3314 fuerant,
2836 3242 3052 3314 quando
3071 3258 3183 3298 non
3214 3243 3544 3314 projeceram
3565 3250 3672 3291 eos:
3691 3244 3760 3297 ιαο

443 3323 642 3398 tioohi,
662 3331 719 3382 et
748 3330 943 3399 posuit
993 3329 1127 3385 illos
1183 3331 1350 3402 quasi
1400 3307 1616 3401 equum
1648 3330 1844 3403 glorise
1874 3346 1993 3385 suae
2024 3329 2083 3384 in
2115 3307 2158 3375 θ
2194 3335 2344 3388 enim
2368 3307 2633 3389 Dominus
2653 3307 3018 3398 Deuse'orum,
3038 3335 3091 3387 et
3109 3307 3407 3387 exaudiam
3443 3343 3541 3384 eos.
3574 3326 3624 3379 Et
3640 3319 3759 3376 erant

440 3414 661 3485 praelio,
696 3416 803 3472 hoc
832 3423 939 3484 est,
973 3418 1072 3490 qui
1104 3419 1174 3474 de
1214 3419 1372 3475 illius
1402 3420 1580 3491 stirpe
1609 3420 1864 3493 generati
1899 3422 2039 3475 sunt
2066 3434 2079 3472 :

439 3503 626 3559 multo
647 3505 803 3560 enim
823 3510 1084 3578 tempore
1098 3509 1440 3565 Macedonas
1453 3510 2085 3580 oppresserunt.Quod-

439 3609 553 3665 que
574 3594 874 3665 sequitur:
923 3598 1006 3650 Ea:
1052 3598 1166 3668 ipso
1193 3598 1445 3667 angulus,
1470 3615 1541 3652 ea:
1569 3599 1685 3669 ipso
1712 3600 1978 3669 paxillus,
2011 3616 2083 3655 ea:

436 3682 552 3752 ipso
582 3699 745 3737 arcus
770 3685 975 3755 praelii,
1036 3701 1107 3740 ea:
1138 3688 1251 3756 ipso
1303 3686 1617 3758 egredietur
1656 3689 1832 3743 omnis
1861 3696 2083 3744 exactor

432 3771 715 3842 simul,eic
748 3777 1122 3850 μεταφορικῶς
1153 3774 1575 3847 intelligunt,ut
1595 3774 1878 3847 angulum
1900 3777 2078 3833 inter-

434 3864 735 3932 pretentur
765 3862 982 3933 regiam
1041 3855 1408 3934 potestatem,
1469 3864 1621 3935 quod
1674 3862 1921 3935 parietes
1950 3865 2079 3938 ipsa

432 3950 728 4005 contineat
759 3952 864 4019 [ΑΙ.
897 3951 1272 4019 continebat].
1330 3953 1400 4007 Et
1429 3969 1498 4008 ex
1525 3952 1677 4023 ipso,
1708 3953 1919 4025 inquit,
1973 3971 2075 4026 pa—

431 4036 628 4106 xillus,
661 4038 719 4092 id
760 4046 869 4110 est,
928 4040 1339 4096 sacerdotium.
1403 4041 1551 4113 Lege
1606 4041 1838 4110 Isaiam,
1870 4042 1928 4097 in
1962 4058 2076 4114 quo

432 4123 716 4179 Eliachim
748 4126 804 4179 iu
836 4126 1052 4197 templo
1085 4128 1185 4182 Dei
1217 4127 1387 4198 quasi
1416 4127 1664 4199 paxillus
1698 4129 1896 4202 figitur
1924 4131 2074 4202 (lsai.

431 4214 678 4281 xxu).Ex
708 4213 835 4286 ipso
858 4231 1027 4270 arcus
1058 4215 1261 4287 praelii,
1294 4217 1471 4272 fortes
1503 4219 1575 4273 ab
1598 4217 1977 4275 bellandum:
2010 4237 2077 4275 ex

431 4299 561 4373 ipso
589 4301 765 4358 etiam
795 4302 988 4358 omnis
1017 4308 1237 4360 exactor
1284 4304 1484 4376 simul,
1519 4308 1673 4378 quod
1705 4309 1761 4362 in
1797 4309 2075 4365 Hebraico

431 4390 716 4463 scriptum
756 4399 865 4458 est,
899 4410 1077 4449 noces
1122 4394 1301 4465 (itm),
1337 4400 1394 4451 et
1421 4395 1633 4467 Aquila
1660 4396 2075 4468 interpretatus

431 4484 521 4535 est
541 4478 876 4555 εἰσπράσσων
904 4499 916 4536 :
943 4486 1006 4536 ut
1027 4499 1140 4538 non
1177 4484 1369 4538 solum
1397 4485 1575 4540 fortes
1599 4490 1655 4540 et
1686 4485 1949 4555 boni,sed
1975 4486 2074 4541 alii

427 4584 498 4625 ex
517 4570 602 4626 eis
626 4570 840 4626 fuerint
862 4571 1084 4644 indigni
1109 4588 1317 4644 genere
1330 4573 1573 4638 suo,Jud
1584 4592 1646 4629 as
1664 4575 1819 4630 enim
1841 4575 2070 4631 Macha-

2192 3423 2349 3495 quasi
2366 3425 2532 3493 fortes
2572 3421 2840 3493 Ephraim
2857 3439 2874 3475 :
2900 3429 2951 3476 et
2980 3421 3266 3477 laetabitur
3300 3435 3394 3476 cor
3414 3431 3585 3473 eorum
3599 3408 3759 3495 quatis

2195 3512 2339 3578 vino,
2358 3515 2411 3566 et
2427 3510 2536 3581 ﬁlii
2548 3526 2742 3566 eorum
2779 3509 3056 3575 videbunt,
3087 3517 3140 3564 et
3170 3508 3506 3564 laetabuntur
3527 3520 3540 3558 :
3563 3510 3609 3558 et
3626 3494 3759 3554 mul-

2190 3602 2331 3657 tabit
2360 3617 2457 3656 cor
2484 3615 2673 3655 eorum
2704 3601 2764 3654 in
2827 3600 3052 3655 Domino
3085 3597 3227 3652 LXX
3250 3615 3271 3653 :
3322 3598 3386 3652 Et
3434 3589 3764 3664 confundantur

2189 3705 2508 3745 ascensores
2539 3703 2839 3760 equorum:
2900 3694 2951 3741 et
3002 3688 3324 3758 confortabo
3365 3685 3571 3740 domum
3592 3675 3762 3735 Iudae!

2189 3778 2410 3834 domum
2436 3776 2627 3847 Ioseph
2656 3777 2899 3846 salvabo,
2932 3782 2983 3830 et
3006 3775 3264 3830 habitare
3314 3790 3403 3831 eos
3443 3771 3643 3843 faciam,
3668 3762 3764 3836 quia

2187 3867 2364 3923 dilexi
2388 3882 2493 3922 eos.
2527 3867 2591 3921 Et
2612 3871 2777 3921 erunt
2805 3866 2948 3921 sicut
2976 3864 3132 3920 874
3156 3863 3380 3934 quando
3424 3876 3527 3917 non
3551 3872 3627 3913 eos
3648 3853 3763 3922 obje-

2186 3973 2389 4025 ceram,
2423 3956 2555 4026 quia
2578 3970 2672 4025 ego
2705 3955 2969 4010 Dominus
3028 3954 3164 4008 Deus
3192 3968 3409 4019 eorum,
3461 3953 3511 4006 et
3535 3940 3765 4003 mediam

2186 4062 2310 4102 eos:
2343 4053 2394 4100 et
2424 4047 2583 4099 erunt
2613 4043 2770 4114 quasi
2821 4042 3101 4098 bellatores
3152 4042 3450 4113 Ephraim,
3476 4045 3526 4093 et
3550 4031 3767 4090 (stabitur

2184 4151 2278 4191 cor
2304 4150 2495 4190 eorum
2526 4134 2694 4204 quasi
2724 4133 2781 4187 in
2810 4132 2959 4195 vino,
2989 4135 3042 4186 et
3082 4131 3193 4201 ﬁlii
3251 4145 3443 4186 eorum
3491 4122 3766 4182 videbuntcl

2185 4223 2543 4289 laetabuntur,
2577 4230 2625 4277 et
2650 4219 2907 4291 gaudebit
2937 4221 3008 4291 (ο)
3039 4235 3132 4274 cor
3157 4235 3353 4275 eorum
3398 4220 3457 4273 in
3483 4213 3692 4270 Domino.
3718 4205 3767 4260 Et

2185 4312 2306 4368 haec
2316 4312 2486 4383 juxta
2496 4310 2857 4382 superiorem
2889 4324 3129 4364 sensum
3148 4306 3467 4379 dupliciter
3480 4296 3767 4383 edisserunt,

2185 4407 2251 4457 ut
2271 4382 2374 4457 aut
2395 4400 2504 4455 sub
2527 4396 2879 4455 Machabaais
2896 4401 3192 4453 transacta
3204 4396 3338 4466 jam
3362 4395 3564 4458 dicant,
3583 4389 3667 4443 aut
3683 4382 3767 4438 sub

2183 4490 2410 4546 Christo
2429 4489 2488 4545 in
2508 4487 2715 4544 ultimo
2730 4485 2941 4543 saeculo
2957 4472 3768 4558 transigendacommemomnt,

2183 4581 2244 4636 Et
2266 4584 2354 4635 est
2375 4594 2584 4633 sensus
2609 4592 2622 4632 :
2645 4576 2790 4631 Cum
2809 4574 3037 4648 positus
3057 4574 3228 4630 fuerit
3245 4574 3439 4629 Judas
3459 4564 3601 4642 quasi
3616 4573 3769 4632 equus

426 4658 588 4715 binus
617 4662 674 4715 et
703 4677 907 4715 omnes
939 4660 1039 4732 qui
1066 4661 1136 4717 de
1162 4678 1371 4733 genere
1391 4662 1579 4734 ipsius
1601 4662 1891 4736 principes
1914 4665 2073 4720 fuere
2102 4677 2151 4740 ι)
2180 4669 2426 4725 decorus
2459 4666 2516 4720 in
2562 4664 2779 4737 pralio,
2838 4670 2896 4719 et
2950 4661 3383 4718 conculcaverit
3436 4652 3590 4731 quasi
3613 4648 3769 4744 lututn

423 4746 484 4802 in
516 4748 750 4820 populo,
783 4754 840 4805 et
868 4749 1122 4822 angulus
1154 4755 1357 4819 erant;
1419 4751 1560 4823 quia
1591 4752 1749 4824 regia
1780 4756 2069 4824 potestate
2104 4737 2137 4740 ἡ
2178 4754 2562 4819 adversarios,
2595 4758 2652 4808 et
2681 4750 2928 4808 Domino
2950 4766 3150 4806 secum
3181 4748 3464 4812 bellante,
3496 4737 3767 4814 superari“

420 4836 704 4909 populum
737 4838 1131 4905 continebant,
1180 4845 1236 4894 et
1267 4838 1537 4911 paxillus,
1573 4840 1685 4913 ipsi
1717 4841 1871 4896 enim
1903 4847 2069 4898 erant

420 4927 772 4993 sacerdotes,
804 4931 861 4982 et
889 4943 1061 4982 arcus
1112 4927 1313 4999 praelii,
1346 4929 1486 5000 quia
1513 4929 1619 4983 viri
1648 4929 1919 4986 exstitere
1951 4932 2066 4985 for-

417 5015 659 5081 tissimi,
714 5020 925 5071 utnon
957 5016 1149 5072 solum
1202 5016 1356 5073 873
1415 5017 1733 5073 exercitum
1764 5018 2066 5091 aciemque

418 5105 826 5178 disponerent;
859 5105 957 5160 sed
993 5105 1165 5178 primi
1190 5106 1259 5160 ad
1280 5105 1540 5178 praelium
1566 5106 2065 5179 prosilirent.Pos-

418 5211 630 5250 sumus
662 5194 732 5249 de
790 5194 899 5249 hoc
953 5194 1108 5265 quod
1142 5194 1445 5266 sequitur:
1484 5199 1565 5250 Ex
1612 5197 1727 5266 ipso
1754 5197 2067 5265 egredietur

417 5285 595 5339 omnis
622 5286 844 5338 exactor
870 5284 1167 5354 simul,pro
1199 5300 1314 5355 quo
1340 5283 1473 5339 LXX
1492 5283 1920 5341 transtulerunt
1940 5305 1959 5341 :
1984 5292 2067 5342 Ea:

417 5372 535 5441 ipso
565 5372 871 5442 egredietur
888 5375 1071 5428 omnis
1099 5374 1196 5444 qui
1222 5373 1399 5428 educit
1429 5375 1681 5439 simul,et
1710 5374 1819 5428 hoc
1851 5375 2059 5431 dicere:

417 5458 589 5515 Nulla
614 5462 722 5515 erit
743 5461 999 5532 dignitas
1022 5461 1080 5516 in
1104 5462 1378 5530 exercitu,
1414 5479 1540 5533 qua:
1573 5479 1687 5518 non
1715 5462 1877 5519 illius
1906 5466 2064 5519 arbi-

417 5548 530 5602 trio
578 5549 941 5619 disponatur.
1007 5556 1071 5604 Et
1128 5559 1300 5606 erunt
1328 5552 1430 5605 viri
1467 5552 1794 5622 fortissimi,
1827 5554 2061 5609 concul-

488 5682 661 5806 gnln
716 5685 917 5755 Regia.
973 5705 1082 5743 ms.
1144 5695 1239 5760 qui
1267 5676 1600 5762 egreditur:
1661 5693 1719 5748 in
1749 5698 1942 5751 Graeco
1974 5701 2063 5752 est

488 5771 497 5803 ε
542 5770 736 5806 αυνων.
759 5760 861 5806 aut
883 5754 1145 5806 ἐλαύνων-
1168 5764 1225 5806 et
1253 5758 1555 5806 3202mm”

417 5751 736 5823 ἐξελαύνων,
759 5751 861 5809 ειῧῒ.
883 5751 1225 5826 ἐλαύνων,’θι
1253 5751 1557 5834 ἐξξρευνῶν.

2174 4850 2315 4900 tunc
2372 4841 2564 4899 omnis
2603 4841 2900 4913 equitatus
2956 4838 3186 4895 Graecia
3245 4840 3500 4902 corruet,
3527 4837 3579 4888 et
3602 4829 3768 4913 domus

2173 4934 2330 4990 Juda
2356 4938 2415 4989 et
2445 4912 2665 4987 domus
2684 4928 2859 4985 Israel
2892 4929 3044 4999 (eam
3076 4928 3230 4983 enim
3262 4931 3435 4982 vocat
3462 4924 3676 4979 domum
3700 4912 3769 4968 Jo-

2175 5025 2342 5095 seph,
2372 5021 2429 5075 id
2459 5024 2567 5091 est,
2600 5018 2802 5074 decem
2834 5017 3124 5085 tribuum)
3168 5015 3395 5088 pariter
3423 5008 3765 5095 salvabuulur,

2175 5092 2590 5168 etconvertarn
2622 5123 2721 5163 eos
2752 5107 2822 5162 de
2852 5105 3190 5178 captivitate
3243 5104 3307 5158 in
3339 5120 3457 5175 qua
3485 5097 3705 5156 fuerant,
3727 5092 3767 5142 el

2174 5204 2348 5258 erunt
2377 5198 2531 5254 sicut
2558 5212 2624 5252 eo
2655 5200 2934 5267 tempore,
2993 5195 3227 5266 quando
3291 5209 3409 5248 non
3458 5188 3762 5263 projeceram

2173 5308 2271 5346 eos
2300 5308 2313 5345 :
2349 5304 2453 5359 ego
2478 5285 2634 5341 enim
2666 5302 2799 5340 sum
2831 5283 3117 5339 Dominus
3140 5289 3294 5338 Deus
3316 5296 3541 5347 eorum,
3562 5273 3650 5348 qui
3669 5267 3764 5324 illos

2172 5378 2480 5435 exaudiam
2512 5375 2911 5445 deprecantes.
2946 5371 3015 5425 Et
3068 5370 3350 5443 Ephraim
3410 5368 3505 5439 qui
3538 5375 3674 5420 nunc
3694 5369 3762 5409 α’

2172 5467 2312 5539 ptivi
2346 5465 2702 5524 detinentur,
2741 5466 2942 5532 postea.
2996 5459 3372 5527 laxabuntur,
3417 5462 3475 5513 et
3502 5454 3559 5510 in
3584 5452 3762 5539 tangite

2170 5530 2402 5611 venient
2432 5551 2653 5625 gaudii,
2690 5530 2758 5605 ut
2781 5567 2879 5606 eos
2901 5550 3032 5605 vino
3055 5548 3326 5604 madidos
3348 5540 3652 5603 arbitreris.
3670 5530 3759 5590 Filii

2241 5697 2510 5769 (b)]ldem
2546 5710 2685 5769 ms,
2713 5691 2890 5747 decem
2920 5690 3123 5746 millia.

2244 5759 2515 5843 (ej-Addit
2549 5759 2756 5837 Regia.
2788 5778 2925 5834 ms.,
2956 5770 3008 5818 et
3035 5759 3337 5819 exultabit.
