4034 6196
388 312 549 380 1495

1618 312 1681 377 S.
1728 308 2036 378 EUSEBII
2083 310 2524 381 HIEBONYMI

3594 318 3716 388 ια

385 449 757 517 ruerunt,sed
777 446 937 506 illam
974 465 1089 522 qua
1107 447 1472 504 vocanturad
1498 448 1671 503 ﬁdem
1696 446 2024 502 multitudi-
2060 450 2110 519 Α
2142 451 2388 504 vatoris:
2425 452 2586 507 Pater
2613 449 2683 507 da
2711 451 2792 508 eis
2821 459 2876 507 ut
2906 461 3019 507 sint
3038 455 3099 508 in
3126 451 3277 510 nobis
3294 468 3481 526 unum,
3507 454 3714 528 siautem

388 557 491 597 nes
522 537 1115 611 nationum.Denique
1153 537 1438 611 sequitur:
1493 537 1778 595 Seminabo
1828 553 1915 593 eos
1970 536 2028 591 in

383 628 627 702 paputis,
658 633 711 684 et
753 628 816 684 de
874 628 1030 697 longe
1086 628 1517 684 recordabuntur
1564 628 1694 683 mei.
1747 625 2029 682 Seminati

385 720 611 779 suntin
646 716 895 791 populis,
929 716 1030 789 qui
1079 717 1307 772 Domini
1357 716 1592 773 audiere
1648 731 1978 772 sermonem
2012 732 2025 769 :

387 807 794 875 Euntes,docete
821 822 1008 864 omnes
1039 815 1224 877 gentes
1246 807 1417 877 (Matt.
1442 822 1639 862 xxvm.
1690 804 1800 876 19).
1850 804 1919 858 Et
1971 803 2063 879 in

349 946 355 951 .
387 897 501 955 alio
541 896 666 953 loco
689 915 707 951 :
739 898 855 953 Non
874 912 963 952 vos
992 912 1076 952 me
1104 897 1364 967 elegistis,
1395 895 1490 950 sed
1513 911 1607 967 ego
1636 895 1780 962 elegi
1823 908 1934 959 vos,
1981 895 2033 947 et

381 989 547 1062 posui
574 1003 663 1043 vos
686 987 922 1053 utentis,
957 989 1006 1040 et
1026 987 1268 1056 fructum
1306 986 1635 1058 afferatis,et
1677 986 1891 1054 fructus
1936 997 2030 1037 ve-

383 1086 501 1134 ster
518 1079 736 1131 maneat
765 1077 826 1129 in
852 1079 1119 1131 aeternum
1149 1075 1435 1145 (Joan.xv.
1462 1073 1570 1145 16).
1603 1075 1869 1144 Cumque
1892 1087 2028 1142 apo-

386 1165 522 1223 stoli
554 1164 848 1220 fuerintin
871 1162 1102 1236 populis
1135 1163 1428 1232 seminati,
1462 1165 1663 1234 gentes
1714 1166 1772 1216 et
1830 1158 2029 1233 p0puli

384 1253 559 1326 longe
587 1252 763 1326 positi
785 1252 1246 1307 recordabuntur
1277 1250 1518 1317 mei,illo
1540 1249 1877 1322 prophetico
1896 1247 2032 1304 huic

385 1341 684 1399 sententiae
708 1345 1060 1413 congruente
1082 1357 1094 1395 :
1114 1341 1550 1395 Reminiscentur
1575 1343 1627 1396 et
1653 1342 2036 1396 convertentur

388 1432 459 1488 ad
486 1432 780 1489 Dominum
827 1431 1079 1485 universi
1109 1429 1242 1499 fines
1301 1437 1478 1485 terrae.
1510 1431 1575 1484 Et
1621 1428 1926 1485 adorabunt
1972 1428 2031 1481 in

392 1524 678 1593 conspectu
709 1521 827 1592 ejus
858 1521 1136 1576 universae
1162 1519 1403 1591 [amile
1429 1519 1699 1591 gentium.
1761 1517 2035 1585 Quoniam

391 1611 612 1667 Domini
637 1615 716 1665 est
746 1624 999 1679 regnum,
1029 1610 1079 1663 et
1108 1609 1226 1679 ipse
1240 1608 1629 1663 dominabitur
1657 1606 2029 1678 gentium(Ps.

388 1701 616 1767 xx1,2<,
637 1698 1040 1770 29).Quodque
1069 1697 1284 1752 dicitur
1318 1713 1331 1752 :
1362 1698 1437 1751 De
1468 1697 1623 1768 longe
1664 1695 2033 1752 recordabun-

2139 545 2192 595 et
2217 541 2279 594 tu
2306 555 2481 597 unum
2508 555 2719 607 sumus,
2749 539 2933 613 (Joan.
2965 559 3105 612 xvn,
3134 542 3246 614 22).
3287 541 3445 603 Unde
3465 545 3518 601 et
3549 560 3717 617 sponsa

2138 625 2213 687 in
2247 627 2479 684 Cantico
2521 628 2664 684 dicit
2690 629 2762 686 ad
2795 646 3081 703 sponsum
3115 648 3128 687 :
3188 631 3328 689 Odor
3344 637 3722 693 vestsz

2139 723 2379 783 tuorum,
2409 718 2555 773 sicut
2601 717 2732 773 odor
2769 719 2969 775 Libani
3012 718 3195 791 (Cant.
3239 738 3315 787 IV,
3362 721 3469 792 41).
3512 721 3722 795 Cumque

2139 805 2437 862 induxerit
2465 823 2572 862 nos
2596 805 2654 861 in
2677 810 2891 863 terram
2923 805 3140 867 Galaad
3158 812 3216 864 et
3242 809 3464 877 Libani,
3482 826 3584 866 non
3602 809 3724 867 inve-

2140 893 2337 949 nietur
2368 894 2537 951 nobis
2562 893 2746 961 locus,
2763 899 2830 950 ut
2848 911 3222 968 nequaquam
3244 902 3407 953 terra
3418 898 3722 971 stringamur

2141 983 2469 1057 angustiis:
2525 983 2628 1040 sed
2659 983 2940 1041 caelorum
2970 983 3286 1043 latitudine
3317 987 3421 1056 [Αι.
3451 985 3726 1059 altitudine}

2141 1071 2532 1144 perfruamur.

2211 1159 2397 1231 (Vers.
2439 1163 2524 1228 11,
2560 1162 2672 1234 12.)
2708 1165 2773 1218 Et
2821 1163 3079 1220 transibit
3106 1165 3166 1218 in
3196 1165 3373 1221 maris
3397 1167 3544 1237 freto,
3565 1171 3726 1238 etper-

2137 1251 2305 1305 cutiet
2334 1252 2392 1306 in
2414 1252 2563 1306 mari
2584 1252 2782 1322 ﬂuctus
2807 1268 2819 1306 :
2852 1254 2905 1308 et
2924 1251 3336 1323 confundentur
3357 1255 3535 1310 omnia
3545 1256 3727 1325 pro/am

2139 1338 2214 1393 da
2240 1339 2499 1411 ﬂuminis
2523 1357 2536 1396 :
2569 1348 2623 1395 et
2650 1339 3045 1397 humiliabitur
3072 1342 3329 1413 superbia
3350 1341 3527 1410 Assur,
3545 1347 3592 1401 et
3614 1360 3728 1414 scep-

2140 1435 2287 1484 trum
2313 1429 2537 1501 Egypti
2574 1428 2796 1485 recedet.
2831 1428 3152 1501 Confortabo
3188 1445 3278 1486 eos
3308 1432 3373 1486 in
3420 1433 3661 1488 Domino:
3687 1434 3731 1487 Et

2141 1518 2203 1573 in
2228 1518 2454 1574 nomine
2476 1519 2593 1590 ejus
2615 1517 2994 1583 ambulabunt,
3025 1518 3160 1575 dicit
3189 1520 3468 1575 Dominus.
3497 1518 3656 1579 LXX:
3684 1521 3733 1576 Et

2136 1607 2557 1678 pertransibunt
2587 1608 2648 1662 in
2660 1608 2810 1663 mari
2836 1614 3065 1678 angusto
3082 1624 3102 1662 :
3133 1612 3186 1664 et
3211 1609 3517 1680 percutiant
3542 1610 3592 1662 in
3620 1611 3734 1669 mari

2140 1695 2357 1764 ﬂuctus,
2401 1698 2451 1750 et
2496 1697 2851 1752 siccabuntur
2895 1698 3087 1752 omnia
3130 1696 3417 1768 profunda
3452 1698 3733 1767 ﬂatum:

390 1795 483 1847 tur
504 1789 635 1853 mei,
664 1786 747 1842 illi
780 1786 972 1843 simile
1002 1790 1090 1841 est
1121 1802 1133 1840 :
1162 1786 1265 1854 Qui
1294 1786 1451 1855 longe
1469 1787 1615 1852 estis,
1668 1783 2036 1841 recordamini
2064 1820 2112 1884 Β
2143 1786 2195 1840 et
2222 1785 2507 1855 auferetur
2534 1787 2796 1841 universa
2823 1786 3041 1857 injuria
3059 1786 3428 1858 Assyriorum,
3446 1790 3737 1854 “malum

387 1879 629 1946 Domini,
659 1881 710 1932 et
738 1876 1041 1933 Jerusalem
1068 1874 1323 1931 ascendat
1350 1891 1515 1947 super
1540 1891 1634 1931 cor
1660 1874 2029 1940 vestrum(Jer,

386 1968 564 2040 XXXI).
591 1967 778 2039 Longe
794 1964 908 2020 tuit
930 1963 1123 2020 omnis
1144 1964 1406 2036 gentium
1429 1962 1742 2019 multitudo
1771 1980 1784 2030 ;
1819 1962 1920 2017 sed
1944 1977 2031 2016 re-

390 2057 627 2112 cordata
655 2058 744 2110 est
773 2051 1042 2124 Dei,quia
1057 2068 1126 2107 ex
1156 2069 1269 2107 uno
1302 2068 1506 2107 omnes
1531 2059 1768 2124 parente
1801 2066 2032 2123 genera-

393 2143 814 2215 mur.Cumque
831 2139 1183 2212 apostolisin
1195 2140 1421 2196 cunctis
1436 2140 1711 2213 gentibus
1726 2137 2032 2196 seminatis

391 2237 595 2308 gentes
616 2231 787 2302 longe
818 2230 1016 2301 positae
1047 2229 1148 2284 Dei
1205 2228 1421 2284 fuerint
1466 2229 1798 2298 recordatus,
1842 2226 2034 2282 vivent

392 2338 527 2378 cum
559 2319 697 2375 ﬁliis
717 2317 1044 2390 suis,utqui
1066 2316 1228 2389 prius
1248 2317 1464 2373 inﬁdeli
1473 2320 1587 2374 tate
1605 2317 1821 2372 mortui
1844 2319 2029 2372 erant.

390 2411 507 2466 fide
527 2409 716 2464 vivere
745 2407 1047 2479 incipiant.
1085 2405 1185 2462 Isti
1204 2410 1343 2462 sunt
1373 2406 1652 2478 filii,quos
1673 2404 1893 2461 Paulus
1923 2422 2032 2460 nu-

392 2499 554 2555 trivit
582 2498 643 2553 in
675 2494 1005 2568 Evangelio,
1039 2495 1299 2550 scribens
1330 2495 1401 2549 ad
1432 2494 1783 2551 Corinthios:
1806 2495 1910 2549 Lac
1939 2509 2033 2550 vo-

392 2588 473 2644 bis
490 2594 682 2660 potum
703 2585 872 2654 dedi(l
900 2585 1020 2640 Cor.
1056 2600 1140 2654 1n,
1171 2583 1324 2655 2).Et
1354 2582 1557 2639 Petrus
1583 2582 1643 2638 in
1669 2582 2032 2655 dispersione

390 2673 902 2742 scribitﬁdelibus,
926 2673 1025 2744 qui
1070 2671 1257 2727 renati
1288 2675 1494 2727 erant:
1529 2671 1655 2727 Non
1700 2687 1768 2727 ex
1812 2669 2033 2727 semine

390 2761 776 2836 corruptibili,
810 2763 910 2818 sed
943 2753 1405 2833 incorruptibili,
1428 2776 1532 2832 per
1571 2775 1900 2816 sermonem
1948 2758 2031 2812 vi-

386 2842 576 2910 ventis
605 2850 724 2920 Dei,
745 2848 1390 2923 etpermanentis,sicut
1422 2849 1593 2904 modo
1624 2845 1881 2920 generati
1902 2862 2033 2919 par-

387 2941 604 3011 vuli,ut
632 2938 978 2996 rationabile
1009 2936 1098 2993 lac
1157 2938 1639 3010 concupiscerent
1693 2940 1747 2991 et
1788 2936 1847 2990 in
1904 2935 2033 3008 ipso

391 3033 721 3089 crescerent
749 3029 809 3084 in
839 3027 1089 3085 salutem
1121 3028 1165 3095 (Ι
1196 3028 1313 3083 Pet.
1338 3027 1402 3099 1).
1427 3028 1511 3082 Ad
1570 3029 1677 3082 hos
1713 3024 1867 3082 ﬁlios
1897 3024 2037 3081 scri-

390 3120 570 3177 bebat
597 3123 654 3174 et
683 3117 1039 3190 evangelista
1063 3117 1319 3172 Joannes
1353 3134 1366 3172 :
1397 3115 1603 3180 Fitioli,
1634 3113 1897 3170 custodite
1945 3129 2036 3169 vos

2140 1874 2366 1944 Egypti
2389 1873 2630 1929 tolletur.
2663 1875 2729 1930 Et
2757 1874 3072 1945 eonfortabo
3090 1889 3179 1930 eos
3194 1880 3269 1939 in
3286 1874 3512 1931 Domine
3537 1878 3732 1943 Daem,

2139 1968 2191 2018 et
2216 1962 2277 2016 in
2304 1963 2523 2018 nomins
2569 1964 2686 2034 ejus
2712 1962 3129 2031 gloriabuntur,
3170 1962 3315 2019 dicit
3342 1963 3601 2019 Dominus.
3623 1962 3735 2021 Nero

2140 2052 2274 2105 rant
2302 2049 2523 2105 Hebraei
2552 2050 2845 2122 captivum
2866 2049 3151 2124 populum
3170 2051 3526 2123 Judaeorum,
3550 2067 3649 2111 non
3665 2068 3737 2113 80-

2140 2135 2263 2194 lum
2295 2137 2355 2193 in
2382 2139 2579 2195 Medos
2596 2145 2654 2195 et
2670 2139 2895 2205 Persas,
2911 2140 3012 2195 sed
3028 2138 3089 2196 in
3108 2139 3474 2213 Bosphorum
3488 2145 3738 2214 quoquest

2140 2227 2654 2300 septentrionalem
2687 2227 2920 2302 plagam
2947 2228 3020 2285 ab
3049 2228 3308 2301 Assyriis
3321 2233 3493 2302 atque
3509 2228 3738 2289 Chaideis

2139 2332 2269 2372 esse
2296 2316 2670 2384 translatum,
2699 2322 2759 2372 et
2789 2320 2990 2389 postea
3036 2334 3136 2375 eos
3176 2334 3246 2375 ex
3278 2323 3443 2391 parte
3467 2323 3735 2390 revocatos,

2142 2404 2243 2460 Dei
2267 2406 2346 2477 (a)
2376 2421 2475 2461 eos
2502 2405 2574 2461 ad
2607 2422 2669 2462 se
2698 2410 3076 2467 convertente
3090 2405 3435 2478 clementia;
3459 2413 3514 2464 et
3530 2407 3739 2467 necesse

2141 2495 2295 2567 quod
2326 2511 2482 2550 nunc
2505 2495 2754 2551 dicitur:
2786 2497 3118 2552 Transibunt
3144 2498 3619 2569 inmarianausto.
3637 2499 3741 2551 Pro-

2143 2582 2399 2656 pontidis
2429 2586 2755 2657 angustias,
2791 2601 2918 2657 qua:
2946 2584 3400 2652 Chalcedonam,
3421 2584 3737 2658 etquondam

2142 2671 2463 2728 Bizantium
2496 2673 2655 2731 brevi
2677 2673 2823 2729 freto
2839 2674 3132 2731 dividunt.
3157 2675 3224 2730 Et
3243 2674 3544 2747 percutiet,
3568 2673 3738 2745 inquit,

2141 2761 2425 2819 Dominus
2442 2762 2681 2833 (vadens
2702 2767 2838 2819 ante
2849 2761 3130 2836 populum
3145 2768 3351 2832 suum)
3365 2763 3537 2821 maris
3551 2763 3739 2829 ﬂuctus,

2141 2852 2199 2907 et
2226 2849 2660 2908 confundentur
2680 2849 2879 2908 omnia
2900 2851 3189 2924 profunda
3209 2851 3538 2923 ﬂuviorum,
3560 2855 3615 2908 ut
3630 2849 3737 2907 olim

2142 2938 2361 2995 factum
2386 2944 2493 3006 est,
2524 2939 2776 2997 Jordane
2800 2940 3015 2998 siccato
3045 2942 3224 3013 (Iosue
3253 2943 3373 3010 In),
3401 2945 3458 2998 et
3484 2956 3625 2997 mare
3646 2938 3741 2996 Ru-

2142 3027 2315 3086 brum
2344 3031 2751 3101 transgressus
2797 3032 2887 3084 est
2915 3028 3169 3102 populus
3218 3030 3283 3085 in
3312 3030 3535 3087 deserto
3581 3025 3735 3099 (Βιοά.

2141 3120 2318 3183 xxxv).
2351 3118 2615 3189 Cumque
2644 3117 2819 3174 fuerit
2864 3117 2937 3174 de
2965 3117 3327 3190 captivitatis
3384 3116 3645 3192 profundo
3685 3130 3736 3170 ex

389 3208 461 3264 ab
487 3208 650 3264 idolis
681 3207 725 3278 (I
747 3187 904 3262 Joan.
935 3222 991 3271 v,
1022 3205 1134 3275 21).
1167 3205 1237 3259 Et
1262 3205 1558 3273 reducam,
1586 3202 1798 3275 inquit,
1840 3218 1939 3258 eos
1968 3202 2041 3257 de
2069 3187 2112 3256 C
2149 3205 2302 3262 εἴθ
2329 3187 2618 3262 malorum
2645 3187 3364 3276 amaritudine—liberatus,
3385 3187 3736 3265 bumiliabitar

389 3300 548 3353 terra
565 3293 813 3368 Egypti,
848 3298 905 3350 et
952 3293 1021 3348 de
1064 3292 1317 3365 Assyriis
1362 3292 1726 3365 congregabo
1784 3307 1904 3348 eos.
1953 3296 2031 3346 De

383 3388 543 3442 terra
568 3383 817 3458 Egypti,
848 3382 907 3438 in
939 3399 1057 3454 qua
1098 3382 1424 3454 imperabat
1481 3398 1580 3437 rex
1634 3380 1880 3447 Pharao,
1929 3378 2030 3452 qui

386 3474 683 3548 quondam
714 3471 1143 3545 gloriabundus
1174 3470 1397 3527 aiebat:
1426 3475 1551 3528 Mea
1565 3478 1692 3526 sunt
1718 3472 2030 3541 ﬂumina,et

383 3579 482 3634 ego
497 3564 605 3635 feci
632 3578 697 3617 ea
717 3560 922 3633 (Ezech
974 3577 1110 3615 xxxx
1138 3561 1214 3628 3).
1249 3560 1319 3615 Et
1337 3560 1409 3616 de
1433 3563 1587 3616 terra
1615 3560 1817 3631 Assur,
1851 3574 2027 3631 quam

382 3652 618 3709 tenebat
648 3667 746 3707 rex
773 3649 1067 3723 Assyrius,
1102 3665 1311 3706 sensus
1343 3665 1615 3722 magnus,
1647 3647 1747 3720 qui
1804 3652 1863 3704 et
1902 3647 2027 3720 ipse

381 3742 610 3799 dicebat
640 3757 654 3797 :
687 3739 861 3811 Super
889 3739 1078 3794 sidera
1105 3738 1229 3793 coeli
1251 3754 1455 3809 ponam
1484 3738 1742 3792 thronum
1767 3739 2027 3802 meu-m,et

383 3847 478 3887 ero
506 3830 708 3886 similis
738 3828 1013 3884 Altissimo
1034 3827 1184 3899 (lsai.
1217 3844 1331 3893 xxv,
1358 3826 1466 3898 13).
1501 3825 1646 3881 Cum
1705 3829 1901 3881 autem
1955 3826 2027 3881 de

379 3918 639 3977 tenebris
667 3916 897 3990 Egypti
920 3920 977 3972 et
1006 3917 1077 3971 de
1132 3914 1509 3971 tributatione
1560 3914 1786 3985 mundi,
1844 3918 1902 3970 et
1954 3916 2027 3969 de

379 4011 661 4083 potestate
690 4004 933 4077 Assyrii,
967 4004 1064 4076 qui
1107 4004 1523 4076 interpretatur
1575 4020 1807 4075 arguens
1850 4006 2025 4074 atque

378 4098 701 4154 convincens
731 4095 879 4165 (ipse
909 4097 999 4149 est
1025 4093 1180 4148 enim
1214 4092 1491 4148 inimicus
1521 4096 1578 4147 et
1623 4091 1819 4164 ultor),
1869 4091 2022 4148 818

378 4184 645 4244 nationes
668 4181 947 4237 Dominus
959 4180 1694 4252 congregarit,induceteos
1714 4180 1774 4235 in
1806 4183 2023 4236 terram

378 4272 618 4342 Galaad,
650 4274 705 4325 et
735 4268 1177 4325 Libani.Galaad
1206 4270 1267 4324 in
1290 4268 1553 4341 linguam
1596 4274 1854 4326 nostram
1897 4286 2024 4326 ver-

377 4361 542 4429 titur,
575 4359 945 4417 testimonium
972 4358 1749 4430 transmigrationis,quando
1771 4359 1843 4414 de
1896 4374 2023 4414 car-

375 4449 611 4507 nalibus
637 4447 958 4505 transimus
989 4447 1060 4503 ad
1087 4445 1437 4519 spiritualia,
1471 4447 1541 4502 de
1563 4450 1725 4518 parte
1753 4447 2022 4504 venimus

2138 3296 2342 3360 Assur,
2399 3298 2457 3351 et
2502 3295 2730 3368 Egypti
2788 3294 3099 3367 imperium
3157 3296 3394 3353 recedet
3439 3295 3507 3353 ab
3553 3293 3640 3351 eis.
3681 3292 3732 3348 Et

2138 3383 2627 3439 confortabuntur
2680 3383 2740 3439 in
2797 3382 3070 3451 Domino,
3116 3388 3175 3440 et
3230 3384 3297 3440 in
3346 3383 3570 3443 nomine
3610 3380 3730 3437 illius

2138 3471 2527 3527 ambulabunt
2556 3472 2615 3527 in
2672 3474 2827 3527 terra
2855 3470 3055 3539 Israel,
3103 3471 3245 3528 dicit
3301 3472 3589 3528 Dominus.
3636 3469 3734 3526 Hec

2137 3565 2204 3616 ut
2242 3561 2314 3615 ab
2371 3560 2626 3617 Hebraeis
2684 3559 2854 3616 nobis
2912 3560 3128 3616 tradita
3186 3566 3352 3628 sunt,
3413 3565 3606 3618 nostra
3652 3557 3733 3612 lin-

2135 3664 2262 3722 guae
2282 3648 2623 3705 hominibus
2641 3648 3059 3721 expressimus,
3087 3650 3264 3706 (idem
3287 3650 3563 3708 dictorum
3581 3646 3641 3703 ad
3657 3659 3735 3702 eos

2139 3754 2174 3793 a
2202 3737 2418 3810 quibus
2465 3741 2607 3794 sunt
2633 3738 2791 3794 dicta
2819 3738 3152 3795 referentes.
3210 3741 3492 3796 Ceterum
3523 3754 3615 3794 nos
3659 3730 3734 3805 qui

2134 3826 2346 3882 Christi
2378 3843 2685 3883 censemur
2714 3826 2969 3896 nomine,
2993 3827 3354 3885 occidentem
3399 3824 3735 3899 relinquimus

2132 3913 2409 3983 litteram,
2443 3920 2500 3972 et
2529 3914 2834 3988 sequimur
2860 3916 3563 3988 spiritum‘viviﬁoantem,
3588 3912 3733 3969 immo

2133 4003 2464 4076 spiritualia
2484 4004 2892 4077 spiritualibus
2914 4011 3350 4077 comparantes,
3384 4022 3494 4061 non
3526 3999 3735 4073 Bospho-

2133 4108 2266 4148 rum
2296 4098 2354 4148 et
2390 4092 2712 4149 siccitatem
2746 4110 2981 4150 rursum
3014 4095 3195 4151 maris
3230 4099 3294 4150 et
3320 4093 3536 4151 arentia
3560 4090 3735 4147 ﬂuente

2130 4179 2423 4248 Jordanis,
2447 4194 2583 4253 quae
2615 4181 2947 4238 fabularum
2971 4182 3192 4238 similia
3215 4188 3378 4250 sunt,
3413 4182 3509 4243 sed
3536 4179 3731 4251 dignam

2132 4269 2193 4324 in
2206 4285 2404 4325 servos
2422 4286 2562 4326 suos
2579 4270 2680 4327 Dei
2693 4271 3062 4327 clementiam
3078 4271 3422 4344 quaerimus,
3437 4285 3541 4343 quo
3552 4279 3731 4341 praen-

2129 4362 2206 4426 te,
2239 4362 2291 4414 et
2306 4358 2476 4415 nobis
2494 4359 2789 4431 aperiente
2804 4359 2982 4432 viam,
2999 4359 3327 4417 transimus
3343 4360 3514 4421 maris
3532 4358 3725 4419 fletum.

2131 4446 2250 4504 sive
2280 4452 2597 4520 angustum
2620 4464 2800 4514 mare,
2824 4448 2979 4521 quod
3004 4443 3725 4521 peccatoribuslatissimutn

374 4539 448 4599 ad
478 4544 667 4595 totum
694 4556 707 4593 :
767 4542 1000 4594 terrena
1056 4534 1468 4607 relinquimus,
1528 4539 1586 4591 et
1633 4536 1704 4590 ad
1762 4530 2029 4592 coelestia
2051 4558 2098 4623 Β
2131 4542 2254 4593 est:
2291 4539 2434 4593 Lata
2462 4541 2614 4593 enim
2639 4541 2944 4611 etspatiosa
2975 4540 3064 4594 via
3093 4555 3212 4610 quae
3231 4537 3390 4595 ducit
3419 4537 3489 4594 ad
3508 4535 3725 4623 moriest:

372 4627 925 4699 transmigramus:
1003 4626 1248 4681 Libanus
1325 4627 1521 4680 autem
1602 4623 2020 4696 interpretatur

371 4713 698 4788 λευκασμός,
728 4716 786 4771 id
833 4720 943 4783 est,
1023 4714 1311 4770 dealbatio.
1402 4712 1760 4768 Adducimur
1822 4714 2018 4787 itaque

370 4806 442 4863 de
472 4804 729 4862 tenebris
757 4803 1004 4878 Egypti,
1040 4807 1104 4858 ut
1134 4807 1447 4874 postquam
1497 4801 1902 4859 transierimus
1961 4807 2020 4859 et

369 4894 819 4969 migraverimus
849 4911 885 4949 a
911 4890 1507 4959 mundo,dealbemur
1556 4890 1613 4944 in
1636 4889 1901 4957 Domino,
1959 4896 2018 4949 et

368 4981 597 5040 dicatur
615 4982 686 5038 de
716 4981 886 5038 nobis
911 4986 1084 5053 :Quae
1113 4988 1191 5036 est
1219 4981 1327 5035 ista
1354 4994 1480 5051 qua:
1505 4979 1746 5035 ascendit
1762 4980 2018 5038 dealbata

366 5074 549 5142 (Cant.
572 5088 696 5127 VIII.
729 5071 784 5141 6)
805 5069 957 5125 ?Alii
972 5070 1141 5140 juxta
1169 5067 1348 5124 Graeci
1380 5066 1669 5122 sermonis
1725 5068 2014 5141 ambigui-

361 5164 567 5228 tatem,
597 5176 714 5233 qua
741 5163 801 5216 et
822 5174 991 5215 mons
1022 5156 1310 5213 Phoenicis
1343 5160 1399 5211 et
1425 5155 1563 5211 thus
1599 5154 1848 5213 Libanus
1878 5158 2018 5213 dici-

366 5254 482 5317 tur,
502 5266 656 5305 nunc
689 5249 976 5304 Libanum
1008 5247 1133 5303 thus
1150 5245 1696 5316 interpretantur,et
1719 5261 1789 5302 ex
1844 5246 2016 5305 thure

365 5338 682 5413 signiﬁcari
702 5343 912 5411 putant
938 5337 1213 5402 Deum,ut
1241 5338 1552 5406 postquam
1576 5335 1644 5389 de
1658 5337 1811 5391 terra
1825 5326 2011 5392 trans-

364 5424 611 5484 ierimus
641 5428 713 5484 ad
744 5427 977 5493 εωιυω,
1013 5424 1326 5497 impleatur
1359 5423 1416 5478 in
1451 5422 1619 5478 nobis
1650 5423 1836 5479 oratio
1886 5423 2011 5481 Sal-

438 5639 515 5708 (a)
546 5639 748 5710 Regin.
781 5656 918 5711 ms.,
949 5641 1049 5695 Dei
1077 5639 1152 5694 ad
1178 5654 1265 5694 eos
1297 5654 1351 5693 se
1378 5642 1730 5696 convertente
1770 5637 2078 5698 clementia.

2126 4639 2277 4682 arcta
2303 4636 2356 4683 et
2384 4634 2616 4696 angusta
2645 4643 2770 4698 quae
2797 4627 2949 4683 ducit
2988 4628 3064 4683 ad
3092 4630 3260 4684 vitam
3281 4627 3496 4698 (Matth.
3527 4639 3613 4691 γυ,
3638 4616 3727 4688 13)-

2127 4715 2207 4772 De
2229 4715 2337 4772 hoc
2366 4715 2513 4771 mari
2545 4720 2604 4771 et
2631 4716 2689 4771 in
2725 4716 2968 4772 Psalmis
3002 4715 3292 4789 legimus:
3328 4709 3731 4785 Quidesoendm

2126 4805 2187 4861 in
2215 4820 2370 4860 mare
2383 4804 2633 4870 navibus,
2649 4806 2911 4875 facientes
2922 4806 3298 4875 operationem
3312 4805 3369 4860 in
3391 4803 3539 4875 aquis
3554 4797 3729 4859 munit.

2126 4895 2234 4965 ipsi
2243 4893 2500 4949 viderunt
2509 4909 2675 4964 opera
2686 4894 2927 4964 Domini,
2950 4902 3001 4950 et
3025 4894 3326 4951 mirabilia
3338 4894 3454 4965 ejus
3475 4893 3530 4946 in
3542 4888 3731 4961 pro/ut-

2123 4983 2194 5039 do
2219 4983 2334 5053 (Ps.
2368 4998 2479 5051 cvx,
2510 4982 2624 5053 22).
2657 4982 2720 5037 In
2753 4982 2862 5038 hoc
2884 4999 3046 5039 mare
3076 4980 3299 5052 saeculi,
3333 4982 3393 5041 in
3419 4996 3527 5052 quo
3545 4977 3730 5037 saneto-

2135 5088 2268 5129 rum
2301 5087 2584 5127 numerus
2615 5074 2960 5141 coarctatnr,
2986 5076 3044 5128 et
3070 5070 3127 5125 in
3161 5069 3526 5128 tribulatione
3544 5063 3727 5139 positus

2124 5165 2234 5227 est,
2266 5160 2695 5215 descenderunt
2737 5159 3006 5232 apostoli,
3029 5166 3086 5217 et
3115 5160 3349 5234 primus
3377 5156 3655 5217 Dominus.
3679 5150 3729 5207 li

2126 5265 2233 5305 nos
2264 5248 2336 5304 de
2364 5248 2583 5304 amaris
2610 5248 2889 5305 ﬂuctibus
2921 5249 3196 5307 liberaret
3224 5250 3413 5321 (Marc.
3446 5249 3541 5315 xv).
3572 5242 3627 5300 lu
3642 5238 3727 5295 hoc

2124 5354 2284 5393 mare
2334 5352 2554 5409 sagena
2583 5336 2878 5410 Evangelii
2926 5338 3182 5395 mittitur
3211 5338 3425 5410 (Matth.
3457 5333 3599 5404 ιω).
3625 5340 3723 5400 illi"

2122 5425 2480 5482 testimoniis
2499 5429 2654 5482 texta
2665 5430 2758 5483 est
2773 5427 3237 5500 Scripturarum,
3262 5433 3326 5485 ut
3346 5426 3526 5499 pisces
3542 5415 3723 5479 ωηιιοε
