3938 6174
177 451 309 519 1801

803 440 1551 512 COMMENTARIORUM
1595 438 1672 502 ΙΝ
1718 434 1803 500 ΖΑ

1984 432 2178 497 RIAM
2226 435 2370 497 LIB.
2417 433 2522 497 IIl.
2570 436 2738 498 CAP.
2787 437 2890 499 XI.

3394 433 3420 497 1
3433 434 3559 499 502'

174 583 255 644 los
281 587 559 641 mercatus
585 581 996 640 celeberrimus
1017 579 1336 651 exercetur)
1369 583 1501 651 post
1521 576 1793 634 ultimam
1823 569 1880 637 Α
1908 571 2008 644 qui
2031 572 2360 629 credidistis
2383 572 2440 627 in
2464 572 2777 628 Dominum
2798 572 2831 628 J
2837 588 3026 637 esum,
3053 573 3109 626 et
3124 569 3225 627 Dei
3249 569 3433 626 filium
3457 587 3551 626 su-

177 675 535 740 eversionem,
567 690 745 746 quam
775 672 1182 728 sustinuerunt
1209 671 1280 726 ab
1313 669 1588 735 Adriano,
1615 667 1797 722 multa

179 765 461 822 hominum
494 762 684 818 millia
713 762 1050 818 venundata
1079 760 1216 826 sint,
1241 763 1297 814 et
1325 775 1451 830 quae
1482 756 1652 813 vendi
1682 773 1797 810 non

177 853 467 926 potuerint,
502 851 786 907 translata
816 851 874 905 in
907 852 1239 922 Egyptum,
1271 853 1326 903 et
1347 852 1466 902 tam
1496 844 1797 917 naufragio

178 948 231 999 et
257 943 416 1011 fame,
441 958 618 1010 quam
642 941 905 1012 gentium
933 939 1084 995 caede
1104 942 1391 993 truncata.
1429 936 1529 992 Isti
1552 951 1688 1007 ergo
1707 934 1796 989 vi-

176 1035 364 1101 ctores,
387 1035 443 1086 et
463 1029 691 1086 Domini
717 1029 932 1084 ultores
955 1028 1054 1100 qui
1083 1027 1445 1090 occidebant,
1479 1029 1535 1080 et
1559 1042 1672 1079 non
1697 1025 1797 1078 do-

174 1119 371 1185 lebant,
403 1124 459 1174 et
487 1119 815 1174 vendebant
843 1133 1048 1189 pecora
1079 1120 1252 1187 atque
1284 1116 1557 1170 dicebant
1583 1130 1595 1168 :
1628 1115 1798 1168 Bene-

173 1209 330 1265 dictus
359 1209 638 1273 Dominus,
670 1207 863 1261 divites
909 1207 1050 1276 facti
1077 1221 1283 1271 sumus,
1327 1203 1478 1258 hanc
1508 1203 1802 1258 habebant

176 1297 529 1355 sententiam.
563 1299 804 1366 Propter
848 1298 1082 1366 peccata
1114 1310 1222 1348 sua
1250 1293 1541 1347 offendere
1567 1291 1756 1346 Judaei
1787 1307 1798 1344 ε

175 1387 294 1442 ideo
320 1403 414 1442 eos
443 1384 864 1456 oppressimus,
921 1387 978 1438 et
1021 1399 1090 1438 ex
1140 1381 1322 1454 pretio
1363 1397 1563 1436 eorum
1597 1379 1802 1435 divites

176 1475 300 1531 facti
321 1491 544 1530 sumus.
568 1473 684 1530 Nec
707 1473 944 1539 mirum,
961 1471 1173 1543 inquit,
1190 1471 1237 1526 si
1262 1470 1602 1540 hostesjure
1624 1469 1802 1523 victo-

177 1580 297 1619 rum
319 1563 658 1618 occidebant
678 1577 904 1632 pecora,
925 1564 980 1616 et
1001 1576 1116 1614 non
1139 1559 1431 1625 dolebant,
1454 1557 1800 1623 vendebant,

180 1656 234 1708 et
261 1652 308 1706 in
341 1668 446 1707 suo
477 1648 691 1706 scelere
723 1649 1159 1722 gloriabantur;
1211 1663 1342 1703 cum
1386 1647 1496 1718 ipsi
1541 1650 1804 1718 pastores

178 1757 388 1806 eorum,
415 1743 590 1810 atque
622 1739 886 1794 doctores
909 1753 1022 1792 non
1073 1735 1401 1809 pepecerint
1429 1735 1534 1799 eis,
1558 1739 1614 1791 et
1634 1733 1807 1806 culpa

173 1846 384 1891 eorum,
415 1845 553 1901 grex
585 1827 741 1899 lupis
771 1827 1021 1882 traditus
1053 1825 1146 1881 sit.

1907 662 2193 736 scepistis,
2251 664 2447 719 audite
2486 681 2613 735 quae
2644 663 2862 731 dicant,
2893 666 2951 718 et
2982 661 3278 733 sequentis
3308 661 3548 733 capituli

1907 758 2273 810 sacramenta
2302 754 2653 826 cognoscite.
2687 754 2847 818 Quod
2882 757 3074 807 autem
3107 752 3430 807 secundum
3451 756 3551 807 Se-

1907 844 2212 915 ptuaginta
2266 842 2560 914 legimus:
2615 845 2679 898 Et
2725 859 2944 913 pascam
2994 858 3112 897 oves
3159 843 3444 898 occisionis
3493 843 3550 895 in

1908 936 2056 988 terra
2079 932 2361 997 Chanaan,
2377 932 2458 987 sic
2480 949 2795 1004 possumus
2819 930 3169 1003 intelligere;
3195 932 3349 1003 quod
3376 948 3554 1003 popu-

1909 1021 2032 1077 lum
2063 1022 2433 1120 Judzeorum‘
2456 1021 2552 1094 qui
2583 1023 2915 1077 destinatus
2945 1027 3036 1076 est
3078 1021 3272 1085 morti,
3326 1021 3384 1075 in
3433 1025 3552 1076 toto

1911 1112 2048 1167 orbe
2093 1110 2433 1182 dispersum‘
2476 1111 2607 1182 (hoc
2652 1115 2760 1176 est,
2805 1111 2862 1165 in
2894 1115 3048 1166 terra
3077 1110 3344 1165 Chanaan
3379 1115 3553 1182 atque

1911 1199 2239 1272 gentilium)
2273 1205 2472 1272 pascat
2496 1200 2796 1268 Dominus,
2826 1205 2883 1255 et
2909 1199 3128 1255 nutriat
3148 1201 3218 1254 ad
3243 1199 3554 1255 immolan-

1912 1290 2074 1344 dum.

1984 1378 2168 1450 (Vers.
2203 1380 2256 1446 8,
2287 1378 2368 1450 9.)
2392 1381 2464 1434 Et
2491 1381 2760 1451 assumpsi
2800 1381 2938 1435 mihi
2973 1380 3113 1434 duas
3134 1381 3321 1451 virgas
3343 1397 3360 1432 :
3389 1395 3560 1434 unam

1911 1469 2104 1523 vocavi
2123 1467 2388 1532 decorem,
2415 1476 2466 1524 et
2485 1469 2726 1524 alteram
2745 1471 2934 1524 vocavi
2953 1470 3230 1540 funiculos
3253 1468 3446 1541 [Vulg
3469 1470 3556 1540 fu-

1913 1555 2219 1627 niculum];
2251 1564 2302 1612 et
2328 1559 2458 1628 pavi
2502 1575 2737 1629 gregem.
2765 1563 2832 1614 Et
2859 1557 3068 1613 succidi
3094 1563 3201 1614 tres
3228 1567 3471 1630 pastores
3498 1559 3556 1612 in

1915 1662 2094 1701 mense
2112 1662 2240 1711 uno,
2259 1654 2311 1701 et
2327 1651 2616 1703 contracta
2636 1652 2712 1703 est
2729 1665 2802 1703 an
2812 1650 2923 1702 ima
2942 1665 3065 1704 mea
3084 1650 3144 1702 in
3165 1651 3269 1715 eis;
3295 1647 3562 1718 siquidem

1913 1739 1965 1790 et
1992 1735 2184 1790 anima
2211 1752 2402 1791 eorum
2429 1738 2682 1792 variavit
2701 1739 2760 1792 in
2779 1755 2883 1793 me.
2917 1740 2983 1792 Et
3009 1739 3132 1793 dixi
3151 1756 3170 1792 :
3199 1738 3316 1792 Non
3340 1753 3562 1807 pascam

1913 1840 2036 1886 vos;
2066 1825 2207 1895 quod
2227 1829 2488 1896 moritur,
2517 1828 2815 1891 moriatur,
2839 1831 2889 1881 et
2918 1828 3056 1897 quod
3084 1827 3388 1882 succiditur
3407 1827 3555 1882 881

241 1918 412 1989 (Vers.
444 1918 500 1982 6,
530 1916 611 1988 7.)
644 1918 710 1971 Et
739 1931 834 1984 ego
861 1932 975 1969 non
1006 1930 1228 1986 parcam
1259 1915 1407 1968 ultra
1435 1930 1599 1985 super
1647 1913 1804 1968 habi-
1839 1941 1889 2007 Β
1917 1914 2251 1980 succidatur,
2297 1922 2346 1969 et
2391 1916 2596 1985 reliqui
2639 1915 2893 1971 devorent
2921 1917 3298 1987 unusquisque
3336 1932 3564 1972 carnem

175 2010 337 2062 tantes
365 2015 594 2074 terram,
645 2005 778 2060 dicit
808 2005 1075 2059 Dominus
1107 2021 1125 2056 :
1175 2003 1305 2057 Ecce
1331 2018 1424 2072 ego
1451 2003 1682 2058 tradam
1712 2002 1806 2057 ho-

172 2098 336 2151 mines
352 2109 793 2164 unumquemque
814 2095 874 2146 in
896 2108 1071 2147 manu
1088 2093 1333 2164 proximi
1352 2093 1464 2156 sui,
1483 2097 1532 2146 et
1555 2094 1612 2146 in
1635 2107 1810 2145 manu

171 2186 315 2257 regis
339 2185 445 2253 sui,
478 2191 530 2238 et
560 2183 846 2238 concident
876 2184 1102 2247 terram,
1125 2184 1175 2235 et
1203 2198 1313 2235 non
1341 2198 1532 2236 eruam
1552 2181 1620 2236 de
1639 2197 1811 2235 manu

174 2290 375 2341 eorum,
409 2280 458 2327 et
486 2288 717 2342 pascam
736 2287 896 2344 pecus
918 2272 1220 2337 occisionis,
1241 2273 1459 2342 propter
1479 2277 1594 2341 hoc,
1618 2287 1647 2325 ο
1669 2286 1808 2341 pau—

170 2379 320 2436 peres
347 2363 546 2432 gregis.
584 2361 716 2416 LXX
754 2377 766 2414 :
799 2359 920 2415 Ideo
948 2375 1060 2414 non
1086 2375 1319 2430 parcam
1349 2359 1496 2414 ultra
1524 2375 1686 2430 super
1714 2360 1810 2412 ha-

169 2453 423 2508 bitatores
454 2457 640 2514 terrae,
674 2449 811 2504 dicit
842 2450 1125 2504 Dominus.
1161 2449 1222 2502 Et
1241 2463 1359 2503 ecce
1377 2463 1470 2518 ego
1491 2448 1703 2502 tradam
1724 2447 1814 2500 ho-

180 2542 347 2596 mines
363 2554 804 2609 unumquemque
824 2540 882 2592 in
904 2553 1100 2592 manus
1117 2538 1361 2606 proximi
1374 2537 1482 2602 sui,
1501 2541 1550 2592 et
1567 2540 1627 2591 in
1646 2553 1816 2591 manu

182 2645 363 2700 regum
383 2630 526 2698 eius,
544 2630 597 2682 et
615 2627 898 2682 concident
919 2631 1143 2693 terram,
1161 2629 1211 2682 et
1226 2641 1337 2680 non
1357 2642 1547 2681 eruam
1562 2625 1629 2680 de
1646 2642 1816 2680 manu

179 2735 380 2785 eorum,
414 2722 465 2773 et
491 2733 707 2789 pascam
739 2733 858 2772 oves
888 2715 1174 2771 occisionis
1204 2717 1261 2770 in
1286 2715 1674 2770 Chananitide.
1703 2715 1814 2770 Hoc

178 2807 330 2878 quod
350 2805 488 2880 LXX
506 2805 566 2860 in
590 2810 844 2860 extremo
866 2803 1122 2877 capitqu
1145 2803 1572 2859 transtulerunt
1595 2822 1606 2858 :
1639 2809 1707 2860 Et
1721 2821 1817 2875 pa-

175 2912 322 2951 scam
349 2911 467 2951 oves
497 2896 783 2951 occisionis
815 2897 871 2948 in
904 2903 1054 2949 terra
1084 2893 1237 2948 886
1269 2893 1550 2960 Chanaan,
1583 2910 1696 2948 non
1729 2899 1818 2948 est

174 2985 238 3041 in
268 2985 519 3048 Hebraeo,
553 2988 610 3039 et
639 3001 672 3038 a
701 2982 860 3038 nullo
893 2982 1005 3039 alio
1037 2983 1358 3038 tranfertur
1405 2983 1814 3054 interpretum.

173 3074 319 3138 Quia
347 3089 482 3146 ergo
515 3076 777 3145 pastores
801 3088 1000 3128 eorum
1027 3088 1140 3127 non
1165 3071 1478 3143 parcebant
1504 3071 1608 3137 eis,
1632 3075 1688 3125 et
1709 3070 1819 3143 ipsi

176 3162 437 3236 primum
467 3177 666 3216 meum
697 3159 977 3233 populum
1011 3161 1469 3216 devoraverunt:
1503 3159 1740 3227 idcirco,
1765 3165 1820 3215 et

171 3267 282 3324 ego
296 3268 405 3307 non
425 3267 660 3323 parcam
676 3249 832 3304 ultra
844 3265 1020 3320 super
1031 3249 1388 3304 habitatores
1404 3253 1568 3304 terrae
1581 3249 1814 3315 Judaaae,

1916 2005 2165 2074 proximi
2179 2005 2286 2058 sui.
2306 2003 2461 2059 LXX:
2488 2007 2553 2059 Et
2568 2020 2840 2059 assumam
2855 2006 2996 2059 mihi
3009 2005 3144 2060 duas
3165 2007 3343 2076 virgas
3356 2022 3374 2059 :
3395 2021 3564 2060 unam

1919 2093 2108 2146 vocavi
2123 2092 2384 2162 decorem,
2400 2096 2451 2146 et
2472 2092 2700 2147 alteram
2718 2093 2906 2148 vocavi
2926 2094 3258 2164 funiculum,
3277 2102 3327 2148 et
3338 2109 3566 2164 pascam

1924 2195 2064 2235 oves.
2083 2182 2147 2236 Et
2169 2184 2417 2252 auferam
2435 2184 2546 2236 tres
2565 2190 2818 2253 pastores
2848 2183 2908 2237 in
2935 2198 3116 2238 mense
3135 2200 3268 2253 uno,
3294 2187 3346 2238 et
3370 2183 3565 2252 ingra-

1919 2278 2089 2324 vescet
2108 2272 2299 2326 anima
2315 2287 2446 2326 mea
2464 2287 2626 2342 super
2644 2287 2734 2327 eos
2752 2288 2772 2323 :
2793 2272 3062 2343 siquidem
3081 2279 3132 2327 et
3152 2273 3360 2328 animae
3383 2287 3569 2327 eorum

1923 2358 1998 2430 (a)
2022 2360 2308 2429 rugiebant
2327 2377 2492 2430 super
2509 2377 2614 2414 me.
2633 2362 2696 2415 Et
2716 2359 2840 2415 dixi
2853 2378 2871 2414 :
2895 2363 3012 2416 Non
3025 2377 3251 2433 pascam
3275 2377 3362 2416 eos
3376 2377 3397 2423 ,'
3428 2360 3569 2432 quod

1922 2449 2176 2514 moritur,
2204 2451 2497 2515 moriatur,
2528 2459 2582 2504 et
2611 2452 2752 2520 quod
2780 2449 2980 2519 deﬁcit,
3012 2450 3245 2519 deﬁciat,
3278 2457 3328 2505 et
3357 2449 3573 2522 reliqui

1922 2537 2175 2612 devorent
2196 2540 2570 2608 unusquisque
2588 2554 2779 2592 carnes
2793 2539 3042 2609 proximi
3058 2540 3168 2593 sui.
3195 2539 3384 2610 Supra
3410 2537 3566 2594 dixe-

1926 2632 2040 2682 rat:
2065 2627 2306 2697 Propter
2325 2627 2452 2694 hoc,
2479 2643 2511 2681 o
2533 2643 2817 2698 pauperes
2839 2626 3052 2698 gregis,
3082 2631 3138 2682 et
3163 2627 3314 2682 facta
3330 2627 3567 2680 ἀποσιω-

1926 2716 2109 2785 πήσει,
2157 2715 2636 2780 subaudiebatur,
2669 2715 2957 2781 attendite,
2991 2715 3129 2787 quia
3159 2716 3358 2771 Libani
3391 2719 3568 2789 portae

1928 2808 2136 2877 aperta:
2187 2808 2356 2873 sunt,
2409 2810 2466 2858 et
2512 2819 2761 2874 quercus
2804 2802 3015 2870 Basan,
3048 2804 3267 2860 abietes
3296 2804 3572 2876 cedrique

1927 2893 2187 2961 succisa,
2219 2897 2276 2948 et
2296 2891 2571 2948 intulerat
2595 2892 2995 2948 comminans:
3025 2895 3140 2949 Non
3165 2909 3392 2965 parcam
3420 2895 3572 2949 ultra

1926 3001 2092 3055 super
2111 2983 2443 3037 habitatores
2472 2989 2654 3048 terrae,
2679 2982 2813 3048 dicit
2835 2983 3115 3037 Dominus.
3139 2982 3208 3037 Et
3231 2981 3340 3037 hoc
3363 2983 3434 3039 de
3456 3000 3571 3038 uno

1927 3073 2169 3130 Judaico
2199 3071 2413 3143 populo
2447 3071 2638 3126 dicere
2665 3070 2992 3138 videbatur,
3050 3073 3204 3143 quod
3254 3072 3573 3128 interfectis

1929 3161 2252 3235 prophetis,
2279 3161 2453 3216 etiam
2486 3160 2544 3214 in
2577 3158 2787 3214 Filium
2813 3160 2909 3215 Dei
2941 3160 3241 3216 misissent
3265 3178 3495 3228 manus,
3520 3165 3577 3217 et

1931 3268 2067 3307 voce
2114 3249 2423 3305 temeraria
2468 3247 2968 3304 conclamassent:
3003 3251 3242 3326 Sanguis
3268 3251 3384 3320 ejus
3414 3266 3578 3322 super

171 3311 319 3397 dicit
346 3311 648 3396 Dominus.
683 3341 757 3395 De
784 3339 890 3394 hac
919 3311 1074 3394 enim
1106 3343 1262 3393 terra
1292 3338 1573 3411 loquitur,
1604 3339 1674 3394 de
1703 3311 1821 3410 qua
1849 3311 1893 3378 Ο
1931 3357 2047 3407 nos,
2099 3348 2151 3395 et
2179 3355 2344 3406 super
2371 3339 2515 3405 ﬁlios
2544 3342 2757 3394 nostros
2786 3338 3007 3408 (Matth.
3041 3311 3212 3409 xxvii,
3245 3311 3336 3410 23)
3362 3340 3374 3394 l
3410 3311 3576 3395 Nunc

170 3430 226 3486 ei
258 3446 448 3486 sermo
479 3433 624 3498 erat,
648 3432 706 3482 et
728 3444 845 3483 non
868 3427 938 3482 de
964 3428 1102 3482 orbe
1124 3431 1437 3497 terrarum,
1462 3427 1613 3482 sicut
1634 3427 1820 3482 Judaei

170 3518 325 3574 male
352 3518 802 3590 interpretantes
825 3534 858 3572 a
879 3533 941 3572 se
966 3515 1168 3570 volunt
1192 3515 1250 3568 in
1275 3513 1450 3569 aliam
1473 3519 1695 3586 partem
1720 3515 1820 3570 Dei

167 3609 490 3680 depravare
512 3605 884 3662 sententiam.
908 3605 1044 3659 Post
1063 3603 1420 3658 eversoniem
1445 3603 1659 3674 quippe
1680 3608 1820 3659 tem-

167 3696 253 3769 pli
287 3696 435 3767 (quae
459 3700 762 3766 propterea
782 3693 866 3749 eis
889 3692 1120 3757 accidit,
1147 3691 1286 3763 quia
1307 3707 1408 3762 per
1435 3691 1822 3762 quadraginta

162 3789 229 3841 et
249 3785 400 3840 duos
422 3800 628 3852 annos,
652 3787 963 3855 postquam
988 3797 1198 3852 passus
1221 3785 1312 3836 est
1335 3780 1636 3844 Dominus,
1660 3797 1818 3836 acce-

165 3878 270 3946 pto
295 3873 505 3946 spatio,
533 3871 931 3942 pmnitentiam
957 3886 1128 3943 agere
1149 3869 1484 3941 noluerunt)
1507 3869 1818 3937 dimittam,

163 3963 386 4034 inquit,
422 3976 906 4033 unumquemque
936 3963 1138 4014 contra
1177 3958 1506 4030 proximum
1537 3976 1734 4030 suum,
1768 3965 1825 4015 et

159 4055 381 4108 mutua
411 4067 473 4106 se
502 4051 656 4105 caede
688 4048 1066 4111 truncabunt,
1120 4048 1239 4102 sive
1271 4048 1328 4101 in
1363 4047 1490 4119 ipsa
1520 4048 1824 4104 obsidione

158 4139 398 4212 templi,
432 4139 666 4211 quando
696 4137 1023 4193 Jerusalem
1058 4137 1356 4192 Romanus
1386 4136 1578 4209 cinget
1607 4137 1823 4192 excrci-

158 4235 266 4285 tus
297 4246 314 4284 :
347 4234 512 4284 tanta
544 4228 701 4283 enim
728 4228 880 4282 inter
910 4226 1069 4298 ipsos
1093 4226 1326 4281 Judaeos
1358 4231 1528 4280 erunt
1555 4225 1708 4281 bella
1737 4231 1821 4282 at-

157 4335 285 4393 que
297 4317 700 4382 discordiemt
714 4317 773 4371 in
788 4321 906 4371 tres
927 4319 1121 4388 partes
1139 4313 1391 4386 populus
1403 4315 1714 4370 dividatur.
1737 4321 1828 4369 Le-

153 4424 386 4482 gamus
415 4405 737 4478 Josephum
768 4408 826 4460 et
857 4408 1078 4476 septem
1109 4403 1364 4457 Judaicze
1387 4402 1735 4474 captivitatis
1755 4405 1824 4459 li-

152 4498 332 4563 bros,
369 4501 426 4550 et
456 4495 607 4550 hanc
630 4493 999 4567 prophetiam
1022 4508 1150 4546 esse
1173 4490 1543 4562 completam,
1568 4491 1828 4548 historia:

148 4585 415 4643 veritate
463 4600 794 4640 cernemus.
826 4583 889 4637 Et
926 4581 1227 4646 concident,
1277 4580 1378 4645 ait,
1408 4584 1634 4649 terram,
1669 4581 1825 4636 haud

1929 3432 2163 3486 Creator
2193 3427 2592 3501 universitatis
2619 3431 2674 3481 et
2702 3427 2981 3482 Dominus
3002 3427 3279 3499 mysteria
3308 3427 3398 3482 sui
3420 3428 3578 3484 orbis

1929 3516 2184 3588 exponit,
2237 3519 2295 3570 et
2332 3514 2474 3570 dicit
2502 3516 2650 3569 duas
2681 3514 2955 3570 habuisse
2985 3531 3046 3570 se
3076 3515 3290 3587 virgas,
3325 3533 3577 3587 quarum

1929 3606 2174 3662 alteram
2197 3605 2461 3660 decorem
2495 3601 2798 3667 vocaverit,
2823 3602 3060 3657 alteram
3085 3605 3161 3674 (b)
3185 3603 3496 3672 luniculos,
3522 3609 3579 3659 et

1935 3695 1993 3750 in
2039 3694 2269 3750 duabus
2311 3693 2570 3747 vinctum
2611 3691 2827 3762 paverit
2872 3707 3134 3762 gregem:
3181 3696 3297 3747 tres
3346 3709 3578 3764 quoque

1931 3787 2195 3857 pastores
2254 3782 2311 3836 in
2373 3797 2486 3835 uno
2545 3796 2744 3834 mense
2802 3779 3135 3846 succiderit,
3177 3785 3232 3835 et
3284 3785 3578 3837 contracta

1932 3873 2029 3941 sit,
2044 3871 2163 3927 sive
2185 3871 2504 3942 indignata,
2521 3872 2620 3924 aut
2633 3867 2938 3940 (utSeptua
2947 3868 3000 3940 gi
3013 3871 3109 3923 nta
3126 3868 3575 3936 transtulerunt)

1931 3965 2266 4033 ingravescct
2296 3960 2484 4014 anima
2505 3974 2622 4013 mea
2643 3973 2808 4030 super
2827 3973 2945 4019 eos;
2976 3957 3132 4013 haud
3163 3957 3411 4014 dubium
3435 3959 3576 4031 quin

1931 4055 2194 4124 pastores
2216 4048 2524 4121 signiﬁcet,
2542 4063 2688 4119 quos
2711 4046 2959 4102 succidit
2978 4047 3036 4102 in
3058 4064 3257 4103 mense
3275 4065 3408 4104 uno.
3426 4049 3575 4104 Red-

1933 4141 2136 4212 ditque
2166 4153 2403 4193 causam
2437 4153 2540 4192 cur
2569 4136 2902 4208 pastoribus
2923 4136 3264 4209 indignatus
3287 4137 3363 4193 sit
3384 4139 3574 4193 intan-

1931 4235 2080 4296 tum,
2115 4232 2178 4283 ut
2207 4243 2305 4282 eos
2340 4227 2394 4280 in
2431 4243 2546 4281 uno
2581 4242 2781 4281 mense
2813 4225 3166 4281 succiderit:
3217 4228 3498 4298 Siquidem
3527 4237 3578 4285 et

1934 4321 2154 4387 anima,
2189 4315 2399 4388 inquit,
2433 4331 2621 4371 eorum
2654 4316 2893 4370 variavit
2922 4316 2986 4370 in
3009 4331 3116 4370 me.
3140 4316 3210 4370 Et
3229 4321 3317 4371 est
3337 4333 3576 4374 sensus:

1934 4408 2060 4464 Non
2079 4423 2172 4462 me
2188 4404 2357 4478 pleno
2378 4405 2573 4460 animo
2590 4404 2945 4460 dilexerunt:
2967 4421 3072 4459 nec
3088 4411 3349 4476 pastores
3369 4423 3581 4462 merce-

1935 4496 2085 4552 narii
2116 4511 2316 4551 verum
2351 4510 2615 4549 amavere
2649 4496 2940 4564 pastorem
2975 4509 2987 4546 :
3025 4493 3166 4560 Quia
3191 4497 3380 4564 pastor
3411 4495 3580 4549 bonus

1936 4587 2088 4658 ponit
2136 4587 2383 4640 animam
2428 4599 2589 4638 suam
2637 4599 2739 4653 pro
2788 4582 2974 4636 ovibus
3014 4584 3130 4637 suis
3158 4583 3335 4650 (Joan.
3368 4599 3432 4649 x,
3470 4584 3577 4652 11).

152 4674 424 4731 dubium
457 4674 601 4744 quin
636 4670 880 4728 Romani
911 4685 1142 4725 omnem
1175 4673 1391 4723 terram
1427 4673 1482 4723 et
1528 4670 1828 4727 universas
1858 4679 1905 4744 1)
1938 4675 2324 4742 Quamobrem
2357 4676 2413 4727 et
2441 4687 2546 4741 ego
2578 4669 2917 4742 indignatus
2949 4671 3293 4726 sententiam
3345 4670 3580 4742 protuli,

150 4764 352 4820 urbes
387 4761 784 4819 destruxerint
810 4759 1165 4815 Judmorum.
1199 4758 1264 4812 Et
1292 4775 1402 4813 non
1430 4775 1624 4814 eruam
1651 4776 1739 4815 eos
1767 4761 1832 4816 de

146 4870 347 4909 manu
374 4868 588 4908 eorum.
620 4850 794 4917 Audi,
825 4849 1044 4915 Judaee,
1069 4846 1168 4918 qui
1196 4846 1298 4901 tibi
1322 4863 1456 4914 spes
1479 4848 1829 4906 vanissimas

146 4941 560 5016 repromittis,
589 4943 645 4994 et
667 4955 782 4994 non
807 4937 975 4992 audis
1003 4936 1293 4990 dicentem
1318 4936 1630 4992 Dominum
1655 4943 1829 5010 atque

143 5033 554 5087 ﬁrmantem:
607 5031 729 5084 Non
773 5043 971 5082 eruam
1019 5025 1084 5080 de
1118 5025 1378 5079 manibus
1413 5041 1620 5094 eorum,
1673 5029 1827 5098 quod

147 5126 401 5177 aeterna
432 5119 509 5174 sit
538 5117 693 5190 apud
726 5120 1018 5171 Romanos
1048 5119 1151 5168 tua
1181 5114 1378 5168 futura
1406 5115 1731 5186 captivitas.
1766 5119 1830 5172 Et

133 5225 402 5283 pascam
425 5224 586 5280 pecus
615 5206 918 5270 occisionis,
951 5208 1016 5257 ut
1035 5218 1269 5274 semper
1288 5203 1469 5258 Judaei
1495 5205 1831 5262 nutriantur

139 5300 228 5354 ad
259 5302 555 5365 mortem;
587 5298 890 5368 propterea
912 5291 1051 5364 quia
1072 5291 1171 5346 Dei
1194 5294 1283 5346 est
1304 5290 1416 5346 ista
1439 5294 1759 5349 sententia:
1785 5295 1828 5350 Ο

133 5404 264 5444 vos
288 5387 402 5460 qui
421 5385 561 5442 estis
584 5399 866 5458 pauperes
888 5380 1103 5454 gregis,
1121 5379 1230 5436 hoc
1253 5381 1517 5451 est,justi
1542 5383 1612 5437 de
1632 5383 1827 5450 Israel,

228 5566 319 5636 (a)
345 5562 637 5653 Rescribit
655 5560 967 5644 Victorius,
980 5559 1280 5660 irruebant
1300 5575 1408 5660 prlq
1421 5560 1732 5660 rapiebant,
1757 5563 1828 5618 ad

128 5629 354 5694 Graec.
393 5633 736 5705 ἐπωροῦοντο
768 5632 906 5699 sive,
939 5636 1004 5705 ut
1033 5631 1158 5703 ipse
1178 5629 1431 5705 mavult,
1482 5629 1826 5705 inopinato-cz.

225 5709 317 5780 (b)
355 5708 472 5780 Ms.
503 5701 752 5780 Reginae,
770 5701 1133 5780 funiculum,
1176 5701 1268 5756 hic
1317 5707 1491 5773 atque
1522 5701 1693 5773 intra,
1727 5708 1828 5762 sed

127 5775 244 5836 δι’
285 5775 359 5836 in
429 5775 664 5836 Hebréeo
730 5775 989 5850 plurium
1055 5778 1143 5830 est
1199 5790 1524 5831 numerus:
1587 5780 1712 5834 tum
1777 5789 1828 5834 et

1938 4769 1995 4819 et
2015 4764 2084 4819 ad
2105 4764 2263 4834 ipsos
2286 4769 2567 4833 pastores,
2582 4775 2730 4830 quos
2755 4775 2884 4813 mea
2902 4759 3300 4832 indignatione
3321 4761 3579 4816 succide-

1939 4869 2084 4923 ram,
2118 4852 2238 4908 sive
2267 4849 2512 4906 succisis
2542 4848 2876 4919 pastoribus
2907 4849 2976 4904 ad
3014 4849 3292 4904 relectum
3325 4849 3429 4924 [ΑΖ.
3452 4849 3582 4906 reli-

1938 4942 2145 5014 quum]
2178 4957 2409 5011 gregem
2444 4937 2676 4994 locutus
2706 4954 2877 4993 sum:
2915 4943 3036 4996 Non
3073 4955 3296 5010 pascam
3325 4955 3452 5004 vos;
3481 4940 3580 4995 sed

1939 5031 2091 5102 quod
2125 5033 2369 5084 mortem
2402 5027 2594 5100 elegit,
2638 5043 2745 5082 sua
2773 5025 3069 5082 voluntate
3101 5027 3404 5093 moriatur,
3436 5032 3492 5084 et
3522 5044 3585 5083 se

1939 5119 2284 5174 alterutrum
2306 5117 2601 5183 devorent,
2618 5121 2937 5188 mutuaque
2960 5115 3111 5171 crede
3136 5114 3437 5172 dilanient.
3454 5117 3583 5172 Haec

1937 5209 2391 5283 παραφραστικῶς
2415 5205 2691 5273 diximus,
2727 5209 2791 5259 ut
2821 5206 3027 5259 futura:
3050 5204 3472 5277 explanationis
3494 5223 3581 5261 se-

1939 5298 2144 5353 mitam
2189 5299 2605 5351 sterneremus.
2623 5293 2858 5349 Creator
2871 5299 2928 5349 et
2944 5299 3143 5366 pastor
3161 5294 3332 5365 cujus
3348 5310 3484 5349 oves
3502 5312 3584 5350 co-

1939 5390 2231 5459 gnoscunt
2258 5400 2477 5450 vocem,
2511 5387 2568 5439 et
2597 5387 2928 5456 sequuntur
2958 5400 3116 5452 eum,
3159 5383 3308 5440 duas
3339 5383 3450 5440 sibi
3482 5401 3584 5439 as-

1937 5567 2148 5646 duabus
2161 5566 2328 5633 virgis
2344 5563 2778 5646 junctispaverit
2793 5579 3024 5635 gregem,
3039 5567 3148 5646 etc.
3165 5561 3340 5618 Paulo
3353 5579 3586 5646 quoque

1940 5644 2092 5712 post,
2126 5639 2416 5708 ingravata
2461 5637 2651 5690 anima
2696 5636 2831 5707 ejus,
2885 5651 2986 5707 pro
3031 5637 3369 5705 ingravescet
3397 5636 3588 5695 anima

1938 5727 2086 5767 mea.
