4034 6196
313 471 328 482 ⁹
383 363 544 437 1803

1627 371 1695 435 8.
1738 365 2052 437 EUSEBII
2096 365 2541 434 HIERONYMI

3551 371 3664 440 {50¢

382 505 638 578 sumpsit
670 503 876 578 virgas,
915 504 1030 562 sive
1063 502 1211 562 duas
1240 499 1530 572 σκυτάλας,
1565 503 1620 561 id
1642 511 1752 571 est,
1781 507 2018 576 buculos,
2053 511 2105 575 Α
2140 505 2450 576 nullusque
2483 509 2694 559 terram
2729 501 3197 575 repromissionis
3225 500 3460 563 introeat.
3481 508 3661 574 Quidam

382 594 483 667 qui
514 591 792 650 Hebraice
840 592 1117 650 dicuntur
1146 610 1441 651 uacuam
1474 577 1738 682 (mhpn),
1779 593 1932 650 888
1965 599 2030 650 ut

381 682 633 755 pastoris
651 681 1412 740 habitum‘desmonstraret.
1428 681 1615 739 Unam
1632 683 1855 752 virgam
1869 699 2026 738 voca-

379 769 462 826 vit
489 771 779 839 decorem,
815 770 923 826 hoc
957 776 1064 839 est,
1099 773 1208 828 sub
1241 773 1358 828 Noe
1390 788 1560 828 omne
1590 771 1895 828 hominum
1927 788 2024 844 ge-

386 876 500 917 nus
541 877 649 916 sua
692 860 1091 916 benedictione
1121 861 1406 933 protexit:
1441 862 1673 934 quando
1705 861 2027 916 iustaurato

380 949 622 1010 mundo.
658 948 908 1005 necdum
953 954 1188 1021 peccata
1207 951 1571 1005 sorduerant.
1606 954 1673 1003 Et
1692 949 1905 1005 idcirco
1928 966 2024 1003 vo-

379 1037 531 1094 catio
563 1041 906 1094 cunctarum
937 1039 1199 1110 gentium
1233 1038 1558 1111 appellatur
1583 1039 1792 1094 decora
1810 1042 1867 1093 et
1898 1037 2021 1110 pul.

379 1125 540 1191 chra,
574 1126 714 1199 quia
743 1126 886 1180 nihil
911 1127 1136 1196 justius
1167 1131 1274 1198 est,
1301 1144 1477 1199 quam
1507 1127 1902 1182 universitatis
1927 1142 2024 1198 pa-

380 1218 603 1270 rentem
630 1230 833 1270 vocare
855 1231 1058 1270 omnes
1085 1215 1402 1287 mqualiter,
1428 1233 1576 1287 quos
1601 1215 1806 1287 aequali
1828 1214 2025 1270 condi-

379 1301 538 1360 tione
551 1303 941 1375 generavit.Et
959 1303 1197 1359 alteram
1219 1304 1772 1372 vocavitfuniculos;
1793 1303 2026 1376 quando

2135 594 2283 650 duas
2330 593 2658 650 vocationes
2705 591 3043 648 Iudaeorum
3074 597 3133 648 et
3158 593 3417 665 gentium,
3458 594 3505 651 in
3532 599 3666 670 primo

2136 682 2334 754 Israel,
2359 687 2416 739 et
2437 681 2756 737 novissimo
2782 681 3115 737 intellexere
3136 682 3354 739 nomine
3375 684 3667 746 Christianos.

2133 773 2240 827 Sed
2275 773 2567 843 quomodo
2596 770 2819 826 vocatio
2849 769 3179 826 Christiana
3219 777 3342 828 ante
3375 775 3585 844 projects
3605 780 3672 842 sit,

2135 864 2191 915 et
2218 859 2402 916 Judaei
2436 858 2824 915 remanserint
2853 863 2911 914 et
2937 858 3086 930 pasti
3111 859 3227 914 sint
3253 877 3286 916 a
3313 864 3430 927 Deo,
3458 879 3548 918 non
3573 868 3676 922 satis

2135 949 2532 1004 attenderunt.
3637 953 3646 958 ‘

2207 1038 2390 1108 (Vers.
2425 1039 2510 1103 10,
2558 1039 2668 1106 11.)
2719 1041 2784 1093 Et
2809 1037 2916 1092 tuli
2946 1040 3156 1109 virgam
3183 1054 3350 1095 meam
3375 1057 3482 1111 quas
3502 1046 3678 1101 vocaba-

2135 1134 2224 1183 tur
2269 1127 2447 1194 decus,
2499 1131 2550 1182 et
2594 1127 2805 1182 abscidi
2831 1143 2962 1182 eam
2993 1131 3051 1182 ut
3081 1129 3303 1183 irritum
3328 1131 3533 1198 facerm
3555 1135 3685 1201 [Mus

2134 1231 2313 1271 meum
2341 1215 2484 1286 quod
2511 1217 2757 1286 percussi
2782 1232 2907 1270 cum
2935 1216 3186 1272 omnibus
3212 1219 3434 1288 poputis.
3461 1220 3687 1278 Etinirri-

2136 1308 2253 1359 tum
2281 1303 2566 1359 deductum
2593 1308 2669 1358 est
2700 1309 2757 1359 in
2786 1305 2874 1359 die
2904 1305 3025 1369 ilia,
3058 1307 3106 1359 et
3142 1311 3481 1376 cognoverunt
3503 1311 3568 1364 sic
3588 1327 3688 1379 pou-

379 1391 536 1448 enim
570 1391 864 1447 dividebat
892 1393 1233 1448 Altissimus
1264 1399 1487 1466 gentes.
1520 1399 1576 1449 et
1607 1393 2029 1448 disseminabat
2130 1409 2292 1465 peres
2312 1394 2510 1463 gregis,
2535 1394 2633 1462 qui
2655 1393 2964 1448 custodiunt
2981 1393 3140 1463 mihi,
3163 1396 3294 1464 quia
3315 1397 3512 1451 verbum
3528 1399 3692 1453 Domini

383 1478 534 1535 filios
554 1480 760 1546 Adam,
785 1481 987 1536 statuit
1010 1481 1292 1537 terminos
1319 1481 1604 1554 gentium,
1630 1482 1800 1553 juxta
1822 1497 2024 1536 nume-

379 1583 510 1624 rum
541 1567 882 1640 angelorum
917 1569 1013 1624 Dei
1049 1571 1226 1641 (Deut.
1259 1571 1456 1642 xxxn).
1490 1571 1558 1626 Et
1587 1571 1738 1625 facta
1766 1573 1854 1624 est
1892 1586 2026 1640 pars

378 1653 612 1712 Domini
645 1656 896 1729 populus
937 1659 1065 1726 eius
1103 1659 1313 1727 Jacob;
1348 1659 1641 1715 funiculus
1672 1657 2025 1714 hereditatis

2133 1491 2229 1537 est.
2264 1482 2406 1537 LXX
2433 1498 2445 1536 :
2480 1483 2543 1537 Et
2563 1497 2844 1536 assumam
2865 1484 3086 1554 virgam
3103 1483 3176 1554 (ὁ)
3195 1500 3370 1539 mam
3385 1485 3696 1556 pulchram,et

2132 1571 2423 1643 projiciam
2449 1587 2592 1640 eam,
2637 1578 2700 1626 ut
2725 1569 2985 1640 dissipent
3013 1575 3390 1628 testamentum
3414 1589 3570 1628 meum
3591 1576 3697 1645 quod

2133 1660 2384 1730 disposui
2411 1659 2480 1714 ad
2510 1675 2692 1714 omnes
2719 1661 2965 1730 populos,
2989 1667 3040 1714 et
3057 1659 3409 1732 dissipabitur
3435 1664 3487 1718 in
3511 1663 3585 1718 die
3607 1664 3699 1729 ills,

379 1744 509 1816 ejus
559 1745 755 1802 Israel.
807 1750 874 1801 Et
923 1747 1071 1818 pavi,
1105 1747 1316 1820 inquit,
1346 1765 1580 1821 gregem
1617 1766 1630 1804 ;
1681 1748 1794 1804 sive
1827 1747 2024 1818 ipsum
2128 1752 2180 1804 et
2206 1757 2521 1819 cegnoscent
2549 1747 2854 1804 Chananaei
2881 1764 3020 1814 oves,
3052 1764 3176 1820 quae
3202 1750 3558 1808 custodiuntur
3578 1753 3696 1818 niihi,

379 1832 674 1902 Israelem,
699 1835 817 1892 sive
841 1852 972 1891 cum
999 1837 1207 1893 lsraele
1229 1854 1463 1893 omnem
1485 1837 1790 1892 hominum
1812 1852 2020 1909 genus.
2055 1884 2106 1948 Β,
2130 1839 2262 1909 quia
2281 1840 2505 1893 verbum
2525 1838 2746 1893 Domini
2762 1842 2861 1893 est.
2887 1837 3025 1893 Post
3049 1837 3399 1895 vocationem
3431 1839 3640 1908 Israelis,
3663 1846 3704 1896 et

379 1922 443 1948 IN.
480 1923 699 1948 -.---:.J:
758 1923 946 1948 2..-.-1‘.
995 1930 1108 1948 1.---
1133 1931 1389 1948 _-_t-_-,_
1415 1927 1465 1948 :_
1502 1943 1611 1948 η..-
1649 1942 1846 1948 ____-
1897 1930 1908 1948 Ι
1938 1925 2019 1948 Α-3
2136 1927 2590 1948 ,----.....ιξ....-...
2627 1926 2796 1948 --ζμ-Α.
2825 1927 3089 1948 _-_--_.I..
3146 1943 3265 1948 ...μμ
3291 1929 3565 1948 _____I__L-_
3587 1929 3679 1948 ρημὲ

379 1922 448 1979 Et
479 1923 724 1991 succidi,
757 1923 968 1996 inquit,
995 1930 1110 1980 tres
1133 1931 1392 1997 pastores
1415 1927 1472 1982 in
1502 1943 1616 1982 uno
1649 1942 1870 1982 mense.
1896 1925 2023 1997 Legi
2055 1922 2102 1948 ⁵
2133 1927 2596 1999 assumptionem
2627 1926 2800 1998 virga!
2823 1927 3116 1994 secundae,
3140 1943 3270 1998 quos
3291 1929 3570 1985 vocabatur
3586 1929 3700 1984 funi-

379 2010 438 2066 in
470 2012 776 2083 cujusdam
811 2012 1256 2070 Commentariis
1283 2032 1296 2069 :
1330 2015 1598 2070 Pastores
1630 2013 1854 2070 Domini
1879 2013 2025 2068 indi-

380 2098 654 2170 gnatione
683 2099 963 2171 succisos,
996 2101 1051 2156 in
1082 2103 1482 2160 sacerdotibus
1501 2107 1557 2159 et
1586 2103 1747 2158 falsis
1770 2102 2023 2174 prophe-

377 2187 456 2243 tis
477 2192 532 2243 et
554 2188 790 2260 regibus
811 2189 1052 2260 intelligi
1072 2191 1435 2261 Judzeorum;
1470 2193 1626 2264 quod
1650 2196 1781 2264 post
1799 2190 2022 2262 passio-

382 2293 516 2332 nem
564 2277 796 2348 Christi,
851 2283 914 2334 ut
967 2281 1164 2336 omnia
1211 2282 1441 2338 succisa
1485 2281 1606 2336 sint
1643 2286 1922 2352 tempore,
1955 2281 2024 2335 de

380 2364 596 2438 quibus
625 2365 885 2438 loquitur
907 2369 1192 2425 Jeremias
1219 2387 1232 2426 :
1265 2370 1586 2426 Sacerdotes
1605 2387 1716 2426 non
1734 2370 2020 2424 dixerunt:

382 2453 483 2510 Ubi
525 2457 605 2510 est
652 2457 935 2512 Dominus.
992 2459 1244 2514 Tenentes
1284 2459 1453 2530 legem
1482 2475 1680 2523 meam,
1715 2460 2026 2514 nescierunt

375 2559 480 2601 me.
515 2543 580 2600 Et
602 2553 854 2616 pastores
888 2549 1251 2618 praevaricati
1277 2557 1404 2603 sunt
1434 2549 1494 2602 in
1521 2563 1630 2613 me,
1660 2551 1711 2602 et
1737 2546 2027 2619 prophetae

369 2635 769 2706 prophetabant
801 2637 861 2691 in
894 2637 1055 2704 Baal,
1087 2642 1138 2694 et
1169 2637 1310 2693 idola
1342 2639 1516 2693 secuti
1541 2640 1673 2694 sunt
1703 2638 1832 2704 (Jer.
1861 2653 1921 2707 ιι,
1944 2636 2023 2704 8).

373 2720 488 2780 Nec
519 2723 628 2780 hac
657 2721 1065 2796 explanatione
1107 2730 1436 2793 contentus,
1494 2730 1612 2782 tres
1659 2730 1922 2797 pastores
1965 2725 2024 2778 in

375 2829 496 2870 una
527 2829 731 2869 mense
761 2815 1039 2885 succisos,
1073 2831 1171 2870 eos
1201 2813 1324 2870 vult
1352 2813 1558 2886 accipi,
1591 2813 1688 2886 qui
1714 2814 1772 2868 in
1797 2813 2024 2868 Patrem

375 2906 432 2958 et
464 2899 675 2957 Filium
699 2905 757 2958 et
775 2901 1058 2974 Spiritum
1082 2908 1351 2959 sanctum
1375 2907 1787 2976 peccaverunt;
1822 2918 2026 2958 omnes

379 2989 539 3047 enim
588 2991 915 3062 haereticos,
961 2996 1064 3048 aut
1094 2992 1153 3047 in
1185 3009 1388 3061 unam,
1416 2992 1603 3048 autin
1635 2992 1803 3059 duas,
1837 2995 1940 3047 aut
1965 2989 2026 3045 in

378 3084 500 3137 tres
531 3081 710 3137 simul
741 3097 982 3154 peccare
1011 3097 1312 3154 personas.
1357 3081 1572 3138 Dixerit
1609 3079 1708 3136 ille
1737 3081 1891 3152 quod
1922 3097 2024 3135 vo-

376 3169 508 3237 luit,
543 3186 732 3242 neque
761 3170 921 3226 enim
955 3170 1199 3227 alterius
1230 3171 1429 3227 sensui
1459 3169 1884 3226 detrahendum
1914 3173 2024 3224 est.

2133 2015 2325 2081 culus,
2356 2014 2492 2071 tulit
2535 2015 2820 2071 Dominus
2852 2015 3072 2086 virgam
3105 2015 3378 2087 primam,
3408 2016 3563 2072 totius
3587 2017 3706 2073 orbis

2134 2104 2419 2171 nationes,
2471 2121 2599 2176 quae
2641 2104 2957 2160 vocabatur
2986 2105 3214 2176 decora,
3248 2110 3304 2162 et
3332 2105 3557 2161 abscidit
3587 2123 3664 2161 ess
3684 2123 3709 2161 ι

2134 2192 2296 2248 cultu
2327 2209 2454 2261 suo,
2489 2193 2628 2264 quia
2655 2196 2940 2248 veneratae
2971 2197 3112 2249 sunt
3141 2193 3320 2259 idola,
3359 2199 3413 2249 et
3439 2211 3614 2250 omnes
3636 2195 3711 2250 de-

2133 2281 2513 2348 clinaverunt,
2547 2281 2723 2336 simul
2755 2281 2992 2337 inutiles
3024 2281 3154 2337 facti
3178 2287 3321 2339 sunt
3348 2284 3455 2354 (Ps.
3476 2286 3599 2353 xm).
3622 2284 3710 2338 Ma-

2134 2371 2519 2443 nifestiusque
2540 2387 2833 2441 exponens
2859 2387 2984 2442 qua
3005 2371 3303 2426 essethaec
3323 2372 3494 2443 virga,
3521 2370 3709 2426 intulit:

2137 2463 2200 2518 Ut
2243 2461 2471 2515 irritum
2517 2461 2758 2529 facerem
2795 2459 2970 2529 [tedas
2999 2475 3184 2514 meum
3214 2462 3362 2530 quod
3385 2463 3606 2530 percussi
3625 2477 3720 2516 cum

2133 2549 2386 2605 omnibus
2411 2549 2668 2619 p0putis:
2701 2547 2906 2604 Statim
2941 2547 3100 2603 enim
3133 2555 3198 2603 ut
3230 2548 3405 2604 Israel
3434 2553 3723 2621 assumptus

2133 2642 2242 2704 est,
2274 2637 2537 2710 gentium
2566 2636 2740 2692 turba
2771 2636 3028 2708 projects
3059 2640 3150 2692 est
3175 2653 3188 2690 :
3219 2641 3284 2692 et
3314 2642 3376 2692 ut
3401 2643 3526 2693 nata
3544 2642 3620 2693 est
3635 2635 3726 2692 tilia

2133 2725 2606 2800 Archisynagogi,
2640 2741 2765 2796 quas
2797 2729 2996 2796 postea
3027 2723 3083 2779 in
3121 2724 3448 2798 Evangelio,
3477 2741 3594 2782 cum
3613 2725 3723 2781 duo-

2134 2815 2322 2872 decim
2339 2820 2496 2870 esset
2511 2830 2798 2870 annorum
2810 2858 2823 2877 .
2835 2817 3118 2884 aegrotare
3129 2817 3185 2868 et
3203 2819 3565 2871 mortuaesse
3579 2830 3730 2869 nam

2133 2911 2252 2976 tur,
2273 2901 2614 2979 αἷμοῤῥοῦσα
2645 2901 2819 2974 cmpit
2839 2902 3182 2974 sanguinem
3209 2901 3411 2970 ﬂuere,
3433 2907 3486 2959 et
3505 2905 3730 2974 perpetua

2136 2993 2477 3050 infirmitate
2507 2991 2753 3046 cruciari
2785 2990 2970 3064 (Marc.
2995 3007 3068 3058 v;
3103 2990 3296 3047 Matth.
3331 2992 3429 3064 ιχ).
3461 2992 3523 3048 Et
3549 2991 3600 3047 in
3626 2988 3731 3047 irri-

2136 3087 2286 3149 tum,
2319 3081 2420 3147 ait,
2455 3081 2770 3136 deductum
2792 3083 2880 3136 est
2904 3079 3089 3136 foedus
3110 3095 3313 3136 meum
3339 3081 3488 3153 quod
3508 3096 3622 3136 cum
3641 3094 3733 3135 om-

2137 3173 2313 3228 nibus
2344 3171 2499 3226 890
2539 3170 2782 3224 inieram
2835 3169 3194 3225 nationibus.
3253 3170 3326 3226 Et
3384 3169 3737 3227 intellexerunt

389 3255 568 3314 Nobis
597 3262 715 3314 tres
747 3264 1010 3330 pastores
1039 3259 1139 3331 qui
1170 3260 1228 3314 in
1261 3275 1377 3315 uno
1404 3275 1603 3314 mense
1633 3258 1846 3315 succisi
1867 3262 2027 3326 sunt,
2060 3251 2104 3319 C
2145 3276 2430 3334 pauperes
2476 3259 2690 3331 gregis,
2739 3257 2799 3313 id
2848 3263 2955 3326 est,
3006 3257 3264 3331 populus
3317 3259 3488 3316 Israel
3525 3257 3610 3330 qui
3634 3269 3731 3312 mea

391 3345 618 3420 Moyses
667 3347 916 3413 videtur,
967 3353 1023 3404 et
1065 3351 1278 3414 Aaron,
1330 3353 1387 3404 et
1435 3348 1616 3404 Maria
1664 3347 1846 3419 (Num.
1894 3348 2026 3418 20);

393 3451 643 3508 quorum
675 3435 858 3493 Maria
887 3435 944 3492 in
979 3453 1177 3493 mense
1209 3436 1414 3510 primo,
1465 3435 1568 3508 qui
1597 3441 1834 3492 vocatur
1864 3452 2030 3491 NISAN

392 3523 579 3615 (του),
613 3530 843 3580 mortua
871 3530 958 3580 est
987 3524 1046 3579 in
1077 3524 1306 3615 deserto
1335 3523 1459 3615 Sin,
1491 3523 1628 3615 etin
1651 3523 1851 3578 eodem
1884 3521 2030 3589 loco,

393 3611 629 3687 propter
659 3631 870 3686 aquam
905 3612 1400 3676 contradictionis,
1447 3611 1768 3683 eodemque
1809 3626 2030 3677 mense,

385 3706 611 3776 Moyses
633 3708 688 3760 et
707 3709 900 3759 Aaron
925 3702 1294 3759 condemnati
1319 3705 1478 3768 sunt,
1503 3717 1573 3756 ne
1595 3705 1807 3755 terram
1831 3716 2032 3772 repro-

390 3790 688 3850 missionis
709 3793 1012 3848 intrarent.
1036 3795 1222 3864 Atque
1243 3790 1324 3846 ita
1345 3791 1560 3846 factum
1583 3795 1692 3856 est,
1712 3793 1775 3844 ut
1796 3806 1826 3844 e
1845 3787 2033 3843 tribus

386 3882 742 3954 pastoribus,
795 3880 908 3937 alia
949 3882 1216 3954 praesenti
1251 3885 1438 3936 morte
1468 3878 1883 3945 succideretur,
1935 3877 2033 3933 alii

388 3973 678 4028 sententia
732 3971 934 4026 mortis
979 3971 1206 4026 futuras.
1257 3971 1324 4026 Et
1354 3973 1650 4026 contracta
1677 3973 1786 4034 est,
1822 3967 2030 4040 inquit,

390 4060 588 4116 anima
609 4076 740 4115 mea
764 4077 942 4132 super
967 4077 1066 4116 eos
1090 4075 1104 4114 :
1138 4059 1408 4116 videlicet
1436 4074 1611 4130 super
1630 4063 1748 4113 tres
1774 4062 2036 4130 pastores

391 4165 540 4220 quos
557 4164 985 4220 praeposueram
1009 4148 1169 4220 gregi
1192 4164 1339 4203 meo.
1355 4147 1501 4213 Quia
1516 4151 1572 4201 et
1590 4145 1821 4202 illorum
1839 4145 2037 4202 anima

389 4234 632 4292 variavit
655 4235 711 4290 in
737 4252 976 4300 me,non
1004 4237 1159 4292 enim
1181 4235 1646 4309 glorificaverunt
1673 4235 1824 4292 889
1851 4251 1942 4290 me
1963 4236 2036 4291 ad

389 4340 605 4397 aquam
629 4325 1128 4381 contradictionis.
1145 4324 1204 4382 Si
1225 4329 1419 4380 autem
1441 4325 1511 4380 ad
1538 4323 1818 4397 populum
1843 4324 2037 4380 referi-

387 4429 554 4480 mus,
605 4413 760 4486 quod
815 4413 1012 4470 anima
1053 4413 1249 4486 populi
1282 4412 1586 4469 variaverit
1614 4413 1674 4468 in
1705 4417 1918 4482 Deum,
1951 4413 2036 4468 sic

388 4504 796 4576 exponendum
827 4509 950 4560 est:
988 4503 1203 4560 Idcirco
1237 4503 1320 4558 eis
1351 4502 1688 4575 indignatus
1712 4519 1866 4566 sum,
1898 4502 2038 4572 quia

388 4597 448 4650 et
478 4592 588 4666 ipsi
620 4593 770 4648 inter
800 4610 894 4650 me
925 4599 983 4649 et
1014 4593 1169 4649 idola
1212 4591 1582 4660 ﬁuctuantes,
1628 4590 1804 4646 variis
1835 4596 2037 4646 contra

388 4698 484 4738 me
500 4686 909 4754 pugnaverunt
932 4682 1140 4738 modis.
1156 4681 1543 4746 Quamobrem
1563 4680 1904 4751 indignatus
1920 4679 2036 4734 dixi

390 4770 462 4826 ad
493 4772 727 4842 Moysen
753 4787 766 4826 :
800 4772 876 4843 (a)
908 4773 1026 4828 Non
1059 4787 1281 4843 pascam
1310 4787 1435 4826 vos:
1467 4770 1682 4825 dimitte
1709 4785 1814 4836 me,
1847 4777 1897 4824 et
1924 4769 2038 4824 dis-

386 4859 620 4931 perdam
665 4876 752 4915 eos
799 4860 988 4931 (Exod.
1021 4877 1199 4927 xxxu,
1234 4861 1342 4926 10).
1377 4859 1618 4924 Quando
1650 4862 1844 4912 autem
1875 4857 2037 4925 dicit,

387 4964 523 5004 cum
552 4948 844 5014 irascitur,
863 4950 1086 5004 Dimitte
1104 4964 1209 5014 me,
1235 4951 1505 5020 provocat
1525 4947 1594 5001 ad
1619 4947 1966 5018 rogandum,
1986 4951 2044 5002 et

387 5036 648 5092 ostendit
679 5053 741 5092 se
774 5036 845 5092 ab
879 5053 946 5094 eo
977 5052 1148 5109 posse
1179 5035 1434 5092 retineri.
1469 5034 1626 5099 Quod
1655 5034 1928 5098 moritur,
1952 5036 2042 5090 in-

389 5123 540 5196 quit,
572 5125 878 5191 moriatur,
902 5131 959 5180 et
984 5126 1134 5198 quod
1169 5125 1490 5179 succiditur
1511 5123 1884 5191 succidatur;
1918 5140 2042 5178 om-

389 5213 554 5270 nium
579 5231 821 5288 corpora
845 5220 1016 5269 ruant
1039 5215 1092 5269 in
1121 5213 1457 5277 solitudine,
1475 5219 1533 5268 et
1554 5211 1703 5267 versi
1729 5212 1785 5267 in
1811 5211 2044 5267 seditio-

391 5320 548 5375 nem,
573 5302 762 5360 instar
783 5303 1104 5360 bestiarum
1129 5301 1353 5359 mutuis
1376 5301 1706 5357 lacerentur
1727 5301 2044 5368 morsibus,

464 5481 542 5550 (a)
568 5481 705 5553 Haec
736 5481 930 5553 verba,
965 5480 1156 5553 inquit
1183 5478 1502 5544 Victorius,
1546 5492 1651 5553 non
1679 5493 1902 5553 pastum
1933 5495 2043 5547 vos,

394 5547 533 5624 sunt
556 5551 623 5624 in
655 5547 932 5624 Zacharia
961 5547 1092 5624 hic:
1143 5556 1422 5624 tanquam
1475 5547 1773 5624 autemad
1809 5547 2044 5624 Moysen

392 5617 698 5692 il_la,dicta
747 5623 885 5686 sint,
937 5623 1167 5677 Hieron.
1202 5617 1663 5692 interpretatur:
1700 5619 1853 5674 sicut
1884 5617 2046 5678 Isaiae

393 5689 586 5750 Verba
611 5708 622 5744 :
658 5694 707 5745 si
736 5693 1047 5758 audieritis,
1079 5707 1199 5763 quae
1225 5689 1539 5759 bona—sunt,
1563 5694 1730 5748 terra?
1748 5693 2045 5763 comeditis,

2141 3349 2419 3406 mandata
2449 3347 2727 3414 custodit,
2761 3347 2898 3420 quia
2925 3347 3165 3405 verbum
3198 3348 3436 3406 Domini
3463 3352 3562 3413 est,
3582 3346 3630 3403 id
3651 3347 3734 3407 est.

2138 3437 2455 3519 voluntatis
2483 3441 2572 3494 est
2600 3435 2826 3492 Domini
2859 3436 3111 3508 abjicere
3141 3442 3350 3510 gentes
3397 3441 3668 3510 negantes,
3695 3435 3742 3488 et

2141 3529 2201 3583 in
2232 3525 2527 3582 Abraham
2567 3523 2745 3580 Israel
2775 3541 3075 3581 assumere
3114 3526 3514 3583 conﬁtentem.
3564 3523 3658 3580 Pro
3691 3531 3745 3577 so

2143 3617 2298 3690 quod
2321 3632 2427 3672 nos
2448 3613 2809 3685 interpretati
2832 3630 3062 3684 sumus,
3088 3623 3140 3670 et
3169 3617 3536 3686 cognoverunt
3553 3615 3624 3669 sic
3632 3625 3746 3684 pau-

2140 3721 2297 3778 pere:
2340 3705 2536 3776 gregis,
2587 3701 2968 3774 Septuaginta
2996 3701 3454 3771 transtulerunt,
3494 3711 3544 3760 et
3585 3713 3750 3772 cogno-

2140 3799 2286 3850 scent
2316 3793 2614 3850 Chanancei
2630 3807 2770 3862 oves,
2803 3807 2924 3863 quae
2942 3791 3330 3848 custodiuntur
3348 3793 3511 3860 mihi,
3537 3790 3668 3863 quod
3687 3787 3752 3843 ita

2145 3881 2409 3940 nonnulli
2431 3882 2796 3938 edisserunt:
2819 3881 3141 3952 Cognoscet
3159 3881 3421 3952 populus
3435 3881 3755 3943 Judteorum,

2143 3973 2213 4028 ad
2245 3987 2419 4042 quem
2451 3969 2672 4025 dictum
2704 3973 2796 4024 est
2826 3986 2838 4025 :
2875 3969 3071 4026 Semen
3098 3969 3396 4037 Chanaan,
3427 3977 3481 4026 et
3507 3985 3607 4026 non
3630 3964 3757 4024 luds

2145 4062 2302 4134 (Dan.
2335 4077 2457 4128 xm,
2489 4058 2616 4129 56);
2649 4057 2748 4128 qui
2782 4074 2936 4112 nunc
2967 4057 3112 4114 meis
3142 4058 3512 4116 caeremoniis
3541 4051 3758 4114 custodi-

2145 4156 2241 4205 tur
2269 4165 2282 4202 :
2331 4148 2451 4204 sive
2490 4146 2631 4217 quia
2659 4145 2973 4202 Chananaei
3002 4147 3487 4218 interpretantur,
3515 4145 3682 4218 parati
3701 4139 3760 4195 ad

2145 4238 2528 4300 humilitatem,
2560 4239 2913 4307 cognoscent
2933 4235 3036 4306 qui
3061 4233 3199 4290 olim
3230 4235 3426 4307 parati
3443 4239 3578 4292 sunt
3596 4237 3652 4288 ut
3667 4229 3761 4286 hu-

2147 4327 2450 4384 milientur
2465 4341 2499 4378 ιι
2530 4323 2797 4392 Domino,
2811 4328 2868 4379 et
2887 4323 3312 4396 relinquantur.
3347 4325 3466 4382 Cur
3483 4329 3660 4381 autem
3679 4332 3762 4390 pro

2145 4431 2212 4472 eo
2242 4414 2398 4486 quod
2432 4429 2540 4468 nos
2569 4412 2929 4483 interpretati
2966 4429 3200 4480 sumus,
3247 4416 3332 4470 sic
3376 4425 3654 4486 pauperes,
3692 4403 3761 4462 illi

2146 4504 2440 4570 dixerunt,
2489 4502 2845 4567 Chananwos,
2893 4517 3069 4556 causa
3102 4501 3422 4558 manifesta
3466 4506 3590 4558 est:
3631 4491 3761 4566 apud

2073 4613 2118 4678 ο
2148 4593 2418 4648 Hebraeos
2466 4590 2646 4653 enim,
2695 4591 2794 4657 sic,
2830 4605 2990 4678 genus
3029 4589 3136 4671 (13)
3165 4589 3428 4646 dicitur:
3462 4580 3766 4654 ΑκιῑβἮ).

2142 4696 2410 4754 pauperes
2425 4696 2444 4742 ,'
2479 4677 2562 4733 illi
2585 4678 2701 4734 duo
2725 4677 2901 4733 verba
2921 4677 2980 4732 in
3011 4693 3195 4734 unum
3217 4678 3584 4750 copulantes,
3610 4685 3772 4747 proco

2147 4769 2302 4843 quod
2336 4772 2444 4834 est,
2477 4769 2556 4822 sic
2583 4781 2872 4838 pauperes,
2903 4763 3014 4820 hoc
3048 4769 3159 4832 est,
3191 4782 3339 4821 casu
3370 4783 3504 4821 ams
3532 4765 3656 4836 (τ’ιῖ
3677 4757 3772 4846 Ρ).

2150 4874 2361 4915 nomen
2397 4855 2727 4913 Chananeus
2753 4853 2945 4926 gentis
2978 4853 3347 4925 interpretati
3381 4859 3542 4910 sunt.

2220 4945 2404 5019 (Vers.
2458 4946 2546 5013 12,
2599 4944 2709 5015 13.)
2760 4944 2825 4998 Et
2866 4943 2992 4998 dixi
3018 4942 3091 4997 ad
3119 4958 3207 4998 eos
3236 4959 3255 4996 :
3293 4944 3363 4999 Si
3414 4943 3611 4998 bonum
3633 4941 3702 4994 est
3726 4934 3776 4988 in

2149 5037 2321 5092 oculis
2345 5036 2558 5100 vestris,
2590 5034 2782 5104 aﬂerte
2805 5031 3109 5088 mercedem
3127 5049 3331 5103 meam,
3353 5041 3410 5089 et
3427 5034 3479 5088 si
3505 5047 3628 5098 non,
3648 5025 3777 5098 quis-

2149 5127 2280 5181 scite
2291 5141 2314 5187 ;
2343 5127 2396 5179 et
2413 5121 2800 5194 appenderunt
2819 5120 3120 5177 mercedem
3137 5138 3342 5186 meam,
3367 5120 3599 5192 triginta
3613 5128 3780 5184 arqen-

2151 5220 2278 5270 teos.
2303 5215 2365 5269 Et
2387 5212 2534 5267 dixit
2556 5212 2818 5266 Dominus
2837 5209 2909 5265 ad
2926 5226 3033 5281 me,
3053 5212 3269 5282 Projice
3286 5210 3420 5266 illos
3439 5198 3780 5282 [Vulg.iliudl

2151 5302 2224 5358 ad
2242 5301 2594 5367 statuarium,
2617 5297 2879 5355 decorum
2895 5301 3142 5371 pretium
3159 5297 3304 5371 quod
3322 5297 3662 5370 appretiatus
3678 5303 3780 5348 sum

2157 5479 2228 5536 ad
2261 5476 2438 5535 Israel
2469 5475 2528 5531 in
2559 5489 2754 5531 eremo
2786 5472 2942 5530 dicta
2987 5487 3138 5540 esse,
3169 5473 3278 5531 hoc
3305 5471 3520 5528 eodem
3551 5469 3670 5526 loco
3697 5478 3776 5521 ox-

2160 5555 2529 5693 militum
2558 5617 2758 5673 deerat
2783 5631 2892 5672 vox
2919 5630 3122 5672 meam.
