4034 6196
259 335 406 397 1305

901 335 1649 400 COMMENTAIUORUM
1699 339 1771 398 IN
1819 333 2276 397 ZACIiAltIAM
2324 331 2471 396 LIB.
2518 332 2624 396 III.
2672 337 2843 398 CAP.
2898 333 3003 400 XI.

3498 339 3656 402 i506

257 467 319 525 ab
337 469 440 524 eis:
473 471 523 524 et
551 469 659 524 tuli
678 471 906 542 triginta
929 478 1228 542 argenteos,
1261 474 1309 525 et
1325 470 1533 542 proieci
1561 470 1689 524 illos
1721 471 1780 524 in
1797 468 1886 523 do-
1920 469 1975 535 Α
2003 467 2073 521 At
2105 467 2185 522 illi
2219 468 2495 541 quoniam
2537 467 2786 541 pretium
2819 471 3126 542 sanguinis
3156 475 3299 542 erat,
3335 471 3651 530 noluerunt

261 575 402 614 mum
431 559 654 614 Domini
670 558 744 615 ad
770 560 1121 616 statuarium.
1157 559 1338 614 LXX:
1372 562 1437 615 Et
1464 559 1641 614 dicam
1670 558 1741 613 ad
1761 574 1887 614 eos:

258 648 315 705 Si
343 648 540 702 bonum
563 655 644 703 est
676 651 734 703 in
762 658 1046 720 conspectu
1067 657 1258 714 vestro,
1288 647 1410 704 date
1427 651 1726 703 statuentes
1745 663 1890 702 mer-

258 737 424 792 cedem
481 753 681 803 meam,
730 747 828 792 aut
870 739 1107 793 renuite.
1156 741 1220 793 Et
1257 739 1566 792 statuerunt
1593 735 1893 791 mercedem

257 841 433 881 meam
479 826 710 897 triginta
740 837 1042 896 argenteos.
1104 830 1172 882 Et
1198 826 1344 881 dixit
1376 827 1641 881 Dominus
1670 824 1747 880 ad
1772 840 1890 879 me:

260 914 467 985 Depone
485 930 572 970 eos
595 916 654 968 in
682 915 1086 987 conﬂatorium,
1104 919 1153 970 et
1174 917 1416 986 recogita
1435 916 1484 969 si
1494 914 1784 985 probatum
1799 920 1896 979 est,

259 1005 391 1057 sicut
418 1003 672 1074 probatus
698 1020 820 1058 sum
849 1020 950 1074 pro
975 1006 1073 1058 eis.
1109 1005 1173 1058 Et
1201 1004 1308 1058 tuli
1336 1005 1571 1072 triginta
1597 1006 1895 1074 argenteos,

259 1096 307 1146 et
334 1093 462 1146 misi
489 1107 576 1146 eos
607 1093 666 1146 in
685 1092 907 1147 domum
924 1093 1145 1146 Domini
1166 1093 1227 1146 in
1256 1093 1660 1162 con/laturiam.
1686 1094 1896 1163 Cogno-

261 1180 552 1238 scentibus
565 1179 867 1236 Israclitici
883 1181 1076 1253 gregis
1091 1180 1578 1252 pauperibus,qui
1598 1196 1727 1235 mea
1742 1195 1902 1234 man-

259 1268 389 1324 data
416 1267 772 1335 custodiunt,
797 1268 1037 1324 verbum
1069 1285 1195 1324 esse
1226 1267 1456 1323 Domini
1489 1268 1644 1339 quod
1672 1267 1904 1323 locutus

259 1373 408 1424 sum,
441 1362 499 1412 et
526 1371 662 1412 vera
691 1373 816 1427 quae
839 1356 976 1425 dixi,
1011 1357 1088 1428 (a)
1109 1358 1190 1412 ait
1208 1357 1277 1412 ad
1298 1373 1419 1425 eos,
1452 1355 1509 1412 id
1529 1361 1637 1422 est,
1662 1359 1732 1412 ad
1757 1373 1902 1428 pau-

261 1461 421 1518 peres
450 1446 663 1519 gregis,
697 1444 747 1500 si
779 1444 944 1500 vobis
975 1445 1163 1516 placet
1183 1445 1476 1517 (homines
1502 1445 1658 1501 enim
1690 1445 1830 1501 estis
1852 1450 1909 1500 et

260 1533 434 1590 semel
467 1534 648 1589 libero
675 1533 912 1590 arbitrio
934 1551 1033 1589 vos
1065 1534 1279 1599 creavi,
1311 1535 1527 1606 quibus
1555 1539 1613 1590 et
1632 1535 1690 1588 in
1715 1551 1906 1590 eremo

261 1625 486 1680 locutus
518 1639 683 1678 sum:
726 1623 786 1678 Si
817 1623 1111 1679 audieritis
1135 1640 1242 1689 me,
1261 1638 1386 1694 quae
1403 1623 1542 1678 bona
1563 1627 1693 1678 sunt
1721 1628 1905 1688 terrae,

261 1713 538 1770 comedetis
561 1713 715 1781 (Isai.
750 1714 788 1782 ι)
843 1728 946 1784 pro
977 1712 1086 1766 hac
1113 1713 1536 1784 assumptione,
1571 1729 1688 1784 qua
1726 1712 1908 1783 abjeci

2001 555 2145 610 illud
2179 573 2454 628 reponere
2471 557 2527 611 in
2552 558 2887 628 corbonam,
2914 559 2968 612 id
2987 563 3093 627 est,
3124 560 3179 614 in
3203 561 3656 644 gazophylacio;

2002 647 2100 700 sed
2133 652 2480 700 emeruntex
2507 662 2574 701 eo
2593 663 2796 718 agrum
2827 647 2984 720 ﬁguli
3009 648 3065 702 in
3096 649 3459 721 sepulturam
3487 667 3648 722 pere-

2007 734 2326 804 grinorum.
2354 733 2468 788 Nos
2495 735 2650 790 enim
2675 751 2880 790 omnes
2911 736 3005 807 qui
3033 738 3316 809 peregrini
3338 745 3393 794 et
3413 740 3648 796 advena.-

2013 821 2176 892 Legis
2199 822 2439 889 fuimus,
2458 823 2736 895 redempti
2759 825 3322 896 pretiosissimoejus
3340 830 3655 901 sanguine,

2008 911 2064 964 in
2099 911 2271 966 domo
2304 910 2463 983 ﬁguli
2512 910 2664 967 892
2698 913 3100 985 Creatorisque
3147 915 3410 971 omnium
3444 918 3657 990 sepeli-

2012 1016 2144 1053 mur
2172 1004 2228 1054 et
2257 998 2700 1070 requiescimus.
2737 1000 2844 1055 Pro
2874 998 3087 1073 πλάστῃ
3106 1008 3279 1076 atque
3300 1005 3518 1074 fictore,
3542 1016 3656 1064 sta-

2012 1087 2351 1159 tuarium(b)
2365 1087 2502 1142 olim
2517 1087 2930 1160 interpretatus
2945 1091 3262 1155 sum,verbi
3278 1093 3660 1167 ambiguitate

2014 1177 2376 1248 compulsus,
2409 1177 2562 1248 quod
2595 1178 2945 1233 statuarium
2979 1180 3352 1252 ﬁctoremque
3384 1200 3499 1239 uno
3539 1201 3661 1240 ser-

2016 1281 2184 1320 mone
2214 1264 2524 1336 signiﬁcat.
2546 1265 2731 1321 Judaei
2763 1266 3148 1323 istumlocum
3173 1269 3460 1328 malitiose
3480 1272 3661 1329 inter-

2018 1358 2332 1426 pretantes,
2366 1353 2606 1425 triginta
2623 1363 2947 1427 argenteos,
2978 1357 3218 1428 triginta
3242 1359 3410 1432 Legis
3427 1362 3664 1423 manda-

2015 1449 2076 1497 ta
2102 1449 2579 1508 commemorant,
2614 1460 2740 1515 qua;
2775 1443 3298 1516 facerejubeantur
3328 1447 3383 1502 in
3406 1449 3574 1522 Lege,
3607 1453 3664 1506 et

2021 1547 2256 1586 rursum
2287 1530 2528 1602 triginta
2557 1548 2656 1587 sex
2681 1531 2794 1586 alia
2816 1549 2944 1604 quae
2968 1534 3385 1606 prohibeantur
3414 1537 3469 1591 in
3494 1544 3660 1610 Lege,

2018 1625 2076 1676 et
2107 1619 2220 1674 diei
2253 1619 2438 1685 eis,ut
2456 1624 2760 1692 argentum
2782 1623 3190 1678 mandatorum
3208 1623 3437 1680 Domini
3462 1625 3662 1698 plastas

2018 1726 2124 1764 suo
2157 1713 2330 1780 atque
2363 1709 2542 1764 ﬁctori
2567 1709 2974 1765 reddantDeo:
3007 1713 3160 1782 quod
3197 1713 3334 1784 quia
3354 1715 3538 1771 facere
3562 1733 3664 1772 no-

264 1803 595 1858 universum
627 1801 933 1856 hominum
952 1817 1158 1873 genus,
1191 1806 1247 1856 et
1277 1817 1377 1856 vos
1400 1801 1544 1855 mihi
1577 1803 1635 1856 in
1655 1799 1907 1872 peculia-
1941 1839 1987 1903 Β
2019 1797 2274 1862 luerunt,
2305 1814 2434 1852 esse
2457 1798 2766 1868 projectos.
2800 1798 3060 1854 Breviter
3080 1801 3332 1857 indicare
3352 1803 3506 1859 volui
3526 1804 3665 1876 quid

266 1908 382 1947 rem
412 1891 556 1963 elegi
591 1907 848 1963 gregem,
880 1895 937 1949 et
967 1890 1202 1945 Creator
1245 1890 1508 1945 omnium
1550 1889 1697 1945 891
1753 1889 1909 1945 volui

268 1997 500 2054 parvum
536 1979 749 2035 habere
781 1978 1130 2047 funiculum,
1164 1978 1387 2033 reddite
1410 1978 1553 2033 mihi
1586 1979 1910 2034 mercedem

268 2085 474 2139 meam,
509 2068 564 2125 id
599 2073 708 2135 est,
727 2085 856 2123 mea
875 2071 1157 2140 praecepta
1178 2071 1418 2123 servate.
1443 2067 1542 2123 Sin
1578 2071 1772 2122 autem
1796 2084 1910 2123 non

269 2157 440 2213 vultis
471 2158 796 2213 mercedem
817 2157 1076 2222 reddere,
1102 2173 1205 2212 nec
1227 2155 1488 2227 placetin
1507 2157 1914 2212 oculisvestris

272 2262 396 2302 meo
426 2247 648 2302 censeri
680 2245 937 2314 nomine,
971 2250 1166 2318 aperte
1195 2245 1438 2313 renuite,
1471 2251 1530 2300 et
1561 2245 1728 2300 facite
1759 2247 1913 2317 quod

270 2333 464 2390 vultis.
481 2334 591 2398 Qui
609 2339 747 2389 tunc
761 2333 998 2406 quidem
1018 2333 1443 2405 responderunt
1460 2333 1642 2406 Moysi
1669 2351 1682 2388 :
1718 2334 1914 2389 Omnia

269 2429 621 2496 quacumque
649 2422 783 2479 dicit
813 2423 1095 2490 Dominus,
1131 2423 1394 2494 faciemus
1425 2422 1614 2494 (Exod.
1648 2439 1801 2492 xxxv,
1835 2423 1910 2494 3).

273 2513 334 2571 In
363 2512 476 2569 ﬁne
510 2518 705 2568 autem
736 2517 1066 2583 temporum
1098 2527 1199 2582 pro
1229 2527 1294 2566 eo
1344 2511 1497 2583 quod
1530 2528 1625 2566 eos
1655 2510 1799 2583 elegi
1843 2512 1914 2566 de

272 2601 462 2658 medio
480 2601 810 2667 nationum,
833 2606 889 2656 et
914 2599 1149 2655 liberavi
1195 2599 1264 2654 de
1285 2599 1505 2672 Egypti
1533 2599 1783 2655 formace
1802 2600 1912 2654 fer-

272 2707 386 2761 rea,
411 2691 812 2762 appenderunt
841 2689 1166 2745 mercedem
1199 2704 1389 2743 meam
1438 2687 1680 2760 triginta
1708 2704 1913 2761 argen-

270 2784 412 2850 teos,
445 2797 546 2853 pro
578 2796 705 2834 meo
732 2778 1015 2850 sanguine
1031 2783 1236 2833 dantes
1256 2777 1422 2832 Juda:
1446 2775 1723 2849 proditori
1746 2779 1910 2849 (Matt.

271 2870 440 2940 xxvn).
474 2869 544 2923 Et
589 2867 750 2934 dixit,
785 2867 978 2939 inquit
1026 2866 1326 2939 propheta,
1373 2865 1654 2921 Dominus
1693 2867 1764 2922 ad
1799 2883 1911 2935 me,

270 2957 387 3011 sive
410 2957 536 3028 ipse
566 2956 853 3021 Salvator,
885 2957 1056 3028 cujus
1079 2956 1272 3028 priora
1295 2959 1436 3010 sunt
1464 2956 1657 3019 verba,
1688 2960 1912 3026 patrem

271 3045 340 3099 ad
371 3061 432 3100 se
463 3043 722 3099 locutum
757 3060 882 3099 esse
913 3049 1250 3099 contestans
1271 3062 1290 3098 :
1321 3044 1536 3112 Projice
1567 3043 1707 3098 illud
1722 3045 1792 3098 ad
1810 3049 1916 3099 sta-

270 3135 515 3188 tuarium
539 3149 551 3186 :
587 3148 689 3203 pro
712 3147 823 3202 quo
858 3133 914 3186 in
941 3133 1175 3187 Hebraeo
1207 3131 1418 3204 legitur
1443 3135 1617 3187 Jossa
1638 3134 1830 3204 (Ἶλον),
1856 3132 1912 3186 id

2021 1885 2294 1948 sentiant,
2328 1885 2588 1956 alioquin
2609 1885 3075 1958 explanationem
3107 1905 3305 1945 eorum
3346 1891 3669 1950 laciniosis-

2021 1975 2234 2030 simam
2265 1973 2438 2028 taedet
2470 1956 2772 2043 revolvere,
2807 1980 2872 2030 ut
2915 1977 2986 2031 ad
3020 1977 3243 2050 reliqua
3274 1985 3665 2040 transeamus.

2092 2064 2277 2131 (Vers.
2330 2063 2440 2132 il.)
2472 2063 2534 2118 Et
2585 2063 2822 2134 prtrcidi
2866 2067 3082 2136 virgam
3132 2085 3311 2123 meam
3351 2071 3664 2139 secundam,

2023 2166 2147 2224 quae
2167 2151 2550 2222 appellabatur
2569 2154 2874 2224 funiculus,
2889 2163 2950 2208 nt
2971 2156 3313 2212 dissolverem
3327 2162 3671 2228 germanita-

2023 2249 2127 2294 tem
2158 2243 2299 2294 inter
2325 2241 2522 2294 Iudam
2550 2249 2602 2295 et
2646 2240 2838 2312 [Vulg.
2872 2243 3034 2296 addit
3062 2245 3225 2314 inter]
3258 2247 3452 2302 Israel.
3487 2249 3666 2306 LXX:

2023 2330 2086 2384 Et
2106 2329 2282 2400 abjeci
2307 2331 2518 2399 virgam
2539 2329 2607 2400 (ε)
2630 2331 2947 2401 secundam,
2974 2347 3100 2403 quae
3118 2335 3506 2404 appellabatur
3519 2337 3672 2406 funi-

2027 2418 2204 2485 culus,
2238 2426 2298 2472 ut
2327 2418 2653 2488 dissiparem
2687 2427 3069 2475 testamentum
3106 2422 3244 2492 quod
3263 2430 3383 2478 erat
3414 2425 3557 2480 inter
3585 2426 3674 2482 Ju-

2023 2507 2148 2562 dam
2179 2511 2228 2563 et
2254 2508 2440 2562 Israel.
2479 2507 2543 2560 Et
2576 2507 2634 2560 in
2660 2506 2769 2562 hoc
2799 2507 2925 2563 loco
2958 2508 3192 2582 longam
3225 2513 3534 2584 cujusdam
3566 2530 3668 2570 ex-

2025 2595 2438 2668 planationem,
2474 2595 2654 2649 immo
2682 2595 2856 2650 tricas
2886 2595 3316 2656 inextricabiles
3345 2601 3554 2674 legisse
3578 2618 3672 2660 me

2026 2685 2176 2746 novi,
2210 2685 2459 2738 duarum
2482 2685 2777 2756 virgarum
2807 2685 2861 2739 in
2879 2704 3056 2742 unam
3088 2688 3422 2746 societatem
3450 2708 3518 2748 ex
3541 2693 3673 2749 Eze-

2023 2772 2226 2829 chielis
2257 2772 2548 2828 volumine
2579 2775 2943 2845 proferentis,
2973 2781 3029 2830 et
3058 2779 3257 2833 omnia
3286 2796 3412 2850 qua:
3435 2781 3504 2837 de
3532 2799 3671 2839 con-

2023 2863 2220 2918 cordia
2246 2862 2408 2916 Judaa
2429 2866 2487 2918 et
2500 2861 2772 2933 Ephraim
2789 2863 3172 2934 spiritualiter
3193 2868 3498 2925 sentienda
3510 2876 3668 2942 sunt,

2022 2950 2158 3006 huic
2189 2949 2442 3022 capitulo
2465 2952 2813 3022 coeptantis.
2838 2958 2953 3008 Nos
2976 2959 3168 3010 autem
3193 2962 3438 3028 caaptum
3463 2976 3672 3032 sequa-

2025 3059 2158 3096 mur
2187 3040 2470 3095 ordinem.
2506 3044 2821 3112 Postquam
2846 3059 2879 3095 a
2900 3042 3119 3099 Judaais
3141 3045 3550 3104 cruciﬁxusest
3572 3054 3676 3106 Do-

2031 3128 2227 3184 minus
2259 3134 2314 3182 et
2344 3128 2578 3200 triginta
2613 3129 2973 3201 appretiatus
3003 3132 3316 3204 argenteis,
3347 3140 3403 3190 et
3425 3136 3673 3206 pretium

269 3225 378 3288 est,
409 3220 500 3273 τὸν
531 3201 801 3288 πλαστῆν,
834 3236 1006 3291 quem
1030 3237 1159 3285 nos,
1179 3201 1419 3290 ﬁctorem
1450 3221 1754 3291 etﬁgulum
1785 3201 1915 3293 pos-
1949 3201 1990 3266 C
2032 3216 2337 3290 sanguinis
2368 3217 2568 3287 ejusin
2591 3216 2953 3288 sepulturam
2970 3201 3214 3292 pzojecit
3232 3201 3516 3294 gentium,
3546 3242 3671 3298 quae

271 3326 478 3366 sumus
509 3310 719 3364 dicere.
743 3309 809 3364 Et
826 3315 1175 3365 estsensus:
1207 3309 1426 3380 Projice
1443 3312 1696 3381 pretium
1720 3326 1917 3365 meum

271 3399 342 3455 ad
375 3397 645 3472 ﬁgulum,
675 3397 774 3469 qui
806 3397 1040 3452 Creator
1068 3401 1124 3452 et
1174 3397 1338 3452 ﬁctor
1366 3403 1454 3453 est
1482 3398 1767 3453 omnium.
1805 3398 1920 3454 Nec

270 3486 438 3552 dixit,
455 3487 656 3558 depone
679 3502 692 3540 :
717 3486 837 3550 sed,
854 3485 1077 3557 projicc,
1105 3490 1168 3538 ut
1200 3485 1414 3540 ﬁctoris
1433 3485 1916 3557 plastaaquejudi-

268 3577 360 3632 cio
391 3592 610 3631 merces
631 3574 858 3632 Domini
880 3574 1247 3644 penderetur.
1267 3577 1330 3627 Et
1348 3571 1644 3644 εἰρωνικῶς
1666 3575 1917 3646 pretium

269 3681 471 3729 suum,
504 3665 560 3720 id
592 3668 700 3730 est,
735 3663 940 3720 divina:
965 3661 1307 3732 maiestatis,
1337 3661 1394 3716 in
1415 3662 1654 3735 triginta
1676 3679 1918 3718 cernens

271 3753 582 3826 argenteis,
606 3757 664 3808 et
693 3758 811 3807 tam
839 3751 936 3806 vili
977 3751 1242 3806 mercede
1272 3767 1333 3805 se
1365 3751 1658 3822 proditum
1700 3768 1712 3806 :
1747 3756 1916 3806 Deco-

268 3860 418 3910 rum,
443 3841 654 3913 inquit,
681 3841 924 3913 pretium
950 3856 1053 3912 quo
1073 3839 1411 3911 appretiatus
1429 3857 1552 3894 sum
1574 3840 1641 3894 ab
1671 3842 1750 3894 cis
1767 3857 1788 3900 ;
1811 3840 1920 3896 hoc

271 3935 470 3987 autem
503 3929 761 4002 pressius
791 3935 879 3984 est
908 3928 1211 3999 legendem
1239 3944 1372 3983 cum
1403 3927 1670 3984 irrisione
1702 3933 1759 3983 et
1787 3929 1918 3984 sub-

271 4019 620 4077 sannatione
662 4017 947 4073 dicentis:
1009 4017 1194 4072 Tanto
1249 4033 1338 4072 me
1370 4016 1622 4089 populus
1669 4033 1835 4073 meus
1865 4022 1922 4073 et

271 4124 563 4184 pauperes
602 4108 894 4179 quondam
928 4106 1144 4179 gregis,
1175 4109 1232 4161 et
1263 4123 1297 4160 a
1327 4123 1418 4162 me
1458 4104 1621 4161 electi
1653 4107 1712 4161 in
1743 4105 1922 4174 ﬁlios,

273 4199 593 4255 emendum
629 4201 800 4266 atque
828 4195 1196 4250 vendendum
1231 4194 1414 4266 pretio
1462 4194 1823 4265 judicarunt.
1858 4195 1924 4250 Et

272 4286 408 4354 tuli,
434 4286 516 4342 ait
554 4285 840 4340 Dominus
880 4300 981 4356 per
1031 4283 1396 4355 prophetam,
1417 4284 1570 4339 sicut
1593 4284 1734 4339 mihi
1753 4301 1787 4339 a
1806 4283 1922 4340 Deo

272 4377 466 4432 fuerat
497 4375 870 4447 imperatum,
919 4373 1159 4444 triginta
1215 4377 1540 4443 argenteos,
1573 4377 1629 4426 et
1677 4388 1792 4426 non
1825 4387 1923 4427 eos

275 4465 544 4538 deposui,
579 4463 678 4519 sed
705 4461 996 4534 projeciin
1011 4461 1253 4516 domum
1275 4460 1506 4515 Domini
1531 4461 1602 4515 ad
1629 4462 1919 4516 ﬁctorem:

2029 3306 2344 3378 peregrina)
2375 3309 2539 3360 erant
2595 3323 2627 3360 ο.
2660 3306 2807 3378 Lege
2857 3311 2913 3361 et
2944 3311 3237 3366 mandatis
3269 3311 3365 3367 Dei
3392 3330 3404 3367 :
3470 3314 3671 3371 statim

2029 3395 2310 3449 Dominus
2325 3394 2674 3448 sententiam
2698 3411 2864 3449 suam
2886 3396 3039 3452 ultra
3062 3415 3173 3452 non
3195 3399 3489 3467 differens,
3514 3408 3676 3460 Pra-

2027 3482 2157 3552 cidi,
2191 3483 2288 3548 ait,
2317 3483 2530 3549 virgam
2568 3499 2748 3536 meam
2777 3484 3089 3552 secundum,
3122 3502 3249 3556 qua:
3282 3489 3511 3559 proprie
3545 3506 3676 3547 mea

2028 3577 2170 3637 erat,
2207 3586 2336 3640 qua:
2357 3570 2439 3624 sic
2470 3570 2609 3624 mihi
2645 3570 2915 3637 haerebat,
2943 3577 3006 3627 ut
3028 3572 3088 3626 in
3110 3573 3363 3630 Jeremia
3386 3576 3676 3647 perizoma

2029 3665 2086 3714 et
2115 3659 2458 3713 cinctorium
2486 3663 2661 3729 atque
2693 3659 2978 3726 lumbare,
3007 3661 3146 3731 sive,
3171 3667 3234 3716 ut
3254 3670 3531 3720 consueto
3548 3682 3672 3720 ver-

2028 3749 2102 3804 bo
2136 3753 2284 3817 utra,
2334 3746 2527 3802 coxale
2557 3747 2634 3802 sit
2680 3746 2998 3819 appellata:
3050 3767 3175 3821 quae
3207 3753 3462 3808 secunda
3513 3753 3675 3827 virga

2029 3837 2326 3910 quondam
2360 3835 2650 3908 appellata
2673 3835 2968 3892 funiculus
2986 3844 3191 3910 etpars
3207 3857 3353 3907 mea,
3387 3858 3525 3897 ame
3544 3843 3672 3900 ideo

2029 3927 2286 4001 projects
2311 3929 2418 3992 est,
2453 3931 2516 3980 ut
2536 3924 2909 3981 dissolverem
2945 3926 3122 3998 fndus
3152 3933 3208 3984 et
3229 3931 3674 4001 germanitatem

2031 4021 2204 4087 atque
2226 4014 2614 4079 concordiam,
2639 4013 2934 4085 quaeinter
2952 4014 3168 4070 Judam
3191 4017 3375 4074 fuerat
3396 4024 3452 4073 et
3476 4019 3672 4093 Israel,

2029 4109 2083 4160 et
2117 4105 2322 4158 fratres
2354 4119 2386 4157 a
2416 4119 2477 4158 se
2508 4101 2750 4157 invicem
2785 4119 3138 4175 separarem.
3175 4105 3245 4161 Ut
3274 4106 3331 4161 in
3385 4109 3676 4180 apostolo-

2030 4209 2161 4248 rum
2193 4196 2250 4248 et
2291 4207 2491 4248 eorum
2525 4191 2621 4263 qui
2673 4197 2917 4263 egerunt
2946 4194 3346 4266 paenitentiam
3378 4197 3530 4254 893
3563 4215 3680 4255 nu-

2033 4299 2212 4349 mero,
2247 4297 2480 4336 rursum
2532 4281 2608 4351 (d)
2641 4280 2824 4335 Judas
2855 4281 3248 4354 appellaretur
3295 4290 3352 4340 et
3399 4287 3681 4345 conﬁtens

2033 4372 2215 4426 Deum
2247 4386 2456 4425 suum:
2495 4368 2667 4424 Israel
2690 4374 2885 4424 autem
2905 4375 2959 4425 et
2991 4370 3262 4442 Ephraim
3277 4377 3333 4426 et
3352 4374 3681 4444 Josephvo-

2034 4465 2325 4526 narentur,
2338 4459 2436 4530 qui
2451 4457 2508 4512 in
2525 4457 2716 4513 cordis
2730 4458 2946 4513 duritia
2964 4464 3370 4530 permanentes
3387 4461 3678 4520 dixerunt:

273 4556 337 4610 in
369 4557 542 4609 domo
575 4552 804 4608 Domini
828 4550 933 4606 feci
964 4567 1063 4606 eos
1093 4567 1127 4605 a
1149 4550 1442 4621 proditore
1473 4550 1634 4605 reddi
1656 4550 1927 4604 sacerdo-
1960 4566 2004 4630 υ
2035 4549 2152 4604 Νοη
2181 4549 2439 4603 habemus
2494 4562 2696 4614 regem,
2742 4546 2855 4600 nisi
2885 4547 3150 4601 Cwsarem
3199 4549 3376 4616 (Joan.
3420 4567 3533 4618 nx,
3569 4551 3678 4622 15).

274 4644 438 4700 tibus
469 4647 526 4697 et
555 4639 877 4714 pbarisaeis,
939 4640 1066 4711 ipso
1114 4640 1446 4706 conﬁtente,
1499 4639 1598 4710 qui
1633 4638 1918 4695 vendidit:

274 4733 526 4799 Peccavi,
558 4730 775 4786 tradens
805 4729 1130 4799 sanguinem
1163 4731 1370 4799 justum
1398 4728 1618 4797 (Matth.
1651 4745 1825 4800 xxvu,
1853 4728 1928 4800 4).

351 4948 431 5019 (a)
450 4945 657 5012 Verba,
680 4948 760 5002 ait
776 4946 846 5002 ad
873 4962 980 5019 eos,
1013 4961 1194 5019 penes
1202 4943 1466 5002 Martian.
1487 4962 1599 5001 non
1623 4943 1928 5002 habentur:

275 5017 435 5093 apud
469 5019 684 5093 Yictor,
717 5018 1105 5093 desideratur,
1226 5019 1321 5070 est.

353 5091 436 5161 (ὁ)
469 5089 762 5144 Retractat
792 5105 876 5155 se,
909 5088 1100 5160 inquit
1132 5085 1498 5161 Victoriusin
1529 5086 1687 5141 hunc
1713 5086 1930 5152 locum,

321 5158 441 5217 uod
473 5177 672 5216 vocem
721 5170 865 5222 Ἵππη.
897 5158 1238 5215 statuarium
1286 5158 1541 5221 verterit,
1570 5174 1702 5213 cum
1737 5164 1930 5213 tamen

321 5179 441 5217 υοα
473 5179 672 5216 vocem
721 5179 865 5222 ἼΪΊἺ,
897 5179 1238 5215 διαιυανιατη
1286 5179 1541 5221 verterit,
1570 5179 1702 5213 cum
1737 5179 1929 5213 tamen

272 5179 513 5305 ﬁgulum
544 5231 1070 5305 veriussigniﬁcet,
1106 5231 1186 5284 uti
1222 5231 1636 5305 interpretato}
1665 5229 1929 5305 e_st_Mat-

274 5300 472 5359 thasus
502 5300 857 5374 evangelista
888 5319 1013 5374 cap.
1060 5317 1230 5367 xxvu,
1254 5301 1402 5374 dum
1424 5300 1549 5374 ait:
1584 5301 1932 5374 Etidederunt

271 5392 368 5431 eos
399 5378 460 5430 in
491 5371 685 5444 agrum
731 5375 908 5444 ﬁguli.
962 5371 1122 5428 idem
1159 5372 1293 5426 facit
1325 5371 1458 5426 Isai.
1511 5388 1607 5426 xxx
1639 5373 1709 5426 de
1758 5372 1930 5426 verbo

273 5392 368 5431 eos
399 5393 460 5430 ιη
491 5391 522 5429 a
562 5391 685 5428 rum
731 5391 908 5444 ngutt.
969 5391 1122 5428 luem
1159 5391 1293 5426 lacn
1325 5391 1458 5426 isal.
1511 5391 1607 5426 xxx
1639 5391 1709 5426 ne
1758 5391 1930 5426 veroo

273 5457 484 5535 pana.
519 5391 838 5516 ﬁtrobique
867 5451 1059 5500 autem
1109 5444 1336 5499 Graecas
1367 5445 1596 5497 tantum
1620 5458 1812 5535 ‘v‘oces
1844 5458 1930 5535 re-

269 5525 576 5612 spiciens,
593 5532 796 5612 lapsus
824 5530 1435 5612 videtur._S_icut_enim
1454 5530 1548 5585 hic
1851 5529 1933 5584 ita

269 5599 362 5664 ibi
396 5599 779 5680 στρεϐλοῖγτα,
811 5620 940 5680 quas
969 5609 1092 5680 erat
1112 5601 1334 5680 Aquila:
1358 5601 1774 5680 interpretatio,
1801 5605 1928 5680 tan-

268 5683 433 5755 tum,
462 5671 590 5738 'non
619 5671 794 5736 etiam
826 5671 1200 5736 Hebraicam'
1223 5671 1401 5734 simul
1429 5671 1630 5734 vocem
1659 5671 1927 5735 attendit.

2039 4636 2200 4691 Unde
2232 4653 2346 4690 non
2377 4634 2611 4688 iutulit:
2664 4639 2724 4688 ut
2754 4635 2976 4689 irritum
3007 4636 3246 4706 facerem
3288 4641 3530 4708 pactum,
3564 4638 3684 4695 sive

2037 4733 2434 4789 testamentum,
2456 4723 2610 4794 quod
2643 4721 2818 4777 habui
2849 4739 2981 4778 cum
3011 4723 3164 4780 Juda
3193 4731 3249 4780 et
3279 4725 3454 4782 Israel
3475 4727 3684 4800 (usque

2042 4939 2237 4997 Manet
2264 4945 2458 5012 tamen
2491 4944 2736 5011 utroque
2755 4940 2812 4995 in
2843 4939 2969 4996 loco
2991 4939 3180 5011 prima
3196 4941 3322 5011 ejus
3341 4941 3685 5012 interpreta-

2042 5013 2142 5067 tio.
2177 5012 2333 5066 Adeo
2364 5010 2516 5065 enim
2552 5016 2736 5066 totum
2772 5027 2874 5082 per
2902 5010 3100 5066 orbem
3132 5010 3260 5083 ejus
3285 5013 3460 5070 editio
3481 5010 3683 5071 statim

2041 5083 2338 5154 divulgata
2366 5088 2474 5146 est,
2508 5087 2572 5136 ut
2601 5084 2944 5138 emendasse
2968 5089 3167 5154 postea
3189 5083 3330 5140 satis
3352 5100 3464 5140 non
3487 5086 3680 5142 fuerit.

2041 5175 2111 5226 At
2147 5188 2260 5226 non
2314 5171 2392 5224 ita
2423 5171 2616 5225 evenit
2673 5170 2832 5224 Isaiae
2872 5186 3105 5232 xxxvm,
3145 5171 3242 5226 ubi
3299 5187 3492 5228 vocem
3543 5156 3682 5234 ὅπη.

2044 5242 2206 5315 prius
2249 5258 2347 5315 pro
2385 5243 2630 5311 cessavit,
2663 5247 2996 5315 posteapro
3043 5243 3224 5313 quiete
3271 5243 3683 5315 interpretatus

2041 5313 2167 5386 est;
2192 5313 2569 5386 qu_ippe_cum
2602 5314 2932 5368 emendatio
2985 5321 3211 5382 recepta
3244 5313 3684 5386 fuerim—Aquam-

2039 5387 2126 5438 vis
2158 5385 2216 5438 in
2259 5384 2384 5454 ipso
2413 5384 2761 5455 Hieronymo
2809 5389 3052 5453 utraque
3084 5384 3262 5440 simul
3310 5384 3682 5443 versiovcom-

2043 5456 2224 5511 mixta
2253 5460 2423 5510 esset.

2111 5529 2178 5598 (ο)
2211 5525 2420 5603 vocem
2454 5541 2650 5603 meam,
2684 5541 2814 5603 quas
2860 5540 3049 5596 neque
3079 5525 3138 5603 in
3190 5525 3384 5583 Graaco
3427 5531 3684 5603 resonat,

2039 5596 2318 5677 neq~u_e_i_n
2351 5596 2554 5677 Regia.
2590 5613 2741 5677 ms,
2762 5596 2895 5652 hinc
2923 5598 3271 5677 amovimus.

2126 5667 2204 5748 (ἀ)
2234 5668 2342 5729 Ms.
2377 5667 2607 5746 Regia,
2637 5667 2805 5731 Judas
2831 5667 3249 5748 appellarentur
3275 5677 3328 5732 et
3354 5671 3687 5754 conﬁtentes.
