4034 6196
473 276 626 340 1507

1716 274 1776 333 S.
1829 272 2137 334 EUSEBII
2184 271 2629 333 HIERONYMI

3637 274 3747 340 ιιω

464 410 636 465 hodie
666 408 822 463 enim
845 403 1262 478 paenitentibus
1284 403 1811 476 porrigitmanum)
1840 404 1939 459 sed
1957 408 2019 458 ut
2039 405 2110 459 de
2139 408 2192 470 Α
2228 404 2564 459 abominatio
2591 403 2969 470 desolationis,
2997 416 3267 456 sessurus
3294 399 3349 455 in
3376 403 3558 474 templo
3587 408 3746 465 Domini

461 514 578 552 uno
610 493 824 568 populo
855 493 1157 549 credentes
1187 490 1353 563 alios,
1378 497 1436 547 et
1474 490 1621 547 alios
1652 508 1768 547 non
1813 492 2114 549 credentes

458 584 614 639 inter
637 599 699 638 se
730 581 1031 650 divideret,
1059 580 1298 637 dicens:
1341 581 1522 637 Nolite
1558 581 1827 635 arbitrari
1856 582 1988 653 quia
2031 596 2114 636 ve-

455 675 520 728 ni
545 674 763 728 mittere
786 687 977 744 pacem
998 687 1059 726 in
1078 678 1297 725 terram
1317 688 1337 724 :
1365 685 1472 725 non
1498 670 1630 726 veni
1654 671 1876 725 mittere
1898 684 2110 741 pacem,

454 760 547 816 sed
573 760 845 832 gladium.
883 760 1023 815 Veni
1050 760 1201 814 enim
1242 773 1499 830 separare
1528 757 1806 813 hominem
1828 756 2111 813 adversum

450 858 668 921 patrem
695 866 874 921 suum,
907 852 959 904 et
993 849 1170 919 ﬁliam
1196 846 1451 903 adversus
1472 849 1706 902 matrem
1727 863 1906 917 suam,
1930 851 1982 902 et
2012 863 2116 901 nu-

455 956 579 995 rum
611 939 870 994 adversus
901 952 1308 1006 sacrumsuam,
1333 943 1385 991 et
1414 936 1632 991 inimici
1643 935 1885 991 hominis
1907 935 2112 991 domes-

454 1030 553 1084 tici
580 1028 699 1100 ejus
728 1025 940 1096 (Matth.
973 1044 1030 1092 x,
1063 1026 1153 1091 34,
1188 1028 1246 1081 et
1283 1025 1396 1096 35).

529 1116 717 1189 (Vers.
754 1117 821 1170 15
850 1115 1040 1187 seqq.)
1087 1116 1151 1169 Et
1180 1114 1328 1170 dixit
1357 1115 1621 1169 Dominus
1659 1113 1730 1169 ad
1775 1129 1892 1168 me:
1928 1111 2114 1167 Adhuc

455 1222 610 1261 sume
638 1204 739 1260 tibi
763 1220 893 1259 vasa
915 1204 1156 1274 pastoris
1185 1203 1344 1257 stulti
1365 1219 1378 1256 :
1406 1202 1548 1270 Quia
1574 1217 1691 1257 ecce
1720 1217 1816 1271 ego
1844 1200 2113 1256 suscitabo

454 1301 730 1366 pastorem
761 1295 817 1348 in
849 1297 1017 1358 terra,
1046 1292 1144 1362 qui
1177 1290 1443 1347 derelicta
1471 1307 1583 1346 non
1611 1290 1873 1359 visitabzt,
1904 1289 2113 1360 disper-

456 1399 578 1438 sum
601 1398 714 1438 non
743 1388 969 1452 quaeret,
1000 1390 1051 1436 et
1078 1382 1384 1435 contritum
1411 1397 1518 1436 non
1549 1381 1801 1435 sanabit:
1826 1386 1875 1434 et
1895 1378 1952 1434 id
1971 1377 2113 1450 quod

454 1477 562 1526 stat
587 1486 699 1526 non
722 1471 982 1536 enutriet,
1016 1472 1068 1524 et
1096 1484 1289 1524 carnes
1306 1470 1599 1540 pinguium
1622 1466 1884 1535 comedet,
1923 1476 1975 1522 et
2006 1483 2109 1521 un-

452 1560 610 1631 gulas
638 1574 829 1631 eoqum
870 1557 1147 1614 dissolvet.
1214 1556 1255 1612 0
1285 1563 1499 1628 pastor,
1531 1560 1583 1612 et
1614 1556 1822 1612 idolum
1865 1556 2108 1631 derelin-

454 1663 625 1718 quens
653 1663 902 1718 gregem:
942 1646 1161 1716 gladius
1197 1662 1362 1716 super
1403 1646 1692 1701 brachium
1719 1645 1836 1716 ejus
1865 1648 1917 1699 et
1945 1659 2112 1716 super

453 1737 672 1792 oculum
699 1736 955 1791 dextrum
982 1735 1120 1806 ejus,
1155 1733 1441 1789 brachium
1465 1735 1583 1805 ejus
1611 1733 1872 1788 ariditate
1889 1732 2112 1788 siccabi-

455 1834 563 1892 tur,
595 1833 651 1881 et
690 1826 876 1880 oculus
903 1823 1100 1878 dexter
1154 1824 1275 1894 ejus
1305 1822 1677 1878 tenebrescens
1699 1820 2099 1878 obscurohitur.

456 1912 596 1968 LXX
619 1931 638 1968 :
670 1913 736 1968 Et
764 1913 1172 1968 dixitDominus
1193 1910 1264 1965 ad
1298 1927 1419 1966 me:
1453 1910 1640 1965 Adhuc
1665 1926 1818 1965 sume
1843 1909 1948 1964 tibi
1972 1925 2106 1964 vasa

456 2002 768 2074 pastoralia
810 2002 1045 2073 pastoris
1075 2001 1319 2071 imperiti
1344 2017 1357 2055 :
1401 2000 1539 2068 Quia
1568 2014 1686 2055 ecce
1702 2015 1795 2070 ego
1826 1998 2104 2053 suscitabo

450 2097 726 2160 pastorem
753 2105 916 2160 super
971 2096 1136 2155 terra,
1186 2090 1284 2159 qui
1322 2086 1641 2141 derelictum
1688 2101 1799 2141 non
1822 2087 2001 2142 visitet
2055 2088 2108 2140 et

455 2177 762 2248 dispersum
789 2192 901 2232 non
929 2177 1195 2248 requirat,
1225 2183 1274 2231 et
1302 2178 1544 2246 fractum
1555 2192 1661 2230 non
1692 2178 1866 2242 sanet,
1888 2182 1939 2229 et
1961 2176 2106 2229 inte-

454 2282 619 2336 grum
646 2281 758 2320 non
785 2264 1012 2336 dirigat,
1063 2267 1115 2318 et
1141 2279 1335 2319 carnes
1362 2266 1654 2319 electorum
1682 2263 1913 2323 devoret.
1940 2266 1991 2317 et
2019 2265 2106 2317 ta-

457 2354 536 2409 los
563 2369 758 2409 eorum
784 2357 1079 2425 pervertat.
1097 2353 1136 2408 0
1169 2354 1267 2423 qui
1278 2354 1507 2425 pascitis
1528 2368 1690 2420 vana,
1713 2354 1765 2406 et
1779 2352 1875 2421 qui
1902 2350 2108 2406 dereli-

455 2444 655 2515 quistis
685 2458 826 2513 oves,
877 2441 1097 2511 gladius
1151 2457 1316 2513 super
1359 2440 1645 2496 brachium
1678 2440 1815 2512 ejus,
1849 2448 1900 2494 et
1948 2453 2110 2510 super

454 2531 674 2587 oculum
702 2532 820 2603 ejus
848 2530 1125 2596 dextrum,
1154 2529 1440 2585 brachium
1455 2531 1573 2599 eius
1600 2528 1862 2584 ariditate
1873 2527 2109 2582 siccabi-

458 2624 573 2687 tur,
621 2624 672 2674 et
723 2620 913 2675 oculus
969 2619 1167 2674 dexter
1224 2620 1343 2690 ejus
1398 2621 1645 2675 caecitate
1701 2616 2108 2673 obscurabitur.

457 2709 699 2774 Quando
730 2708 888 2779 dicit,
921 2708 1121 2763 Adhuc
1148 2723 1302 2763 sume
1352 2706 1459 2762 tibi
1487 2723 1615 2762 vasa
1660 2708 1901 2775 pastoris
1928 2705 2108 2775 stulti,

458 2796 603 2852 illud
635 2796 929 2869 significat
956 2797 1111 2868 quod
1142 2812 1322 2868 supra
1359 2795 1748 2867 assumpserit
1777 2794 1887 2850 sibi
1919 2794 2112 2866 virgas

460 2885 630 2953 duas,
652 2902 829 2941 unam
855 2886 1143 2953 decorem,
1161 2890 1218 2941 et
1233 2884 1483 2940 alterum
1499 2883 1851 2939 funiculum.
1882 2884 1951 2938 Et
1972 2882 2114 2955 quia

459 2972 590 3031 illas
620 2991 728 3030 suo
759 2973 898 3030 vitio
930 2978 1280 3047 peccatoque
1299 2972 1564 3045 projecit,
1583 2977 1642 3028 et
1662 2971 1857 3028 soluta
1885 2987 2113 3044 germa-

463 3063 646 3119 nitate
679 3063 831 3118 inter
856 3063 1069 3119 Judam
1117 3067 1176 3117 et
1208 3061 1407 3128 Israel,
1444 3078 1550 3117 nos
1579 3060 1784 3116 inserti
1816 3076 2024 3115 sumus
2052 3059 2111 3115 in

2225 492 2619 564 prophetatur,
2653 494 2709 548 ei;
2765 508 2828 547 se
2858 490 3122 547 facturus
3179 480 3244 545 ut
3272 488 3455 559 Deum,
3480 492 3562 563 qui
3605 499 3647 549 et
3677 513 3747 568 per

2223 581 2436 637 Isaiam
2494 597 2747 653 magnus
2778 597 2990 636 sensus
3028 578 3244 635 dicitur
3271 579 3410 651 (Isai.
3458 583 3748 652 xxxu).Etad

2223 670 2330 727 hoc
2350 669 2523 738 venit,
2542 687 2658 726 non
2679 674 2743 725 ut
2765 673 2953 736 sanet,
2984 668 3084 724 sed
3107 672 3172 723 ut
3190 667 3382 740 perdat
3399 684 3594 740 gregem
3612 670 3747 728 Israel.

2221 763 2427 815 Pastor
2455 758 2611 814 enim
2642 758 2832 814 bonus
2881 756 3226 831 aegrotantis
3257 773 3447 828 pecora
3471 757 3647 826 visitat,
3671 760 3753 816 dis-

2221 864 2392 919 persa
2422 847 2685 919 inquirit,
2721 846 2922 903 relicta
2953 846 3137 912 affert,
3171 845 3325 902 lassa
3350 850 3612 902 sustentat.
3630 848 3753 904 Econ-

2220 934 2402 991 trario
2435 941 2635 1007 pastor
2662 935 2853 991 malus
2883 934 3084 991 omnia
3113 935 3354 991 adversa
3378 934 3502 1007 agit,
3544 940 3592 991 et
3610 952 3757 992 carnes

2221 1023 2531 1097 pinguium
2553 1025 2810 1093 devorat,
2830 1022 3082 1096 ungulas
3103 1022 3345 1079 arietum
3364 1031 3413 1078 et
3432 1025 3593 1079 ovium
3608 1024 3756 1080 dissol-

2220 1113 2303 1168 vit
2358 1121 2532 1186 atque
2591 1112 2884 1184 pervertit,
2916 1128 2988 1168 ne
3047 1116 3201 1168 recto
3242 1112 3603 1184 ingrediantur
3645 1113 3760 1185 pede.

2221 1202 2387 1257 Hunc
2411 1207 2702 1275 pastorem
2731 1202 2809 1273 (a)
2827 1217 3137 1273 suscepere
3155 1199 3358 1269 Judaei,
3381 1216 3532 1272 quem
3559 1200 3762 1257 Dominus

2218 1291 2392 1348 Jesus
2410 1290 2717 1347 interﬁciet
2742 1290 2951 1362 spiritu
2972 1290 3091 1346 oris
3107 1288 3219 1359 sui,
3243 1293 3297 1345 et
3318 1288 3584 1345 evacuabit
3603 1288 3763 1344 illumi-

2222 1379 2455 1435 natione
2477 1381 2546 1435 ad
2557 1384 2762 1434 ventus
2785 1379 2901 1446 sui,
2926 1382 2991 1434 ut
3008 1378 3107 1450 qui
3126 1394 3243 1433 non
3266 1377 3604 1433 crediderunt
3618 1376 3765 1432 verita-

2220 1469 2286 1537 ti,
2315 1484 2387 1524 ne
2408 1468 2551 1524 salvi
2584 1468 2807 1535 ﬁerent,
2831 1468 3073 1523 credant
3094 1466 3411 1534 mendacio,
3437 1465 3765 1536 etjudicentur,
3820 1508 3825 1515 .

2220 1557 2356 1628 quia
2399 1560 2829 1612 consenserunt
2858 1554 3179 1627 iniquitati.
3209 1554 3494 1626 Descripta
3522 1558 3675 1609 autem
3698 1569 3766 1624 pa-

2219 1649 2372 1701 store
2398 1645 2675 1717 pessimo,
2709 1645 2891 1701 stulto
2921 1648 2978 1700 et
3024 1643 3318 1716 imperito,
3350 1643 3417 1698 ad
3444 1642 3612 1714 ipsum
3634 1644 3769 1713 pasto-

2219 1750 2341 1790 rem
2356 1733 2715 1806 prophetalis
2736 1750 2928 1789 sermo
2954 1731 3341 1789 convertitur:
3363 1731 3404 1787 Ο
3430 1736 3617 1804 pastor,
3630 1734 3673 1785 et
3688 1730 3770 1785 ido-

2212 1822 2356 1878 lum.
2388 1822 2464 1895 (b)
2488 1823 2630 1877 Tam
2652 1821 2969 1877 sceleratus
2993 1825 3082 1877 est
3102 1823 3325 1892 pastor,
3351 1824 3412 1875 ut
3435 1836 3537 1875 non
3556 1818 3769 1873 idolorum

2211 1911 2418 1982 cultor,
2452 1911 2555 1967 sed
2587 1911 2711 1983 ipse
2729 1910 2950 1966 idolum
2982 1909 3339 1976 nominetur,
3370 1909 3500 1964 dum
3517 1906 3774 1979 seappellat

2213 1999 2419 2065 Deum,
2450 2004 2507 2055 et
2533 1998 2659 2054 vult
2687 2002 2760 2055 ab
2791 1997 3068 2054 omnibus
3103 1997 3355 2053 adorari.
3410 1996 3509 2062 Qui
3538 1994 3775 2065 dereliquit

2212 2103 2448 2161 gregem
2479 2104 2515 2143 a
2542 2086 2744 2143 bestiis
2769 2087 3183 2153 devorandum,
3208 2103 3381 2158 quem
3403 2085 3650 2142 Dominus
3664 2087 3776 2138 tanto

2214 2182 2474 2249 tempore
2505 2176 2880 2232 custodierat.
2912 2174 3154 2232 Gladius
3177 2190 3355 2247 super
3380 2172 3649 2231 brachium
3672 2172 3775 2242 ejus,

2215 2270 2272 2320 et
2301 2267 2496 2333 robur,
2529 2270 2586 2320 et
2614 2280 2791 2336 super
2818 2264 2967 2321 895
3004 2262 3241 2319 oculum
3278 2264 3532 2319 dextrum
3552 2262 3673 2332 ejus,
3697 2274 3777 2331 quo

2216 2371 2278 2411 se
2308 2360 2473 2410 acute
2507 2354 2602 2409 Dei
2653 2354 2915 2425 jactabat
2945 2368 3181 2408 cernere
3228 2356 3592 2415 sacramenta,
3620 2354 3666 2406 et
3688 2347 3777 2420 plus

2215 2441 2408 2496 videre
2438 2458 2613 2512 quam
2645 2457 2849 2497 omnes
2877 2444 3028 2496 retro
3052 2440 3350 2513 prophetas
3370 2439 3629 2507 viderant,
3648 2437 3782 2492 inlan-

2216 2535 2343 2587 tum
2377 2535 2442 2585 ut
2472 2530 2573 2585 Dei
2620 2529 2830 2585 Filium
2859 2546 2920 2585 se
2952 2534 3202 2586 vocaret.
3258 2528 3493 2585 Gladius
3520 2532 3682 2583 autem
3718 2522 3781 2578 ille

2217 2624 2326 2686 est,
2359 2619 2429 2673 de
2460 2635 2573 2690 quo
2604 2623 2660 2674 et
2720 2618 2900 2674 Isaias
2933 2617 3227 2689 loquitur:
3293 2618 3582 2674 Inebriatus
3618 2622 3679 2670 est
3699 2612 3785 2682 gla-

2218 2707 2343 2763 dius
2377 2724 2525 2763 meus
2556 2709 2612 2762 in
2643 2708 2773 2763 caelo
2827 2698 2975 2779 (Isai.
3007 2724 3201 2773 xxxuv,
3225 2707 3308 2779 5).
3340 2707 3623 2779 Pr0pterea
3646 2707 3784 2757 autem

2221 2796 2454 2870 gladius
2485 2796 2719 2851 Domini
2749 2812 2927 2868 super
2944 2794 3252 2850 brachium
3279 2796 3429 2867 ejus,
3457 2798 3509 2850 et
3524 2807 3672 2865 super
3693 2804 3789 2844 ocu-

2222 2884 2346 2941 lum
2373 2885 2641 2940 dextrum
2674 2882 2811 2940 illus
2835 2883 2945 2939 erit
2968 2899 2981 2937 :
3019 2888 3083 2938 ut
3103 2884 3286 2939 robur
3315 2885 3439 2954 ejus
3468 2886 3522 2939 et
3546 2880 3701 2936 omnis
3720 2877 3788 2947 ja-

2222 2973 2440 3029 ctantia
2456 2972 2816 3028 fortitudinis
2827 2972 2954 3043 ejus
2968 2971 3242 3028 ariditate
3259 2972 3523 3038 siccetur,
3534 2964 3790 3031 etscientia,

2222 3079 2396 3134 quam
2421 3061 2530 3118 sibi
2564 3060 2706 3116 falso
2738 3060 2973 3116 nomine
3001 3060 3404 3132 promittebat,
3455 3058 3655 3114 aeternis
3678 3060 3791 3110 tene-

469 3151 726 3206 radicem
758 3152 922 3206 bonae
953 3150 1137 3216 olivae,
1186 3154 1243 3204 et
1271 3150 1501 3205 caecitas
1540 3166 1608 3204 ex
1637 3152 1801 3221 parte
1850 3150 1999 3204 facta
2026 3152 2115 3204 est
2143 3138 2186 3204 C
2226 3151 2350 3207 bris
2380 3151 2746 3206 obscuretur.

461 3237 662 3293 domui
681 3236 1067 3308 Israel,donec
1088 3238 1331 3292 intraret
1348 3236 1645 3309 plenitudo
1657 3236 1921 3309 gentium
1936 3238 1953 3308 (
1960 3238 2109 3292 Rom.

460 3328 565 3395 χι),
598 3343 754 3381 nunc
768 3325 1062 3399 prophetae
1079 3325 1317 3394 dicitur,
1345 3325 1837 3399 utgravissimum
1864 3325 2115 3398 pastoris

462 3415 648 3477 stulti.
683 3414 802 3472 sive
858 3414 1135 3487 imperiti,
1191 3421 1458 3471 assumat
1515 3414 1876 3470 vaticinium.
1913 3414 2116 3471 Pastor

461 3503 701 3572 stultus,
734 3507 793 3559 et
820 3503 1155 3577 imperitus,
1188 3503 1345 3560 haud
1374 3503 1616 3559 dubium
1642 3503 1796 3560 894
1822 3503 1963 3575 quin
1996 3505 2111 3559 An-

457 3592 768 3648 tichristus
796 3593 912 3655 sit;
934 3592 1036 3665 qui
1060 3592 1118 3647 in
1138 3593 1644 3648 consummatione
1668 3592 1871 3648 mundi
1896 3592 2112 3647 dicitur

459 3697 589 3738 esse
608 3685 912 3749 venturus,
964 3685 1021 3737 et
1042 3681 1235 3753 qualis
1251 3685 1530 3737 venturus
1553 3682 1651 3749 sit,
1673 3681 1980 3736 indicatur.
2006 3684 2115 3736 Va-

460 3786 526 3825 sa
556 3773 752 3825 antem
786 3768 1059 3842 pastoris,
1094 3769 1353 3841 insignia
1380 3768 1541 3824 illius
1571 3773 1628 3825 et
1656 3768 1924 3824 habitum
1946 3768 2115 3826 debe-

461 3875 595 3913 mus
618 3856 896 3930 accipere,
914 3857 1448 3929 peram,baculum,
1465 3856 1745 3926 ﬁstulam,
1770 3862 1825 3912 et
1846 3856 2087 3913 sibilum

457 3947 528 4002 Et
555 3947 848 4019 quomodo
879 3946 1082 4015 Isaias,
1119 3950 1180 4000 ut
1200 3946 1597 4018 captivitatem
1631 3945 1831 4019 pepuli
1876 3946 2114 4002 demon-

459 4039 690 4101 straret,
721 4034 917 4090 nudus
948 4034 1276 4107 ingreditur
1303 4035 1457 4106 (Isai.
1497 4035 1584 4107 L):
1623 4039 1680 4090 et
1709 4034 1994 4091 Jeremias
2022 4052 2114 4091 va-

463 4123 551 4177 dit
578 4122 649 4177 ad
681 4123 925 4178 domum
956 4122 1145 4194 figuli,
1178 4127 1242 4178 ut
1271 4139 1339 4178 ex
1369 4122 1749 4194 dissipatione
1770 4124 1925 4180 vasis
1956 4124 2112 4197 quod

462 4210 737 4265 currebat
766 4210 824 4265 in
846 4214 993 4278 rota,
1022 4214 1079 4266 et
1097 4227 1272 4266 manu
1301 4211 1630 4284 fingebatur
1651 4211 1915 4280 artiﬁcis,
1948 4217 2005 4269 et
2024 4213 2115 4269 in-

459 4298 697 4354 teritum
731 4297 928 4368 Israel,
960 4303 1024 4354 ut
1052 4298 1150 4355 Dei
1183 4299 1502 4371 potentiam
1535 4301 1866 4357 ostenderet
1890 4301 2113 4373 (Jerem.

458 4386 658 4459 xvm):
719 4391 776 4442 et
805 4387 1085 4456 Ezechiel,
1119 4392 1185 4444 ut
1232 4388 1675 4445 subversionem
1705 4389 2030 4446 Jerusalem
2061 4395 2119 4446 et

460 4476 660 4549 fugam
690 4475 959 4545 Sedecim,
980 4480 1037 4532 et
1056 4492 1233 4532 onera
1255 4477 1639 4549 captivorum,
1670 4494 1781 4533 non
1807 4477 1997 4535 solum
2020 4496 2116 4535 vo-

461 4580 546 4633 ce,
581 4565 680 4620 sed
713 4569 770 4620 et
799 4564 1002 4621 habitu
1035 4565 1483 4633 demonstraret,
1515 4566 1763 4638 perfodit
1810 4567 2115 4640 parietem,

461 4657 520 4709 et
548 4652 607 4708 in
639 4652 763 4709 suis
794 4652 1058 4709 humeris
1078 4654 1365 4725 excipitur
1395 4654 1607 4726 (Enech.
1634 4656 1770 4728 xu):
1804 4656 1885 4711 sic
1907 4656 2119 4712 Zacha-

462 4740 580 4796 rias
610 4740 874 4797 habitum
905 4740 1067 4797 stulti
1102 4747 1159 4798 et
1182 4742 1436 4814 imperiti
1469 4743 1719 4815 pastoris
1750 4745 2021 4812 assumit,
2052 4748 2120 4801 ut

463 4845 599 4884 eum
631 4829 861 4885 nuntiet
890 4830 990 4900 qui
1014 4835 1292 4887 venturus
1318 4834 1407 4887 est
1435 4831 1618 4903 (Zach.
1643 4833 1743 4904 x1).
1780 4833 1892 4889 Iste
1921 4838 2119 4906 pastor

462 4917 593 4972 ideo
613 4924 928 4990 consurget
956 4919 1017 4973 in
1051 4918 1250 4986 Israel,
1277 4918 1417 4992 quia
1439 4936 1611 4976 verus
1634 4926 1834 4992 pastor
1853 4921 2113 4978 dixerat:

462 5007 585 5063 Jam
612 5023 724 5062 non
750 5023 977 5078 pascam
1006 5023 1120 5064 vos.
1153 5007 1259 5071 Qui
1294 5006 1406 5063 alio
1439 5008 1674 5065 nomine
1705 5014 1763 5065 et
1793 5009 1851 5064 in
1887 5009 2117 5066 Daniele

465 5094 745 5168 propheta
778 5095 933 5168 (Cap.
967 5097 1067 5168 ιιι),
1120 5101 1177 5152 et
1206 5095 1262 5151 in
1297 5096 1605 5169 Evangelia
1649 5098 1839 5169 (Marc.
1871 5099 2018 5171 xm),
2060 5103 2118 5156 et

465 5182 525 5240 in
557 5183 808 5257 epistola
837 5184 1000 5242 Pauli
1032 5186 1105 5242 ad
1137 5184 1690 5244 Thessalonicenses
1721 5188 1791 5259 (II
1820 5188 1993 5245 Thess.
2027 5189 2117 5262 II),

496 5504 506 5517 .
537 5433 845 5559 @Maluit
862 5434 1173 5506 Victorius,
1194 5437 1510 5508 suscipient,
1533 5452 1671 5492 cum
1688 5452 1881 5511 sermo
1904 5439 1975 5496 de
1995 5444 2114 5498 An-

496 5520 545 5559 ic
592 5510 737 5559 risto
750 5510 847 5559 sit.
863 5523 1038 5559 auem
1052 5524 1155 5559 ιιι-ο
1167 5507 1391 5559 Christo
1403 5508 1586 5559 Judaei
1608 5515 1886 5559 suscentu
1895 5512 1939 5559 ri
1955 5518 2114 5559 mmt:

467 5508 737 5561 tichristo
750 5508 847 5573 sit,
863 5523 1038 5579 quem
1052 5524 1155 5580 pro
1167 5508 1391 5564 Christo
1403 5508 1586 5565 Judaei
1608 5525 1781 5566 susce
1827 5508 1940 5567 turi
1955 5518 2114 5570 sunt:

469 5577 966 5651 quemadmodum
996 5580 1221 5638 dictum
1253 5586 1344 5638 est
1373 5597 1408 5637 a
1452 5578 1686 5641 Christo
1712 5598 1725 5640 :
1764 5527 1943 5642 tpeniet
1969 5585 2119 5645 alius

2291 3327 2447 3399 (Cap.
2482 3327 2601 3382 XII.
2636 3359 2703 3368 —-
2725 3326 2886 3383 Vers.
2919 3326 2994 3392 1.)
3047 3326 3191 3382 Onus
3235 3328 3397 3383 verbi
3441 3324 3637 3382 Domini
3672 3333 3794 3391 super

2219 3416 2391 3471 Israel
2418 3432 2431 3470 :
2463 3416 2620 3472 Dixit
2645 3417 2909 3471 Dominus
2944 3414 3265 3471 extemdens
3294 3417 3509 3483 caelum,
3538 3422 3583 3469 et
3607 3408 3793 3485 fundant

2218 3507 2451 3574 terram,
2486 3513 2538 3560 et
2567 3506 2780 3577 ﬁngens
2810 3505 3074 3577 spiritum
3102 3503 3351 3559 hominis
3376 3507 3434 3559 in
3474 3519 3563 3558 eo:
3611 3501 3712 3554 Ecce
3731 3508 3795 3566 εςθ

2214 3609 2420 3666 ponam
2445 3594 2749 3650 Jerusalem
2776 3593 3212 3665 superliminare
3232 3594 3485 3665 crapulm
3512 3589 3721 3648 omnibus
3732 3598 3801 3656 po-

2214 3683 2366 3755 pulis
2396 3683 2457 3737 in
2487 3684 2720 3738 circuitu
2746 3701 2764 3737 :
2794 3681 2885 3737 sed
2909 3689 2960 3738 et
2984 3681 3124 3738 Juda
3153 3684 3263 3737 erit
3287 3685 3347 3737 in
3380 3680 3635 3737 obsidione
3656 3681 3798 3731 coam

2218 3773 2539 3827 Jerusalem.
2577 3773 2640 3827 Et
2669 3772 2778 3826 erit
2805 3772 2864 3825 in
2894 3770 2986 3825 die
3012 3770 3131 3841 illa,
3157 3786 3371 3842 ponam
3397 3768 3678 3827 Jerusalem
3700 3761 3805 3834 lapi-

2217 3860 2343 3915 dem
2382 3862 2564 3917 oneris
2614 3862 2823 3916 cunctis
2868 3860 3104 3931 populis,
3165 3876 3357 3915 omnes
3414 3859 3507 3932 qui
3558 3849 3805 3912 levaveruﬂ

2218 3949 2415 4023 [Vulg.
2448 3949 2721 4021 levabant]
2750 3965 2896 4016 eum,
2922 3951 3226 4004 concisione
3252 3949 3648 4010 lacerabantar,
3667 3951 3709 3998 et
3723 3937 3809 3996 col-

2220 4039 2465 4107 ligentur
2491 4039 2758 4095 adversus
2786 4054 2906 4093 eam
2935 4054 3118 4094 omnes
3141 4046 3334 4107 gentes
3358 4036 3546 4111 [Vulg.
3573 4032 3727 4091 omnia
3746 4040 3806 4083 re-

2219 4128 2353 4199 gna]
2383 4131 2568 4185 terrae.
2604 4126 2779 4181 LXX:
2815 4128 3127 4198 Assumptio
3164 4129 3326 4183 verbi
3354 4127 3571 4183 Domini
3599 4116 3808 4193 superis-

2221 4215 2358 4285 rael,
2411 4215 2544 4272 dicit
2566 4216 2827 4271 Dominus
2856 4215 3153 4271 attendens
3182 4217 3387 4272 ccelum
3413 4219 3468 4271 et
3491 4212 3706 4286 fundant
3729 4210 3808 4260 ter-

2231 4320 2372 4373 ram,
2422 4308 2473 4360 et
2527 4305 2739 4375 ﬁngens
2769 4305 3041 4377 spiritum
3072 4304 3318 4360 hominis
3376 4306 3437 4361 in
3463 4320 3553 4360 eo:
3600 4302 3712 4356 Em
3741 4307 3809 4364 €90

2218 4408 2421 4464 ponam
2434 4393 2734 4449 Jerusalem
2754 4401 2816 4448 ut
2838 4409 3004 4465 super
3027 4394 3324 4450 timinaria
3334 4409 3460 4465 qua
3473 4391 3723 4448 moventur
3732 4397 3812 4438 om-

2149 4505 2194 4570 D
2225 4481 2389 4537 nibus
2409 4480 2521 4550 [ΑΙ.
2547 4484 2606 4537 in
2624 4482 2904 4555 omnibus]
2916 4482 3134 4554 populis
3155 4484 3216 4537 in
3229 4484 3494 4550 circuitu,
3516 4484 3565 4538 et
3592 4471 3812 4570 iitng

2224 4572 2288 4626 Et
2319 4572 2427 4626 erit
2455 4571 2663 4626 obsidio
2693 4573 2843 4627 circa
2870 4572 3196 4643 Jerusalem,
3227 4580 3283 4628 et
3315 4574 3425 4629 erit
3450 4574 3510 4627 in
3527 4570 3608 4624 die
3632 4566 3814 4632 illo,po-

2224 4677 2354 4715 nam
2381 4661 2683 4717 Jerusalem
2706 4659 2944 4732 lapidem
2961 4662 3060 4733 qui
3072 4661 3434 4717 conculcatur
3463 4678 3497 4716 a
3518 4656 3698 4715 cunctis
3719 4664 3815 4720 θεν

2223 4748 2402 4804 tibus:
2433 4751 2612 4805 omnis
2637 4750 2734 4820 qui
2752 4750 3149 4806 conculcaverit
3178 4766 3305 4805 eam
3322 4750 3564 4806 illudens
3590 4741 3813 4803 illudetd

2223 4838 2569 4907 congregabo
2598 4854 2764 4909 super
2790 4855 2911 4895 eam
2932 4855 3115 4895 omnes
3133 4844 3322 4908 gentes
3339 4842 3521 4895 terra.
3550 4824 3814 4906 Triplexin-

2225 4926 2560 4998 terpretatio
2589 4930 2680 4982 est
2706 4927 2778 4982 ab
2810 4942 2876 4983 eo
2907 4926 3054 4992 loco,
3078 4928 3137 4983 in
3161 4943 3277 4999 quo
3302 4927 3581 5000 legimus:
3611 4923 3722 4977 Em
3748 4925 3811 4984 99’

2218 5030 2423 5085 ponam
2432 5016 2737 5071 Jerusalem
2749 5031 2912 5088 super
2924 5016 3184 5072 liminare
3199 5017 3448 5089 crapulae
3465 5010 3690 5071 omnibus
3696 5016 3812 5080 μορυ-

2226 5104 2295 5158 lis
2324 5105 2387 5159 in
2410 5106 2670 5171 circuitu,
2698 5122 2882 5175 usque
2900 5106 2971 5160 ad
3001 5104 3355 5163 eumlocum
3374 5104 3476 5161 ubi
3494 5090 3811 5172 scriptumai

2227 5191 2391 5264 (Cap.
2450 5210 2576 5262 xm,
2608 5194 2780 5266 v.7):
2840 5198 3074 5250 Framea
3129 5196 3406 5250 suscitare
3432 5206 3592 5264 super
3607 5186 3809 5262 ρατιονε*

2226 5444 2287 5499 in
2313 5442 2682 5516 nominepsuo,
2717 5451 2768 5516 et
2790 5444 3096 5516 suscipietis
3123 5458 3268 5500 eum.
3768 5496 3778 5516 ,

2298 5514 2584 5599 (bUtddit
2624 5509 2823 5599 Regin.
2849 5509 2960 5599 ms.
2996 5516 3388 5599 derelinquens
3413 5527 3638 5588 gregem,
3659 5509 3804 5581 quem

2227 5584 2362 5644 aliis
2390 5584 2560 5645 libris
2590 5584 2828 5646 non‘est
2850 5587 3127 5646 invenire.
