3938 6174
215 232 369 294 1613

864 233 1615 298 COMMENTARIORUM
1660 232 1739 294 IN
1783 231 2243 296 ZACHARIAM
2290 235 2437 296 LIB.
2484 236 2591 298 ΙΙΙ.
2638 236 2806 298 CAP.
2846 239 2978 300 XII.

3468 228 3625 300 13H

211 380 373 438 pore,
402 364 694 422 Dominus
728 366 924 439 (cujus
955 366 1170 424 auxilio
1215 367 1401 423 Judas
1428 384 1462 421 a
1490 367 1711 422 dextris
1742 371 1801 421 et
1830 382 1865 422 a
1897 370 1949 432 Α
1976 371 2172 422 autem
2201 367 2525 432 etl‘usionis,
2559 384 2799 425 sensum
2829 368 3121 442 largitatis
3151 369 3407 426 ostendit
3434 386 3447 425 :
3472 370 3626 428 sicut

210 453 467 511 sinistris
495 454 860 512 adversarios
888 456 1208 525 devorabit)
1239 454 1503 528 proteget
1529 455 1707 510 etiam
1756 454 1859 510 ob-

210 559 404 601 sessos
425 543 787 601 Jerusalem:
818 550 878 601 et
896 545 957 600 in
981 550 1205 601 tantam
1233 544 1568 601 felicitatem
1590 560 1656 599 ac
1685 543 1864 599 beati-

209 631 475 688 tudinem
499 632 700 688 omnia
717 635 1125 702 mutabuntur,
1142 639 1205 689 ut
1221 632 1323 704 qui
1352 632 1676 689 vilissimus
1699 637 1865 704 puta-

212 721 403 787 batur,
437 720 518 777 sit
545 721 715 793 quasi
745 721 959 778 domus
980 723 1142 795 regia
1166 740 1180 790 ;
1213 727 1271 777 et
1288 722 1385 794 qui
1410 723 1481 777 de
1510 722 1683 777 domo
1705 720 1865 793 regia

214 814 356 876 erat,
389 809 469 865 sit
497 810 669 881 quasi
713 810 786 865 de
817 811 992 866 domo
1026 811 1143 878 Dei,
1178 811 1233 865 id
1278 818 1385 882 est,
1418 811 1584 883 quasi
1619 809 1863 865 nuntius

212 897 449 954 Domini
478 904 537 954 et
563 897 837 975 angelica:
868 899 1173 971 dignitatis
1206 898 1264 954 in
1298 904 1612 970 conspectu
1634 915 1862 964 eorum,

214 986 313 1058 qui
325 1003 393 1043 eo
404 990 668 1059 tempore
686 988 903 1043 fuerint
915 988 1243 1045 resalvati.J
1252 992 1387 1043 uxta
1400 1004 1698 1061 anagogen
1711 991 1866 1043 :Pro-

211 1074 658 1148 tegetDominus
674 1075 1862 1148 habitatoresEcclesiaa,paceEcclesiarum

210 1168 343 1236 post
371 1166 837 1236 persecutionem
858 1164 1267 1237 gravissimam
1290 1164 1536 1231 reddita,
1552 1164 1786 1236 quando
1809 1168 1865 1219 et

210 1252 304 1308 sui
335 1253 594 1309 nominis
611 1253 1091 1326 interpretatione
1116 1253 1487 1309 decorabitur
1516 1271 1529 1309 :
1560 1254 1864 1310 Jerusalem

212 1342 369 1398 enim
397 1343 537 1398 visio
562 1344 714 1413 pacis
742 1342 1107 1414 exprimitur.
1137 1342 1207 1397 Et
1235 1346 1357 1398 tam
1390 1341 1543 1398 beati
1560 1347 1732 1398 erunt
1762 1341 1862 1412 qui

212 1446 319 1501 pro
350 1429 607 1486 Ecclesia
646 1430 997 1495 militarunt,
1029 1435 1086 1485 et
1133 1430 1192 1485 in
1225 1421 1628 1503 persecutione
1660 1431 1862 1485 Domi-

203 1535 347 1575 num
364 1523 505 1574 sunt
520 1519 799 1576 confessi:
822 1524 889 1574 ut
909 1520 1005 1590 qui
1036 1519 1316 1575 minimus
1338 1519 1593 1586 fuerit,et
1607 1519 1773 1591 quasi
1788 1520 1863 1591 (a)

206 1608 457 1665 bomoin
471 1607 667 1680 aliquo
696 1612 933 1680 peccato
962 1608 1236 1676 dictoque
1264 1609 1590 1679 offenderit,
1614 1613 1865 1680 ponatur

214 1698 273 1752 in
306 1697 513 1754 ordine
532 1698 986 1770 magistrorum:
1011 1703 1067 1753 et
1097 1697 1383 1770 magistri,
1416 1697 1515 1769 qui
1542 1714 1713 1753 suum
1740 1715 1861 1754 ser-

205 1785 465 1842 vaverint
491 1786 762 1858 gradum,
795 1785 916 1840 sint
964 1786 1129 1857 quasi
1161 1786 1373 1841 domus
1427 1786 1545 1853 Dei,
1578 1791 1637 1841 et
1689 1786 1855 1859 quasi

206 1874 451 1947 angelus
480 1873 707 1930 Domini
733 1892 747 1943 ;
778 1874 917 1947 quia
947 1874 1054 1931 hoc
1075 1877 1235 1931 omni
1268 1874 1463 1930 studio
1494 1875 1853 1947 laboramus,

203 1963 380 2035 positi
410 1963 472 2019 in
498 1967 676 2028 terra,
708 1968 764 2018 et
797 1963 955 2019 vario
1001 1964 1198 2019 labore
1229 1965 1531 2035 sudantes,
1565 1970 1631 2019 ut
1658 1968 1857 2021 trans-

203 2052 529 2107 t’ormemur
561 2051 622 2107 in
654 2052 979 2125 angelicam
1013 2052 1283 2125 gloriam.

272 2140 462 2212 (Vera.
491 2140 572 2211 9.)
615 2142 681 2195 Et
731 2141 838 2196 erit
864 2142 926 2196 in
972 2141 1061 2196 die
1105 2141 1209 2196 illa
1237 2160 1256 2196 :
1285 2158 1531 2213 quaeram
1578 2150 1859 2199 conterere

196 2244 387 2285 mes
415 2232 598 2298 gentes
620 2243 748 2301 quae
768 2231 993 2286 veniunt
1021 2238 1209 2286 contra
1235 2231 1562 2286 Jerusalem.
1594 2232 1659 2286 Et
1676 2232 1856 2303 effun-

198 2317 335 2374 dam
358 2334 527 2389 super
552 2320 779 2374 domum
808 2319 983 2374 David
1000 2325 1057 2374 et
1083 2335 1248 2391 super
1276 2318 1608 2375 habitatores
1634 2322 1857 2376 Jerusa-

197 2409 310 2464 tem
326 2409 586 2480 spiritum
605 2410 799 2477 gratiae
818 2416 873 2462 et
893 2407 1283 2479 precum.LXX
1305 2426 1318 2464 :
1342 2416 1394 2463 et
1412 2409 1520 2464 erit
1540 2410 1601 2463 in
1622 2409 1714 2464 die
1732 2410 1855 2464 illa:

195 2511 450 2568 quaeram
470 2499 697 2568 auferre
714 2513 901 2567 omnes
928 2486 1113 2569 gentes
1134 2514 1253 2569 quae
1281 2498 1513 2553 veniunt
1540 2505 1729 2553 contra
1754 2502 1854 2555 Je-

194 2586 464 2653 rusalem,
493 2593 544 2641 et
572 2586 860 2657 eﬁundam
886 2601 1049 2656 super
1096 2585 1320 2641 domum
1354 2585 1538 2641 David
1568 2605 1586 2640 :
1617 2593 1669 2641 et
1693 2601 1858 2658 super

194 2674 533 2731 habitatores
556 2676 861 2731 Jerusalem
872 2676 1129 2746 spiritum
1144 2677 1351 2745 gratiae
1361 2683 1414 2730 et
1424 2674 1853 2733 misericordiz.

194 2765 268 2820 In
284 2763 377 2819 die
401 2763 499 2819 illo
524 2764 763 2836 quando
782 2767 1044 2836 proteget
1065 2763 1353 2819 Dominus
1374 2764 1732 2820 habitatores
1757 2764 1853 2820 Je-

192 2851 482 2919 rusalem,
515 2858 736 2925 quaeret
763 2853 1050 2909 Dominus
1073 2857 1371 2909 conterere
1390 2869 1597 2909 omnes
1625 2858 1852 2925 gentes,

192 2958 331 3014 quis
358 2942 603 2998 veniunt
622 2947 823 2998 contra
847 2942 1193 2998 Jerusalem.
1220 2944 1486 2998 Conteret
1515 2946 1707 2998 autem
1738 2958 1853 2998 non

191 3030 265 3095 in
296 3030 702 3102 perditionem,
725 3031 825 3087 sed
849 3030 911 3085 in
943 3030 1432 3101 emendationem,
1451 3036 1516 3085 ut
1540 3032 1850 3086 adversum

1972 455 2349 511 manifestum
2382 462 2471 513 est
2513 457 2574 512 in
2605 473 2670 513 eo
2701 458 2855 529 quod
2896 457 3154 514 diximus
3185 475 3205 512 :
3243 458 3494 514 Charitas
3522 461 3624 516 Dei

1969 543 2170 615 diffusa
2195 550 2270 599 est
2301 546 2361 599 in
2388 545 2638 601 cordibus
2660 549 2872 601 vestris.
2908 548 2978 602 Et
3007 546 3065 600 in
3099 545 3211 602 alio
3234 545 3361 603 loco
3390 557 3458 602 ex
3487 563 3623 619 per-

1971 648 2115 687 sona
2136 633 2233 687 Dei
2261 649 2273 687 :
2296 634 2593 705 Eﬂ'undam
2609 634 2674 689 de
2701 637 2906 705 spiritu
2924 650 3042 690 meo
3062 651 3223 706 super
3249 648 3463 692 omnem
3487 651 3622 691 car-

1968 738 2097 776 nem
2144 722 2298 793 (Joel.
2333 739 2397 789 11,
2425 724 2538 793 29).
2585 723 2694 789 Qui
2744 724 2822 779 sit
2852 729 3048 779 autem
3098 724 3343 795 spiritus
3393 724 3613 797 gratiis,

1971 809 2128 866 idem
2150 810 2465 882 Apostolus
2489 810 2754 883 loquitur
2770 811 2841 868 ad
2864 813 3137 868 Hebraeos
3167 829 3179 868 :
3206 813 3423 882 Quanto
3445 815 3624 886 magis

1966 902 2175 971 putatis
2203 899 2475 956 deteriora
2499 904 2707 957 mereri
2725 902 2993 972 supplicia
3024 918 3149 957 eum
3177 904 3273 974 qui
3300 902 3506 958 Filium
3524 904 3625 959 Dei

1969 990 2387 1054 conculcaverit,
2401 994 2451 1045 et
2472 993 2801 1060 sanguinem
2822 993 3133 1047 testamenti
3155 993 3427 1062 pollutum
3445 992 3620 1049 duxe-

1972 1078 2066 1141 rit,
2099 1080 2159 1133 in
2189 1094 2292 1151 quo
2322 1080 2695 1149 sancti/iratus
2742 1083 2838 1142 est,
2871 1089 2923 1135 et
2949 1082 3178 1152 spiritui
3203 1083 3396 1151 gratia:
3425 1086 3619 1137 contu-

1968 1169 2195 1222 meliam
2223 1171 2418 1239 fecerit
2446 1168 2597 1240 (Heb.
2625 1168 2691 1238 x,‘
2714 1168 2804 1240 29)
2835 1169 2848 1223 l
2883 1169 3046 1225 Unde
3076 1172 3133 1224 et
3158 1169 3407 1240 Spiritus
3431 1170 3624 1225 sancti

1972 1256 2210 1311 diversae
2233 1257 2432 1329 gratiae
2454 1274 2583 1313 esse
2603 1258 2901 1314 dicuntur.
2923 1258 2993 1313 Et
3016 1256 3294 1314 salutatio
3314 1258 3577 1331 Apostqli
3604 1274 3618 1314 :

1972 1347 2160 1403 Gratia
2202 1346 2436 1417 (inquit)
2467 1348 2617 1402 vobis
2663 1356 2717 1403 et
2744 1363 2857 1419 pax
2902 1348 3305 1419 multiplicetur
3333 1347 3379 1418 (Ι
3411 1348 3543 1402 Tim.
3577 1364 3621 1419 1,

1973 1434 2024 1506 1)
2056 1451 2074 1488 :
2106 1439 2171 1489 ut
2200 1440 2513 1506 postquam
2545 1436 2716 1491 nobis
2750 1443 2981 1507 peccata
3012 1436 3332 1504 donaverit,
3348 1440 3488 1492 tunc
3507 1452 3622 1509 pax

1970 1540 2073 1595 per
2096 1524 2554 1580 misericordiam
2578 1533 2989 1597 consequatur.
3008 1526 3133 1580 Haec
3149 1525 3336 1581 ,10όωί
3366 1542 3435 1581 ex
3455 1528 3625 1597 parte

1962 1612 2088 1683 jam
2123 1614 2292 1681 facta,
2324 1620 2381 1669 et
2408 1613 2642 1685 plenius
2673 1615 2732 1669 in
2756 1614 3261 1671 consummatione
3287 1613 3495 1669 mundi
3525 1615 3618 1670 l‘u-

1971 1706 2104 1757 tura
2160 1708 2640 1757 commemorant.
2703 1703 2821 1758 Nos
2867 1708 3062 1759 autem
3118 1708 3252 1774 post
3297 1703 3613 1759 adventum

1966 1790 2181 1846 Christi
2213 1790 2473 1861 quotidie
2504 1791 2732 1864 impleri
2767 1791 3154 1865 intelligimus
3183 1796 3240 1847 et
3269 1793 3609 1864 probamus.

2036 1877 2224 1949 (Vers.
2260 1879 2371 1950 10.)
2402 1881 2465 1933 Et
2494 1881 2766 1950 aspicient
2793 1880 2871 1935 ad
2909 1897 2998 1935 me
3026 1896 3186 1952 quem
3213 1882 3567 1952 conﬁxerunt
3594 1898 3615 1937 :

1964 1976 2019 2022 et
2045 1968 2317 2038 plunge-nt
2358 1984 2484 2022 eum
2507 1970 2735 2038 planctu
2756 1971 2923 2039 quasi
2946 1984 3110 2039 super
3136 1972 3486 2040 unigenitum
3514 1988 3534 2025 :
3561 1973 3620 2026 et

1964 2055 2227 2112 dolebant
2255 2072 2424 2127 super
2445 2072 2589 2122 eum,
2620 2064 2682 2111 ut
2710 2057 2885 2112 doleri
2906 2059 3045 2113 solet
3064 2058 3127 2112 in
3144 2061 3322 2113 morte
3347 2059 3619 2130 primoge-

1965 2146 2092 2200 uiti.
2128 2145 2272 2200 LXX
2298 2160 2312 2199 :
2336 2146 2402 2199 Et
2431 2146 2700 2217 aspicient
2718 2145 2911 2213 adma,
2929 2161 3033 2218 pro
3060 2161 3120 2203 eo
3143 2146 3293 2217 quod
3320 2148 3622 2204 insultave-

1966 2241 2126 2288 runt:
2142 2235 2193 2289 et
2200 2234 2464 2311 plangant
2482 2249 2645 2304 super
2667 2249 2794 2288 eum
2808 2233 3283 2306 planctum,qu
3298 2252 3465 2307 super
3485 2235 3621 2292 chus

1964 2323 2276 2377 rissimum:
2297 2323 2361 2376 Et
2372 2322 2627 2377 dolebunt
2640 2321 2846 2390 dolore,
2865 2324 3027 2393 quasi
3042 2338 3207 2394 super
3224 2325 3612 2394 primogenita.

1970 2411 2257 2466 Hebraicis
2288 2410 2443 2466 903
2474 2410 2679 2466 litteris
2720 2427 2936 2466 usuum
2965 2416 3024 2467 et
3051 2427 3176 2478 ass,
3211 2395 3320 2467 hoc
3348 2416 3438 2468 est
3467 2412 3519 2467 D‘
3551 2416 3612 2469 et

1967 2501 2034 2567 Β,
2054 2498 2278 2555 similes
2290 2503 2513 2570 sunt,et
2527 2516 2703 2572 parvo
2722 2503 2952 2555 tantum
2966 2500 3128 2572 apice
3143 2500 3611 2574 distinguuntur.

1966 2590 2042 2644 Ex
2071 2605 2183 2659 quo
2231 2589 2419 2644 evenit
2448 2592 2513 2643 ut
2563 2588 2718 2643 idem
2760 2589 3005 2645 verbum
3055 2588 3279 2645 diverse
3324 2588 3607 2660 legentes,

1964 2677 2319 2749 aliteratque
2341 2677 2411 2750 (ο)
2432 2676 2601 2732 aliter
2618 2677 3403 2751 transferant.lntelligentits
3423 2677 3613 2750 gratia

1963 2782 2150 2821 unum
2180 2767 2388 2821 demus
2409 2766 2740 2838 exemplum
2758 2782 2770 2820 :
2788 2768 2855 2821 Et
2876 2769 3119 2838 vestitus,
3150 2767 3487 2840 inquit,erat
3509 2767 3611 2824 Sa-

1962 2855 2110 2910 muel
2135 2871 2318 2910 spnon
2353 2872 2461 2910 san
2492 2855 2538 2926 (Ι
2570 2856 2693 2926 Reg.
2727 2872 2790 2922 11,
2826 2857 2934 2927 18),
2965 2856 3023 2911 id
3056 2861 3165 2922 est,
3197 2856 3516 2913 indumento
3536 2857 3614 2912 li-

1962 2959 2081 3014 neo,
2114 2960 2223 2998 san
2276 2944 2431 2998 enim
2465 2944 2646 2998 linum
2697 2944 3024 3016 appellatur
3055 2961 3067 3000 :
3103 2945 3257 3001 unde
3285 2950 3344 3000 et
3388 2960 3611 3001 sanum

1965 3033 2085 3088 lina
2098 3031 2391 3087 dicuntur.
2406 3031 2515 3087 Pro
2537 3048 2652 3104 quo
2676 3032 2957 3088 Hebraico
2981 3033 3301 3104 Latinoque
3322 3048 3612 3103 sermone,

192 3101 529 3176 Jerusalem
549 3118 799 3175 militare
828 3119 1137 3186 desistant,
1152 3125 1351 3176 etesse
1373 3119 1655 3191 incipiant
1677 3120 1747 3174 de
1767 3119 1854 3176 Je-
1885 3101 1928 3168 Ο
1965 3121 2118 3177 male
2148 3122 2388 3193 quidam
2410 3101 2613 3193 legunt
2642 3122 2838 3176 Epuon
2860 3138 2973 3176 ΒΑΕ
3000 3139 3013 3177 :
3042 3101 3334 3194 siquidem
3356 3138 3491 3190 san,
3513 3101 3616 3177 aut

197 3208 484 3264 russlem.
514 3209 572 3263 Si
604 3208 762 3264 enim
794 3209 864 3263 de
915 3208 1098 3264 nihilo
1126 3208 1342 3265 creavit
1369 3210 1587 3280 omnia,
1623 3227 1736 3267 non
1769 3210 1856 3265 id-

198 3297 364 3353 eirco
387 3297 522 3353 fecit
545 3302 609 3352 ut
630 3298 895 3370 perderet
916 3314 1041 3371 qua
1067 3290 1319 3366 creavit;
1353 3299 1455 3355 sed
1478 3304 1542 3354 ut
1563 3298 1723 3355 illius
1745 3299 1857 3355 mi-

200 3386 527 3443 sericordia
558 3403 685 3459 quae
716 3393 911 3443 creata
953 3392 1093 3443 sunt
1122 3387 1503 3443 salvarentnr.
1522 3388 1683 3444 Unde
1715 3394 1770 3444 et
1798 3389 1856 3444 in

200 3475 533 3546 Sapientia,
567 3492 699 3546 quas
746 3474 1260 3531 Salomonis.902
1290 3475 1635 3531 inscribitur
1664 3476 1735 3547 (si
1766 3477 1858 3532 cui

194 3570 401 3621 tamen
430 3563 613 3635 placet
634 3564 851 3620 librum
875 3563 1172 3637 recipere),
1201 3563 1484 3635 scriptum
1509 3564 1855 3636 reperimus:

201 3651 431 3711 Crescit
459 3658 522 3709 ut
536 3662 707 3709 essent
722 3656 930 3715 omnia,
944 3658 998 3708 et
1015 3654 1281 3708 salutares
1301 3654 1679 3721 generationes
1697 3670 1859 3708 mun-

196 3741 273 3797 di
305 3759 318 3797 :
350 3746 405 3797 et
431 3759 545 3797 non
572 3744 684 3798 erit
709 3745 790 3798 eis
818 3759 1087 3798 venenum
1115 3744 1469 3813 mortiferum
1499 3742 1762 3813 (Supient.
1797 3743 1857 3812 1).

199 3829 377 3887 Sicut
404 3832 563 3886 enim
595 3831 752 3887 venit
784 3832 1066 3887 Dominus
1093 3836 1158 3886 ut
1188 3836 1472 3903 quaereret
1500 3832 1653 3903 quod
1677 3831 1862 3903 perie-

200 3923 328 3987 rat,
357 3923 414 3975 et
433 3919 679 3975 salvavit
700 3919 1024 3976 humanum
1052 3937 1237 3993 genus
1263 3937 1276 3973 :
1302 3920 1386 3975 sic
1407 3924 1462 3975 et
1482 3924 1685 3992 gentes
1714 3921 1773 3975 in
1796 3932 1863 3976 eo

202 4008 489 4083 perdidit.
517 4010 674 4081 quod
698 4014 900 4082 gentes
922 4013 1087 4064 erant
1108 4009 1175 4063 ad
1186 4008 1469 4064 versarite.
1490 4010 1747 4081 Denique
1768 4024 1860 4066 se-

200 4097 419 4170 quitur
448 4115 461 4152 :
497 4098 789 4170 Eﬂundam
815 4114 980 4170 super
1007 4098 1228 4153 domum
1252 4098 1431 4154 David
1448 4102 1501 4153 et
1519 4114 1684 4169 super
1707 4098 1862 4154 habi-

200 4189 419 4245 tatores
434 4188 748 4243 Jerusalem
765 4189 1025 4258 spiritum
1053 4188 1254 4258 gratiae
1271 4190 1321 4242 et
1345 4188 1762 4244 misericordiae.
1791 4189 1866 4244 De

200 4276 326 4332 hac
356 4277 545 4349 gratia
567 4276 771 4332 scribit
793 4280 852 4332 et
874 4275 1091 4331 Paulus
1121 4294 1134 4331 :
1164 4277 1417 4331 Charitas
1437 4277 1536 4332 Dei
1563 4277 1764 4349 diffusa
1791 4281 1869 4333 est

204 4367 284 4423 in
310 4365 564 4421 cordibus
590 4367 794 4421 nostris
817 4363 1159 4438 [ALvestris]
1180 4381 1279 4436 per
1300 4364 1574 4434 Spiritum
1593 4370 1865 4434 sanctum,

1965 3212 2115 3282 ﬁlius
2136 3209 2590 3283 appellatur,aut
2611 3211 2887 3266 frumenti
2908 3212 3254 3282 manipulus,
3275 3215 3377 3267 aut
3395 3212 3615 3282 electus,

1969 3303 2069 3356 aut
2097 3295 2281 3369 οὖλος,
2333 3299 2393 3353 id
2424 3303 2532 3365 est,
2579 3301 2815 3371 crispus.
2849 3300 3011 3363 Quod
3058 3300 3140 3355 ibi
3189 3316 3384 3356 errore
3430 3300 3614 3356 inter.

1968 3387 2309 3460 pretationis
2337 3387 2568 3452 accidit,
2604 3388 2780 3442 etiam
2829 3388 2923 3442 hic
2957 3389 3175 3443 factum
3225 3387 3611 3460 deprehendi-

1968 3493 2121 3531 mus.
2147 3476 2204 3530 Si
2237 3475 2393 3530 enim
2426 3473 2653 3545 legatur
2671 3492 2894 3531 DACABU
2926 3476 3127 3560 (ΠΡ-τ),
3154 3473 3518 3543 ἐξεκέντησαν,
3552 3475 3613 3531 id

1968 3569 2075 3633 est,
2106 3565 2540 3634 comparaverunt
2590 3563 2710 3617 sive
2757 3564 3109 3632 conﬁxerunt
3155 3562 3439 3634 accipitur
3471 3580 3485 3618 :
3516 3562 3609 3618 sin

1969 3658 2166 3708 autem
2197 3651 2488 3707 contrario
2515 3652 2740 3717 ordine,
2774 3651 2981 3707 litteris
3010 3651 3409 3718 commutatis,
3443 3667 3616 3707 naus-

1970 3758 2046 3797 DU
2079 3741 2283 3828 (ῚΊΡἾ),
2315 3740 2643 3813 ὠρχήσαντο
2666 3740 2721 3793 id
2756 3740 3216 3810 est,saltaverunt
3244 3738 3616 3811 intelligitur.

1970 3839 2029 3887 et
2047 3830 2119 3885 ob
2144 3828 2595 3884 similitudinem
2619 3828 2943 3883 litterarum
2957 3834 3218 3884 errorest
3239 3833 3431 3883 natus.
3447 3828 3619 3883 Joan-

1972 3936 2075 3975 nes
2106 3923 2299 3974 autem
2330 3916 2703 3990 evangelista,
2728 3917 2827 3989 qui
2860 3918 2932 3973 de
2961 3922 3191 3990 pectore
3221 3916 3452 3972 Domini
3475 3915 3622 3972 hau-

1973 4008 2049 4065 sit
2079 4007 2451 4079 sapientiam,
2476 4009 2749 4062 Hebrasus
2780 4023 2848 4062 ex
2868 4005 3125 4062 Hebraeis
3154 4004 3619 4079 quem‘Salvator

1974 4098 2209 4154 amabat
2236 4095 2556 4168 plurimum
2602 4097 2783 4159 ,Joan.
2813 4099 2952 4164 x171),
2985 4111 3103 4151 non
3135 4108 3489 4168 magnopere
3516 4110 3619 4150 cu-

1975 4187 2122 4243 ravit
2156 4185 2297 4258 quid
2328 4189 2535 4240 Graecis
2565 4184 2772 4240 litterae
2802 4186 3166 4241 continerent
3193 4203 3206 4253 ;
3242 4184 3344 4241 sed
3376 4184 3619 4241 verbum

1975 4277 2392 4347 interpretatus
2422 4293 2451 4329 e
2480 4274 2654 4329 verbo
2687 4281 2797 4339 est,
2829 4280 2895 4330 ut
2938 4274 2996 4329 in
3030 4274 3267 4330 Hebrzeo
3297 4273 3535 4346 legerat,
3567 4276 3627 4329 et

1974 4369 2235 4437 tempore
2265 4363 2581 4419 Dominicis
2602 4364 2893 4436 passionis
2916 4364 3062 4419 dixit
3082 4380 3212 4419 esse
3242 4362 3623 4434 completum.

199 4456 317 4529 qui
341 4454 501 4510 datus
527 4462 608 4510 est
631 4455 786 4509 nobis
817 4456 990 4525 (Rom.
1023 4470 1079 4525 v,
1095 4452 1173 4525 5).
1210 4455 1278 4509 Et
1307 4453 1367 4508 in
1397 4453 1732 4524 supradicto
1765 4470 1862 4510 νο·
1901 4470 1947 4534 D
1978 4455 2139 4519 Quod
2168 4453 2218 4509 si
2251 4454 2382 4526 quis
2416 4471 2529 4509 non
2561 4455 2784 4525 recipit,
2820 4454 2917 4509 det
2945 4451 3371 4517 testimonium,
3404 4452 3477 4506 de
3506 4466 3622 4521 quo

206 4543 447 4600 lumine
467 4544 799 4600 continetur
822 4560 835 4598 :
861 4544 989 4611 Quae
1014 4546 1072 4598 in
1101 4542 1240 4599 ειειο
1260 4547 1405 4614 sunt,
1429 4544 1553 4615 quis
1574 4544 1871 4614 investiga-

210 4633 303 4689 bit
320 4631 424 4704 (b)?
442 4634 558 4688 nisi
571 4632 711 4703 quod
729 4635 790 4687 tu
809 4632 1012 4688 dedisti
1029 4634 1441 4704 sapientiam,et
1459 4632 1731 4703 Spiritum
1750 4649 1874 4688 san-

205 4724 370 4779 ctum
396 4725 554 4777 tuum
582 4722 791 4777 misisti
808 4721 873 4777 de
901 4723 1159 4777 excelsis:
1176 4730 1227 4776 et
1258 4723 1341 4777 sic
1366 4726 1626 4777 correctae
1644 4726 1773 4777 sunt
1790 4738 1872 4777 se-

204 4811 380 4867 mitae
398 4826 587 4866 eorum
599 4812 695 4882 qui
710 4819 1000 4867 versantur
1018 4813 1079 4866 in
1097 4815 1250 4867 terra
1270 4830 1288 4865 :
1310 4816 1363 4866 et
1382 4826 1508 4883 qua:
1522 4812 1625 4865 tibi
1639 4813 1873 4882 placent,

208 4897 432 4956 eruditi
459 4904 592 4954 sunt
619 4900 865 4955 homines
894 4899 1044 4971 (Sap.
1078 4916 1157 4961 Ix,
1192 4899 1299 4969 16).
1336 4900 1402 4953 Et
1430 4899 1489 4953 in
1520 4900 1671 4954 Isaia
1690 4900 1875 4972 loqui-

214 4991 328 5044 tur
360 4991 509 5043 Deus
545 5006 559 5043 :
596 4988 727 5044 Dedi
754 4988 1016 5060 spiritum
1064 5003 1248 5043 meum
1292 5004 1453 5059 super
1483 4992 1536 5043 te
1563 4990 1709 5060 (lsai.
1740 5006 1875 5056 xw,

211 5077 307 5147 1).
339 5079 406 5131 Et
434 5092 674 5132 rursum
716 5078 787 5133 de
829 5078 1033 5133 eodem
1082 5076 1383 5148 Scriptura
1412 5082 1831 5133 commemorat
1861 5094 1875 5133 :

218 5163 367 5221 Dedi
408 5167 667 5237 spiritum
712 5182 894 5221 meum
939 5181 1107 5238 super
1151 5180 1275 5220 eum
1324 5165 1592 5237 (Ibidem).
1625 5165 1879 5222 Verbum

308 5342 388 5414 (a)
417 5343 695 5400 Mendose
725 5344 967 5399 retinuit
995 5341 1264 5398 Martian.
1299 5343 1395 5399 hoc
1425 5359 1527 5414 pro
1558 5344 1736 5399 homo.

301 5413 379 5484 (b)
410 5414 706 5471 Victorius
726 5416 796 5470 ad
831 5431 1062 5471 sacrum
1086 5419 1307 5469 textum
1349 5413 1607 5469 restituit
1636 5416 1706 5470 ad
1726 5414 1883 5470 hune

220 5485 473 5545 modum
503 5489 675 5555 :Quae
694 5488 752 5542 in
774 5488 905 5542 caelo
929 5491 1080 5551 sunt,
1104 5488 1226 5557 quis
1246 5486 1628 5555 investigavit?
1639 5491 1691 5542 et
1706 5489 1885 5542 consi-

222 5557 373 5618 lium
394 5565 552 5617 tuum
571 5559 695 5632 quis
713 5560 985 5631 cognovit,
1007 5559 1125 5615 nisi
1144 5557 1303 5633 quod,
1326 5561 1570 5619 etalio:
1586 5557 1887 5619 versuban-

561 5683 832 5754 Persen.
876 5684 1070 5753 XXV.

1981 4548 2317 4600 sanctarum
2344 4542 2774 4614 Scripturarum
2797 4542 2920 4598 loco
2949 4542 3205 4598 Joannes
3235 4540 3349 4596 ista
3371 4536 3627 4612 protule-

1982 4634 2059 4688 rit
2090 4650 2103 4688 :
2134 4638 2192 4687 et
2228 4650 2361 4688 cum
2396 4649 2508 4688 non
2560 4630 2856 4703 repererit,
2891 4635 3130 4703 cogetur
3156 4629 3402 4701 ingratis
3436 4627 3626 4703 susci-

1985 4738 2119 4794 pere
2148 4722 2471 4776 veritatem.
2504 4719 2789 4790 Plangent
2822 4723 3017 4774 autem
3049 4718 3228 4773 Judaei
3261 4716 3429 4788 quasi
3453 4730 3633 4789 super

1984 4809 2286 4881 unigenito
2318 4812 2374 4863 et
2426 4807 2832 4879 primogenito,
2864 4807 3123 4879 idipsum
3154 4806 3524 4879 significante
3569 4805 3631 4862 in

1988 4898 2233 4952 Domino
2281 4895 2601 4962 Salvatore,
2660 4900 2717 4951 et
2765 4895 3066 4967 unigenito
3112 4901 3169 4950 et
3219 4894 3629 4967 primogenita.

1989 4986 2335 5058 Unigenitus
2419 4984 2655 5052 dicitur,
2717 4990 2954 5057 propter
3026 4989 3251 5040 naturas
3321 4982 3639 5056 proprieta-

1987 5081 2103 5132 tem
2140 5092 2152 5130 :
2186 5074 2264 5147 (ά)
2292 5074 2720 5147 Primogenitus
2752 5075 2921 5145 juxta
2965 5073 3330 5144 Apostolum,
3362 5089 3432 5128 ex
3481 5086 3640 5127 mor-

1989 5164 2107 5221 tuis
2160 5163 2591 5234 resurgentium
2641 5162 2867 5232 (Coloss.
2911 5166 2973 5231 1).
3007 5161 3113 5218 Pro
3155 5159 3478 5233 unigenito,
3510 5160 3639 5216 cha-

1992 5348 2084 5399 tur
2116 5359 2218 5411 pro
2250 5345 2561 5407 versantur,
2595 5340 2806 5411 legitur
2841 5339 2898 5395 in
2932 5340 3165 5411 Regina:
3199 5356 3309 5394 ms.

2086 5410 2134 5483 ι’)
2166 5412 2426 5468 Alterum
2461 5413 2570 5467 hoc
2598 5410 2761 5467 aliter
2784 5429 2957 5483 pones
2988 5410 3389 5467 Martiunaaum
3418 5410 3639 5483 deerat.

2086 5416 2134 5483 ι’)
2166 5416 2426 5468 Alterum
2461 5416 2570 5467 hoc
2598 5416 2761 5467 aliter
2784 5429 2957 5483 pones
2988 5416 3389 5467 Martiunaaum
3418 5416 3639 5466 deerat.

2064 5416 2140 5559 id)
2175 5484 2377 5559 Mutilo
2411 5490 2511 5539 aut
2538 5484 2730 5559 potius
2763 5484 2923 5559 nullo
2967 5500 3142 5540 sensu
3179 5499 3355 5556 penes
3397 5480 3641 5541 Martia-

1993 5556 2189 5617 ntsum
2217 5556 2414 5615 deerat
2440 5571 2570 5626 vox,
2596 5556 3035 5633 Primogenitus.
3142 5570 3149 5577 '

3252 5680 3336 5754 ιδ
