4034 6196
373 193 531 258 1515

1641 211 1707 270 S.
1757 208 2066 272 EUSEBII
2109 207 2549 274 HIERONYMI

3554 219 3666 282 l5l6

368 339 657 402 rissimum
711 340 1087 412 Septuaginta
1141 340 1591 410 transtulerunt,
1651 342 1722 398 de
1778 358 1893 414 quo
1949 344 2008 400 in
2037 347 2095 412 Α
2117 344 2302 417 jugiis
2320 345 2473 401 905
2499 345 2730 418 etoperi
2754 346 3117 418 nuptiarum.
3147 345 3305 402 Unde
3333 347 3449 403 etin
3466 320 3668 418 lactea-

368 428 675 501 Evangelia
721 427 1021 501 legimus:
1058 429 1154 485 Hic
1199 434 1281 486 est
1328 432 1499 486 Filius
1546 448 1697 487 meus
1742 434 2010 490 charissi-

365 534 507 587 mus,
540 519 599 572 in
630 533 734 589 quo
762 519 905 573 mihi
949 520 1256 591 complacui
1300 520 1513 591 (Matth.
1570 538 1653 591 ιη,
1707 521 1815 593 17).
1848 523 2011 578 Tunc

366 605 647 661 dolebunt
675 624 709 662 a
737 623 799 663 se
828 608 1191 677 crucifixum,
1216 626 1351 665 cum
1380 610 1705 665 viderintin
1736 612 1814 682 (a)
1843 611 2011 667 clari-

365 698 486 751 tate
515 701 878 768 regnantem.
911 697 1167 754 Verbum
1194 699 1648 773 κατωρχήσποντο,
1683 701 1836 771 apud
1858 701 2012 757 Grai-

369 801 491 853 cos,
514 801 630 841 non
657 785 731 841 ab
760 785 1045 856 illusione,
1071 788 1173 843 sed
1197 805 1231 843 a
1247 789 1461 844 saltatu
1491 789 1881 860 compositum
1903 794 2009 858 est,

371 872 527 944 quod
558 872 781 929 scilicet
807 879 1009 930 contra
1030 875 1343 932 Dominum
1367 876 1534 947 quasi
1559 876 1812 933 ludendo
1845 878 2016 934 salta-

370 961 582 1031 verint,
609 964 844 1035 quando
876 964 1149 1022 dicebant
1170 964 1484 1022 illudentes
1511 970 1685 1038 atque
1715 966 1973 1023 ridentes
1997 984 2009 1021 :

377 1051 527 1109 Vah!
556 1054 650 1125 qui
677 1053 909 1109 destruis
938 1055 1219 1127 templum,
1250 1063 1302 1110 et
1331 1057 1391 1110 in
1420 1057 1593 1111 tribus
1620 1056 1807 1112 diebus
1840 1055 2013 1126 adiﬁ-

369 1140 641 1213 caszillud
660 1159 679 1197 :
708 1143 920 1198 salvum
945 1144 1755 1215 fac',temetipsum,desceudens
1784 1144 1848 1199 de
1861 1160 2018 1200 cruce

371 1230 590 1313 (Mqtth.
622 1248 714 1302 xv,
763 1232 854 1300 29,
887 1232 993 1303 30).
1030 1232 1161 1288 Haec
1209 1242 1265 1288 et
1317 1233 1430 1289 alia
1457 1234 1632 1303 {904
1680 1232 2013 1303 illudentes,

370 1323 429 1376 et
458 1320 1279 1393 quodamIamentiaetripudio
1301 1321 1581 1379 saltantes
1603 1321 2013 1394 loquebantur.

436 1408 627 1479 (Vers.
662 1411 749 1479 11,
785 1411 897 1479 12.)
925 1414 996 1466 In
1023 1410 1110 1466 die
1138 1411 1242 1467 illa
1271 1428 1505 1481 magnus
1536 1414 1644 1467 erit
1667 1412 1929 1482 planctus
1958 1413 2018 1466 in

367 1498 687 1569 Jerusalem,
720 1500 865 1554 sicut
888 1499 1141 1570 planctus
1168 1498 1571 1556 Adadremmon
1601 1502 1659 1555 in
1698 1515 1886 1571 campo
1915 1501 2021 1555 Ma-

366 1586 599 1655 geddon.
634 1588 700 1643 Et
717 1587 942 1659 planget
968 1594 1133 1656 terra,
1146 1589 1387 1660 familia
1415 1591 1465 1644 et
1478 1590 1715 1661 familia
1735 1604 1978 1644 seorsum
2000 1608 2018 1643 :

366 1675 818 1747 familiaZdomus
847 1677 1022 1733 David
1047 1693 1312 1745 seorsum,
1342 1682 1395 1733 et
1423 1679 1683 1733 mulieres
1711 1677 1851 1749 (sive
1880 1693 2018 1733 uaco-

369 1765 479 1838 res)
509 1781 700 1823 eorum
729 1782 978 1823 seorsum
1007 1767 1269 1840 (verbum
1300 1767 1456 1824 enim
1480 1768 1827 1823 Hebraicum
1855 1783 2017 1835 NESE,

369 1854 430 1910 id
460 1858 551 1912 est
577 1855 939 1928 γυναῖκες,(ὺ)
970 1860 1286 1929 utrumque
1314 1857 1917 1929 signiﬁcat).Familia
1934 1856 2022 1911 do-

370 1959 495 2000 mus
524 1944 739 2000 Nathan
766 1961 1032 2013 seorsum,
1056 1954 1105 2000 et
1122 1947 1377 2001 mulieres
1425 1961 1615 2000 eorum
1633 1961 1872 2000 seorsum
1891 1963 1910 1999 :
1934 1946 2021 2015 fa-

368 2033 543 2088 milia
572 2032 764 2088 domus
792 2035 925 2089 Levi
950 2049 1196 2090 seorsum
1227 2053 1246 2089 :
1278 2038 1332 2090 et
1358 2036 1618 2090 mulieres
1660 2051 1849 2090 eorum
1875 2049 2022 2089 seor-

369 2136 523 2178 sum:
535 2123 780 2193 familia
807 2122 991 2178 Semei
1000 2139 1280 2194 seorsum,
1301 2131 1351 2179 et
1377 2123 1637 2179 mulieres
1668 2139 1860 2178 eorum
1880 2138 2024 2178 seor-

372 2226 517 2266 sum.
547 2211 741 2267 Omnes
761 2211 1004 2281 familia
1021 2213 1275 2284 reliqua.
1287 2214 1529 2284 familia
1555 2221 1607 2267 et
1623 2213 1856 2283 familia
1878 2227 2022 2267 seor-

369 2314 513 2367 sum,
545 2306 598 2355 et
643 2300 903 2356 mulieres
948 2316 1140 2356 eorum
1188 2317 1453 2356 seorsum.
1481 2300 1617 2356 LXX
1649 2316 1661 2355 :
1694 2302 1759 2356 In
1801 2301 1890 2355 die
1918 2299 2023 2354 illa

371 2404 605 2460 magnus
643 2380 749 2444 erit
762 2392 1019 2460 planctus
1049 2391 1111 2445 in
1127 2390 1448 2457 Jerusalem,
1463 2391 1609 2446 sicut
1631 2391 1886 2461 planctus
1905 2404 2025 2443 ma-

377 2475 657 2548 logranati
683 2478 827 2548 quod
868 2480 930 2533 in
957 2495 1147 2550 campo
1197 2479 1516 2546 succiditur,
1547 2485 1602 2533 et
1624 2479 1852 2549 planget
1878 2485 2027 2533 terra

372 2580 472 2638 per
499 2567 687 2635 :tribus
727 2583 792 2623 ac
833 2567 1007 2624 tribus
1041 2586 1053 2624 :
1090 2569 1268 2624 tribus
1296 2568 1479 2624 David
1520 2584 1792 2633 seorsum,
1824 2574 1876 2622 et
1903 2583 2026 2621 mu-

378 2654 539 2712 lieres
565 2671 753 2712 eorum
782 2672 1058 2714 seorsum:
1090 2658 1266 2713 tribus
1294 2657 1486 2714 domus
1512 2657 1674 2713 Juda
1701 2672 1964 2723 seorsum,
1977 2660 2031 2711 et

380 2746 640 2802 mulieres
652 2761 841 2803 eorum
854 2762 1120 2804 seorsum:
1129 2747 1306 2803 tribus
1316 2746 1511 2802 domus
1523 2746 1740 2801 Nathan
1758 2760 2026 2815 seorsum,

382 2842 435 2893 et
452 2833 725 2892 mulieres
746 2851 938 2892 eorum
950 2852 1195 2893 seorsum
1214 2855 1227 2893 :
1243 2838 1420 2893 tribus
1440 2836 1628 2892 domus
1648 2836 2026 2901 Leviseorum,

385 2928 440 2981 et
466 2925 725 2981 mulieres
744 2941 937 2983 eorum
964 2942 1233 2982 seorsum:
1268 2926 1442 2981 tribus
1461 2926 1680 2982 Simeon
1702 2929 2030 2990 seorsum,et

385 3014 650 3070 mulieres
678 3029 871 3070 eorum
898 3030 1141 3070 seorsum
1169 3031 1181 3070 :
1214 3031 1398 3071 omnes
1425 3016 1649 3086 reliqua
1679 3014 1853 3070 tribus
1880 3027 2030 3067 seor-

2117 435 2384 505 ptivitate
2413 435 2762 507 propinqua,
2797 435 3014 491 dicitur
3043 437 3115 492 ad
3142 436 3364 491 Judaeos
3386 453 3396 492 :
3420 438 3672 509 Egrediatur

2122 539 2355 593 sponsus
2384 524 2450 579 de
2480 525 2729 580 cubiculo
2751 524 2863 595 [AL
2886 524 3085 597 cubili]
3116 530 3302 591 suo,et
3328 541 3495 596 sponsa
3512 528 3569 583 de
3583 528 3674 584 tha-

2124 612 2268 667 lamo
2300 628 2398 667 suo
2424 614 2588 683 (Joel.
2620 615 2813 684 11,16).
2838 614 3288 685 Etimpendente
3316 607 3520 681 diluvio,
3538 615 3679 688 impe-

2123 704 2289 755 ratur
2319 702 2435 756 Noe
2470 720 2482 756 :
2512 694 2812 771 Ingredere
2840 705 2902 757 in
2929 720 3117 758 arcam
3136 707 3217 773 tu,
3231 706 3285 757 et
3310 704 3406 773 ﬁlii
3426 706 3680 773 tui,eluror

2125 792 2241 858 tua,
2294 798 2347 844 et
2393 807 2593 846 uxores
2645 792 2889 860 ﬁliorum
2936 796 3157 846 tuorum
3209 791 3354 861 (Gen.
3407 809 3492 856 vn,
3536 795 3593 864 1).
3635 795 3685 849 Et

2125 882 2328 949 postea
2354 879 2517 934 ﬁnito
2542 879 2932 947 diluvio,dicit
2951 880 3295 950 [Al.dicitur]
3317 880 3381 935 ad
3400 896 3513 936 eum
3533 882 3684 950 :Egre-

2123 966 2248 1022 dere
2276 971 2424 1033 iu,et
2452 984 2595 1023 uxor
2624 974 2744 1035 tua,
2776 972 2825 1023 et
2853 969 2966 1037 ﬁlii
2991 972 3091 1036 tui,
3114 973 3165 1024 et
3192 984 3380 1024 uxores
3395 985 3550 1024 eorum
3572 969 3685 1037 (Gen.

2124 1074 2248 1120 vm,
2282 1057 2392 1127 16),
2427 1061 2491 1111 ut
2540 1057 2640 1128 qui
2689 1057 2749 1112 in
2795 1074 2952 1120 arca.
2986 1057 3353 1128 impendente
3395 1057 3685 1128 discrimine,

2128 1144 2358 1198 fuerant
2389 1145 2665 1216 separati,
2700 1144 2909 1201 redditi
2944 1146 3186 1216 mundo,
3219 1146 3541 1217 generationi
3566 1150 3610 1201 et
3630 1145 3688 1200 li-

2126 1231 2280 1287 beris
2312 1232 2823 1289 deservirent.Hoc
2846 1238 3042 1290 autem
3074 1251 3190 1290 non
3222 1233 3403 1289 solum
3421 1234 3472 1289 in
3493 1240 3692 1307 tempore

2126 1320 2192 1374 ﬁt
2223 1321 2526 1391 angustia,
2561 1323 2660 1378 sed
2704 1326 2760 1378 et
2787 1323 2848 1377 in
2899 1327 3160 1396 tempore
3190 1322 3487 1380 orationis:
3515 1323 3693 1396 quando

2126 1408 2398 1466 volumus
2427 1409 2746 1466 Dominum
2777 1412 3097 1484 deprecari,
3130 1412 3356 1468 dicente
3391 1411 3619 1484 Apostolo
3642 1413 3695 1467 ad

2127 1497 2457 1553 Corinthios
2490 1515 2503 1553 :
2535 1499 2719 1555 Nolite
2764 1501 3029 1570 fraudare
3074 1502 3327 1568 invicem,
3354 1503 3457 1556 nisi
3500 1502 3613 1571 forte
3650 1517 3701 1556 es

2126 1602 2391 1643 consensu
2420 1587 2491 1642 ad
2520 1596 2748 1660 tempus,
2777 1597 2839 1644 ut
2867 1591 3069 1645 vacetis
3098 1592 3339 1646 orationi
3364 1590 3407 1662 (Ι
3426 1590 3530 1645 Cor.
3551 1607 3629 1655 vn,
3645 1590 3700 1654 5).

2131 1675 2314 1746 Igitur
2343 1680 2399 1730 et
2421 1693 2577 1731 nunc
2603 1677 2793 1733 tribus
2814 1679 3025 1734 domus
3056 1678 3260 1747 David,
3280 1682 3334 1735 et
3352 1679 3522 1735 tribus
3547 1680 3707 1735 domus

2135 1763 2386 1833 Nathan,
2411 1769 2469 1820 et
2498 1765 2688 1821 tribus
2718 1767 2932 1822 domus
2960 1767 3113 1835 Levi,
3147 1770 3204 1823 et
3233 1768 3415 1824 tribus
3440 1769 3619 1824 domus
3634 1766 3709 1823 Se-

2135 1851 2271 1917 mei,
2305 1869 2338 1906 a
2369 1852 2492 1907 suis
2523 1853 2803 1909 uxoribus
2822 1858 3206 1926 separantur:
3243 1858 3310 1910 ut
3339 1855 3586 1927 plangant
3608 1851 3709 1908 uni-

2131 1940 2395 2012 genitum
2429 1946 2487 1995 et
2508 1941 2967 2014 primogenitum
2996 1943 3310 1999 Dominum
3337 1943 3606 2014 Jesum,de
3625 1958 3710 2013 quo

2132 2028 2355 2084 dixerat
2387 2045 2399 2083 :
2431 2032 2671 2101 Sanguis
2710 2032 2828 2101 ejus
2875 2048 3039 2103 super
3065 2049 3185 2103 nos,
3216 2036 3270 2088 et
3313 2048 3464 2104 super
3496 2032 3612 2102 ﬁlios
3633 2046 3709 2086 no-

2131 2121 2266 2172 stros
2297 2118 2452 2187 (Mat.
2485 2136 2664 2187 xxvn,
2695 2121 2808 2192 25).
2846 2121 2910 2174 In
2946 2122 3117 2177 David
3151 2122 3313 2194 regia
3346 2122 3520 2177 tribus
3545 2119 3711 2191 accipi-

2132 2210 2251 2274 tur,
2282 2206 2392 2262 hoc
2422 2212 2528 2277 est,
2561 2207 2733 2264 Juda.
2768 2209 2831 2263 In
2863 2209 3092 2265 Nathan
3123 2208 3475 2283 prophetalis
3498 2209 3615 2264 ordo
3637 2208 3711 2261 de-

2135 2294 2429 2351 scribitur.
2455 2297 2586 2352 Levi
2611 2298 2858 2353 refertur
2879 2299 2950 2354 ad
2972 2300 3325 2366 sacerdotes,
3350 2317 3415 2355 ex
3433 2315 3537 2370 quo
3563 2302 3714 2353 ortum

2137 2388 2227 2441 est
2255 2387 2746 2442 sacerdotium.ln
2771 2388 2961 2444 Semei
2980 2390 3248 2445 doctores
3281 2389 3642 2461 accipiuntur:
3666 2402 3716 2441 ex

2136 2474 2245 2529 hac
2282 2474 2440 2530 enim
2472 2476 2630 2531 tribu
2678 2476 3095 2549 magistrorum
3128 2466 3366 2551 agmina
3394 2476 3718 2550 pullularunt.

2138 2562 2413 2635 Reliquas
2434 2563 2625 2620 tribus
2646 2565 2851 2633 tacuit,
2871 2583 2998 2638 qua
3031 2583 3149 2622 non
3168 2566 3388 2622 habent
3415 2565 3620 2638 aliquod
3637 2561 3722 2635 pri-

2136 2650 2415 2724 vilegium
2449 2652 2773 2725 dignitatis.
2800 2655 2864 2709 In
2893 2671 2960 2711 eo
2992 2659 3187 2710 autem
3218 2656 3376 2727 quod
3407 2656 3483 2711 ait
3514 2672 3526 2710 :
3554 2653 3723 2709 Omnes

2137 2740 2327 2796 tribus
2359 2740 2615 2813 reliquae,
2646 2742 2837 2798 tribus
2867 2748 2925 2799 et
2954 2744 3146 2799 tribus
3176 2760 3460 2812 seorsum,
3492 2746 3544 2798 et
3564 2755 3723 2796 uxores

2138 2845 2336 2886 eorum
2371 2847 2659 2900 seorsum,
2686 2833 2990 2889 universas
3011 2834 3235 2905 absque
3262 2832 3489 2890 nomine
3514 2844 3726 2902 compre-

2139 2917 2360 2974 hendit.
2385 2920 2681 2988 Dicamus,
2710 2925 2768 2976 et
2778 2922 2950 2993 juxta
2977 2922 3110 2978 LXX
3134 2920 3279 2996 ῥοῶν
3304 2922 3618 2995 appellatur,
3637 2932 3722 2972 non

2141 3023 2258 3063 una
2278 3009 2452 3064 arbor
2471 3008 2759 3065 malorum
2781 3013 3178 3081 granatorum,
3202 3011 3266 3066 id
3287 3009 3535 3077 est,inali
3552 3003 3723 3080 punici,

384 3082 2031 3173 sum,etmuliereseorumseorsum.aetnaemuox(tm‘ﬁ'm),
2065 3082 2107 3148 C
2147 3095 2248 3150 80d
2280 3095 2442 3152 locus
2482 3097 2575 3153 his
2605 3098 2911 3154 arboribus
2940 3099 3225 3167 consitus,
3263 3100 3337 3155 de
3366 3117 3477 3171 quo
3494 3099 3638 3169 juxta
3659 3095 3724 3148 in-

383 3204 491 3260 pro
521 3205 634 3259 quo
667 3189 803 3245 LXX
843 3189 1277 3247 transtulerunt
1306 3189 1533 3265 ῥοῶνος,
1565 3191 1707 3247 urbs
1736 3194 1826 3246 est
1856 3193 2028 3262 juxta

381 3275 722 3356 Jezraelem,
757 3293 885 3349 quae
915 3277 1025 3333 hoc
1054 3277 1195 3334 olim
1237 3278 1516 3335 vocabulo
1548 3282 1886 3351 nuncupata
1915 3282 2021 3349 est,

381 3368 439 3420 et
467 3364 637 3421 hodie
664 3374 901 3422 vocatur
929 3367 1436 3440 Maximianopolis
1456 3368 1517 3423 in
1548 3385 1754 3441 campo
1785 3368 2025 3441 Maged-

381 3455 519 3523 don,
553 3454 613 3510 in
644 3471 759 3527 quo
789 3456 1002 3528 Josias,
1036 3473 1135 3512 rex
1163 3459 1387 3529 justus,
1419 3476 1451 3515 a
1480 3458 1783 3515 Pharaone
1811 3476 2021 3531 cogno-

381 3545 579 3599 mento
607 3543 838 3601 Nechao
890 3544 1231 3602 vulneratus
1274 3551 1362 3603 est
1393 3547 1487 3619 (IV
1517 3553 1647 3617 Reg.
1680 3548 1766 3616 In)
1799 3565 1811 3604 :
1848 3564 2024 3620 super

379 3648 495 3705 quo
526 3633 996 3690 Lamentationes
1017 3634 1253 3707 scripsit
1279 3635 1726 3707 Jeremias,quae
1749 3636 2023 3709 leguntur

380 3722 439 3776 in
460 3722 738 3789 Ecclesia,
760 3727 818 3779 et
838 3722 1145 3795 scripsisse
1167 3740 1325 3792 eum,
1341 3725 1823 3798 Paralipomenon
1844 3730 2019 3781 testa-

377 3814 474 3865 tur
501 3810 648 3867 liber
695 3811 772 3884 (II
797 3813 997 3868 Paral.
1027 3813 1219 3885 xxxv).
1251 3813 1413 3869 Sicut
1461 3814 1641 3886 igitur
1664 3831 1730 3869 eo
1760 3819 2020 3887 tempore

384 3902 520 3971 post
548 3916 713 3972 reges
738 3905 1069 3972 peccatores
1099 3917 1233 3974 spes
1255 3902 1447 3958 omnis
1467 3902 1666 3974 populi
1697 3907 1822 3958 erat
1848 3902 1909 3958 in
1928 3903 2020 3960 Jo-

378 3988 486 4058 sia,
521 3992 578 4045 et
606 3989 796 4045 occiso
819 3988 937 4057 illo,
954 4007 1205 4063 magnus
1227 3992 1496 4062 planctus
1518 3991 1577 4046 in
1601 3992 2017 4047 urbecommo-

376 4081 473 4133 tus
504 4081 612 4145 est,
644 4078 798 4133 sicut
815 4078 1066 4150 legimus
1090 4079 1151 4135 in
1179 4080 1493 4136 Hebraico:
1518 4080 1754 4152 Spiritus
1783 4082 1892 4137 oris
1911 4098 2019 4136 no-

375 4168 484 4221 stri
505 4165 749 4229 Christus
773 4169 1037 4224 Dominus
1056 4178 1245 4241 captus
1264 4174 1342 4225 est
1363 4172 1423 4225 in
1442 4172 1677 4242 peccatis
1691 4173 1913 4238 nostris,
1928 4173 2021 4227 cui

376 4254 621 4311 diximus
651 4273 670 4311 :
702 4261 765 4312 In
798 4257 994 4313 umbra
1022 4262 1118 4313 tua
1146 4260 1387 4315 vivemus
1416 4261 1475 4314 in
1504 4261 1752 4331 gentibus
1800 4261 2015 4332 (Thren.

372 4358 452 4414 ιν,
478 4344 566 4417 10)
584 4343 741 4418 (licet
760 4346 857 4401 alii
868 4347 1040 4418 juxta
1059 4347 1505 4420 intelligentiam
1528 4348 1892 4421 spiritualem
1911 4350 2019 4405 hoc

2132 3183 2518 3257 telligentiam
2560 3187 2931 3259 spiritualem
2980 3206 3239 3262 sponsus
3270 3189 3413 3245 dicit
3456 3189 3511 3243 in
3539 3183 3724 3242 Cantica

2133 3273 2495 3330 canticorum
2547 3293 2561 3331 :
2600 3276 2884 3344 Descendi,
2915 3280 2977 3332 ut
3004 3277 3248 3333 viderem
3280 3280 3341 3333 in
3368 3277 3618 3349 genimine
3638 3277 3724 3327 tor-

2131 3364 2303 3416 rentis
2332 3363 2383 3417 si
2428 3364 2699 3433 ﬂoruisset
2736 3367 2916 3431 vinea,
2945 3368 2997 3421 si
3038 3367 3358 3436 ﬂoruissent
3404 3367 3545 3421 mala
3565 3361 3719 3435 punica

2133 3449 2313 3519 (Cant.
2344 3468 2423 3519 v1,
2460 3453 2567 3523 10).
2602 3453 2913 3511 Descendit
2957 3455 3113 3510 enim
3144 3456 3413 3512 Salvator
3437 3455 3503 3511 ad
3543 3458 3721 3508 torren-

2130 3542 2245 3593 tem
2278 3539 2459 3610 hujus
2481 3541 2677 3597 saaculi
2697 3546 2754 3598 et
2780 3543 3048 3599 turbidas
3065 3560 3277 3617 aquas,
3310 3546 3383 3602 de
3411 3543 3606 3618 quibus
3623 3536 3723 3595 etin

2129 3631 2265 3700 typo
2297 3630 2425 3701 ejus
2455 3630 2607 3686 Elias
2638 3631 2859 3688 bibisse
2906 3632 3263 3689 describitur
3293 3634 3393 3701 (ΙΙΙ
3426 3634 3543 3701 Reg.
3572 3627 3685 3697 xvn)
3712 3640 3723 3680 :

2130 3721 2195 3771 ut
2223 3722 2356 3789 post
2385 3718 2556 3774 ﬂores
2578 3720 2757 3775 vineae
2787 3725 2844 3776 et
2863 3721 3002 3776 mali
3025 3722 3225 3794 punici
3259 3723 3509 3778 fructum
3538 3724 3726 3775 utrum-

2130 3821 2243 3876 que
2273 3807 2614 3880 susciperet,
2647 3814 2705 3864 et
2724 3808 3024 3867 inebrians
3052 3811 3378 3868 Ecclesiam
3410 3803 3729 3874 suam,audi-

2129 3898 2217 3949 ret
2247 3896 2319 3949 ab
2350 3911 2418 3951 ea
2447 3913 2461 3952 :
2504 3898 2726 3952 Potabis
2755 3915 2843 3954 me
2886 3899 2952 3954 de
2978 3902 3105 3956 vino
3152 3901 3530 3971 unguentarii,
3556 3897 3613 3953 de
3634 3894 3729 3950 vino

2127 3982 2407 4040 malorum
2435 3989 2795 4054 granatorum
2824 3987 2893 4060 (e)
2924 4005 3169 4045 meorum
3190 3992 3379 4060 (Cant.
3402 4007 3516 4059 vm,
3545 3991 3610 4058 2).
3639 3984 3731 4039 Hn-

2119 4072 2450 4142 juscemodi
2483 4074 2643 4147 potio
2695 4093 2810 4132 non
2841 4076 3032 4132 solum
3078 4082 3259 4135 aestus
3308 4075 3580 4135 stomachi
3605 4069 3729 4127 θυι

2128 4160 2311 4233 fugat,
2345 4163 2444 4218 sed
2479 4168 2535 4218 et
2563 4170 2905 4237 corruptum
2926 4170 3189 4223 ventrem
3222 4184 3441 4224 sanare
3461 4162 3732 4229 dicitur,ct

2128 4249 2367 4322 reliquis
2398 4253 2675 4324 prodesse
2717 4254 3059 4311 visceribus.
3092 4257 3251 4312 Nihil
3284 4258 3395 4314 hoc
3427 4270 3584 4329 pomo
3627 4247 3730 4323 ριιΙ·

2128 4339 2326 4403 chrius
2352 4359 2364 4409 ;
2386 4340 2444 4396 in
2464 4342 2694 4410 rubore,
2720 4344 2984 4400 Ecclesiae
3008 4345 3310 4417 signiﬁcat
3328 4341 3731 4403 verecundiam:

374 4434 632 4491 referant
658 4434 731 4490 ad
751 4435 1064 4492 Dominum
1084 4436 1420 4509 Jesum),ita
1439 4439 1712 4494 cruciﬁxo
1726 4438 2021 4496 Salvatore
2049 4453 2096 4519 D
2129 4427 2189 4483 in
2219 4444 2537 4519 granorum
2569 4432 2793 4499 ordine,
2818 4433 3035 4505 gradus
3058 4438 3114 4489 et
3139 4436 3413 4491 membra
3441 4432 3602 4489 ίοίίυθ
3626 4443 3732 4519 (ἔσθ’

374 4523 750 4580 renovabitur
805 4524 1078 4598 planctus
1128 4526 1188 4581 in
1236 4527 1584 4591 Jerusalem.
1631 4529 1783 4584 sicut
1831 4546 2018 4600 quon-

375 4613 513 4669 dam
561 4613 673 4669 fuit
723 4614 784 4670 in
833 4614 977 4671 urbe
1023 4616 1478 4685 Adadremmon,
1536 4616 1595 4672 in
1645 4634 1850 4690 campo
1899 4623 2018 4675 Ma-

370 4704 624 4776 geddon.
672 4704 953 4775 Quodque
999 4705 1263 4777 sequitur
1309 4724 1322 4762 :
1378 4707 1651 4777 Plangent
1694 4709 1941 4778 familia
1967 4714 2019 4765 et

371 4794 632 4864 familia,
695 4793 816 4850 sive
871 4796 1045 4850 tribus
1100 4799 1151 4851 et
1206 4796 1379 4853 tribus
1426 4813 1668 4853 seorsum
1715 4817 1733 4853 :
1783 4798 2018 4870 familia

373 4881 562 4938 domus
632 4883 807 4939 David
875 4900 1143 4957 seorsum,
1202 4894 1254 4941 et
1306 4902 1526 4953 uxores,
1585 4886 1705 4943 sive
1760 4888 2017 4944 mulieres

371 4986 562 5028 eorum
611 4988 876 5042 seorsum,
910 4974 1021 5030 hoc
1070 4973 1384 5046 signiﬁcat,
1416 4976 1569 5046 quod
1596 4976 1881 5048 tempore
1913 4976 2015 5032 tri-

372 5059 691 5119 bulationis
729 5066 787 5118 et
833 5062 1031 5121 luctus
1083 5080 1200 5120 non
1249 5064 1565 5121 debeamus
1612 5065 1831 5121 servire
1880 5081 2016 5122 con-

439 5239 740 5367 (a)Regin.
773 5258 909 5315 ms.,
931 5245 993 5298 in
1022 5245 1301 5313 maiestate
1326 5253 1647 5314 regnantem
1675 5263 1687 5315 ;
1720 5249 1778 5302 et
1799 5263 1954 5315 mox,
1982 5267 2017 5305 a

464 5320 541 5367 tu.
574 5329 702 5367 nro.
735 5331 769 5367 a
796 5315 1018 5367 saltatu.

371 5315 541 5385 saltu,
574 5329 702 5385 pro,
735 5331 769 5370 a
796 5315 1018 5371 saltatu.

444 5384 518 5459 (b)
545 5384 770 5459 yitiose
798 5387 1091 5459 Martian.,
1122 5395 1309 5443 utrum
1336 5389 1634 5458 signiﬁcat.

444 5456 516 5537 (ς)
544 5456 839 5537 Victorius
868 5456 1321 5537 tuorum‘reponi
1349 5456 1684 5537 vult.__Licet
1711 5460 1888 5537 enim,
1923 5463 2012 5519 in-

374 5528 526 5603 quit,
552 5543 799 5592 meorum
818 5529 1047 5613 legatur
1073 5528 1237 5594 Cant.
1269 5549 1392 5610 Vm,
1423 5536 1480 5595 et
1498 5532 1580 5592 ita
1607 5536 1763 5595 esset
1790 5528 1888 5595 hic
1916 5551 2017 5597 an-

2128 4517 2285 4589 poris
2316 4535 2417 4591 per
2445 4519 2679 4592 singula
2708 4520 2899 4577 ofﬁcia
2943 4521 3281 4579 distributa.
3315 4527 3460 4578 Cum
3489 4524 3545 4578 in
3570 4517 3735 4587 hujus-

2128 4608 2353 4662 cemodi
2383 4608 2553 4664 vinea
2582 4613 2637 4664 et
2668 4609 2839 4665 malis
2891 4611 3148 4666 fructum
3180 4612 3452 4669 Salvator
3479 4626 3584 4666 non
3608 4607 3734 4660 inve-

2128 4695 2458 4762 nerit,dicet
2482 4715 2495 4753 :
2532 4698 2760 4754 Omnem
2774 4700 3059 4771 palmitem
3086 4717 3199 4756 non
3223 4705 3501 4771 ferentem
3516 4701 3735 4770 fructum,

2125 4785 2277 4840 tollet
2294 4787 2460 4840 Pater
2480 4805 2501 4853 ;
2524 4791 2579 4841 et
2606 4803 2826 4843 omnem
2846 4791 2941 4860 qui
2959 4792 3069 4860 fert
3088 4794 3365 4860 fructum,
3380 4787 3621 4862 purgabat
3637 4795 3736 4838 eum

2125 4877 2187 4928 ut
2223 4877 2465 4943 fructum
2493 4876 2618 4947 plus
2647 4878 2843 4948 afferat
2874 4878 3051 4949 (Joan.
3084 4896 3175 4949 xv,
3204 4880 3288 4951 2).
3323 4883 3394 4935 Et
3424 4879 3482 4933 in
3510 4874 3614 4932 alio
3636 4871 3738 4927 loco

2123 4966 2377 5020 Joannes
2408 4968 2671 5035 Baptista
2686 4965 3011 5022 conclamat
3042 4985 3054 5023 :
3086 4969 3209 5024 Jam
3235 4969 3451 5024 securis
3476 4965 3544 5021 ad
3563 4960 3738 5018 raetica

2126 5052 2384 5108 arborum
2428 5055 2609 5126 posita
2636 5057 2715 5110 est
2767 5055 2922 5128 (Mat.
2956 5074 3041 5124 III,
3075 5056 3184 5128 10).
3220 5057 3423 5113 Omnis
3466 5056 3616 5111 arbor
3638 5059 3739 5121 qui!

2125 5250 2600 5326 _tea_impr§ssum
2628 5267 2839 5323 :supra
2858 5254 3056 5326 tamen
3087 5251 3147 5307 in
3171 5252 3290 5326 line
3321 5270 3451 5326 cap.
3481 5268 3539 5326 ix
3558 5254 3737 5305 tuorum

2124 5321 2354 5394 legitur:
2388 5322 2465 5377 Ex
2496 5321 2755 5395 personae
2787 5323 2943 5378 enim
2998 5324 3349 5396 mutatione,
3386 5321 3450 5380 ut
3479 5323 3592 5377 haec
3617 5331 3736 5396 quo-

2125 5388 2238 5466 que
2267 5411 2374 5450 vox
2405 5388 2748 5461 mutaretur,
2782 5410 3022 5451 necesse
3051 5395 3178 5451 fuit.
3212 5388 3350 5452 Non
3382 5396 3539 5452 enim
3561 5388 3737 5466 potabit

2121 5464 2327 5543 ᾔτει-ιιι
2368 5465 2757 5543 Hieronymus
2805 5466 2966 5543 citat,
3000 5472 3088 5523 est
3118 5466 3175 5543 in
3227 5467 3490 5543 Vulgata
3516 5464 3736 5541 ipsisque

2124 5536 2286 5613 LXX,
2318 5537 2421 5598 sed
2450 5535 2668 5615 potius,
2698 5535 2907 5609 ποτίᾳω
2939 5557 2996 5597 σε
3018 5538 3211 5615 polabo
3246 5546 3323 5600 te.
