4034 6196
381 289 533 357 1517

1017 297 1760 363 COMMENTARIORUM
1806 301 1882 362 IN
1929 299 2384 365 ZACHARIAM
2427 299 2575 362 LIB.
2619 301 2723 362 IlI.
2771 302 2939 364 CAP.
2984 303 3139 365 XIII.

3626 304 3780 369 1518

373 442 486 482 non
513 427 647 497 facit
673 429 925 498 fructum
955 429 1175 497 bonum,
1197 429 1499 497 eaeidetur,
1530 433 1663 487 etin
1686 435 1872 501 ignem
1899 435 2024 488 mit-
2051 438 2106 501 Α
2136 436 2575 501 commemorat,
2597 433 2796 489 omnia
2824 433 2981 490 idola
3009 434 3348 490 auferentur
3375 436 3446 491 de
3478 440 3782 507 terra,sive

377 523 526 572 tetur
558 516 707 588 (Luc.
744 534 831 583 ιιι,
860 518 939 589 9).
974 519 1036 574 In
1086 518 1412 575 succisione
1468 520 1669 575 vitium
1704 521 1762 589 [A
1777 520 1817 576 ι.
1849 521 2021 577 vitio-

377 607 533 675 rum]
565 604 653 660 vel
686 605 1085 680 malorum,(a)
1113 600 1348 679 Quando
1380 607 1438 662 in
1469 609 1561 663 die
1586 608 1797 679 judicii
1827 611 2025 666 omnia

376 695 745 766 deponentur
773 696 1013 751 nomina
1042 696 1395 769 dignitatum
1445 703 1502 752 et
1560 697 1865 770 impletum
1895 698 2022 754 fue-

374 782 451 851 rit
480 782 625 838 illud
659 784 812 856 quod
847 785 1133 857 scriptum
1164 790 1273 841 est:
1310 788 1436 841 Ecce
1465 786 1621 842 homo
1654 795 1704 842 et
1724 803 1887 858 opera
1907 789 2023 855 eius

375 870 582 942 (Matth.
617 888 702 937 ιιι,
730 873 855 927 Luc.
911 875 993 945 ιιι)
1031 891 1044 941 ;
1078 878 1135 929 et
1186 874 1362 946 paleae
1417 892 1451 929 a
1480 874 1668 930 tritico
1696 881 2020 948 separatae,

373 960 487 1015 erit
515 960 784 1033 planctus
806 978 1059 1034 magnus
1091 979 1205 1018 non
1238 963 1295 1017 in
1326 962 1436 1018 alio
1468 963 1612 1031 loco,
1641 965 1741 1019 sed
1775 966 1831 1020 in
1864 966 2023 1021 Jeru-

373 1048 809 1105 salem.Etenim
842 1050 1013 1124 plaga
1044 1056 1218 1123 atque
1240 1051 1530 1122 judicium
1563 1070 1596 1107 a
1628 1053 1844 1108 sanctis
1878 1052 2022 1109 inci-

374 1137 494 1209 piet
522 1142 579 1193 et
608 1155 771 1210 reges
802 1143 858 1194 et
887 1140 1215 1196 sacerdotes
1247 1146 1303 1196 et
1334 1141 1626 1213 prephetaa
1658 1146 1715 1197 et
1755 1142 2022 1198 doctores

372 1227 625 1282 tundent
653 1228 930 1284 manibus
964 1232 1202 1301 pectora
1237 1247 1249 1284 :
1286 1246 1420 1285 cum
1447 1229 1602 1285 mala
1627 1230 2024 1302 pulcherrima

373 1314 623 1371 viderint
650 1332 779 1372 esse
811 1317 1059 1388 succisa,
1095 1324 1151 1373 et
1178 1334 1311 1374 eum
1345 1335 1516 1390 quem
1551 1320 1926 1388 conﬁxerant,
1960 1320 2020 1374 in

375 1404 564 1461 Patris
586 1422 652 1460 ac
685 1423 792 1461 sua
824 1407 1128 1477 majestate
1160 1424 1403 1480 regnare
1434 1409 1478 1480 (Ι
1509 1409 1658 1462 Petr.
1696 1410 1786 1479 IV).

445 1493 607 1566 (Cap,
641 1494 786 1550 XIII.
820 1526 886 1536 —
916 1495 1078 1551 Vers.
1114 1497 1276 1567 1.).1η
1309 1496 1398 1553 die
1424 1498 1526 1552 illa
1554 1499 1659 1553 erit
1677 1498 1803 1567 fons
1830 1502 2022 1569 patens

372 1583 563 1639 domui
589 1584 761 1640 David
790 1588 840 1640 et
868 1585 1249 1640 habitantibus
1307 1586 1619 1642 Jerusalem
1676 1588 1735 1641 in
1782 1587 2019 1643 ablutio-

372 1688 499 1728 nem
523 1674 823 1744 peccatoris
852 1677 904 1729 et
930 1678 1313 1741 menstruales,
1351 1674 1493 1730 LXX
1527 1693 1539 1731 :
1566 1677 1630 1731 In
1659 1675 1747 1732 die
1782 1676 1887 1731 illa
1919 1676 2026 1731 erit

372 1763 552 1817 omnis
582 1761 726 1818 locus
759 1771 979 1834 apertus
1000 1765 1061 1817 in
1091 1763 1246 1818 domo
1307 1764 1500 1825 David;
1550 1768 1603 1821 et
1646 1765 2022 1821 habitantibus

372 1851 710 1906 Jerusalem:
740 1860 795 1907 et
824 1852 882 1906 in
903 1854 1437 1908 transmutationem
1459 1861 1512 1909 et
1538 1855 1599 1908 in
1628 1855 2015 1925 aspersionem.

374 1938 456 1994 De
485 1938 594 1995 hoc
623 1938 800 2008 fonte,
837 1939 939 2011 qui
969 1940 1268 2013 egreditur
1297 1942 1369 1997 de
1409 1942 1582 1997 domo
1639 1942 1841 2009 David,
1874 1945 1931 1997 et
1960 1941 2021 1997 in

375 2027 669 2084 Ezechiele
700 2027 981 2101 propheta
1027 2029 1304 2084 scribitur
1332 2029 1546 2097 (Ezech.
1608 2030 1804 2102 XLVII),
1866 2031 2021 2101 quod

372 2120 645 2189 erumpat
676 2117 805 2172 fons
834 2116 894 2171 in
926 2117 1100 2172 domo
1148 2117 1397 2182 Domini,
1430 2122 1488 2173 et
1516 2121 1740 2174 crescat
1794 2119 1855 2173 in
1911 2118 2022 2173 ﬂu—

374 2205 669 2277 vium,qui
699 2204 1031 2277 appellatur
1060 2222 1213 2278 aqua
1244 2197 1612 2262 remissionis
1642 2206 2023 2279 etindulgen-

372 2295 550 2363 tie;et
578 2299 781 2367 pergat
810 2295 879 2350 ad
913 2294 1291 2351 solitudinem
1315 2299 1372 2350 et
1392 2296 1463 2351 ad
1496 2295 1839 2367 mare,quod
1864 2311 2021 2350 nunc

372 2386 617 2440 vocatur
651 2384 969 2451 Mortuum,
1003 2383 1310 2456 piscesque
1340 2400 1544 2440 omnes
1567 2384 1835 2455 viviﬁcet,
1870 2388 1926 2439 et
1954 2400 2022 2439 ex

373 2478 627 2545 utraque
658 2473 705 2527 ri
738 2472 1002 2529 ﬂuminis
1030 2472 1175 2527 varii
1206 2473 1439 2546 generis
1468 2477 1830 2545 consurgant
1859 2473 2023 2529 arbo-

375 2579 490 2634 res,
524 2579 625 2634 per
654 2561 918 2636 singulos
954 2578 1184 2617 menses
1224 2579 1457 2635 semper
1513 2563 1677 2619 novis
1735 2561 2022 2618 fructibus

375 2652 763 2707 abundantes.
799 2652 867 2706 Et
894 2654 958 2706 ut
980 2651 1236 2707 sciamus
1289 2652 1551 2717 domum,
1592 2651 1702 2707 hoc
1734 2655 1842 2717 est,
1875 2657 2021 2707 tem-

374 2741 541 2811 plum
576 2740 696 2811 Dei,
726 2740 916 2812 ipsam
949 2755 1077 2796 esse
1107 2741 1347 2795 domum
1381 2741 1586 2807 David,
1637 2757 1764 2812 quae
1795 2739 1853 2794 in
1885 2740 2020 2795 Eze-

379 2829 563 2886 chiele
595 2829 808 2885 domus
844 2829 937 2884 Dei
968 2829 1026 2883 in
1058 2829 1336 2885 Zacharia
1374 2830 1585 2885 domus
1616 2829 1791 2884 David
1824 2828 2019 2900 appel-

376 2920 534 2976 latur
566 2938 578 2976 :
631 2918 726 2974 hic
757 2919 887 2974 fons
926 2920 997 2974 de
1029 2920 1203 2974 domo
1236 2919 1333 2974 Dei
1393 2920 1716 2990 egrediens,
1776 2919 2024 2974 refertur

374 3009 447 3064 ad
478 3007 795 3064 Ecclesiam
822 3012 879 3064 et
909 3008 981 3063 ad
1009 3006 1316 3063 scientiam
1340 3008 1873 3079 Scripturarum,ut
1902 3023 2023 3062 om-

377 3112 480 3151 nes
513 3111 895 3151 renascamur
922 3095 983 3150 in
1015 3095 1245 3151 Christo
1277 3100 1333 3151 et
1362 3096 1421 3150 in
1464 3112 1617 3168 aqua
1650 3095 2021 3168 baptismatis

2134 520 2233 575 illa
2262 520 2416 576 idola
2439 521 2508 575 de
2539 522 2755 594 quibus
2787 522 3099 579 Psalmista
3127 522 3615 582 dicit:Simulacra
3644 545 3772 597 gen-

2133 611 2273 665 tium
2308 619 2597 680 argentum
2612 619 2663 666 et
2724 628 2945 679 aurum,
2982 628 3151 683 opera
3180 629 3450 668 manuum
3494 614 3781 671 hominum

2131 698 2479 774 cx1u,12),ut
2499 698 2662 754 nulla
2681 700 2755 755 sit
2772 700 2886 756 alia
2910 700 3253 773 religio,nisi
3274 705 3506 757 tantum
3526 703 3783 761 nominis

2131 785 2468 855 Christiani,
2502 792 2558 843 et
2587 788 2657 843 de
2687 789 2902 860 quibus
2932 789 2993 844 in
3027 790 3310 862 propheta
3339 791 3624 862 scriptum
3653 797 3778 849 est:

2136 876 2372 943 btutate,
2403 877 2685 947 sculptilia
2719 880 2778 932 in
2807 879 3113 934 Jerusalem
3148 883 3201 933 et
3221 880 3282 934 in
3312 879 3590 936 Samaria.
3626 881 3783 938 Sicut

2125 965 2276 1019 enim
2302 966 2415 1034 feci
2442 964 2713 1020 Samaria:
2754 975 2804 1021 et
2830 967 3177 1038 sculptilibus
3206 968 3364 1023 illius
3407 985 3420 1023 :
3458 970 3539 1023 sic
3566 971 3779 1040 faciam

2129 1054 2442 1109 Jerusalem
2466 1057 2517 1108 et
2545 1053 2706 1109 idolis
2732 1056 2847 1126 ejus
2879 1056 3017 1126 (Jer.
3050 1056 3203 1127 xxx).
3235 1057 3363 1111 Sive
3421 1056 3543 1112 haec
3601 1057 3778 1126 idola,

2131 1141 2202 1195 de
2234 1141 2450 1213 quibus
2476 1141 2789 1214 Apostolus
2818 1142 3354 1216 loquitur:Spiritus
3383 1153 3565 1201 autem
3593 1149 3781 1202 mani-

2128 1230 2265 1302 feste
2303 1230 2475 1285 dicit:
2505 1232 2644 1302 quia
2697 1233 2757 1286 in
2814 1234 3128 1288 novissimis
3174 1228 3506 1305 temporibus
3535 1236 3783 1311 recedent

2130 1318 2354 1390 quidam
2383 1335 2416 1373 a
2445 1319 2550 1389 ﬁde
2604 1320 2941 1376 attendentes
2968 1322 3261 1393 spiritibus
3288 1322 3692 1394 seductoribus,
3723 1328 3781 1380 et

2129 1406 2394 1461 doctrinis
2442 1408 2851 1464 (Armeniorum
2906 1412 2968 1464 in
3022 1412 3300 1481 hypocrisi
3319 1410 3778 1484 falsiloquorum,

2129 1497 2493 1551 contarialam
2522 1496 2842 1554 habentium
2894 1501 3281 1554 con-scientiam
3333 1515 3494 1555 suam
3553 1501 3597 1569 (Ι
3644 1502 3779 1557 Tim.

2132 1601 2204 1650 ιν,
2242 1586 2292 1654 1,
2322 1586 2398 1655 2).
2434 1585 2597 1641 Sicut
2624 1586 2783 1642 enim
2813 1586 2975 1643 idola
3004 1588 3155 1643 fiunt
3172 1604 3352 1644 manu
3374 1588 3614 1645 artiﬁcis
3648 1605 3662 1646 :
3695 1590 3780 1646 ita

2130 1671 2532 1728 haereticorum
2564 1691 2835 1746 perversa
2867 1675 3131 1731 doctrina
3155 1677 3571 1750 quodcumque
3600 1678 3781 1761 simu-

2130 1758 2353 1828 laverit,
2382 1762 2553 1817 vertit
2583 1763 2643 1817 in
2698 1762 2943 1836 idolum,
2975 1768 3031 1820 et
3062 1764 3199 1820 facit
3228 1781 3331 1836 pro
3361 1764 3588 1822 Christo
3638 1758 3783 1823 ado-

2132 1848 2247 1904 rari
2282 1850 2732 1906 Antichristum.
2796 1852 2903 1907 Pro
2958 1853 3504 1926 pseudoprophetis,
3550 1854 3612 1910 in
3663 1854 3779 1911 He-

2130 1938 2326 1993 braico
2357 1938 2621 1994 absolute
2652 1938 2930 2010 leguntur
2963 1942 3261 2012 prophetae,
3312 1941 3371 1996 id
3431 1947 3538 2006 est,
3601 1959 3782 1999 unum

2130 2027 2404 2098 (minus),
2441 2028 2615 2099 quiet
2646 2028 2759 2100 ipsi
2790 2030 3332 2101 pseudoprophetas
3390 2030 3729 2103 significant
3763 2049 3778 2100 ;

2132 2116 2230 2171 sed
2264 2120 2459 2171 tamen
2487 2121 2543 2172 et
2574 2117 2647 2172 ab
2676 2118 2830 2172 908
2858 2117 3109 2174 ethnicis
3132 2119 3464 2175 sacerdotes
3487 2119 3781 2176 idolorum

2129 2208 2411 2259 vocantur
2430 2205 2751 2277 prophetae.

2202 2294 2390 2364 (Vers.
2420 2294 2499 2363 5.)
2528 2298 2593 2349 Et
2619 2297 2880 2363 erit,cum
2897 2296 3310 2366 prophetauerit
3336 2297 3615 2367 quispiam
3632 2298 3782 2352 ultro

2130 2382 2307 2437 dicent
2332 2384 2388 2437 ei
2410 2392 2574 2455 pater
2600 2384 2717 2452 eius
2739 2391 2790 2438 et
2818 2391 2997 2439 mater
3022 2384 3265 2456 ejus;qui
3291 2392 3604 2455 genuerunt
3618 2401 3744 2443 eum
3760 2406 3781 2441 :

2127 2471 2243 2525 Non
2273 2472 2433 2539 vives,
2469 2474 2596 2542 quia
2626 2472 2978 2527 mendacium
3002 2473 3220 2528 locutus
3240 2488 3295 2528 es
3318 2475 3378 2528 in
3432 2475 3655 2529 nomine
3683 2474 3784 2529 Do-

2130 2562 2274 2614 mini
2306 2560 2401 2631 :(b)
2434 2568 2486 2615 et
2505 2560 2779 2631 conﬁgent
2797 2577 2921 2615 eum
2945 2568 3106 2633 pater
3133 2562 3250 2632 ejus
3278 2566 3330 2618 et
3350 2563 3784 2634 materejus,qui

2128 2652 2432 2721 genuerunt
2450 2665 2576 2704 eum
2606 2650 2623 2705 l
2630 2648 2798 2721 Vulg.
2830 2651 3103 2720 genitores
3156 2652 3318 2722 ejus],
3376 2667 3503 2707 eum
3538 2642 3782 2723 prophe-

2130 2740 2353 2793 taverit.
2388 2738 2525 2793 LXX
2555 2756 2574 2792 :
2606 2740 2670 2792 Et
2699 2740 2828 2804 erit,
2858 2741 2908 2793 si
2932 2739 3340 2810 prophetauerit
3382 2741 3539 2795 homo
3598 2740 3772 2806 ultra,

2130 2828 2270 2883 dicet
2297 2827 2367 2881 ad
2398 2844 2523 2882 eum
2549 2837 2713 2899 pater
2739 2844 2870 2882 suus
2897 2831 2950 2883 et
2978 2830 3153 2884 mater
3180 2846 3302 2896 sua,
3337 2831 3434 2901 qui
3458 2833 3778 2897 genuerunt

2129 2933 2279 2971 eum:
2295 2917 2411 2971 Non
2440 2917 2873 2988 vives,quoniam
2899 2904 3248 2972 mendacium
3277 2918 3488 2973 locutus
3512 2934 3568 2973 es
3596 2920 3657 2973 in
3679 2933 3781 2973 no-

2128 3006 2277 3059 mine
2304 3006 2523 3060 Domini
2552 3022 2570 3059 :
2601 3013 2651 3060 et
2679 3005 3013 3075 compedient
3042 3022 3164 3060 eum
3194 3014 3349 3076 pater
3376 3007 3494 3078 ejus
3523 3015 3573 3061 et
3602 3010 3781 3061 mater

2130 3095 2243 3165 ejus
2274 3095 2369 3164 qui
2395 3102 2707 3166 genuerunt
2736 3111 2880 3164 eum,
2912 3111 3034 3149 cum
3061 3095 3478 3166 prephetaverit.
3511 3095 3780 3151 Nomini-

376 3187 579 3239 nostra
608 3183 779 3239 nobis
813 3189 1047 3255 peccata
1076 3184 1225 3239 ουτ
1262 3184 1736 3254 donentur,Nihil
1767 3185 2021 3239 immun-
2051 3169 2093 3236 C
2134 3183 2243 3238 bus
2274 3181 2561 3238 idolorum
2593 3183 2663 3237 de
2694 3188 2849 3238 terra
2870 3182 3118 3238 sublatis
3140 3189 3197 3239 et
3226 3183 3774 3256 pseudoprophetis,

374 3272 510 3327 dius
532 3275 896 3328 menstruata
921 3289 1047 3343 quae
1070 3273 1335 3345 qudquid
1359 3272 2016 3346 attigerit,immundum

376 3359 596 3416 facittet
621 3359 801 3432 hujus
832 3366 1028 3417 tamen
1062 3362 1265 3417 sordes
1297 3361 1510 3417 Christi
1544 3360 1855 3418 abluentur
1877 3362 2019 3434 bap-

373 3449 629 3505 tismate.
662 3449 770 3504 Pro
800 3448 1097 3504 ablutione
1130 3455 1501 3522 peccatorum
1534 3456 1591 3505 et
1620 3456 2019 3515 menstruatae,

370 3538 510 3594 LXX
535 3536 1508 3605 transtulerunt,transmutatienem
1538 3543 1594 3594 et
1621 3541 1985 3611 aspersionem
2003 3557 2022 3593 .-

373 3627 530 3700 quod
562 3627 633 3682 de
667 3632 808 3700 Lege
845 3632 1212 3683 transeamus
1226 3629 1296 3683 ad
1322 3628 1702 3700 Evangelium
1725 3629 1796 3682 de
1825 3627 2024 3682 littera

375 3716 447 3771 ad
472 3716 767 3788 spiritum,
801 3717 872 3772 de
914 3717 1124 3772 umbra
1155 3717 1225 3771 ad
1258 3717 1557 3772 veritatem
1619 3733 1721 3789 pro
1752 3715 2024 3772 brevibus

379 3811 436 3860 et
466 3806 854 3877 praesentibus
887 3806 1085 3860 futura
1113 3810 1170 3861 et
1200 3810 1414 3861 aeterna
1446 3806 1780 3861 succedant.
1815 3806 2023 3876 Asper-

381 3893 469 3950 sio
502 3898 696 3949 autem
734 3894 1081 3967 sanguinem
1118 3894 1345 3949 Domini
1382 3893 1693 3965 signiﬁcat,
1728 3894 1797 3949 de
1828 3910 1942 3964 quo
1972 3896 2029 3948 et

380 3987 591 4039 Petrus
621 3982 921 4055 apostolus
957 3982 1234 4054 loquitur:
1271 3984 1459 4038 Gratia
1489 3983 1657 4050 vobis,
1680 3987 1731 4037 et
1746 4000 1861 4054 pare
1879 3983 2028 4037 mul-

372 4074 677 4145 tiplicetur,
711 4074 769 4127 in
817 4072 1188 4127 obedieniiam
1237 4075 1288 4126 et
1333 4074 1698 4143 aspersionem
1742 4072 2031 4141 sanguinis

369 4163 500 4218 Iesu
531 4161 733 4217 Christi
764 4161 809 4231 (Ι
846 4152 961 4217 Pet.
999 4178 1036 4227 ι,
1069 4163 1145 4228 2).
1183 4161 1249 4216 Et
1275 4178 1510 4216 rursum
1545 4177 1557 4215 :
1591 4162 1840 4216 Seientes
1889 4160 2031 4231 quod

369 4268 479 4308 non
511 4250 969 4323 corruptibilibus
998 4257 1229 4317 argento
1260 4258 1309 4304 et
1337 4265 1473 4304 auro
1489 4249 1761 4320 redempti
1781 4247 2031 4314 estis,sed

379 4343 657 4411 sanguine
708 4341 947 4411 pretioso
977 4347 1034 4394 ut
1061 4340 1197 4410 agni
1250 4339 1599 4393 immaculati
1648 4347 1701 4393 et
1744 4339 2034 4409 purissimi

369 4429 559 4503 (lbid.,
596 4428 703 4499 18),
739 4445 854 4500 quo
886 4427 985 4500 qui
1021 4443 1296 4498 aspersus
1346 4426 1520 4482 fuerit
1569 4430 1626 4481 et
1669 4428 2027 4497 redemptus,

372 4518 567 4574 dicere
595 4516 806 4589 poterit
835 4533 967 4572 cum
1000 4515 1283 4588 propheta
1313 4532 1325 4570 :
1359 4516 1618 4586 Asperges
1650 4531 1754 4583 me,
1798 4514 2032 4569 Domine
2066 4536 2109 4600 Ι)

336 4666 345 4670 υ
375 4608 610 4679 hyssopo
633 4613 683 4661 et
704 4604 1042 4660 mundabor:
1061 4604 1279 4660 lavabis
1309 4619 1396 4659 me
1425 4612 1473 4658 et
1494 4619 1656 4675 super
1682 4605 1865 4658 nivem
1885 4602 2033 4658 deal-

378 4696 549 4751 babor
580 4693 759 4765 (Psal.
794 4710 842 4749 L.
874 4694 952 4763 9).

449 4785 631 4856 (Vere.
656 4786 737 4855 2,)
770 4785 834 4838 Et
861 4785 971 4839 erit
1002 4785 1067 4839 in
1095 4783 1183 4839 die
1214 4783 1335 4849 illa,
1358 4782 1495 4838 dicit
1530 4783 1798 4838 Dominus
1826 4784 2033 4837 merci-

378 4882 557 4944 tuum,
589 4872 905 4945 disperdam
954 4874 1183 4928 nomina
1210 4873 1484 4927 idolorum
1539 4870 1604 4925 de
1634 4879 1801 4935 terra,
1849 4878 1898 4925 et
1926 4887 2035 4926 non

373 4962 831 5018 memorabuntur
858 4962 1008 5016 ultra
1036 4971 1088 5017 et
1115 4960 1409 5032 prophetas
1466 4958 1663 5030 (Vulg.
1709 4959 2036 5031 pseudopro-

376 5052 617 5124 phetas),
645 5060 698 5106 et
727 5051 989 5122 spiritum
1016 5050 1365 5105 immundum
1432 5050 1687 5118 auferam
1744 5048 1812 5103 de
1861 5058 2032 5106 terra.

377 5139 524 5195 LXX
555 5158 568 5195 :
602 5140 666 5196 Et
681 5142 786 5196 erit
816 5141 872 5194 in
903 5139 991 5195 die
1022 5138 1289 5204 illa,dicit
1319 5139 1586 5192 Dominus
1618 5136 1886 5207 Sabaoth,
1919 5137 2034 5193 dis-

374 5228 617 5301 perdam
644 5231 874 5284 nomina
904 5227 1179 5283 idolorum
1200 5226 1262 5281 de
1291 5231 1461 5292 terra,
1494 5234 1545 5280 et
1590 5241 1701 5281 non
1751 5227 1858 5281 erit
1884 5227 2038 5282 ultra

378 5333 570 5374 eorum
597 5318 890 5383 memoria,
922 5320 973 5371 et
999 5315 1518 5388 pseudopmphetas,
1548 5316 1598 5369 et
1632 5314 1901 5384 spiritum
1931 5316 2034 5370 im-

378 5407 651 5464 mundum
679 5407 936 5477 auferam
964 5404 1029 5462 de
1058 5409 1228 5461 terra.
1264 5404 1324 5459 In
1358 5403 1452 5458 die
1486 5401 1589 5457 illa
1618 5418 1797 5475 quam
1834 5403 2035 5459 crebro

455 5551 531 5623 (α)
561 5548 756 5605 Minus
787 5549 935 5623 bene
966 5534 1146 5623 penes
1175 5545 1711 5623 Martian_.quoniam
1745 5547 1803 5601 in
1830 5545 2036 5623 die.eto

455 5617 532 5697 (ὁ)
556 5620 874 5691 tutereerit
903 5617 1106 5697 Regia.
1141 5636 1255 5691 ms,
1286 5617 1719 5691 illudent,sacro
1751 5622 2034 5683 renuento

2130 3275 2305 3340 atque
2334 3270 2640 3327 immundo
2671 3271 2882 3344 spiritu
2901 3271 2999 3343 qui
3031 3271 3382 3342 loquebatur
3403 3272 3460 3326 in
3487 3271 3650 3340 eis,si
3672 3269 3775 3343 qui

2130 3360 2284 3415 ultra
2311 3363 2535 3414 tentare
2564 3358 2827 3420 voluerit.
2863 3364 2920 3414 et
2948 3360 3252 3431 quippiam
3284 3377 3354 3415 ex
3383 3377 3632 3431 persona
3660 3361 3771 3416 Do-

2132 3447 2275 3502 mini
2301 3447 2668 3518 prophetare,
2703 3448 2903 3502 statim
2936 3453 3102 3519 pater
3122 3449 3249 3517 ejus
3281 3452 3338 3502 et
3360 3453 3545 3502 mater
3573 3448 3778 3502 oblivi-

2132 3539 2371 3590 scentur
2398 3538 2729 3605 parentum,
2762 3537 2826 3587 ut
2864 3534 2957 3588 Dei
2990 3532 3276 3588 retineant
3331 3533 3693 3604 servitutem,
3724 3536 3783 3588 et

2134 3623 2427 3695 proferant
2456 3627 2657 3677 contra
2688 3621 2874 3676 tilium
2905 3622 3111 3676 mortis
3142 3620 3497 3689 sententiam
3535 3638 3547 3676 :
3578 3625 3635 3676 et
3660 3626 3782 3676 tam

2136 3712 2242 3784 piae
2274 3716 2446 3767 erunt
2471 3710 2733 3765 omnium
2765 3710 2822 3764 in
2856 3711 3033 3765 Deum
3064 3714 3310 3776 mentes,
3344 3713 3409 3763 ut
3431 3726 3544 3764 non
3578 3725 3782 3781 exspe-

2136 3805 2324 3855 ctetur
2354 3799 2653 3871 publicum
2679 3798 2999 3869 judicium;
3055 3799 3154 3853 sed
3198 3802 3438 3870 pereant
3476 3797 3577 3869 qui
3633 3796 3780 3853 tales

2137 3892 2293 3955 sunt,
2328 3887 2618 3942 sententia
2648 3887 3248 3959 propinquorum.Pro
3279 3902 3344 3941 eo
3375 3886 3529 3956 quod
3561 3902 3671 3941 nos
3697 3885 3783 3939 di-

2135 3978 2351 4041 ximus,
2381 3978 2653 4047 conﬁgent
2682 3992 2824 4045 eum,
2877 3975 3030 4029 idem
3062 3975 3301 4030 verbum
3337 3978 3426 4030 est
3453 3975 3513 4029 in
3546 3975 3783 4029 Hebraeo

2139 4066 2292 4138 quod
2321 4083 2518 4153 supra,
2553 4081 2772 4120 ωορκηο
2804 4066 3003 4153 (Ἤρ-ε).
3038 4066 3160 4130 Qua
3189 4080 3325 4136 ergo
3383 4063 3607 4119 ratione
3638 4061 3778 4119 LXX

2137 4155 2479 4225 interpretes
2508 4152 2589 4208 ibi
2619 4152 3071 4228 κατωρχήσαντο,
3106 4152 3163 4207 id
3215 4156 3323 4218 est,
3358 4154 3782 4224 insultaverunt,

2140 4242 2256 4298 sive
2287 4244 2603 4310 ilbuserunt,
2638 4248 2694 4297 et
2725 4247 2789 4296 ut
2814 4242 3052 4297 verbum
3086 4241 3158 4295 de
3207 4241 3382 4296 verbo
3436 4241 3785 4312 exprimam,

2139 4336 2328 4388 contra
2349 4348 2473 4386 eum
2493 4332 2914 4398 saltaverant;et
2936 4330 3027 4385 hic
3052 4325 3442 4401 συμποδιοῦσιν
3472 4330 3789 4384 transferre

2140 4419 2470 4488 voluerunt,
2508 4420 2565 4474 id
2598 4424 2686 4474 est
2713 4418 3048 4489 compedient
3085 4435 3096 4472 :
3133 4434 3266 4472 cum
3327 4421 3382 4471 et
3435 4415 3663 4487 Aquila,
3731 4421 3791 4471 et

2142 4508 2532 4581 Symmachus
2566 4512 2623 4562 et
2651 4506 2995 4572 Theodotio,
3027 4509 3083 4560 et
3140 4504 3220 4559 ibi
3279 4511 3337 4560 et
3395 4503 3488 4558 hic
3518 4502 3792 4559 similiter

2141 4598 2439 4666 verterint,
2470 4596 2840 4667 conﬂixerunt.
2878 4594 3049 4649 Recte
3080 4597 3280 4648 autem
3341 4592 3441 4663 qui
3481 4591 3628 4647 falsa
3658 4607 3791 4663 pro-

2144 4685 2486 4757 phetaverit,
2519 4686 2679 4739 homo
2709 4680 3036 4754 appellatus
3065 4673 3173 4747 est,
3206 4680 3434 4736 dicente
3466 4677 3742 4751 Apostolo
3776 4695 3789 4736 :

2146 4774 2278 4828 Cum
2309 4776 2459 4829 enim
2490 4776 2599 4828 sint
2632 4775 2778 4826 inter
2808 4788 2896 4826 vos
2924 4772 3310 4827 aemulationes
3341 4774 3394 4825 et
3422 4770 3793 4825 contentiones

2142 4879 2323 4918 nonne
2346 4863 2597 4917 carnales
2626 4863 2776 4925 estis,
2807 4868 2858 4915 et
2883 4859 3187 4915 secundum
3233 4859 3509 4914 hominem
3538 4858 3790 4912 ambula~

2146 4955 2215 5008 tis
2243 4953 2287 5023 (l
2325 4951 2444 5007 Cor.
2494 4968 2580 5017 ιιι,
2611 4949 2714 5021 5)?
2742 4950 2812 5004 Et
2841 4948 2898 5003 in
2949 4947 3198 5004 Psalmis
3230 4967 3243 5004 :
3283 4950 3376 5003 Vos
3418 4956 3607 5002 autem
3656 4949 3799 5002 sicut

2144 5043 2390 5097 homines
2420 5041 2817 5106 moriemini,et
2844 5040 2986 5094 sicut
3016 5054 3158 5092 unus
3187 5037 3251 5092 de
3268 5036 3615 5108 principibus
3634 5033 3797 5089 cade-

2144 5133 2216 5186 tis
2246 5130 2418 5202 (Psal.
2453 5130 2729 5199 Lxxxlﬂ).
2768 5129 2834 5181 Et
2865 5126 3089 5199 indigni
3120 5126 3328 5198 spiritu
3362 5125 3463 5180 Dei
3496 5126 3796 5179 merentur

2156 5219 2361 5274 audire
2389 5235 2401 5272 :
2435 5219 2553 5273 Non
2578 5216 2924 5288 permanebit
2952 5216 3179 5285 spiritus
3208 5230 3360 5269 meus
3398 5215 3458 5269 in
3488 5210 3801 5267 hominibus

2150 5310 2272 5364 istis
2305 5326 2321 5362 :
2358 5308 2492 5378 quia
2514 5307 2582 5378 (c)
2613 5303 2865 5361 carnales
2892 5312 3022 5359 sunt
3050 5302 3202 5374 (Gen.
3236 5320 3315 5370 v1,
3346 5302 3422 5372 3).

2224 5396 2408 5467 (Vers.
2444 5396 2477 5450 3
2510 5393 2700 5465 seqq.)
2728 5393 2793 5448 Et
2839 5399 2947 5448 erit
2972 5393 3029 5447 in
3087 5391 3177 5446 die
3221 5389 3345 5457 illa,
3386 5388 3794 5463 confundantur

2145 5546 2304 5699 lea)“
2316 5583 2381 5673 lu
2410 5609 2545 5670 aliis
2571 5605 2762 5684 libris,
2792 5608 2923 5686 quia
2948 5621 3144 5669 carnes
3171 5611 3317 5676 sunt.
