4034 6196
355 389 385 451 1
397 388 513 455 523

1622 393 1685 456 S.
1733 389 2039 455 EUSEBII
2089 390 2532 456 HIERONYMI

3561 393 3678 459 1524

350 521 582 580 Domini
614 523 913 581 sententiae
944 523 1360 598 relinquentes,
1394 543 1521 598 quae
1582 527 1800 599 scripta
1837 529 1994 593 sunt,
2028 524 2085 591 Α
2115 525 2335 582 buntur
2364 530 2421 582 et
2450 543 2686 583 rursum
2718 526 2788 584 de
2819 542 2885 584 eo
2938 525 3051 584 dici
3105 525 3317 601 possit:
3371 526 3431 583 Et
3475 527 3683 584 Dominus

352 612 730 685 explicemus.

423 701 608 773 (Vers.
642 704 695 766 3,
729 704 804 774 4.)
837 704 902 759 Et
926 704 1236 773 egredietur
1265 704 1546 771 Dominus,
1580 709 1630 759 et
1660 707 2011 775 praeliabitur

354 794 549 848 contra
577 796 759 863 gentes
780 793 925 862 illas,
951 795 1093 848 sicut
1118 795 1407 865 praeliatus
1437 802 1513 849 est
1543 796 1600 848 in
1632 794 1721 849 die
1748 797 2008 849 certami-

351 882 460 936 nis.
486 882 551 935 Et
568 883 794 937 stabunt
810 883 973 951 pedes
997 883 1113 953 ejus
1136 884 1194 937 in
1214 883 1304 937 die
1329 883 1428 937 illa
1449 899 1612 953 super
1633 891 1864 939 montem
1891 884 2009 939 Oli-

354 986 566 1036 varum,
603 972 699 1042 qui
727 980 803 1024 est
833 979 1017 1025 contra
1042 973 1349 1028 Jerusalem
1370 972 1439 1026 ad
1465 972 1756 1039 Orientem,
1793 981 1845 1027 et
1868 974 2010 1027 scin-

361 1059 520 1114 detur
539 1075 690 1114 mons
722 1060 1004 1115 Oliuarum
1032 1077 1103 1115 ex
1131 1060 1315 1115 media
1341 1065 1496 1131 parte
1521 1063 1611 1116 sui
1638 1061 1706 1115 ad
1737 1060 2013 1117 Orientem

355 1158 406 1203 et
434 1149 505 1224 ad
536 1148 895 1213 Occidentem,
926 1154 1204 1220 praerupto
1261 1150 1462 1218 grandi
1518 1150 1694 1204 vulde.
1740 1150 1907 1205 LXX:
1940 1153 2012 1205 Et

354 1237 667 1307 egredietur
698 1238 981 1304 Dominus,
1002 1242 1051 1292 et
1072 1240 1420 1308 praeliabitur
1443 1243 1631 1293 contra
1654 1244 1840 1308 gentes
1863 1241 2008 1302 illas,

348 1325 491 1378 sicut
513 1325 569 1377 in
590 1324 689 1378 die
713 1325 1134 1389 commissionis,
1167 1329 1216 1379 et
1248 1326 1309 1379 in
1339 1325 1427 1379 die
1451 1327 1645 1395 prwlii
1670 1344 1687 1380 :
1717 1331 1768 1381 et
1796 1327 2013 1381 stabunt

350 1411 508 1483 pedes
526 1413 641 1483 ejus
663 1411 720 1465 in
752 1411 839 1467 die
862 1412 964 1467 illa
987 1429 1159 1483 super
1184 1417 1419 1468 montem
1460 1414 1764 1483 Oliuarum,
1812 1417 1909 1486 qui
1935 1419 2014 1469 est

353 1503 543 1556 contra
562 1502 864 1556 Jerusalem
882 1501 955 1556 ad
993 1501 1327 1556 Orientalem
1350 1502 1593 1573 plagam.
1645 1504 1709 1556 Et
1738 1504 2016 1558 scinbelur

353 1604 511 1645 mons
532 1589 844 1654 Olivarum,
882 1590 1068 1645 media
1086 1607 1217 1662 pars
1239 1592 1360 1661 ejus
1390 1592 1470 1646 ad
1487 1590 1786 1657 Orientem,
1820 1597 1869 1648 et
1897 1609 2011 1648 me-

357 1678 450 1733 dia
468 1680 631 1750 parsi
638 1676 770 1733 llius
783 1678 853 1733 ad
873 1695 1049 1747 mare,
1081 1681 1339 1749 varagine
1359 1696 1561 1749 magna
1580 1682 1771 1736 nimis.
1810 1680 2009 1754 Egredi

356 1766 564 1834 Deum,
597 1772 654 1823 et
683 1783 942 1839 pugnare
964 1771 1165 1823 contra
1186 1772 1409 1840 gentes,
1438 1774 1494 1823 et
1513 1773 1668 1823 stare
1685 1771 1861 1841 pedes
1884 1770 2014 1841 ejus

360 1872 536 1927 super
556 1860 813 1911 montem
838 1854 1065 1919 Oliveti,
1095 1861 1151 1910 et
1182 1860 1387 1911 caetera
1416 1873 1544 1927 quae
1604 1857 1661 1911 in
1694 1856 2013 1929 Scripturis

360 1945 575 1999 sanctis
589 1943 1028 2016 ἀνθρωποπάθως
1045 1944 1283 2009 dicta,et
1295 1944 1604 1999 carnaliter
1615 1945 1765 1999 conti
1777 1950 2007 2015 nentur,

364 2031 540 2104 digne
565 2032 983 2087 Deo-debemus
1007 2032 1283 2103 accipere.
1318 2032 1611 2103 Alioquin,
1642 2050 1776 2088 cum
1810 2034 2009 2106 loqua-

356 2122 454 2174 tur
477 2119 791 2192 Apostolus
832 2139 844 2176 :
906 2122 1014 2189 Qui
1055 2122 1326 2191 estimago
1349 2123 1453 2176 Dei
1473 2122 2008 2194 inviszbilis(CoIoss.

357 2225 396 2277 1,
434 2209 541 2279 15).
576 2209 646 2263 Et
676 2226 909 2264 rursum
939 2226 951 2265 :
986 2210 1117 2279 Regi
1143 2218 1323 2264 autem
1364 2212 1694 2266 saeculorum
1722 2214 2009 2283 incorrup-

357 2296 527 2363 tibili,
560 2298 837 2353 invisibili
869 2299 971 2354 Deo
996 2300 1045 2364 (l
1068 2300 1203 2354 Tim.
1253 2317 1290 2365 1,
1346 2300 1454 2370 17).
1507 2300 1576 2353 Et
1612 2299 1669 2353 in
1703 2300 2011 2373 Evangelio

356 2384 645 2458 scriptum
680 2386 794 2442 sit:
822 2388 992 2441 Deum
1011 2402 1169 2442 nemo
1198 2389 1334 2442 vidit
1384 2404 1662 2459 unquam:
1695 2386 2012 2459 unigenitus

357 2475 540 2532 Filius
570 2476 668 2545 qui
687 2484 767 2530 est
790 2476 851 2530 in
878 2477 1007 2531 sinu
1050 2477 1253 2542 Patris,
1305 2479 1422 2546 ipse
1468 2479 1720 2533 narravit
1767 2478 1942 2549 (Joan.
1972 2497 2011 2543 1,

364 2564 476 2635 18).
511 2564 581 2619 Et
600 2563 848 2620 iterum:
869 2568 992 2620 Non
1015 2566 1147 2636 quia
1163 2566 1331 2620 Deum
1362 2567 1499 2621 vidit
1536 2568 1848 2638 quisquam,
1874 2585 2014 2639 prm-

362 2659 446 2707 ter
465 2669 593 2708 eum
638 2655 740 2725 qui
785 2663 864 2709 est
893 2655 962 2709 de
1007 2655 1171 2709 Patre
1212 2655 1460 2726 (Ibidem,
1507 2656 1623 2726 v1):
1684 2656 1835 2711 sicut
1864 2657 2012 2711 iram

361 2742 491 2812 ejus
521 2745 578 2797 et
607 2741 1032 2814 pmnitentiam,
1064 2747 1121 2798 et
1150 2744 1430 2807 animam,
1464 2749 1521 2799 et
1544 2761 1785 2810 manus,
1827 2750 1885 2801 et
1915 2763 2011 2818 pe-

373 2830 496 2900 des,
543 2834 601 2885 et
656 2837 939 2902 ventrem,
998 2836 1055 2886 et
1108 2832 1328 2902 oculos,
1384 2837 1440 2888 et
1495 2837 1700 2888 caetera
1754 2821 2013 2907 corporis

373 2919 661 2986 membra,
694 2937 797 2991 pro
828 2919 1104 2975 varietate
1126 2936 1436 2975 causarum
1456 2926 1511 2975 et
1528 2938 1810 2978 sensuum
1831 2923 2014 2979 inter-

370 3007 718 3079 pretationis
749 3007 1112 3081 accipimus:
1144 3008 1226 3063 sic
1265 3012 1322 3062 et
1375 3008 1484 3064 hoc
1541 3012 1695 3081 quod
1726 3012 2013 3084 scriptum

366 3088 476 3162 est,
507 3097 831 3165 Egredietur
859 3099 1137 3166 Dominus,
1152 3105 1214 3152 et
1260 3097 1632 3168 praeliabitur,
1674 3100 1843 3165 juxta
1870 3099 2012 3155 illud

364 3185 771 3255 accipiendum
793 3187 947 3257 quod
979 3185 1037 3239 in
1071 3186 1301 3240 Abacuc
1332 3184 1610 3257 legimus:
1664 3188 1918 3257 Egressus
1958 3206 2014 3245 es

361 3273 419 3327 in
450 3274 685 3328 salutem
714 3275 903 3345 populi
946 3276 1047 3337 tui,
1107 3275 1167 3327 in
1221 3272 1462 3328 salutem
1515 3290 1641 3329 cum
1674 3275 1882 3332 Christo
1921 3286 2011 3333 tuo

360 3360 543 3432 (Abac.
577 3379 661 3429 111,
695 3362 803 3434 13).
836 3362 905 3417 Et
927 3362 987 3416 in
1043 3361 1318 3417 Michaea:
1380 3362 1522 3429 Quia
1577 3380 1693 3420 ecce
1747 3366 2010 3422 Dominus

358 3451 669 3521 egredietur
686 3451 751 3505 de
794 3452 907 3506 loco
948 3466 1064 3516 suo,
1116 3460 1167 3505 et
1191 3449 1460 3505 descendit
1490 3455 1540 3506 et
1586 3453 1818 3508 calcabit
1848 3470 2010 3517 super

357 3541 574 3595 excelsa
618 3543 790 3597 terra?
817 3544 869 3595 et
898 3545 1285 3595 consumentur
1310 3541 1461 3597 915
1495 3550 1701 3596 montes
1725 3543 1801 3613 (a)
1820 3544 2008 3598 subtus

357 3643 506 3699 eum,
536 3628 819 3701 vallesque
873 3629 1190 3684 scindentur
1247 3629 1439 3701 (Mich.
1476 3647 1515 3694 1,
1547 3631 1604 3697 3,
1636 3632 1710 3701 4).
1762 3630 1826 3686 In
1857 3632 2006 3688 Isaia

359 3733 623 3789 quoque:
656 3719 919 3773 Dominus
956 3720 1226 3773 virtutum
1283 3717 1608 3788 egredietur,
1658 3727 1710 3774 et
1758 3724 2005 3776 conteret

358 3805 579 3873 bellum,
602 3812 653 3863 et
693 3807 983 3863 suscitabit
1026 3807 1225 3871 zelum,
1271 3811 1323 3861 et
1351 3807 1609 3861 clamabit
1636 3824 1801 3879 super
1828 3809 2003 3865 hostes

352 3910 483 3950 suos
501 3912 627 3951 cum
644 3897 974 3968 fortitudine
993 3897 1143 3968 (lsai.
1177 3913 1311 3961 XLII,
1343 3896 1450 3965 13).
1496 3895 1836 3967 Egredietur
1864 3914 1999 3969 ergo

352 3982 507 4039 Deus
530 3984 747 4040 deloco
769 4002 896 4055 suo,
921 3984 1155 4056 quando
1187 3984 1441 4055 quietem
1504 3990 1561 4039 et
1592 3988 1997 4041 mansuetudi-

351 4088 486 4127 nem
517 4078 575 4129 et
603 4072 970 4129 clementiam
992 4089 1162 4127 suam
1187 4089 1289 4144 pro
1318 4072 1727 4127 emendatione
1757 4090 1998 4145 peccan-

350 4160 500 4214 tium
536 4177 808 4231 rumpere
835 4161 1097 4231 cogitur:
1123 4161 1370 4231 quicum
1398 4178 1499 4232 per
1519 4154 1996 4219 naturam‘dulcis

348 4247 447 4312 sit,
467 4247 606 4303 vitio
632 4253 831 4303 nostro
855 4247 1356 4320 παραπικραίνεται,
1389 4249 1446 4303 id
1476 4253 1581 4315 est,
1614 4267 1839 4306 amarus
1880 4254 1996 4323 efﬁ-

343 4337 533 4392 citur:
557 4324 672 4392 non
696 4336 829 4403 sibi,
854 4336 953 4392 sed
988 4336 1363 4407 patientibus,
1397 4337 1612 4408 quibus
1646 4356 1846 4395 amara
1875 4345 1991 4395 tor-

347 4427 545 4480 menta
575 4429 735 4480 sunt.
771 4425 882 4481 Iste
904 4424 1000 4497 qui
1025 4424 1163 4480 alibi
1187 4426 1446 4495 loquitur
1474 4443 1577 4497 per
1608 4428 1949 4500 prophetam
1976 4447 1987 4485 :

341 4515 458 4587 Ego
486 4531 610 4570 sum
640 4516 799 4585 Deus,
832 4518 883 4569 et
910 4531 1022 4569 non.
1049 4515 1629 4587 commutor(1ltalach.
1684 4534 1767 4585 111,
1813 4518 1892 4584 6),
1926 4518 1993 4573 Et

2120 616 2250 670 tuba
2272 620 2427 671 canet
2452 635 2464 684 ;
2493 625 2547 672 et
2568 618 2873 672 ambulabit
2892 619 2953 673 in
2983 618 3060 688 (b)
3081 619 3480 673 comminatione
3496 620 3584 675 ira
3605 635 3687 673 sua

2121 705 2311 774 (Zach.
2350 705 2583 775 1x).Nec
2614 704 2960 771 ambulabit,
2994 704 3317 761 declinante
3339 706 3452 776 jam
3494 705 3610 773 sole,
3648 712 3690 760 et

2120 793 2325 849 vicinis
2356 794 2617 849 tenebris
2649 798 2781 866 post
2811 793 3138 863 meridiem,
3163 796 3311 865 quod
3358 811 3515 865 super
3550 795 3691 850 Adam

2120 899 2252 937 eum
2281 883 2484 938 fecisse
2509 882 2761 955 legimus
2785 882 2939 953 (Gen.
2965 884 3072 954 111).
3097 883 3354 955 Cumque
3376 882 3582 939 steterit.
3606 900 3693 938 non

2124 972 2304 1027 stabit
2336 972 2393 1025 in
2423 971 2574 1026 valle
2605 976 2662 1026 et
2691 972 2748 1026 iu
2788 970 2932 1027 locis
2963 972 3302 1037 humilibus,
3336 973 3428 1027 sed
3456 971 3507 1026 in
3526 977 3693 1042 monte,

2121 1060 2219 1130 qui
2254 1076 2367 1114 non
2391 1054 2788 1115 infruCtuosas
2809 1060 3046 1115 arbores
3065 1060 3299 1130 habeat,
3330 1064 3383 1115 et
3410 1060 3584 1115 silvam
3608 1065 3695 1115 ste-

2130 1148 2291 1203 rilem
2323 1148 2457 1214 ;sed
2486 1148 2583 1203 ubi
2607 1148 2818 1203 oliveta
2840 1155 3185 1220 nascuntur,
3218 1149 3421 1221 quibus
3471 1147 3697 1203 aliturlu-

2123 1253 2254 1290 men
2286 1240 2590 1302 aeternum,
2627 1239 2684 1291 et
2713 1235 3021 1291 solvuntur
3050 1235 3431 1296 inﬁrmitates,
3451 1240 3501 1289 et
3519 1233 3697 1306 requies

2121 1324 2297 1380 lassis
2318 1324 2615 1379 tribuitur.
2641 1325 2707 1378 Et
2728 1324 2852 1396 ipse
2874 1341 3043 1379 mons
3067 1322 3357 1379 Olivarum
3381 1323 3435 1377 in
3456 1339 3555 1393 quo
3575 1327 3700 1378 stant

2122 1413 2296 1484 pedes
2319 1412 2571 1480 Domini,
2596 1418 2798 1467 contra
2819 1411 3145 1467 Jerusalem
3170 1416 3258 1467 est
3287 1415 3341 1467 et
3360 1412 3425 1466 ad
3447 1411 3698 1472 Orientem.

2123 1502 2277 1555 unde
2307 1500 2493 1555 oritur
2515 1500 2886 1572 soljustitize,
2910 1499 3148 1571 illisque
3175 1499 3337 1557 olivis
3367 1498 3596 1555 consitus
3618 1503 3700 1565 est,

2122 1590 2193 1644 de
2215 1590 2430 1660 quibus
2454 1588 2697 1644 dicitur:
2722 1589 2858 1643 Filii
2873 1590 2954 1643 tui
2979 1589 3122 1643 sicut
3140 1589 3365 1644 novella
3386 1588 3634 1656 olivarum,
3658 1589 3702 1641 in

2121 1679 2353 1732 circuitu
2372 1694 2575 1733 mensa?
2591 1684 2707 1734 tuae
2728 1679 2839 1731 tPs.
2866 1694 3075 1744 cxxvu,
3097 1678 3174 1743 3).
3201 1676 3376 1748 Cujus
3407 1675 3575 1732 media
3600 1691 3703 1747 pars

2123 1766 2423 1821 scindetur
2452 1766 2521 1820 ad
2558 1767 2864 1831 orientem,
2896 1766 2955 1820 in
2988 1782 3105 1838 qua
3134 1768 3274 1820 sunt
3295 1765 3515 1820 arbores
3537 1762 3707 1835 planta-

2123 1858 2194 1909 ta:
2216 1855 2287 1908 de
2310 1854 2605 1926 gentibus,
2636 1854 2707 1908 de
2739 1854 2957 1925 quibus
2989 1870 3103 1908 una
3132 1852 3391 1925 loquitur
3413 1870 3425 1907 :
3447 1854 3542 1922 Ego
3566 1860 3703 1907 autem

2116 1945 2259 1998 sicut
2289 1944 2441 1998 oliva.
2468 1944 2762 2013 fructifera
2796 1945 2855 1997 in
2883 1942 3039 1997 domo
3068 1943 3167 1997 Dei
3196 1942 3311 2014 (Ps.
3352 1958 3421 2008 1.1,
3454 1943 3547 2012 10).
3574 1942 3627 1995 Et
3647 1938 3705 1994 al-

2119 2035 2243 2086 tera
2273 2031 2465 2087 media
2503 2049 2635 2101 pars
2667 2031 2967 2086 scindetur
2995 2031 3067 2085 ad
3098 2030 3460 2085 Occidentem
3489 2035 3538 2085 et
3562 2044 3702 2095 mare,

2120 2124 2414 2191 praerupto
2437 2120 2646 2192 grandi
2670 2119 2963 2191 valde,qui
2988 2118 3446 2176 circumcisionis
3467 2124 3545 2174 est
3563 2134 3703 2189 popu-

2119 2209 2231 2275 lus,
2265 2208 2336 2263 ad
2368 2226 2542 2280 quem
2574 2208 2729 2264 Dens
2760 2208 3023 2281 loquitur
3055 2225 3155 2281 per
3189 2208 3548 2280 prophetam:
3593 2204 3707 2275 Quid

2120 2298 2324 2353 dilecta
2352 2314 2475 2353 mea
2507 2299 2566 2352 in
2594 2296 2749 2353 domo
2778 2314 2899 2353 mea
2917 2296 3704 2368 fecitabominationem?Num-

2120 2389 2253 2459 quid
2272 2391 2395 2442 vota
2417 2395 2469 2442 et
2486 2403 2680 2442 carnes
2696 2394 2906 2443 sanctae
2922 2388 3185 2457 auferent
3211 2404 3245 2441 a
3282 2390 3332 2442 te
3370 2386 3586 2440 malitias
3607 2384 3707 2451 (ter.

2119 2492 2199 2545 x1,
2236 2476 2357 2543 15);
2392 2480 2491 2530 aut
2523 2476 2582 2530 in
2615 2475 2707 2530 his
2759 2474 3047 2546 effugies?
3078 2474 3210 2530 Hzec
3259 2473 3460 2530 dilecta
3484 2473 3537 2528 in
3578 2472 3709 2527 domo

2122 2563 2222 2619 Dei
2245 2564 2377 2619 fecit
2398 2563 2916 2634 abominationem,
2945 2565 3101 2619 916
3134 2569 3201 2618 ut
3231 2563 3329 2619 Dei
3354 2562 3543 2618 Filium
3562 2559 3708 2615 cruci-

2124 2654 2342 2726 ﬁgeret,
2367 2658 2424 2709 et
2443 2654 2671 2708 audiret
2696 2669 2709 2709 :
2745 2653 2957 2708 Olivam
2985 2652 3320 2723 umbrosam,
3352 2655 3402 2707 et
3426 2663 3709 2707 nemorosam

2123 2742 2193 2813 (e)
2225 2742 2691 2813 pulchritudinem
2744 2742 2949 2796 vocavit
3005 2743 3279 2796 Dominus
3331 2756 3511 2796 nomen
3554 2744 3710 2796 tuum:

2123 2835 2178 2885 et
2195 2830 2432 2886 inutiles
2455 2830 2585 2886 facti
2611 2835 2751 2884 sunt
2771 2828 2918 2884 rami
2941 2829 3025 2884 tui
3049 2828 3149 2900 qui
3175 2830 3339 2884 fracti
3362 2832 3494 2884 sunt
3512 2828 3572 2883 de
3593 2826 3711 2881 bona

2125 2920 2340 2986 radice,
2375 2925 2439 2975 ut
2467 2937 2573 2975 nos
2606 2920 2663 2974 in
2693 2918 2885 2974 locum
2904 2934 3106 2973 eorum
3126 2919 3521 2974 insereremur.
3543 2916 3602 2971 Et
3620 2914 3710 2969 ani-

2126 3009 2421 3064 madverte
2444 3008 2721 3080 mysteria
2740 3008 3199 3079 Scripturarum,
3224 3007 3447 3080 qaando
3472 3006 3567 3078 [AL
3596 3019 3709 3076 quo-

2127 3099 2320 3169 modo]
2353 3098 2545 3152 media
2578 3114 2710 3168 pars
2755 3114 2881 3167 quas
2924 3096 3111 3169 vergit
3163 3098 3237 3152 ad
3296 3096 3646 3161 Occidentem,
3668 3094 3710 3146 et

2125 3186 2299 3243 salsis
2321 3193 2495 3259 atque
2516 3186 2731 3241 amaris
2750 3185 3025 3241 ﬂuctibus
3047 3186 3337 3251 tunditur,
3362 3201 3470 3240 non
3489 3178 3709 3254 simplici-

2043 3256 2086 3322 (ἶ
2123 3280 2212 3331 ter
2239 3275 2296 3330 in
2325 3275 2470 3330 mari
2492 3291 2620 3330 esse
2645 3275 2887 3339 :licatur,
2911 3274 3010 3329 sed
3039 3273 3104 3350 in
3139 3278 3430 3346 praerupta
3458 3272 3608 3327 maris
3631 3284 3701 3323 νο·

2119 3363 2317 3436 ragine
2345 3368 2401 3418 et
2423 3380 2635 3435 magna
2656 3362 2853 3428 nimis,
2880 3362 2951 3417 de
2975 3379 3092 3434 qua
3116 3368 3175 3417 et
3191 3361 3451 3418 Nichaaas
3473 3358 3704 3431 loquitur:

2120 3454 2408 3507 Detraham
2430 3455 2487 3507 in
2510 3453 2714 3507 vallem
2737 3451 2946 3523 lapides
2964 3453 3080 3523 ejus
3116 3451 3303 3521 (haud
3347 3451 3571 3506 dubium
3604 3444 3709 3518 quin

2112 3541 2485 3608 Jerusalem),
2518 3551 2568 3595 et
2589 3540 2951 3612 fundamenta
2973 3542 3089 3612 ejus
3119 3542 3377 3596 revelabo
3406 3538 3570 3611 (Mich.
3597 3553 3631 3605 1,
3652 3534 3708 3604 ὃ).

2117 3629 2241 3685 Hinc
2276 3635 2337 3684 ut
2367 3629 2425 3684 in
2459 3628 2604 3684 locis
2636 3629 3004 3684 difﬁcillimis
3034 3633 3091 3683 et
3146 3629 3316 3684 valde
3347 3626 3605 3689 obscuris,
3631 3638 3709 3695 pro

2112 3719 2397 3781 tenuitate
2427 3718 2639 3773 virium
2672 3722 3005 3774 nostrarum
3039 3717 3322 3774 diximus.
3352 3718 3603 3774 Caeterum
3628 3713 3705 3767 lu-

2111 3806 2218 3861 dai
2250 3807 2605 3862 occidentem
2631 3811 2941 3879 sequentes
2962 3806 3242 3878 litteram,
3266 3811 3539 3863 conantur
3555 3806 3708 3858 osten-

2110 3896 2265 3963 dere,
2293 3900 2549 3951 stantem
2572 3896 2887 3951 Dominum
2922 3912 3100 3967 super
3131 3901 3391 3951 montem
3446 3889 3643 3955 Oliveti,
3666 3891 3710 3942 et

2108 3983 2305 4056 ipsum
2341 3989 2600 4039 montem
2656 3984 2712 4038 in
2763 3985 2911 4040 duas
2970 3990 3162 4056 partes
3195 4001 3328 4040 esse
3380 3984 3625 4047 divnsum,
3661 3981 3711 4030 ut

2106 4078 2310 4128 contra
2338 4074 2621 4128 orientem
2652 4073 2829 4128 unius
2859 4072 3041 4145 partis
3071 4072 3292 4128 habeat
3320 4074 3561 4129 scissura
3578 4066 3704 4139 prin-

2106 4160 2409 4233 cipium,et
2430 4161 2612 4216 altera
2642 4179 2778 4233 pars
2805 4161 2979 4218 ﬁnem
3011 4161 3216 4217 tendat
3243 4162 3317 4217 ad
3351 4159 3702 4216 Occidentem:

2104 4254 2160 4305 et
2191 4249 2249 4304 in
2285 4249 2475 4305 medio
2506 4249 2673 4305 valde
2704 4250 2808 4322 [AL
2839 4249 3010 4322 valle]
3046 4250 3351 4322 praecipiti,
3383 4247 3491 4303 alia
3511 4260 3625 4319 pars
3648 4239 3701 4296 ad

2102 4337 2470 4410 Aquilonem,
2500 4339 2570 4393 ad
2602 4342 2883 4393 Austrum
2917 4338 3028 4394 alia
3053 4337 3366 4394 dividatur.

2173 4427 2358 4497 (Vers.
2382 4427 2438 4495 5)
2464 4428 2895 4499 Etseparabitur
2913 4428 2989 4500 (d)
3006 4427 3247 4482 medium
3268 4427 3464 4483 montis
3488 4423 3551 4479 ad
3571 4419 3703 4492 Aqui-

2102 4518 2300 4577 lonem,
2333 4520 2381 4569 et
2412 4515 2652 4571 medium
2698 4518 2817 4588 ejus
2862 4517 2930 4572 ad
2981 4516 3277 4572 Meridiem.
3330 4517 3397 4571 Et
3431 4502 3701 4586 fugietisad

2045 1892 2090 1955 Β

344 4605 417 4661 ad
449 4604 643 4675 ipsum
671 4604 921 4658 dicitur:
958 4604 1030 4657 Tu
1081 4608 1266 4658 autem
1317 4604 1461 4658 idem
1488 4620 1561 4669 es,
1624 4608 1676 4660 et
1698 4622 1991 4676 permanes
2022 4623 2068 4686 Ι)
2098 4604 2299 4658 vallem
2323 4606 2595 4659 montium
2612 4622 2889 4660 meorum:
2915 4607 3177 4678 quoniam
3197 4608 3553 4677 conjungetur
3576 4594 3699 4653 valli:

343 4693 455 4763 (Ps.
488 4709 563 4758 c1,
593 4694 706 4757 28).
738 4693 809 4747 Et
835 4693 895 4746 in
921 4691 1168 4764 epistola
1206 4691 1404 4747 Jacobi
1432 4708 1444 4746 :
1493 4693 1646 4762 Apud
1697 4711 1853 4765 quem
1880 4712 1993 4752 non

342 4786 419 4837 est
475 4784 823 4837 commutatio
871 4782 1070 4850 (Iacob.
1124 4798 1161 4849 1,
1197 4782 1322 4853 t7):
1376 4798 1531 4836 nunc
1580 4784 1879 4853 egreditur
1936 4790 1992 4840 et

340 4867 638 4940 praaliatur
691 4868 845 4923 sicut
902 4868 960 4922 in
1018 4867 1110 4923 die
1158 4867 1514 4938 certaminis,
1574 4870 1808 4940 quando
1839 4869 1988 4925 Pba-

339 4973 577 5013 raonem
600 4955 661 5011 in
683 4955 830 5011 mari
851 4954 1170 5012 submersit
1196 4956 1414 5024 Rubro,
1447 4960 1503 5011 et
1535 4974 1637 5028 pro
1668 4956 1986 5016 Israelitico

337 5045 552 5119 populo
582 5045 877 5100 dimicavit
907 5044 1097 5117 (Exod.
1126 5045 1263 5114 x1v).
1300 5044 1367 5098 Et
1388 5044 1627 5099 stabunt
1656 5046 1831 5117 pedes
1859 5049 1987 5119 ejus

336 5134 430 5192 his
463 5150 713 5208 quorum
747 5133 1027 5189 misertus
1057 5134 1250 5201 fuerit,
1283 5137 1339 5187 et
1387 5149 1757 5206 nequaquam
1791 5152 1984 5192 move-

406 5348 480 5419 (a)
500 5348 775 5405 Mendose
792 5347 1035 5404 retinuit
1051 5346 1321 5419 Martian.
1344 5363 1527 5418 super.
1552 5347 1844 5404 Victorius
1862 5350 1986 5406 sub-

334 5425 421 5491 ter
440 5418 759 5491 scripserat
783 5437 805 5491 :7
831 5436 937 5475 nos
968 5418 1274 5491 sequimur
1304 5419 1534 5491 Reginae
1560 5419 1873 5491 exemplar.

407 5490 481 5558 (b)
512 5489 585 5545 Ei
620 5492 747 5562 ipso
779 5490 1069 5546 Zacharias
1099 5495 1256 5545 textu
1289 5489 1525 5562 corrigit
1557 5489 1869 5562 Victorius,
1921 5494 1980 5547 in

332 5558 708 5633 commotione,
736 5563 885 5630 quod
910 5566 1000 5617 est
1020 5564 1211 5616 Graece
1235 5563 1385 5632 apud
1423 5558 1557 5615 ΙΪΧΧ
1579 5559 1629 5614 ἐν
1651 5558 1821 5633 σαλῳ.
1852 5563 1982 5617 Vul-

331 5634 470 5703 gata
489 5632 665 5703 editio
689 5633 891 5703 habet,
925 5634 986 5687 in
1015 5634 1248 5689 turbine.

404 5678 470 5773 (ὦ
493 5678 665 5757 ἱῖιέὦ
688 5678 1754 5773 ι’ὲξέἷιὲιὶἇιὀ”όιῖῐέιῖὶιίι.ραισ)ινίιιιάίηε
1773 5724 1791 5759 .-
1824 5706 1979 5777 quod

2100 4694 2368 4747 montium
2397 4709 2566 4765 usque
2589 4695 2663 4749 ad
2685 4696 3028 4766 proximum,
3051 4703 3103 4751 et
3135 4696 3361 4766 fugietis
3408 4695 3541 4748 sicut
3560 4690 3702 4759 fugis-

2096 4782 2167 4835 tis
2196 4798 2228 4835 a
2256 4782 2408 4851 facie
2435 4783 2776 4838 terraemotus
2799 4785 2855 4837 in
2882 4782 3075 4839 diebus
3124 4784 3262 4840 Osise
3306 4784 3447 4853 regis
3495 4777 3705 4842 Julia,“

2095 4870 2272 4924 veniet
2298 4870 2562 4925 Dominus
2586 4872 2726 4927 Deus
2765 4888 2957 4927 meus:
2998 4888 3289 4944 omnesque
3306 4870 3484 4926 sancti
3506 4881 3615 4923 cum
3638 4875 3701 4916 εο-

2098 4957 2267 5012 LXX:
2297 4958 2361 5013 Et
2383 4960 2675 5015 inclinabit
2699 4960 2886 5016 media
2902 4977 3034 5033 pars
3064 4962 3265 5016 montis
3295 4960 3371 5015 ad
3406 4955 3685 5029 Aquilonem

2095 5055 2146 5102 et
2165 5047 2349 5102 mediu
2371 5063 2503 5118 pars
2530 5048 2646 5118 ejus
2675 5048 2746 5104 ad
2773 5049 3049 5104 Austrum.
3084 5050 3148 5104 Et
3199 5047 3539 5105 obturabitur
3571 5036 3700 5095 vallis

2093 5137 2363 5191 montium
2391 5151 2659 5205 meorum,
2690 5145 2741 5192 et
2773 5124 2844 5211 (e)
2895 5139 3227 5210 adiungetur
3255 5138 3420 5193 vallis
3474 5129 3702 5187 montium

2092 5348 2179 5424 sit
2202 5351 2403 5424 Graece
2426 5352 2593 5424 apud,
2615 5350 2748 5406 LXX
2773 5370 2787 5408 :
2818 5349 3025 5405 eiimth
3055 5355 3135 5424 τῷ
3163 5347 3313 5405 εἷ’δει.

2164 5421 2239 5491 (d)
2257 5424 2318 5476 In
2340 5420 3055 5495 Hiefqnﬁnterpretatione
3065 5420 3489 5495 monsabsolute
3508 5430 3600 5495 pro
3614 5423 3698 5495 ηιξ·

2092 5491 2243 5565 dium
2272 5495 2473 5565 montis
2502 5491 2752 5565 legitur;
2772 5494 3154 5551 dissentiente
3209 5493 3444 5549 Hebreo
3479 5493 3693 5552 1.11111111-

2092 5564 2237 5618 Vide
2268 5581 2394 5635 quin
2422 5563 2479 5619 in
2515 5563 2649 5620 eum
2680 5564 2871 5620 locum
2905 5571 3274 5624 annotamus.

2162 5636 2232 5712 (e)
2257 5629 2457 5712 R'egin:
2484 5637 3049 5712 ms.‘repl_ebitur,pro
3061 5638 3418 5711 adjungetur:
3439 5629 3689 5690 estautem

2091 5705 2152 5762 in
2184 5702 2400 5778 Graeco,
2434 5702 2922 5783 ἐγκολληθήσεται.
