3938 6174
708 403 1458 470 COMMENTARIORUM
1503 403 1584 467 IN
1631 399 2087 466 ZAGHAPJAM
2130 402 2280 467 LIB.
2327 405 2432 469 ΠΙ.
2479 405 2652 469 CAP.
2695 403 2857 470 XIV.

3327 397 3485 470 {530

126 543 268 612 nebit,
305 559 334 599 a
356 549 510 614 porta
540 543 855 614 Benjamin,
886 557 1056 612 usque
1083 541 1161 597 ad
1184 549 1398 613 portam
1426 541 1581 597 922
1609 557 1726 611 pri-
1757 536 1812 604 Α
1840 537 2126 595 Dominus
2156 540 2327 596 Jesus
2358 558 2458 596 rex
2486 541 2660 597 fuerit
2689 555 2866 613 super
2895 556 3127 598 omnem
3149 544 3386 609 terram,
3411 542 3484 599 de

126 650 271 698 mam,
288 649 445 704 usque
463 633 537 689 ad
553 641 770 704 portam
791 633 1135 702 angelorum,
1159 635 1210 685 et
1231 647 1400 701 usque
1417 631 1489 686 ad
1513 635 1728 685 turrem

126 722 457 793 (a)Anamael,
472 737 643 792 usque
655 721 724 776 ad
746 721 1048 776 toreularia
1065 722 1207 790 regis
1227 720 1548 775 habitabant
1565 721 1623 773 in
1639 736 1724 788 ea,

124 816 168 868 et
185 810 446 867 anathema
465 812 618 866 ultra
639 827 747 866 non
768 812 893 879 erit,
913 818 964 864 et
986 809 1264 864 habitabit
1284 810 1585 865 Jerusalem
1606 825 1729 863 con-

124 900 289 971 ﬁdens.
316 899 773 956 Exstructionem
807 899 969 953 urbis
999 898 1344 964 Jerusalem,
1366 903 1423 953 et
1444 914 1729 970 aquarum

123 1006 388 1063 egressum
409 989 479 1044 de
500 990 691 1043 medio
714 989 863 1058 ejus,
888 1005 1013 1058 qua
1038 989 1107 1042 ad
1135 994 1451 1058 utrumque
1473 988 1734 1042 deﬂuant

124 1095 281 1144 mare,
310 1078 486 1133 Judmi
519 1083 575 1133 et
606 1077 917 1133 Christiani
942 1077 1331 1148 judaizantes,
1380 1077 1586 1131 ultimo
1620 1076 1731 1131 sibi

122 1171 350 1238 tempore
397 1166 834 1238 repromittunt,
883 1166 1116 1236 quando
1149 1182 1385 1220 rursum
1417 1165 1736 1221 exercenda

123 1255 453 1312 circumcisio
485 1255 580 1323 sit,
614 1259 671 1308 et
700 1253 1072 1308 immolandas
1120 1253 1386 1324 victimae,
1434 1260 1490 1309 et
1537 1254 1736 1308 omnia

124 1344 274 1412 Legis
300 1348 575 1415 praecepta
605 1343 908 1408 servanda,
944 1346 1007 1396 ut
1036 1359 1152 1397 non
1182 1342 1366 1398 Judaei
1399 1342 1732 1413 Christiani,

120 1433 212 1490 sed
240 1431 534 1488 Christiani
563 1432 752 1486 Judtei
803 1432 964 1486 ﬁant.
1020 1432 1082 1486 In
1125 1432 1236 1493 die,
1279 1432 1578 1503 inquiunt,
1611 1431 1733 1497 illa,

120 1522 329 1593 quando
340 1520 604 1577 Christus
628 1520 685 1574 in
703 1519 1032 1575 Jerusalem
1050 1537 1121 1575 au
1133 1537 1228 1574 rea
1247 1525 1421 1592 atque
1443 1526 1737 1593 gemmata

117 1610 312 1666 sederit
343 1613 712 1680 regnaturus,
746 1625 858 1663 non
893 1613 1067 1663 erunt
1094 1609 1250 1664 idola
1281 1625 1385 1663 nec
1413 1609 1736 1665 divinitatis

115 1698 323 1755 cultura
349 1699 598 1763 diversa,
634 1698 736 1752 sed
762 1697 871 1752 erit
904 1697 1183 1752 Dominus
1211 1715 1387 1766 unus,
1420 1703 1477 1753 et
1499 1703 1740 1754 reverte-

114 1791 205 1842 tur
246 1786 421 1843 omnis
471 1791 628 1842 terra
679 1801 864 1858 usque
908 1787 978 1841 ad
1013 1786 1408 1853 solitudinem,
1445 1788 1501 1842 id
1534 1792 1640 1856 est,
1677 1789 1738 1843 in

1839 643 1952 698 quo
2012 630 2081 684 ad
2116 630 2342 685 Patrem
2392 630 2642 702 Spiritus
2676 633 2914 684 sanctus
2937 629 3194 702 loquitur
3218 647 3322 702 per
3344 635 3482 687 Pro-

1837 717 2072 789 phetam
2107 736 2120 774 :
2159 725 2318 783 Deus,
2358 721 2643 789 judicium
2673 724 2829 774 tuum
2861 722 2980 788 regi
3009 721 3098 785 da,
3131 728 3183 775 et
3199 721 3487 791 justitiam

1838 813 1995 862 tuam
2021 808 2134 880 ﬁlio
2162 812 2308 879 regis
2339 810 2508 879 (Psal.
2546 814 2691 874 Lxxi,
2722 809 2773 877 1)
2801 826 2814 863 :
2853 813 2988 863 tunc
3019 825 3172 863 unus
3203 810 3488 866 Dominus

1839 899 1968 962 erit,
2001 899 2072 953 de
2102 915 2216 969 quo
2249 899 2529 970 scriptum
2556 902 2678 954 est:
2713 898 2912 954 Scitote
2943 901 3203 969 quoniam
3224 901 3487 955 Dominus

1841 989 1958 1058 ipse
1986 996 2064 1042 est
2094 989 2232 1042 Deus
2263 989 2437 1059 (Deut.
2475 1005 2549 1057 1v,
2584 988 2672 1058 35)
2702 1004 2714 1041 :
2758 988 2824 1041 Et
2855 1004 3036 1042 unum
3088 1005 3297 1043 nomen
3337 990 3485 1060 ejus,

1843 1076 2003 1130 omni
2037 1094 2213 1147 prava
2244 1076 2519 1149 religione
2549 1075 2785 1142 calcata,
2810 1078 2981 1145 juxta
3001 1075 3142 1131 illud
3169 1079 3323 1149 quod
3352 1078 3489 1133 Pro-

1842 1165 2018 1237 pheta
2049 1167 2351 1221 decantat:
2395 1169 2644 1229 Domine,
2677 1167 2940 1220 Dominus
2965 1174 3168 1234 noster,
3194 1183 3357 1239 quam
3389 1168 3492 1222 ad-

1841 1255 2097 1309 mirabile
2119 1264 2198 1309 est
2217 1271 2412 1309 nomen
2439 1263 2592 1309 tuum
2613 1256 2670 1309 in
2687 1255 2942 1308 imiversa
2960 1258 3112 1309 terra
3137 1254 3248 1325 (Ps.
3263 1271 3386 1324 vm,
3408 1253 3490 1326 1)!

1843 1343 1912 1397 Et
1938 1360 2172 1398 rursum
2202 1360 2214 1397 ι
2250 1344 2612 1414 Magniﬁcasti
2635 1359 2800 1414 super
2816 1359 3004 1399 omnes
3028 1359 3225 1398 nomen
3245 1353 3494 1399 sanctum

1846 1436 2001 1487 tuum
2051 1433 2164 1502 (Ps.
2207 1449 2453 1498 cxxxvn,
2488 1433 2562 1503 3).
2597 1433 2665 1487 Et
2697 1431 2832 1487 alibi
2863 1449 2875 1486 :
2910 1432 3064 1487 Sicut
3090 1449 3286 1489 nomen
3316 1441 3493 1500 tuum,

1845 1523 2006 1586 Deus,
2041 1524 2126 1575 ita
2157 1527 2208 1576 et
2237 1523 2354 1576 laus
2385 1531 2481 1576 tua
2502 1523 2563 1576 in
2584 1523 2840 1576 universa
2864 1525 3014 1575 terra
3036 1522 3146 1592 (Ps.
3171 1538 3338 1589 van,
3368 1522 3490 1592 tt):

1847 1611 1918 1666 de
1949 1627 2064 1682 quo
2094 1617 2146 1665 et
2178 1611 2408 1665 Abacuc
2437 1609 2698 1681 loquitur
2730 1626 2741 1663 :
2794 1609 3002 1665 Laudis
3047 1610 3165 1681 ejus
3213 1612 3380 1682 plena
3420 1618 3499 1666 est

1848 1711 1996 1756 terra
2026 1700 2209 1766 (Abac.
2242 1716 2327 1769 ιιι,
2359 1701 2434 1766 5).
2489 1705 2564 1754 De
2609 1700 2781 1769 cujus
2831 1698 3015 1771 gloria
3066 1698 3323 1755 nominis
3370 1699 3498 1771 ipse

1852 1793 2002 1844 Deus
2032 1788 2292 1860 loquitur
2321 1806 2333 1843 :
2368 1789 2576 1859 Absque
2605 1805 2692 1844 me
2719 1803 2830 1843 non
2857 1789 2992 1843 scies
3012 1790 3204 1853 Deum,
3227 1797 3277 1844 et
3293 1796 3500 1861 praeter

113 1876 397 1947 antiquum
420 1874 964 1946 statum.Ponitque
984 1875 1246 1931 locorum
1265 1875 1548 1931 vocabula
1569 1894 1602 1931 a
1623 1894 1739 1948 quo
1772 1909 1819 1974 Β
1847 1893 2044 1933 nomen
2093 1893 2297 1946 meum,
2348 1877 2491 1948 quod
2539 1879 2959 1948 magni/iculum
3006 1886 3083 1932 est
3120 1894 3283 1948 super
3309 1894 3500 1934 omnes

111 1964 232 2020 loco
261 1980 433 2036 usque
462 1963 535 2018 ad
567 1980 744 2035 quem
775 1963 967 2018 locum
1002 1963 1338 2019 aediﬁcanda
1387 1963 1463 2019 sit
1502 1965 1740 2020 Jerusa-

113 2052 257 2108 lem:
288 2053 352 2108 de
379 2051 523 2108 colle
555 2053 839 2108 Remmon
873 2052 1003 2124 (hoc
1029 2052 1185 2107 enim
1210 2053 1404 2108 Gabaa
1426 2058 1615 2120 sonat,
1642 2055 1741 2110 ubi

112 2143 276 2198 arbor
300 2141 660 2214 maligranati
692 2147 801 2206 est,
835 2158 1020 2212 usque
1051 2158 1117 2196 ac
1148 2141 1464 2198 australem
1509 2142 1741 2215 plagam

108 2230 437 2287 Jerusalem.
462 2230 743 2302 Quodque
767 2231 1036 2301 sequitur
1059 2247 1072 2283 :
1103 2230 1322 2286 Rhama
1340 2239 1524 2286 autem
1547 2234 1606 2286 in
1632 2233 1744 2287 loco

109 2336 201 2376 suo
226 2319 573 2390 permanebit,
611 2319 837 2374 .melius
883 2319 1298 2390 interpretatus
1329 2325 1416 2375 est
1445 2320 1657 2391 Aquila
1688 2325 1747 2375 et

108 2409 308 2478 ceteri,
354 2409 453 2479 qui
493 2413 834 2479 posuerunt,
866 2408 1239 2462 exaltabitur:
1275 2408 1500 2462 Rbama
1529 2409 1745 2480 quippe

105 2497 354 2552 exultatio
385 2495 615 2561 dicitur,
653 2497 823 2566 juxta
853 2495 998 2550 illud
1033 2495 1372 2567 prophetale
1401 2503 1457 2552 et
1487 2497 1742 2568 Evange-

106 2586 277 2642 licum
304 2603 315 2642 :
355 2588 464 2641 V0.1:
493 2588 547 2639 in
582 2585 791 2641 Rhama
822 2585 1016 2640 audita
1043 2589 1140 2654 est,
1176 2585 1284 2640 hoc
1305 2590 1412 2650 est,
1435 2587 1493 2640 in
1523 2587 1746 2642 excelsis

108 2677 290 2732 sonuit
319 2675 522 2746 (Matth.
561 2691 619 2740 ιι,
655 2676 764 2742 18).
799 2672 1377 2746 Exaltabituritaque
1398 2675 1744 2742 Jerusalem,

103 2771 161 2821 et
189 2764 560 2822 adificabitur
589 2763 650 2817 in
683 2762 808 2818 loco
841 2762 1113 2834 pristino,
1147 2780 1180 2817 a
1207 2767 1376 2834 porta
1419 2764 1743 2834 Benjamin,

104 2870 288 2924 usque
315 2853 383 2908 ad
418 2858 643 2923 portam
667 2867 793 2924 qua
815 2851 1032 2906 dicitur
1051 2851 1422 2923 angulorum,
1451 2857 1508 2907 et
1535 2869 1568 2908 a
1586 2857 1749 2908 turre

102 2939 349 2996 Ananeel
398 2942 536 3011 (non
572 2944 636 2995 ut
667 2939 846 2996 Graeci
879 2944 936 2994 et
968 2940 1154 2995 Latini
1186 2940 1336 2995 male
1366 2939 1570 3012 legunt
1605 2946 1748 2996 Ana-

103 3030 285 3097 mael)
331 3045 516 3100 usque
565 3030 636 3084 ad
686 3029 999 3084 toreularia
1033 3028 1234 3098 regis:
1286 3030 1441 3100 quod
1475 3030 1750 3085 Hebraice

100 3119 382 3190 scriptum
405 3123 495 3174 est
514 3133 824 3174 AMMELECH
849 3102 1062 3204 (15D?!)
1087 3119 1192 3188 [AL
1216 3118 1534 3188 Amalech).
1557 3123 1622 3173 Et
1644 3119 1749 3173 ha-

99 3207 388 3278 bitabant,
439 3207 650 3278 inquit,
703 3207 764 3261 in
794 3223 881 3273 ea,
919 3206 1024 3260 hoc
1055 3212 1162 3273 est,
1202 3207 1259 3260 in
1289 3207 1615 3263 Jerusalem
1647 3225 1659 3263 :
1693 3213 1750 3262 et

98 3275 411 3352 anathema
431 3275 686 3367 am—plius
710 3312 826 3350 non
858 3295 969 3350 erit
994 3311 1004 3350 :
1042 3295 1240 3350 nullus
1262 3295 1531 3351 videlicet
1557 3301 1749 3352 metus
1780 3275 1822 3340 (ἶ

91 3383 328 3440 hostilis
359 3385 634 3456 impetus,
660 3383 824 3439 nulla
851 3382 1133 3450 formido;
1169 3383 1273 3438 sed
1297 3385 1524 3439 sedebit
1545 3385 1631 3440 vel
1655 3386 1753 3442 ha-

91 3471 381 3528 bitabitur
407 3471 734 3528 Jerusalem
776 3477 992 3526 aeterna
1024 3488 1162 3542 pace
1193 3472 1587 3543 requiescens.
1623 3474 1751 3530 Haec

85 3560 467 3632 Judaeijuxta
489 3560 745 3616 litteram
771 3561 1090 3626 somniant,
1121 3564 1179 3614 et
1218 3559 1400 3615 nostri
1444 3558 1747 3634 χιλιασ-ταὶ,

88 3648 198 3721 qui
231 3665 470 3704 rursum
500 3649 703 3704 audire
733 3648 1106 3704 desiderant:
1143 3647 1377 3704 Crescite
1402 3653 1452 3704 et
1474 3651 1750 3721 multipli-

82 3739 328 3807 camini,
379 3747 431 3793 et
463 3737 667 3808 replete
695 3741 901 3794 terram
931 3737 1083 3809 (Gen.
1120 3754 1159 3801 ι,
1191 3739 1304 3807 28),
1337 3742 1394 3792 et
1424 3755 1526 3809 pro
1571 3738 1752 3808 hujus

80 3826 225 3881 vita
257 3827 623 3881 continentia
654 3826 930 3897 brevique
953 3825 1209 3896 jejunio,
1260 3825 1468 3881 bulbos
1499 3827 1642 3898 sibi,
1695 3834 1753 3882 et

83 3914 391 3976 vulvas.et
402 3931 536 3970 aves
549 3915 625 3986 (b)
642 3914 994 3980 Pbasidis,et
1011 3919 1362 3984 attagenem,
1380 3931 1751 3987 nequaquam

79 4007 163 4074 (c)
199 4002 488 4068 ionicum,
513 4003 614 4060 sed
644 4003 957 4059 Judaicum
982 4002 1418 4075 repromittunt,
1446 4005 1516 4059 de
1538 4005 1754 4076 quibus

72 4109 226 4148 vere
278 4096 473 4164 potest
523 4092 804 4147 Dominus
834 4092 1023 4147 dicere
1057 4109 1068 4146 :
1121 4097 1243 4148 Non
1268 4094 1613 4163 permanebit
1641 4096 1754 4166 spi-

68 4183 237 4237 ritus
293 4198 451 4238 meus
508 4183 570 4236 in
627 4181 938 4237 hominibus
995 4183 1144 4248 istis,
1205 4183 1340 4252 quia
1385 4199 1577 4238 carnes
1629 4193 1759 4240 sunt

63 4270 243 4342 (Gen.
270 4287 353 4340 vx,
378 4271 456 4342 3).
490 4269 626 4326 Caro
655 4273 807 4326 enim
831 4274 1042 4342 pugnat
1070 4273 1262 4325 contra
1291 4272 1570 4341 spiritum,
1601 4273 1756 4328 923

59 4362 125 4415 et
154 4359 410 4429 spiritus
437 4363 628 4415 contra
655 4375 875 4414 carnem
907 4359 1116 4429 (Galat.
1164 4375 1218 4421 ν,
1264 4359 1372 4430 17),
1421 4359 1535 4415 Nec
1579 4377 1758 4432 oppo-

58 4451 231 4504 nant
265 4447 448 4505 nobis
471 4447 722 4504 Joannis
749 4447 1160 4520 Apocalypsim
1195 4447 1347 4518 (Cap.
1385 4451 1499 4515 xx),
1534 4449 1672 4520 quia
1702 4455 1759 4505 et

56 4537 215 4609 ipsa
224 4535 627 4609 spiritualiter
639 4537 986 4592 disserenda
997 4541 1102 4592 est.
1122 4536 1237 4591 Nos
1258 4541 1454 4592 autem
1468 4536 1758 4594 ccelestem

1855 1966 2006 2038 (Isai.
2041 1982 2188 2030 xuv,
2219 1966 2294 2033 8).
2329 1966 2493 2019 Tunc
2524 1968 2841 2020 revertetur
2869 1965 3063 2020 omnis
3092 1969 3268 2033 terra,
3295 1966 3356 2021 in
3387 1983 3502 2036 qua

1851 2055 2186 2109 habitavere
2216 2053 2400 2109 Judaei
2435 2069 2623 2124 usque
2653 2054 2724 2108 ad
2749 2055 3068 2122 desertum,
3099 2053 3157 2108 id
3181 2058 3292 2121 est,
3313 2071 3502 2128 usque

1853 2143 1922 2197 ad
1957 2141 2238 2214 populum
2275 2141 2538 2213 gentium
2564 2182 2577 2208 ,
2625 2143 2723 2212 qui
2758 2142 2921 2214 prius
2953 2142 3220 2198 desertus
3251 2148 3404 2209 erat,
3447 2147 3504 2199 et

1856 2231 2018 2304 Legis
2040 2231 2306 2286 notitiam
2330 2248 2442 2285 non
2463 2231 2744 2286 habebat:
2773 2247 2807 2285 a
2827 2231 3025 2286 Gabaa
3042 2249 3226 2302 usque
3249 2233 3319 2288 ad
3337 2233 3505 2288 Rem-

1854 2337 2014 2386 mon,
2059 2320 2167 2375 hoc
2198 2324 2316 2389 est,
2351 2337 2384 2374 a
2411 2319 2557 2375 colle
2591 2335 2776 2391 usque
2808 2320 2880 2374 ad
2909 2321 3225 2389 excelsum,
3261 2321 3400 2392 quia
3429 2322 3502 2376 de

1853 2413 2006 2465 terra
2031 2413 2084 2464 et
2107 2410 2178 2464 de
2199 2410 2426 2464 deserto
2449 2409 2521 2463 ad
2542 2407 2740 2472 colles,
2772 2411 2830 2462 et
2859 2408 2930 2462 de
2962 2406 3212 2464 collibus
3233 2409 3304 2464 ad
3329 2425 3501 2465 mon-

1854 2505 1992 2554 tana
2021 2498 2454 2569 consurgimus.
2490 2497 2650 2552 Unde
2671 2500 2728 2550 et
2751 2512 3003 2567 sponsus
3027 2496 3086 2550 in
3109 2497 3342 2552 Cantico
3366 2514 3502 2553 can-

1853 2587 2103 2642 ticorum
2134 2585 2391 2640 transilit
2421 2584 2597 2640 colles
2629 2585 2728 2656 qui
2762 2584 3018 2640 minores
3050 2589 3207 2654 sunt,
3262 2590 3319 2640 et
3365 2586 3507 2643 salit

1856 2693 2034 2747 super
2078 2679 2302 2741 montes
2355 2674 2613 2729 excelsos
2645 2674 2840 2745 (Cant.
2875 2675 2936 2744 ι),
2970 2675 3040 2729 de
3071 2673 3288 2745 quibus
3319 2675 3502 2747 scrip-

1856 2769 1982 2820 tum
2014 2768 2138 2818 est:
2173 2762 2366 2817 Montes
2395 2762 2596 2817 excelsi
2623 2765 2803 2817 servis
2833 2763 2947 2834 (Ps.
2980 2763 3125 2834 cm).
3159 2763 3260 2819 Sin
3311 2767 3505 2820 autem

1859 2855 2137 2917 Remmon,
2173 2850 2639 2923 malogranatum
2663 2850 2922 2923 accipere
2949 2850 3225 2906 volumus
3255 2852 3505 2923 (utrum-

1859 2959 1971 3014 que
1984 2941 2137 2996 enim
2163 2941 2316 3012 apud
2333 2939 2602 2995 Hebraeos
2621 2940 3080 3012 interpretatur),
3095 2940 3204 2995 hoc
3216 2941 3506 3010 dicamus,

1859 3031 2013 3103 quod
2047 3031 2190 3084 fines
2227 3028 2490 3085 Ecclesiae
2521 3029 2592 3084 de
2622 3028 2872 3084 collibus
2903 3029 3207 3100 incipiant,
3231 3033 3296 3084 ut
3316 3030 3509 3087 omnis

1859 3121 2000 3176 ordo
2030 3109 2471 3174 Ecclesiasticus
2502 3123 2895 3184 construatur,
2919 3119 2991 3173 de
3017 3134 3132 3188 quo
3163 3134 3341 3190 supra
3359 3118 3509 3174 dixi-

1861 3209 2254 3280 mus,quando
2274 3208 2635 3278 interpretati
2654 3224 2861 3263 sumus
2881 3205 3178 3279 planctum
3195 3206 3503 3280 unigeniti,

1861 3303 1916 3354 et
1947 3302 2216 3353 sanctum
2250 3297 2403 3352 sicut
2421 3297 2875 3351 Adrademmon.
2909 3295 3024 3351 Nec
3053 3295 3162 3351 hoc
3191 3301 3282 3352 est
3311 3296 3504 3352 Eccle-

1862 3387 1950 3442 sia
1970 3387 2084 3440 ﬁne
2114 3389 2412 3448 contenta;
2447 3384 2548 3438 sed
2582 3383 2878 3454 perveniet
2905 3399 3094 3454 usque
3123 3384 3195 3438 ad
3225 3385 3504 3440 Austrum

1861 3476 1920 3528 in
1951 3474 2080 3528 luce
2112 3472 2475 3543 plenissima,
2510 3486 2688 3541 super
2709 3487 2822 3541 quo
2845 3471 3070 3525 dudum
3102 3472 3505 3542 exposuimus,

1861 3567 1917 3617 et
1945 3577 2099 3616 nunc
2129 3559 2343 3615 idcirco
2373 3559 2706 3627 reticemus,
2740 3575 2812 3613 ne
2843 3558 3045 3613 eadem
3078 3559 3291 3630 saepius
3321 3559 3508 3614 incul-

1861 3654 2080 3717 cantes,
2111 3647 2310 3703 lectori
2341 3647 2528 3702 simus
2559 3646 2812 3702 fastidio.
2848 3650 2913 3700 Et
2936 3646 3287 3702 exaltabitur
3310 3647 3501 3703 Eccle-
3557 3641 3566 3649 ’

1861 3739 1949 3794 sia
1974 3755 2100 3809 quae
2129 3737 2302 3807 cmpit
2331 3752 2364 3791 a
2393 3734 2660 3800 collibus,
2694 3739 2752 3790 et
2781 3734 3040 3806 pervenit
3064 3735 3132 3788 ad
3158 3735 3497 3801 meridiem;

1862 3832 1920 3882 et
1961 3825 2253 3881 habitabit
2300 3825 2357 3878 in
2403 3823 2528 3878 loco
2559 3840 2685 3891 suo,
2717 3823 2789 3877 de
2821 3839 2935 3893 quo
2968 3822 3251 3895 scriptum
3284 3827 3408 3880 est:
3441 3825 3504 3880 In

1863 3917 1974 3972 loco
2019 3916 2175 3971 924
2219 3928 2442 3986 pascuaz
2485 3912 2565 3967 ibi
2600 3928 2689 3966 me
2725 3912 3008 3966 collocavit
3034 3912 3150 3983 (Ps.
3183 3928 3320 3982 xxu,
3359 3913 3427 3983 t).
3459 3914 3507 3968 A

1863 4009 2030 4077 porta
2060 4002 2387 4074 Benjamin,
2420 4001 2518 4074 qui
2551 4001 2965 4072 interpretatur
2993 3999 3144 4069 ﬁlius
3163 3999 3422 4068 dexterae,
3447 4005 3505 4058 et

1866 4111 1980 4159 non
2032 4094 2184 4164 ﬁlius
2230 4092 2467 4158 dierum,
2516 4095 2581 4145 ut
2623 4088 2772 4144 male
2811 4089 3053 4160 quidam
3085 4088 3502 4161 suspicantur:

1865 4182 2020 4238 aliud
2054 4187 2144 4237 est
2173 4181 2330 4237 enim
2361 4179 2409 4236 si
2439 4180 2499 4234 in
2534 4195 2652 4234 mm
2683 4177 2958 4244 litteram,
3008 4177 3165 4233 aliud
3208 4180 3256 4235 si
3288 4178 3348 4234 in
3381 4195 3506 4236 mall

1866 4273 2122 4326 finiatur.
2156 4271 2224 4325 Et
2253 4269 2546 4341 perveniet
2576 4284 2762 4340 usque
2792 4267 2862 4322 ad
2892 4267 3084 4324 locum
3120 4272 3294 4340 portae
3323 4269 3510 4325 orien-

1864 4359 2001 4415 talis
2021 4364 2078 4414 et
2109 4359 2342 4430 prioris,
2375 4374 2563 4429 usque
2587 4358 2655 4412 ad
2681 4360 2906 4429 portam
2938 4356 3306 4428 angulorum.
3331 4358 3377 4412 A
3397 4357 3510 4412 vir-

1865 4453 1990 4504 tute
2019 4447 2372 4519 incipimus:
2409 4447 2516 4502 hoc
2555 4445 2769 4518 quippe
2819 4446 3053 4501 dextera
3084 4445 3415 4517 significat;
3455 4451 3513 4502 et

1867 4537 2237 4611 pervenimus
2270 4552 2458 4607 usque
2488 4535 2558 4590 ad
2592 4539 2815 4606 portam
2849 4533 3121 4606 priorem.
3157 4538 3221 4588 ut
3252 4551 3352 4605 per
3380 4551 3510 4590 eam

53 4625 428 4683 Jerusalem
479 4626 930 4698 interpretemur
950 4624 1290 4694 Ecclesium,
1310 4642 1456 4697 quae,
1497 4625 1556 4680 in
1587 4643 1760 4683 carne
1786 4637 1834 4702 D
1864 4625 2264 4698 ingrediamur
2293 4625 2364 4680 ad
2397 4629 2634 4679 ceteras
2659 4640 2671 4677 :
2693 4621 3010 4693 statimque
3060 4622 3229 4678 nobis
3259 4623 3513 4678 occurrit
3561 4672 3564 4674 γ

53 4713 434 4783 ambulans,
469 4731 582 4772 non
613 4714 754 4769 vivit
781 4715 1106 4770 secundum
1139 4731 1396 4781 carnem,
1429 4715 1601 4786 cujus
1623 4733 1754 4771 mu-

53 4803 374 4875 nicipatis
407 4803 467 4859 in
499 4802 642 4860 ccelo
689 4807 779 4859 est
808 4802 1072 4874 (Philipp.
1107 4803 1212 4873 ιιι).
1249 4807 1564 4875 Postquam
1596 4805 1752 4860 enim

136 4943 230 5017 (α)
250 4943 418 5017 -Βυφί
442 4961 585 5000 mss.
618 4945 880 5012 Ananeel,
907 4943 1002 5000 hic
1032 4961 1266 5017 quoque
1288 4961 1463 5015 penes
1495 4946 1660 5015 LXX;
1696 4947 1753 5002 in

53 5015 213 5072 aliis
249 5015 456 5071 libriis
488 5017 764 5071 Anameel.

137 5086 231 5159 (b_)
261 5091 412 5142 Mss.
432 5088 660 5143 codices
676 5087 880 5159 legunt
897 5085 1182 5159 phasides;
1203 5086 1303 5159 sed
1329 5085 1629 5142 retinenda
1651 5086 1758 5143 lec-

53 5157 150 5212 tio
187 5156 503 5215 librorum
535 5156 824 5215 editorum
869 5156 1000 5214 aves
1029 5156 1314 5230 phasidis;
1334 5159 1482 5230 quia
1507 5159 1758 5230 phasidis

53 5232 154 5300 est.
187 5245 428 5285 nomen
452 5230 887 5288 substantivum
911 5246 1084 5286 casus
1107 5229 1366 5300 genitivi,
1384 5229 1762 5286 non’accusa-

54 5299 233 5354 .ivus
269 5301 529 5371 pluralis
550 5301 777 5358 numeri
799 5306 856 5356 et
874 5299 1226 5372 adjectiv’um
1261 5316 1491 5356 nomen.
1517 5302 1626 5356 Sed
1651 5303 1751 5356 ad-

53 5371 312 5427 iamus
345 5373 414 5430 in
443 5374 745 5430 codicibus
775 5389 918 5429 mss.
943 5371 1158 5444 sapius
1181 5372 1463 5443 scriptum
1497 5389 1624 5427 esse
1644 5374 1756 5428 ele-

53 5447 372 5525 mentum
407 5445 440 5525 Ι.
462 5462 566 5516 pro
597 5446 659 5516 Ε,
691 5450 749 5502 et
769 5445 1029 5525 vicissim
1059 5445 1100 5499 E
1130 5460 1231 5514 pro
1264 5444 1308 5506 l,
1337 5445 1534 5525 utjam
1565 5445 1758 5525 saepis-

53 5515 228 5569 Iime
247 5515 545 5572 docuisse
562 5533 655 5572 me
677 5516 919 5572 memini
937 5520 1255 5586 antequam
1274 5515 1473 5569 naeniae
1489 5517 1761 5580 Qumstio—

53 5601 214 5642 tum
253 5586 860 5660 Hieronymianarum
886 5585 1128 5643 Joannis
1142 5585 1351 5660 Clerici
1377 5587 1676 5660 prodirent
1699 5588 1756 5641 in

59 5671 312 5718 αωω.
370 5658 526 5716 Sunt
561 5677 744 5731 porro
792 5676 918 5716 aves
954 5659 1224 5731 phasidis,
1265 5660 1451 5731 nostri
1478 5658 1756 5730 phasiani,

53 5743 207 5784 ινθε
245 5733 420 5786 nota
449 5747 483 5787 a
513 5730 685 5788 Phasi
716 5731 890 5788 ﬂuvio
921 5730 994 5788 ad
1025 5747 1132 5789 nos
1160 5730 1440 5788 tradch
1471 5731 1544 5788 ab
1571 5732 1758 5804 Argo-

1863 4719 2030 4787 porta
2058 4712 2430 4785 angulorum,
2464 4711 2561 4765 ubi
2593 4709 2896 4782 angularis
2925 4710 3075 4783 lapis
3105 4715 3212 4778 est,
3241 4727 3401 4783 quem
3418 4727 3504 4766 re-

1858 4803 2237 4876 probaverunt
2261 4801 2620 4870 ¢aediﬁcantes,
2651 4802 2702 4854 et
2729 4801 2904 4870 factus
2932 4807 3011 4854 est
3040 4801 3100 4854 in
3128 4803 3289 4871 caput
3311 4799 3508 4868 anguli

1866 4945 2096 5000 nautis:
2133 4958 2200 4997 ex
2230 4958 2297 4998 ea
2328 4957 2583 5012 namque
2615 4940 2848 5012 regione
2891 4941 2950 4996 in
3003 4941 3284 4997 Graeciam
3315 4945 3505 4998 trans-

1864 5019 2123 5088 portatae
2145 5014 2366 5068 dicunt.
2390 5013 2807 5088 _V_ide_MartialA.
2833 5013 2934 5068 lib.
2958 5031 3082 5088 xui,
3111 5015 3199 5067 72.
3231 5013 3418 5088 Maa'r.
3440 5043 3511 5054 —

1862 5083 2042 5158 Eque
2091 5086 2254 5158 bene,
2304 5085 2591 5157 quidquid
2627 5085 2960 5140 Martianaao
2990 5085 3276 5155 videatur,
3308 5083 3513 5156 legunt

1868 5157 2012 5214 mss.
2044 5157 2323 5211 Phasides.

1936 5231 2008 5301 (c)
2041 5229 2302 5283 Ionicum
2334 5225 2507 5301 dixit,
2533 5225 2697 5301 _qui_a
2725 5228 2970 5301 Attagen
3003 5225 3232 5281 ionicus
3263 5227 3516 5301 maxime

1865 5296 2232 5356 celebratur:
2269 5297 2504 5354 consule
2533 5296 2782 5352 Plinium
2824 5296 2926 5351 lib.
2969 5315 3037 5359 x.
3088 5315 3214 5369 cap.
3273 5299 3360 5352 48.
3416 5301 3516 5354 Est

1864 5389 1996 5427 vero
2029 5376 2295 5442 Atttagen
2327 5370 2448 5424 avis
2478 5369 2961 5442 Asiaticanuam
2988 5385 3091 5442 nos
3117 5369 3512 5442 franculinum

1867 5445 2140 5507 dicimus,
2175 5439 2252 5496 an
2280 5441 2592 5512 francolin;
2625 5439 2848 5512 species
2891 5441 3155 5511 quaedam
3209 5440 3511 5510 phasiani,

1866 5532 1991 5586 quae
2008 5516 2132 5585 jam
2156 5513 2216 5567 in
2239 5511 2498 5586 Galliaet
2518 5511 2796 5586 Hispania
2817 5512 3044 5586 capitur
3061 5513 3382 5568 etmaxime
3411 5529 3518 5585 per

1865 5582 2074 5659 Alpes._
2107 5587 2351 5659 Attagen
2392 5582 2548 5659 olim
2578 5582 2941 5659 existimatos
2971 5582 3124 5639 inter
3156 5601 3316 5641 raras
3348 5582 3512 5656 aves,

1868 5653 2033 5716 ut'ex
2063 5656 2171 5713 hoc
2205 5653 2334 5712 loco
2361 5653 2672 5726 colligitur.
2707 5654 2895 5712 Mam.
