4034 6196
476 422 628 488 1831

1731 422 1795 485 S.
1843 417 2151 486 EUSEBII
2195 416 2638 483 HIERONYMI

3633 416 3746 488 1839

475 556 585 630 (Ps.
619 572 789 626 cxvu,
820 554 934 625 22).
969 553 1077 621 Qui
1098 552 1398 629 angularia
1424 554 1572 628 lapis
1592 554 1871 628 parietem
1896 560 2120 613 utrum-
2152 559 2203 624 Α
2229 571 2322 610 ma
2347 554 2473 610 Jesu
2504 553 2551 626 (Ι
2581 553 2705 609 Cor.
2736 550 2861 625 x11).
2898 548 2973 623 (b)
3000 550 3070 607 Et
3099 566 3196 624 pro
3227 549 3453 608 fratrum
3480 550 3629 611 salute
3650 573 3742 614 ana-

472 661 586 719 que
634 645 949 711 connectit,
1000 650 1059 701 et
1106 645 1252 700 duos
1300 646 1547 716 populos
1597 646 1655 700 in
1697 663 1880 701 unum
1913 646 2120 717 redigit

471 735 689 808 (Ephes.
725 736 820 806 11),
868 735 940 790 de
969 750 1085 806 quo
1115 738 1172 791 et
1212 739 1360 790 Deus
1404 734 1664 806 loquitur
1709 752 1811 807 per
1862 735 2069 791 Isaiam
2103 753 2115 791 :

468 826 598 881 Ecce
620 841 828 896 ponam
860 826 920 878 in
951 823 1079 878 Sion
1126 823 1365 895 lapidem
1394 825 1742 892 angularem,
1792 825 2021 878 electum
2067 828 2120 879 et

461 918 768 987 pretiosum
797 915 855 968 in
903 912 1279 984 fundamentis
1305 912 1425 982 ejus
1446 931 1463 965 :
1504 918 1557 967 et
1601 915 1698 983 qui
1737 913 2030 968 crediderit
2059 916 2119 967 in

465 1020 610 1070 eum,
640 1020 750 1059 non
778 1002 1145 1074 confundetur
1170 1003 1322 1073 ([sai.
1346 1019 1542 1068 xxvm,
1580 1003 1689 1070 16).
1715 1002 1819 1057 Hic
1841 1003 1991 1073 lapis
2016 1020 2115 1057 an-

467 1092 691 1165 gularis
717 1097 772 1147 et
794 1096 1030 1147 cmteras
1060 1090 1286 1162 lapides
1317 1091 1631 1162 angulares
1662 1092 2113 1162 supersedificari

469 1181 583 1237 sibi
600 1180 805 1247 voluit,
824 1185 889 1235 ut
908 1179 1209 1252 apostolus
1232 1179 1449 1235 Paulus
1476 1185 1674 1251 posset
1694 1180 1873 1236 libere
1894 1181 2113 1236 dicere:

469 1271 744 1341 Aidiﬁcati
770 1286 935 1340 super
959 1269 1380 1339 fundamentum
1411 1270 1776 1340 apostolorum
1805 1279 1856 1325 et
1881 1272 2113 1341 prophe-

469 1364 683 1425 tarum,
744 1361 858 1430 ipso
912 1374 1121 1413 summo
1177 1359 1441 1427 angulari
1487 1358 1672 1429 lapide
1723 1358 1935 1414 Christo
1982 1364 2117 1415 Jesu

468 1450 679 1521 (Ephes.
714 1465 775 1513 ιι,
808 1450 920 1516 20).
953 1448 1070 1502 Hos
1101 1446 1324 1518 lapides
1355 1464 1469 1501 non
1500 1446 1810 1502 imitantur
1841 1448 2113 1512 haeretici,

469 1538 569 1610 qui
600 1537 799 1593 omnia
826 1536 1022 1608 gloriae
1053 1540 1111 1591 et
1139 1535 1285 1591 lucri
1308 1552 1486 1591 causa
1508 1536 1747 1601 faciunt,
1779 1540 1836 1591 et
1867 1541 2034 1591 orant
2053 1536 2113 1590 in

469 1626 701 1699 angulis
732 1625 1122 1698 plantearum,
1153 1628 1370 1678 rectam
1400 1624 1671 1679 semitam
1698 1624 2113 1696 relinquentes.

467 1714 672 1771 Omnis
700 1714 856 1770 enim
887 1712 1140 1785 angulus
1173 1716 1389 1769 rectam
1419 1712 1635 1768 lineam
1669 1714 1883 1787 frangit
1908 1733 1920 1770 :
1949 1719 2005 1770 et
2028 1714 2110 1769 id-

467 1804 621 1860 circo
651 1803 928 1859 meretrix
964 1803 1024 1857 in
1056 1802 1384 1858 Proverbiis
1427 1803 1584 1873 (Cap.
1616 1804 1748 1875 v11),
1799 1809 2117 1874 utcumque

2228 643 2429 699 thema
2458 660 2586 699 esse
2618 642 2807 713 cupit,
2841 640 3056 696 imitari
3088 640 3279 696 volens
3307 641 3577 697 Dominum
3600 661 3743 714 suum,

2228 733 2329 804 qui
2360 737 2415 788 et
2445 733 2569 804 ipse
2608 748 2740 786 cum
2789 748 2901 785 non
2950 737 3101 785 esset
3146 730 3466 798 maledictio,
3512 749 3595 804 pro
3633 734 3747 791 nobis

2232 820 2418 876 factus
2442 825 2530 876 est
2555 820 2885 875 maledictio
2911 819 3084 890 (Rom.
3119 820 3215 889 Ix).
3247 818 3434 874 Ablato
3460 824 3616 875 autem
3641 824 3748 877 omni

2229 910 2621 973 anathemate,
2647 907 2942 963 habitabit
2959 906 3276 962 Jerusalem
3301 923 3483 962 secura
3504 913 3643 980 atque
3657 927 3749 965 con-

2228 999 2434 1061 ﬁdens,
2471 1002 2526 1051 et
2556 996 2701 1051 illud
2734 998 2794 1050 in
2821 1012 2883 1051 se
2914 994 3280 1065 exprimens:
3313 996 3669 1066 Qutconﬁditin
3690 1000 3753 1052 llo-

2226 1089 2396 1154 mino,
2432 1087 2615 1141 beatus
2644 1093 2737 1140 est.
2775 1086 2841 1138 Et
2871 1100 2883 1138 :
2916 1084 3109 1138 Melius
3134 1087 3210 1137 est
3236 1083 3478 1151 conﬁdere
3502 1086 3552 1138 in
3571 1085 3751 1151 Domino,

2227 1193 2394 1248 quam
2421 1175 2686 1243 conﬁdere
2715 1177 2777 1229 in
2810 1174 3034 1228 homine
3063 1172 3177 1244 (Ps.
3199 1188 3363 1239 cxvn,
3393 1174 3475 1237 8):
3504 1173 3562 1227 de
3585 1190 3674 1244 qua
3693 1190 3753 1229 se-

2226 1266 2469 1321 curitate
2500 1269 2555 1319 et
2585 1263 2938 1319 confidentia
2986 1260 3266 1317 Jeremias
3304 1260 3550 1331 propheta
3572 1277 3753 1316 comme-

2226 1360 2414 1410 morat
2443 1372 2456 1409 :
2489 1353 2809 1409 Benedictus
2838 1353 2948 1406 erit
2977 1350 3156 1418 homo,
3186 1352 3277 1421 qui
3299 1351 3499 1421 conﬁdit
3523 1352 3573 1404 in
3592 1353 3757 1406 Domino

2225 1446 2442 1517 (Jerem.
2476 1460 2612 1514 xvu,
2646 1443 2722 1514 7).

2293 1534 2458 1603 (Vers
2491 1535 2601 1602 12.)
2634 1533 2699 1587 Et
2717 1532 2835 1587 hmo
2855 1532 2959 1586 erit
2987 1530 3156 1600 plaga
3184 1546 3289 1601 qua
3313 1528 3548 1599 percutiet
3568 1529 3759 1583 Dominus

2224 1638 2405 1679 omnes
2433 1631 2636 1692 gentes,
2670 1635 2795 1691 quae
2819 1622 3203 1690 pugnaverunt
3231 1618 3498 1672 adversum
3516 1618 3757 1672 Jerusalem.

2229 1715 2474 1768 Tabescet
2498 1727 2622 1766 caro
2662 1710 3088 1779 uniuscujusque
3116 1709 3311 1762 stantis
3343 1721 3492 1777 super
3510 1705 3640 1777 pedes
3660 1721 3759 1770 suos,

2224 1806 2277 1857 et
2305 1802 2449 1858 oculi
2474 1803 2592 1871 ejus
2621 1798 2992 1854 contabescent
3023 1798 3081 1850 in
3108 1795 3458 1867 [oraminibus
3482 1796 3594 1859 suis,
3624 1803 3662 1849 et
3684 1794 3761 1847 lin-

468 1910 599 1950 eam
628 1893 890 1964 accipere
917 1890 1299 1961 voluerimus,
1332 1891 1500 1962 cujus
1528 1908 1643 1946 non
1674 1892 1987 1962 quiescunt
2017 1909 2114 1963 pe-
2147 1922 2195 1986 B
2222 1908 2330 1962 gua
2351 1906 2537 1945 eorum
2556 1888 2886 1944 contabescet
2907 1888 2968 1941 in
2986 1901 3078 1941 ore
3096 1901 3193 1941 suo
3225 1883 3405 1956 (Vulg.
3426 1883 3621 1953 eorum].
3646 1881 3760 1935 Ulli:

468 1983 572 2038 des
593 1982 774 2048 domi,
800 1982 900 2036 sed
926 1984 1025 2035 aut
1045 1980 1186 2035 foris
1211 1983 1474 2050 vagatur,
1509 1984 1610 2035 aut
1640 1980 1698 2034 in
1730 1981 2005 2036 omnibus
2026 1981 2115 2036 in-

469 2070 722 2127 sidiatur
769 2068 1003 2141 angulis
1052 2067 1397 2139 platearum,
1447 2084 1580 2123 cum
1610 2068 1818 2124 viderit
1839 2071 2115 2140 juvenem

469 2158 847 2230 insipientem
871 2159 1008 2228 (non
1026 2156 1101 2228 (a)
1124 2156 1329 2211 invitat
1348 2156 1503 2211 enim
1525 2173 1701 2227 quem
1724 2159 1973 2214 senserit
1990 2175 2117 2215 esse

468 2248 815 2322 prudentem
839 2250 897 2300 ct
924 2249 1226 2300 maturum
1254 2248 1570 2315 senectute,
1594 2246 1666 2301 de
1685 2263 1800 2318 quo
1833 2247 2116 2319 scriptum

466 2339 556 2393 est
576 2332 731 2407 (Sap.
757 2352 831 2400 1v,
858 2334 917 2402 8)
941 2351 953 2389 :
990 2334 1138 2389 Cani
1164 2334 1405 2389 hominis
1433 2335 1703 2404 sapientia
1725 2336 1883 2406 ejus),
1919 2337 2115 2392 statim

468 2423 875 2498 apprehendit,
910 2426 968 2479 et
998 2421 1298 2478 osculatur
1320 2426 1496 2493 atque
1515 2422 1836 2495 blanditur,
1871 2429 1928 2480 et
1957 2426 2119 2481 ducit

468 2515 540 2570 ad
561 2513 830 2584 lupanar,
846 2515 905 2568 et
920 2511 1129 2566 invitat
1145 2511 1217 2566 ad
1241 2511 1481 2566 coitum.
1500 2511 1922 2584 Relinquamus
1939 2514 2120 2584 igitur

468 2598 778 2657 simulatos
809 2597 1140 2669 angulatos,
1193 2602 1249 2653 et
1291 2598 1362 2652 ad
1406 2598 1610 2654 ﬁrmos
1640 2604 1813 2671 atque
1844 2602 2118 2657 robustos

467 2688 683 2745 Christi
723 2686 973 2760 angulos
1018 2690 1413 2769 transeamps,
1466 2688 1539 2742 ad
1571 2704 1717 2758 quos
1749 2705 1883 2744 cum
1915 2706 2117 2761 perve-

477 2777 765 2843 nerimus,
783 2775 983 2832 statim
1014 2775 1184 2831 nobis
1214 2775 1467 2831 occurrit
1493 2777 1670 2832 turris
1697 2778 2116 2851 Ananeel,quod

464 2865 905 2937 interpretatur,
930 2864 1279 2936 gratissimus
1310 2865 1424 2920 Dei.
1460 2865 1607 2930 Quid
1635 2866 1791 2921 enim
1826 2871 1983 2923 turre
2013 2868 2115 2924 Sa-

465 2954 720 3011 lomonis
764 2953 989 3025 gratius
1034 2952 1170 3008 est?
1200 2954 1273 3008 de
1303 2970 1419 3025 qua
1446 2954 1518 3018 ad
1554 2971 1832 3025 sponsam
1865 2956 2115 3013 dicitur:

373 3096 387 3108 ,
465 3043 619 3099 Sicut
663 3044 838 3098 turris
884 3041 1057 3097 David
1103 3042 1295 3097 cervix
1332 3046 1449 3107 tua,
1493 3058 1621 3113 quae
1646 3043 1924 3112 aediﬁcata
1950 3049 2029 3099 est
2058 3047 2118 3099 in

469 3131 793 3203 Thalphioth
815 3148 833 3184 :
864 3131 1024 3185 mille
1052 3132 1207 3184 scuta
1242 3129 1476 3200 pendent
1505 3144 1669 3201 super
1697 3132 1857 3187 illam
1883 3148 1896 3187 :
1930 3134 2117 3188 omnia

465 3220 650 3282 iacula
666 3220 975 3290 potentium
998 3219 1179 3287 (Cant.
1206 3231 1283 3284 ιν,
1308 3218 1382 3288 4).
1408 3218 1568 3274 Hanc
1591 3223 1810 3274 turrem
1836 3220 2117 3276 Dominus

464 3307 525 3363 in
546 3305 854 3379 Evangelio
879 3306 1035 3377 (Cap.
1059 3305 1172 3376 x1v)
1194 3305 1471 3360 aedificari
1494 3305 1636 3377 vult,
1659 3308 1928 3378 expensis
1951 3310 2114 3380 prius
2145 3290 2187 3355 ί)

464 3400 523 3453 et
537 3394 877 3467 sumptibus
893 3394 1256 3467 supputatis:
1283 3400 1342 3450 et
1356 3394 1426 3450 de
1441 3411 1558 3466 qua
1569 3395 1783 3451 dicitur
1800 3397 1869 3450 ad
1883 3398 2115 3453 Jerusa-

464 3484 580 3542 lem
610 3503 623 3541 :
657 3484 811 3542 925
838 3486 961 3541 Fiat
986 3499 1103 3556 pax
1131 3485 1191 3538 in
1220 3484 1422 3539 virtute
1449 3487 1565 3551 tua,
1606 3493 1661 3540 et
1688 3486 2025 3542 abundantia
2054 3489 2115 3542 in

462 3576 713 3632 turribus
740 3576 854 3631 tuis
882 3574 993 3646 (Ps.
1028 3590 1179 3639 cxxi,
1207 3573 1285 3645 7),
1317 3573 1389 3628 de
1420 3589 1538 3644 qua
1568 3576 1625 3629 et
1644 3579 1883 3630 sanctus
1905 3576 1976 3630 ad
2008 3576 2115 3631 Do-

434 3665 692 3720 ‘minum
724 3663 1025 3735 loquitur:
1078 3662 1364 3718 Deduxisti
1399 3678 1505 3734 me,
1557 3664 1818 3734 quoniam
1853 3666 2031 3735 factus
2060 3682 2115 3721 es

458 3770 580 3826 spes
603 3770 730 3809 mea
754 3770 773 3807 :
800 3754 975 3808 turris
1001 3751 1347 3824 fortitudinis
1372 3768 1406 3806 a
1433 3753 1577 3823 facie
1616 3753 1835 3807 inimici
1875 3755 1986 3824 (Ps.
2022 3771 2110 3825 Lx,

462 3843 536 3916 4).
568 3843 649 3899 De
679 3847 840 3898 turre
869 3841 1121 3897 Ananeel
1164 3840 1538 3912 pervenimus
1569 3841 1641 3896 ad
1674 3841 1827 3913 regis
1858 3842 2110 3899 torcula-

460 3932 567 4002 ria,
617 3948 720 4003 pro
772 3930 989 4003 quibus
1027 3934 1085 3985 et
1111 3934 1233 3985 tres
1263 3928 1475 4000 psalmi
1505 3928 1741 3984 titulum
1773 3929 2010 3986 habent.
2046 3932 2114 3987 Et

460 4020 741 4076 Dominus
772 4019 914 4076 dicit
941 4019 1001 4074 in
1032 4018 1221 4074 Isaia:
1258 4019 1518 4074 Torcular
1536 4018 1752 4073 calcavi
1778 4019 1925 4075 solus
1957 4020 2107 4091 (Isai.

463 4127 618 4174 LX111,
650 4109 725 4179 3),
758 4113 825 4163 ut
853 4108 1129 4163 exuberet
1167 4107 1227 4162 in
1275 4106 1394 4162 illis
1439 4110 1642 4162 nostra
1680 4106 2004 4179 vindemia,
2056 4113 2114 4173 et

461 4196 860 4267 exprimamus
879 4196 1099 4264 botros,
1134 4198 1192 4250 et
1212 4194 1483 4250 rubentia
1502 4194 1561 4249 in
1584 4194 1801 4251 Christi
1826 4198 2113 4270 sanguine

465 4288 663 4341 musta
691 4282 1018 4351 calcemus;
1052 4287 1117 4338 ut
1143 4284 1420 4340 bibamus
1449 4283 1653 4339 vinum
1675 4286 1831 4357 quod
1857 4285 2113 4342 laetiﬁcat

460 4390 561 4430 cor
592 4371 848 4429 hominis
878 4372 994 4444 (Ps.
1029 4374 1184 4441 c111);
1230 4375 1287 4428 et
1316 4388 1535 4444 sponsa
1589 4373 1881 4429 desiderat
1910 4376 2112 4447 sponsi

460 4461 761 4520 sodalibus
780 4460 1028 4534 loquens
1051 4477 1065 4516 :
1097 4461 1345 4518 Inducite
1360 4477 1447 4517 me
1468 4462 1529 4515 in
1550 4461 1749 4517 cellam
1766 4464 1907 4532 vini,
1925 4466 2111 4534 ponite

457 4569 620 4624 super
646 4567 734 4607 me
760 4552 1086 4607 charitatem
1115 4549 1295 4623 (Cant.
1328 4567 1391 4617 11,
1425 4550 1501 4622 4).
1535 4549 1595 4605 Si
1627 4567 1733 4605 nos
1778 4550 2111 4608 istiusmodi

2228 1982 2303 2034 Et
2331 1978 2449 2035 haec
2477 1979 2583 2032 erit
2605 1978 2771 2031 ruina
2801 1992 2911 2046 qua
2937 1975 3201 2046 percutiet
3220 1975 3467 2028 Dominus
3483 1986 3634 2027 omnes
3648 1986 3763 2040 popa

2228 2070 2307 2124 los
2335 2070 2433 2140 qui
2462 2067 2843 2122 militaverunt
2865 2072 3058 2119 contra
3075 2063 3407 2120 Jerusalem.
3438 2061 3669 2117 Tabescent
3688 2074 3766 2113 cars

2225 2174 2321 2213 nes
2352 2173 2541 2212 eorum
2568 2157 2832 2211 stantium
2851 2169 3020 2225 super
3038 2153 3202 2224 pedes
3229 2167 3367 2217 suos,
3397 2159 3444 2205 et
3466 2150 3589 2205 oculi
3607 2149 3765 2203 illorum

2226 2246 2462 2316 ale/luent
2491 2246 2556 2301 de
2573 2245 2943 2316 foraminibus
2971 2258 3189 2312 eorum,
3213 2248 3261 2296 et
3280 2242 3458 2311 lingua
3476 2253 3634 2293 eorum
3649 2235 3767 2291 tabes-

2232 2341 2313 2391 cet
2340 2337 2401 2390 in
2458 2350 2550 2390 ore
2605 2349 2812 2388 eorum.
2864 2332 2998 2395 Quae
3045 2347 3304 2403 passurae
3344 2328 3456 2384 sint
3488 2330 3654 2399 gentes
3683 2339 3769 2394 qua

2228 2428 2431 2480 contra
2451 2424 2656 2478 urbem
2678 2420 2909 2477 Domini
2932 2418 3322 2485 dimicabunt,
3340 2432 3568 2489 presens
3584 2413 3770 2485 Scriptu-

2228 2529 2295 2568 ra
2322 2515 2572 2567 testatur
2602 2528 2615 2566 :
2649 2510 2918 2579 Stabunt,
2964 2507 3182 2578 inquit,
3217 2522 3389 2578 super
3417 2506 3570 2577 pedes
3594 2519 3713 2566 suos,
3734 2505 3771 2555 et

2228 2617 2362 2657 caro
2384 2617 2586 2656 eorum
2608 2599 2866 2655 tabescet
2889 2600 2946 2653 et
2966 2596 3206 2663 deﬂuat,
3239 2599 3295 2651 et
3321 2594 3463 2651 oculi
3481 2608 3646 2649 eorum
3663 2605 3771 2645 com-

2228 2692 2582 2762 putrescent,
2614 2692 2670 2743 et
2702 2689 2772 2743 de
2804 2687 2930 2743 suis
2960 2686 3117 2743 920
3151 2684 3522 2741 foraminibus
3547 2680 3770 2743 excident;

2226 2779 2430 2851 lingua
2456 2776 2855 2850 magniloqua,
2879 2792 3007 2848 quas
3040 2775 3138 2830 Dei
3172 2773 3446 2847 populum
3473 2768 3771 2842 blasphemat,

2228 2868 2483 2924 solvetur
2502 2867 2561 2921 in
2585 2865 2830 2935 saniem,
2855 2868 2911 2919 et
2932 2865 3087 2919 intra
3108 2863 3329 2919 vallum
3351 2861 3587 2917 dentium
3599 2872 3772 2926 compu-

2226 2959 2456 3011 trescet.
2490 2959 2619 3010 Haec
2650 2970 2856 3026 passos
2888 2969 3005 3008 non
3034 2968 3164 3008 esse
3190 2952 3473 3007 Romanos
3499 2947 3584 3019 qui
3608 2946 3773 3001 Jerusa-

2228 3045 2343 3100 lem
2371 3044 2799 3107 subverterunt,
2821 3040 3049 3097 cunctis
3070 3041 3407 3112 persicuum
3426 3042 3533 3093 est:
3563 3034 3652 3090 nisi
3677 3032 3774 3086 forte

2225 3133 2409 3189 Judaei
2426 3133 2557 3187 illas
2574 3132 2838 3187 nationes
2854 3133 3123 3186 asserunt
3140 3130 3251 3200 [Αἱ.
3268 3126 3532 3197 asserent]
3547 3134 3774 3197 perpessu-

2226 3239 2342 3292 ras,
2377 3238 2505 3293 quae
2535 3225 2735 3277 contra
2764 3235 3003 3275 auream
3036 3223 3094 3273 et
3122 3223 3474 3290 gemmatam
3501 3212 3776 3269 dimicatura:

2224 3314 2363 3366 sunt
2380 3308 2732 3365 Jerusalem.
2756 3309 2871 3363 Nos
2893 3311 3088 3362 autem
3120 3306 3407 3376 dicemus,
3440 3317 3612 3359 omnes
3637 3310 3773 3370 perse-

2223 3403 2476 3467 cutores,
2527 3396 2629 3469 qui
2676 3396 3011 3451 afﬂixerunt
3053 3393 3376 3451 Ecclesiam
3408 3390 3626 3455 Domini,
3650 3392 3698 3440 ut
3714 3390 3775 3438 ta-

2223 3504 2461 3543 ceamus
2510 3487 2582 3541 de
2632 3485 2844 3541 futuris
2887 3484 3276 3552 cruciatibus,
3309 3483 3477 3539 etiam
3503 3482 3554 3535 in
3581 3470 3778 3550 presenti

2224 3576 2442 3632 saeculo
2474 3575 2764 3647 recepisse
2794 3591 2921 3645 quas
2956 3573 3219 3629 fecerint.
3246 3574 3524 3644 Legamus
3547 3561 3781 3622 Ecclesias-

2222 3666 2370 3721 ticas
2427 3664 2736 3733 historias,
2796 3662 2933 3734 quid
2994 3662 3376 3727 Valerianus,
3431 3658 3559 3732 quid
3606 3651 3778 3711 Decius,

2223 3754 2363 3827 quid
2414 3752 2826 3820 Diocletianus,
2875 3752 3017 3823 quid
3049 3751 3456 3817 Maximianus,
3488 3747 3547 3819 (ο)
3574 3742 3684 3816 quid
3708 3755 3779 3794 sa-

2218 3844 2498 3899 vissimus
2541 3842 2806 3897 omnium
2838 3840 3212 3906 Maximinus,
3268 3845 3326 3895 et
3366 3853 3539 3910 nuper
3560 3831 3780 3890 Julianus.

2221 3933 2377 4006 passi
2411 3932 2564 3988 sint:
2601 3936 2660 3987 et
2688 3935 2828 3985 tunc
2859 3930 3033 3985 rebus
3075 3928 3457 4001 probabimus
3495 3922 3646 3980 etiam
3663 3917 3785 4006 juxta

2219 4000 2492 4090 litteram,
2509 4018 2824 4092 prophetiae
2847 4000 3143 4073 veritatem
3171 4033 3305 4073 esse
3327 4013 3658 4086 completam,
3673 4000 3783 4077 quod

2220 4109 2687 4181 computruerint
2708 4123 2914 4162 carnes
2934 4122 3157 4177 eorum,
3181 4110 3243 4161 et
3266 4104 3417 4161 oculi
3440 4093 3787 4159 contabuerint,

2220 4202 2277 4255 et
2305 4197 2510 4270 lingua
2528 4197 2586 4251 in
2615 4196 2891 4268 pedorem
2919 4198 2977 4249 et
2996 4194 3223 4249 saniem
3249 4192 3528 4267 dissoluta
3551 4188 3631 4243 sit.
3658 4188 3788 4237 Porro

2220 4288 2270 4344 si
2287 4304 2357 4343 ex
2373 4286 2483 4341 hoc
2503 4284 2657 4341 dicto
2680 4283 2966 4340 hareticis
2982 4284 3120 4339 crud
3131 4282 3302 4339 elitas
3316 4281 3415 4338 Dei
3434 4280 3635 4336 videtur
3648 4274 3791 4329 osten-

2219 4376 2299 4443 di,
2331 4373 2531 4431 audiat
2561 4373 2683 4428 haac
2709 4374 2980 4429 universa
3004 4373 3147 4439 ﬁeri,
3172 4378 3241 4428 ut
3270 4367 3649 4427 deﬁcientibus
3665 4355 3791 4414 malis

2220 4456 3133 4525 succres‘cantbonaﬂuienimin
3150 4460 3401 4517 Domino
3413 4462 3597 4514 etcum
3609 4445 3792 4509 Domino

2221 4553 2465 4619 steterit,
2489 4551 2747 4607 deﬂuant
2766 4552 2894 4621 ejus
2917 4549 3196 4618 carnalia,
3215 4554 3285 4605 ut
3304 4549 3558 4605 oriantur
3575 4537 3791 4621 spiritus-

460 4620 1160 4706 inebriarinttorcularia,
1179 4620 1579 4695 habitabimus
1602 4638 1660 4693 in
1679 4638 2028 4711 Jerusalem,
2052 4641 2111 4697 in
2145 4654 2190 4719 Ι)
2221 4640 2319 4712 lia,
2350 4645 2408 4696 et
2437 4640 2589 4696 oculi
2622 4640 2720 4713 qui
2747 4620 2897 4695 male
2920 4639 3217 4706 videbant,
3243 4638 3453 4693 cadent
3473 4636 3539 4691 de
3558 4620 3792 4719 foramini-

459 4747 579 4803 qua
599 4729 915 4786 anathema
934 4729 1091 4784 ultra
1112 4745 1228 4785 non
1250 4727 1379 4793 erit,
1411 4726 1740 4783 maledictio
1764 4728 2033 4786 videlicet
2060 4734 2116 4786 et

458 4817 842 4874 abominatio.
894 4817 1060 4873 Unde
1104 4816 1246 4872 dicit
1287 4820 1346 4872 et
1375 4816 1730 4887 Apostolus:
1764 4816 1827 4872 Si
1854 4820 1977 4888 quis
2006 4836 2117 4875 non

458 4915 611 4963 amat
640 4908 962 4972 Dominum,
1009 4907 1085 4960 sit
1130 4905 1424 4960 anathema
1468 4904 1512 4976 (Ι
1545 4907 1666 4961 Cor.
1700 4921 1816 4971 xvx,
1847 4906 1923 4978 2).
1958 4907 2027 4961 Et
2053 4907 2113 4963 in

459 4995 573 5052 alio
603 4995 731 5051 loco
763 5011 777 5050 :
804 4998 975 5051 Nemo
1002 4996 1065 5050 in
1092 4995 1293 5067 spiritu
1321 4994 1419 5049 Dei
1449 4994 1692 5065 loquens,
1724 4993 1861 5052 dicit
1885 4997 2113 5053 anathe-

554 5174 609 5246 a)
639 5172 847 5246 Begin.
882 5190 1024 5246 ms.,_
1051 5172 1328 5246 nonpitat
1358 5172 1507 5246 enim
1537 5175 1862 5246 quem,‘e_tc.

554 5242 607 5316 b)
635 5242 903 5301 Notanda
932 5244 1133 5316 isthasc
1170 5242 1505 5316 Hieronymi
1548 5242 1832 5314 expositio
1855 5249 2115 5316 propter

458 5314 816 5389 imperitiam
877 5315 1214 5389 criticorum
1261 5314 1687 5370 neotericorum
1702 5359 1716 5379 ,
1742 5314 1897 5389 _qui_
1912 5314 2115 5372 volunt

459 5385 706 5443 Paulum
739 5387 907 5442 aliter
937 5387 1215 5453 sensisse,
1249 5391 1305 5441 et
1324 5390 1526 5441 contra
1579 5385 1915 5441 unanimem
1943 5405 2109 5445 sanc-

459 5463 656 5515 torum
689 5459 927 5515 Patrum
958 5474 1311 5514 consensum
1343 5458 1554 5530 docent
1600 5456 1788 5530 multa
1817 5476 1944 5530 quas
1977 5477 2107 5517 nes-

460 5530 644 5596 ciunt,
692 5530 754 5585 in
801 5531 911 5586 hoc
954 5546 1015 5586 se
1045 5531 1248 5586 doctos
1277 5528 1648 5597 arbitrantes,
1681 5529 1731 5585 si
1762 5528 2025 5587 inaudita
2054 5536 2113 5587 et

464 5616 613 5670 nova
641 5600 976 5670 loquantur.
1011 5601 1199 5656 MART.

532 5668 602 5747 (9)
636 5668 931 5748 Interserit
951 5672 1245 5748 idem_1_ns_.
1267 5670 1405 5748 quid
1421 5672 1706 5748 Licinius:
1743 5671 1844 5748 qui
1871 5672 2108 5748 quidem

461 5740 520 5795 et
547 5739 977 5813 immanissima
1004 5741 1067 5797 in
1095 5739 1458 5798 Christianos
1487 5742 1695 5814 saeviit,
1725 5739 1783 5801 et
1811 5739 2050 5803 tandem
2074 5762 2109 5803 a

2222 4730 2335 4785 bus
2365 4728 2511 4795 suis,
2538 4732 2603 4784 ut
2633 4728 2731 4783 alii
2761 4732 3141 4800 reponantur,
3177 4727 3279 4799 qui
3310 4724 3530 4799 possint
3548 4716 3791 4800 Dominuln

2223 4818 2520 4891 suscipere
2543 4834 2678 4873 cum
2700 4798 2984 4889 propheta
3003 4798 3233 4872 dicente
3259 4833 3272 4871 :
3306 4798 3386 4870 Ad
3415 4823 3466 4870 te
3493 4807 3646 4867 levavi
3662 4798 3793 4860 ocul“

2220 4922 2385 4974 meos,
2416 4907 2513 4978 qui
2541 4906 2755 4961 habitas
2784 4907 2845 4960 in
2873 4905 3023 4961 caelis
3053 4905 3165 4977 (Ps.
3199 4921 3384 4970 cxxn,
3437 4902 3505 4973 1).
3551 4898 3611 4953 Et
3644 4893 3793 4960 lingua

2220 4995 2640 5069 blasphemans
2661 4995 2788 5052 ideo
2806 4998 3254 5068 computrescet,
3269 4998 3336 5049 ut
3351 4992 3528 5049 altera
3545 4986 3712 5058 lingua
3723 4990 3792 5033 na-

2220 5170 2508 5244 militibus
2533 5170 2875 5244 interfectus
2895 5175 3004 5227 est.
3029 5171 3104 5226 De
3127 5170 3353 5226 caeteris
3378 5169 3459 5223 ita
3481 5162 3791 5244 Hierouylllgf

2220 5242 2624 5314 colligit,quod
2641 5242 2989 5298 Maximiano
3004 5258 3210 5314 carnes
3221 5235 3686 5314 computruerint:

2219 5295 3278 5371 simussimus:uarietate3'
3299 5295 3516 5384 uagas
3562 5295 3789 5384 pedorgft

2219 5368 2381 5442 sanie
2403 5368 2816 5440 Diocletianus.
2843 5368 3079 5441 Priores
3097 5385 3264 5454 duos,
3287 5368 3640 5454 ValEriapﬁm
3657 5368 3789 5454 θῑθέζ

2218 5437 2560 5523 anatis;
2572 5437 2937 5528 saginata
2948 5437 3274 5526 massa;
3289 5437 3368 5528 se
3379 5437 3652 5528 prapbete
3665 5437 3788 5528 venit

2219 5546 2335 5584 non
2364 5516 2712 5599 t'rahit,.nisi
2742 5544 2828 5599 eo,
2871 5529 3014 5611 quod
3043 5516 3271 5584 Domini
3286 5516 3425 5581 ultio
3443 5516 3729 5651 1(“apparuerit
3748 5520 3785 5559 ω

2219 5601 2559 5651 adversarios
2587 5602 2726 5651 eius.
2775 5603 2840 5651 ut
2880 5616 3006 5651 1086
3034 5600 3118 5651 ait
3146 5613 3327 5651 supra
3352 5597 3414 5651 in
3494 5606 3619 5649 sum
3643 5591 3785 5651 cap-1°

2217 5591 2563 5673 adversarios
2587 5602 2726 5673 ejus,
2775 5591 2840 5655 ut
2880 5591 3006 5673 ipse
3034 5600 3118 5673 ait
3146 5613 3327 5673 supra
3351 5597 3414 5673 _in
3443 5591 3619 5673 Neam
3643 5591 3786 5673 δεξί’

2216 5671 2426 5728 Confer
2453 5660 2696 5728 aureum
2713 5660 3010 5729 Lactantii
3038 5660 3396 5738 libellum,de
3434 5660 3675 5723 mortibus
3694 5660 3785 5709 Ρσ·

2214 5748 2545 5803 secutorum.
