3938 6174
103 252 266 315 1537

688 250 1433 316 COMMENTARIORUM
1479 253 1557 314 lN
1598 249 2061 315 ZACHARIAM
2103 250 2357 314 LIBER.
2401 250 2511 313 Ill.
2556 251 2729 314 CAP.
2772 251 2934 319 XIV.

3348 256 3509 325 1838

102 386 229 441 vir:
267 385 449 443 Unum
462 387 637 458 petivi
664 403 698 441 a
721 388 977 454 Domino,
1001 385 1101 442 hoc
1128 386 1429 457 requiram,
1451 394 1513 442 ut
1531 386 1751 442 inhabi-
1781 390 1837 458 Α
1868 400 1933 441 ac
1962 384 2238 441 tribubus
2253 389 2418 441 terris
2448 389 2556 455 est,
2588 389 2646 442 et
2672 385 2888 443 idcirco
2918 388 3233 447 Dominum
3262 406 3377 447 non
3410 409 3510 466 po?

101 479 214 531 tem
241 476 301 530 in
330 476 489 531 domo
518 478 742 532 Domini
769 477 1017 532 omnibus
1045 476 1233 531 diebus
1264 477 1394 532 vitm
1422 493 1580 541 mem,
1605 484 1654 531 et
1675 478 1753 531 vi-

101 563 260 619 deam
293 565 717 621 delectationem
748 567 987 629 Domini,
1018 573 1069 621 et
1101 566 1311 620 visitem
1347 567 1607 637 templum
1637 567 1753 635 ejus

102 653 221 724 (Ps.
242 670 393 720 xxvr,
413 655 488 725 4).
507 655 614 720 Qui
645 655 704 709 in
738 654 1070 709 istiusmodi
1094 653 1317 709 habitat
1338 654 1753 724 tabernaculis,

103 747 163 798 et
193 744 265 799 de
296 742 696 799 tabernaculis
718 745 788 798 ad
818 743 984 812 atria,
1007 748 1064 797 et
1091 743 1162 797 de
1194 742 1358 797 atriis
1386 744 1459 797 ad
1492 743 1754 814 domum,

104 836 164 888 et
194 832 265 888 de
296 832 471 887 domo
503 833 571 888 ad
604 831 893 903 templum
925 831 1153 888 Domini
1183 831 1266 887 ire
1298 832 1551 902 festinat,
1585 833 1759 887 debet

106 920 404 977 celebrare
425 921 714 977 solemnia
736 920 1248 976 tabernaculorum
1273 921 1331 975 in
1355 919 1757 992 lignosapien-

103 1010 201 1066 tim
233 1009 818 1083 pulcherrimo,932
843 1011 911 1065 de
930 1026 1044 1081 quo
1077 1010 1134 1065 in
1159 1009 1481 1064 Proverbiis
1503 1010 1755 1065 dicitur:

105 1103 352 1170 Lignum
380 1101 510 1157 vitae
529 1107 609 1155 est
627 1099 882 1155 omnibus
903 1101 999 1170 qui
1025 1101 1473 1170 appropinquant
1499 1101 1638 1163 ei,et
1664 1100 1763 1171 qui

107 1189 714 1261 reclinantursuper(a)
729 1190 1040 1259 eum,quasi
1048 1204 1217 1259 super
1235 1188 1457 1243 domum
1477 1189 1761 1257 ﬁrmitatis

106 1280 297 1349 (Prov.
331 1295 414 1343 ιιι.
454 1278 561 1348 18).
586 1278 655 1332 Et
684 1277 743 1331 in
768 1277 947 1332 ramis
978 1276 1329 1349 palmarum,
1353 1276 1412 1331 in
1446 1275 1659 1348 quibus
1681 1276 1761 1332 si-

106 1383 293 1440 gnum
314 1366 587 1436 victoriae,
602 1372 658 1421 et
672 1365 905 1421 virtutis
928 1365 1232 1438 praemium
1251 1365 1603 1432 continetur,
1619 1369 1676 1421 et
1701 1365 1759 1420 in

110 1456 422 1512 frondibus
442 1455 808 1511 densissimas
832 1453 1056 1510 arboris
1087 1470 1261 1525 quam
1287 1458 1544 1523 myrtum
1572 1452 1760 1509 Judaei

108 1543 709 1617 intelligunt,propter
730 1542 1240 1598 mortificationem
1255 1542 1329 1613 (ὁ)
1344 1542 1537 1597 carnis
1551 1559 1617 1597 ac
1631 1542 1762 1597 libi-

108 1633 343 1689 dinum.
377 1632 539 1689 Unde
560 1637 619 1688 et
650 1631 894 1688 Domino
921 1630 1207 1687 Salvatori
1240 1648 1274 1685 ε.
1303 1631 1491 1703 magis
1526 1631 1765 1703 myrrha

109 1722 357 1778 oﬂ'ertur
382 1722 444 1777 in
493 1737 737 1777 munere
765 1721 936 1793 (Matt.
972 1722 1052 1789 ιι).
1102 1719 1175 1774 Et
1205 1719 1263 1774 in
1314 1721 1515 1787 ramis,
1548 1719 1760 1791 inquit,

109 1811 315 1867 salicis
343 1816 400 1867 et
420 1809 643 1883 populi,
673 1826 850 1881 quam
883 1810 1123 1881 quidam
1151 1825 1329 1864 unam
1363 1810 1629 1864 arborem
1661 1826 1758 1865 vo-

110 1904 288 1967 cant;
320 1899 636 1971 ipsumque
671 1898 811 1969 ligni
862 1914 1074 1953 nomen
1125 1898 1277 1969 quod
1330 1897 1520 1953 Graece
1550 1898 1763 1952 dicitur

112 1988 299 2062 ἁγνὸς,
322 1988 542 2043 indicat
572 1987 917 2043 castitatem.
946 1986 1124 2041 Aiunt
1145 1985 1450 2052 medici,et
1474 1986 1532 2040 hi
1564 1987 1663 2058 qui
1690 1987 1762 2042 de

111 2079 386 2134 arborum
406 2083 463 2133 et
479 2077 793 2133 herbarum
813 2076 1096 2147 scripsere
1116 2075 1364 2146 naturis,
1382 2076 1536 2147 quod
1558 2076 1607 2131 si
1628 2076 1763 2147 quis

112 2172 315 2223 ﬂorem
348 2164 566 2233 salicis,
592 2166 711 2221 sive
740 2165 846 2236 [Αἰ.
872 2165 947 2235 et]
981 2164 1179 2236 populi
1206 2164 1452 2219 mixtum
1483 2181 1635 2236 aqua
1656 2166 1760 2234 [Αἱ.

111 2254 302 2328 aqua]
320 2255 552 2321 biberit,
575 2253 769 2310 omnis
790 2254 850 2309 in
867 2270 933 2309 eo
956 2253 1230 2326 frigescat
1251 2253 1764 2321 calor,etlibidinis

111 2360 264 2401 vena
300 2343 568 2411 siccetur,
602 2342 873 2415 ultraque
903 2341 1054 2397 ﬁlios
1102 2358 1377 2414 generare
1408 2359 1524 2398 non
1557 2342 1761 2414 possit.

114 2431 226 2495 Qui
246 2431 453 2487 talium
471 2431 746 2487 arborum
770 2429 951 2485 ramis
976 2433 1273 2501 protectus
1295 2430 1487 2497 fuerit,
1503 2434 1766 2487 exerceat

113 2520 488 2577 festivitatem
504 2519 950 2575 tabernaculoru
960 2535 1016 2573 m
1026 2563 1041 2589 ,
1055 2522 1283 2574 sextum
1298 2535 1560 2574 mensem
1573 2524 1763 2575 trans-

113 2608 379 2681 iens,qui
396 2606 644 2665 refertur
659 2608 730 2663 ad
756 2607 1066 2675 mundum,
1085 2612 1141 2662 et
1160 2606 1410 2679 septimo
1428 2624 1606 2680 agens
1630 2609 1764 2663 sab-

112 2699 320 2755 batum
343 2684 669 2771 spirituale,
685 2697 745 2752 in
777 2696 983 2768 quinta
1004 2696 1232 2751 decima
1248 2696 1340 2751 die
1366 2698 1587 2753 mensis
1607 2699 1763 2768 ejus-

115 2788 276 2853 dem,
307 2787 540 2860 quando
574 2786 760 2842 uoctis
789 2785 931 2840 luna
961 2784 1305 2857 plenissima
1332 2790 1441 2852 est,
1474 2790 1530 2841 et
1560 2803 1765 2842 omnes

117 2877 250 2947 ejus
268 2876 518 2933 tenebrae
535 2874 691 2930 claro
715 2874 938 2929 lumine
957 2874 1347 2929 resolvuntur.
1372 2879 1502 2929 Haec
1519 2875 1768 2931 breviter

115 2964 541 3032 diximus,olim
565 2964 760 3019 animo
774 2962 1235 3035 contemplantes
1247 2962 1531 3019 librorum
1547 2964 1767 3037 magni-

118 3055 403 3120 tudinem,
436 3057 502 3109 ut
530 3052 601 3108 ad
629 3050 854 3123 reliqua
882 3056 1273 3107 transeamus.

1791 1764 1839 1829 B

1861 478 1978 529 test
2009 475 2269 544 adorare,
2306 491 2421 530 non
2472 475 2582 531 erit
2611 492 2787 547 super
2830 494 2964 532 eum
3001 477 3188 533 imber
3214 482 3506 553 tempora-

1863 579 2029 628 neus,
2053 568 2109 618 et
2139 564 2573 631 serotinus,nec
2600 568 2753 620 terra
2775 566 2935 620 illius
2958 566 3173 638 pluviis
3201 567 3330 623 cmli
3352 568 3509 641 riga-

1862 653 2039 706 bitur.
2062 652 2210 721 Sive,
2235 658 2298 707 ut
2320 658 2617 708 verterunt
2636 655 3040 725 Septuaginta,
3057 658 3157 726 qui
3174 673 3286 712 non
3313 673 3509 713 ascen-

1862 740 2046 796 derint
2063 741 2133 795 de
2151 740 2388 814 familiis
2403 745 2568 798 terrae
2587 743 2655 796 ad
2670 742 2996 812 Jerusalem,
3012 753 3069 800 ut
3085 744 3312 801 adorent
3330 762 3511 817 regem

1865 830 2160 885 Dominum
2214 832 2652 900 omnipotentem,
2712 848 2844 886 cum
2895 832 3012 888 illis
3059 834 3510 905 reputabuntur,

1867 918 1966 987 qui
1997 922 2406 990 pugnaverunt
2451 919 2762 979 adversum
2792 920 3140 987 Jerusalem,
3172 927 3229 977 et
3259 939 3511 994 quorum

1867 1008 2126 1061 tabescet
2155 1022 2309 1073 caro,
2344 1011 2400 1061 et
2428 1006 2579 1061 oculi
2612 1008 2962 1076 deﬂuent,et
2992 1008 3195 1082 lingua
3220 1014 3514 1082 putrescat

1939 1095 2127 1166 (Vers.
2184 1096 2266 1160 18,
2314 1096 2426 1167 19.)
2476 1096 2626 1163 Quod
2673 1105 2723 1151 et
2764 1098 2815 1152 si
2853 1098 3079 1168 familia
3132 1102 3356 1172 AEgypti
3400 1116 3514 1157 non

1867 1184 2188 1250 ascenderit,
2216 1192 2268 1240 et
2282 1200 2390 1239 non
2420 1187 2629 1240 venerit
2659 1204 2677 1239 :
2706 1203 2804 1242 nec
2831 1203 2996 1258 super
3025 1202 3112 1243 eos
3136 1191 3265 1257 erit,
3294 1189 3387 1245 sed
3407 1190 3515 1247 erit

1869 1275 2039 1329 ruina
2065 1290 2173 1344 qua
2195 1276 2464 1345 percutiet
2492 1275 2752 1331 Dominus
2801 1292 2985 1332 omnes
3015 1280 3224 1345 gentes,
3253 1294 3373 1348 qua
3403 1294 3516 1333 non

1869 1362 2211 1418 ascenderint
2236 1362 2307 1418 ad
2335 1364 2715 1419 celebrandam
2735 1364 3093 1439 festivitatem
3120 1367 3516 1423 Tabernaculo-

1870 1468 2017 1506 rum.
2048 1453 2156 1507 Hoc
2182 1454 2288 1507 erit
2313 1460 2595 1523 peceatum
2622 1455 2862 1525 Egypti,
2895 1457 2947 1510 et
2974 1454 3073 1511 hoc
3090 1459 3376 1527 peceatum
3398 1471 3516 1511 om-

1868 1542 2029 1595 nium
2055 1544 2322 1611 gentium,
2352 1558 2473 1613 qua:
2504 1557 2610 1597 non
2655 1543 3002 1599 ascenderint
3029 1543 3099 1598 ad
3127 1544 3516 1603 celebrandam

1869 1631 2233 1713 festivitatem.
2270 1632 2776 1687 Tabernaculorum.
2813 1632 2943 1687 LXX
2976 1650 2989 1687 :
3018 1633 3118 1689 Sin
3146 1637 3330 1689 autem
3355 1634 3518 1705 κερν-

1870 1720 1951 1791 pti
1979 1721 2156 1774 tribus
2192 1736 2303 1775 non
2342 1720 2672 1787 ascenderit,
2704 1737 2802 1777 nec
2832 1724 3043 1778 venerit
3073 1723 3208 1779 illuc
3235 1740 3248 1779 :
3283 1731 3334 1779 et
3356 1739 3521 1795 super

1871 1824 1955 1865 eos
1982 1811 2091 1864 erit
2118 1811 2306 1876 ruina,
2340 1826 2449 1881 qua
2495 1811 2763 1881 percutiet
2790 1812 3052 1867 Dominus
3096 1828 3282 1868 omnes
3308 1820 3517 1884 gentes,

1871 1913 1995 1969 quae
2010 1914 2119 1953 non
2139 1898 2496 1954 ascenderunt
2518 1908 2574 1954 ut
2597 1906 2821 1969 agerent
2836 1900 3244 1957 solemnitatem
3263 1917 3518 1972 scenope-

1870 1989 1998 2057 giae.
2030 1988 2138 2041 Hoc
2163 1990 2268 2041 erit
2294 1999 2581 2058 peceatum
2610 1990 2853 2059 lEgypti,
2886 1997 2940 2043 et
2964 1998 3243 2060 peccatum
3270 1992 3521 2047 omnium

1869 2077 2119 2146 gentium
2147 2090 2272 2147 quae
2290 2091 2402 2131 non
2430 2076 2774 2131 ascenderint
2797 2085 2859 2133 ut
2885 2078 3155 2133 celebrent
3168 2080 3523 2149 festivitatem

1870 2166 2227 2237 scenopegiw.
2261 2164 2367 2230 Qui
2415 2165 2717 2237 Egyptius
2745 2170 2854 2236 est,
2885 2170 2944 2222 et
2987 2167 3252 2238 gentium
3283 2172 3522 2224 cetera-

1874 2271 2026 2324 rum,
2052 2254 2333 2325 quamdiu
2358 2253 2660 2326 IEgyptius
2680 2258 2737 2310 et
2762 2254 3034 2312 ethnicus
3062 2260 3387 2329 permanet,
3402 2272 3522 2314 non

1872 2343 2148 2399 ascendet
2174 2342 2234 2397 in
2264 2342 2589 2398 Jerusalem
2626 2359 2638 2395 :
2673 2346 2730 2398 et
2758 2343 2897 2415 quia
2927 2344 3239 2400 ascendere
3271 2360 3384 2400 non
3415 2359 3519 2415 po-

1872 2435 2009 2499 test,
2032 2446 2137 2486 nec
2156 2431 2407 2503 gradum
2432 2433 2503 2486 ad
2526 2429 2753 2487 excelsa
2773 2429 3094 2504 subi-igere,
3116 2431 3246 2488 ideo
3272 2448 3387 2489 non
3408 2430 3523 2489 erit

1874 2537 2051 2592 super
2098 2536 2233 2575 eum
2265 2519 2453 2576 imber
2497 2519 2806 2575 Dominicaa
2838 2520 3279 2577 benedictionis.
3311 2522 3383 2581 Et
3409 2520 3521 2581 hoc

1875 2612 2179 2681 peccatum
2200 2607 2310 2663 erit
2331 2609 2648 2664 maximum
2671 2608 2954 2681 Egyptio,
2980 2609 3056 2681 (Δ)
3077 2607 3521 2682 Assyrio,GbaJ~

1874 2699 2018 2762 daao,
2069 2697 2234 2770 Syro,
2284 2696 2570 2765 Moabitae,
2603 2702 2659 2753 et
2704 2698 3073 2763 Ammonius,
3123 2698 3174 2754 si
3225 2697 3524 2757 noluerint

1874 2787 2065 2857 egredi
2098 2786 2169 2841 de
2198 2786 2369 2841 terris
2394 2786 2613 2853 suis,et
2641 2788 2954 2843 ascendere
2982 2786 3403 2855 Jerusalem,ut
3419 2802 3524 2859 per

1873 2874 2252 2931 tabernacula
2298 2879 2601 2930 transeant
2630 2875 2689 2929 in
2741 2875 3088 2945 Jerusalem,
3121 2880 3178 2933 et
3224 2876 3525 2935 inveniant

1876 2971 2152 3021 aeternam
2165 2963 2622 3031 domum,aliaru
2632 2980 2807 3036 mque
2823 2965 3081 3035 gentium
3099 2964 3368 3022 homines
3392 2981 3523 3023 esse

1877 3054 2184 3120 desistant,
2216 3059 2272 3109 et
2317 3053 2647 3109 efﬁciantur
2694 3052 2966 3110 lsraelitaa
3009 3054 3068 3110 in
3104 3054 3320 3127 quibus
3349 3054 3522 3113 dolus

194 3142 375 3215 (Vers.
410 3142 523 3212 17.)
552 3143 617 3196 Et
644 3142 769 3211 erit,
798 3142 896 3213 qui
924 3157 1039 3195 non
1066 3140 1412 3197 ascenderint
1440 3143 1510 3199 de
1529 3142 1768 3212 familiis
1800 3128 1842 3194 C
1881 3160 1996 3198 non
2026 3147 2114 3198 est
2159 3142 2335 3213 (joan.
2370 3142 2432 3209 ι).
2466 3142 2598 3197 Haec
2650 3142 2849 3198 omnia
2877 3159 3004 3214 qua
3035 3158 3144 3199 nos
3194 3142 3367 3199 celeri
3397 3159 3521 3201 ser-

120 3241 289 3289 terrte
313 3231 383 3287 ad
409 3231 846 3297 Jerusalem,aut
862 3230 1090 3285 adorent
1106 3246 1285 3301 regem
1311 3235 1772 3287 Dominumexer-

117 3324 355 3391 eituum,
387 3336 497 3375 non
524 3321 630 3375 erit
675 3336 841 3390 super
868 3336 956 3374 eos
1005 3319 1180 3375 imber
1208 3320 1342 3374 LXX
1376 3338 1388 3374 :
1425 3322 1488 3374 Et
1513 3324 1641 3392 erit,
1673 3322 1772 3392 qui

119 3426 235 3465 non
271 3409 613 3464 ascenderint
657 3408 721 3462 de
747 3409 982 3480 familiis
1029 3412 1199 3463 terra?
1245 3410 1324 3463 ad
1350 3411 1676 3473 Jerusalem,
1707 3415 1771 3465 ut

112 3497 345 3554 adorent
390 3514 584 3570 regem
625 3498 913 3553 Dominum
960 3498 1405 3566 omnipotentem,
1437 3502 1487 3551 et
1533 3500 1625 3553 isti
1654 3500 1769 3554 illis

114 3594 479 3659 opponentur.
503 3590 613 3641 Pro
645 3602 711 3641 eo
742 3586 896 3656 quod
920 3585 1301 3657 Septuaginta
1323 3585 1767 3654 transtulerunt,

112 3680 170 3733 et
200 3677 299 3731 isti
326 3676 445 3732 illis
464 3683 826 3748 opponentur,
842 3675 901 3728 in
924 3673 1202 3729 Hebraico
1224 3673 1507 3745 scriptum
1533 3679 1642 3743 est,
1659 3691 1768 3731 ULO

111 3781 345 3820 ansam
368 3764 440 3837 (ε)
470 3782 563 3820 sse
583 3781 789 3830 GESEM,
817 3764 971 3835 quod
990 3760 1199 3833 Aquila
1228 3767 1285 3817 et
1305 3762 1770 3837 Symmachuset

114 3851 440 3909 Theodotio
472 3852 743 3908 similiter
764 3851 1129 3923 interpretati
1160 3856 1320 3921 sunt,
1344 3854 1393 3905 et
1414 3867 1524 3906 non
1551 3855 1657 3908 erit
1675 3869 1769 3908 su-

104 3958 218 4015 per
244 3958 329 3998 eos
359 3943 552 3998 imber.
578 3940 836 3997 Ecclesia
865 3939 1097 3996 Domini
1126 3941 1263 3995 Jesu
1294 3938 1623 4011 appellatur
1650 3958 1768 3997 cce-

110 4032 287 4088 lestis
302 4030 652 4097 Jerusalem,
668 4031 739 4085 de
760 4046 877 4102 qua
905 4028 1220 4101 Apostolus
1246 4028 1450 4085 scribit
1477 4046 1488 4085 :
1516 4030 1643 4098 Quae
1667 4047 1768 4085 au-

113 4126 230 4177 tem
261 4138 478 4177 sursum
523 4125 602 4176 est
629 4120 949 4188 Jerusalem,
982 4119 1155 4174 libera
1209 4127 1307 4190 est,
1338 4134 1461 4192 qam
1488 4123 1569 4176 est
1596 4124 1772 4176 mater

113 4212 368 4266 amnium
413 4213 666 4265 nostrum
710 4209 909 4280 (Galat.
946 4226 1019 4275 iv,
1051 4208 1143 4279 26)
1171 4226 1183 4277 ;
1233 4211 1290 4264 et
1324 4226 1336 4265 :
1368 4209 1672 4266 Accessistis
1699 4210 1770 4267 ad

116 4300 253 4355 Sion
284 4303 540 4366 montem,
571 4303 622 4355 et
662 4299 816 4354 933
846 4299 1122 4354 civitatem
1165 4298 1263 4352 Dei
1290 4300 1767 4371 viventis,Jerusa-

113 4389 229 4444 lem
257 4390 521 4444 cmlestem
552 4390 712 4460 (Heb.
740 4404 845 4457 χιι,
876 4389 987 4457 23).
1021 4387 1090 4441 Et
1119 4386 1240 4441 haec
1293 4387 1618 4443 Jerusalem
1650 4407 1767 4446 non

1879 3248 2052 3287 mone
2080 3231 2550 3304 perstringimus,
2581 3230 2792 3299 Judaei,
2824 3236 2881 3287 et
2906 3231 3282 3288 Judaizantes
3311 3232 3523 3300 nostri,

1878 3321 2059 3377 immo
2091 3338 2207 3376 non
2242 3321 2448 3389 nostri,
2473 3320 2613 3392 quia
2631 3321 3024 3391 judaizantes,
3057 3325 3296 3393 sperant
3326 3322 3525 3381 futura

1879 3409 2273 3479 corporaliter,
2307 3409 2508 3479 utique
2540 3414 2595 3464 et
2626 3408 3132 3465 circumcisionem
3155 3410 3289 3475 sibi,
3312 3414 3522 3466 etcon-

1872 3497 2111 3570 jugiain
2143 3495 2303 3552 mille
2334 3514 2619 3551 annorum
2651 3497 2808 3552 934
2832 3497 3077 3568 imperio
3091 3496 3522 3568 promittentes,

1877 3603 1949 3642 ne
1979 3585 2295 3667 impleatur
2338 3585 2399 3640 in
2430 3584 2548 3639 illis
2591 3584 2921 3640 maledictio
2954 3600 3081 3656 quas
3132 3583 3349 3656 scripta
3376 3589 3467 3641 est
3498 3603 3515 3643 :

1876 3675 2162 3731 Maledicta
2188 3675 2395 3729 sterilis
2425 3688 2548 3746 qum
2576 3690 2690 3730 non
2716 3675 2852 3741 facit
2880 3688 3064 3729 semen
3092 3675 3151 3728 in
3179 3674 3350 3729 Israel
3376 3678 3477 3739 ;et
3500 3690 3517 3731 :

1876 3767 2073 3820 Beatus
2093 3766 2187 3835 qui
2216 3764 2376 3819 habet
2405 3778 2583 3818 semen
2618 3764 2677 3818 in
2705 3763 2834 3819 Sion
2865 3766 2916 3818 et
2942 3761 3254 3819 domesticos
3273 3764 3332 3819 in
3354 3767 3523 3820 Jeru-

1875 3855 2048 3909 salem
2082 3856 2231 3924 (lsai.
2273 3871 2425 3924 xxxi,
2456 3853 2511 3920 9,
2546 3868 2652 3908 sec.
2686 3851 2862 3923 LXX).
2897 3851 3061 3915 Quod
3091 3850 3140 3906 si
3170 3866 3373 3907 verum
3402 3855 3523 3919 est,

1877 3960 2080 3999 omnes
2095 3942 2345 4015 virgines
2368 3959 2514 4013 quas
2538 3939 2697 3996 mille
2718 3957 3006 3997 annorum
3028 3956 3273 4014 regnum
3289 3940 3522 3999 invene-

1878 4033 1953 4087 rit
1974 4031 2366 4087 maledictioni
2381 4036 2437 4087 et
2466 4029 2758 4086 sterilitati
2775 4033 3065 4103 perpetuat
3085 4030 3478 4102 subjacebunt
3500 4045 3516 4087 :

1878 4126 1978 4178 aut
2008 4126 2161 4177 certe
2183 4126 2451 4193 nupturae
2482 4124 2639 4187 sunt,
2655 4118 3203 4176 utmaledictioncm
3221 4118 3524 4192 effugiant.

1948 4210 2133 4283 (Vers.
2165 4210 2281 4281 20.)
2312 4214 2380 4267 In
2408 4209 2497 4267 die
2526 4209 2630 4266 illa
2659 4210 2785 4273 erit,
2804 4209 2946 4282 quod
2963 4225 3129 4281 super
3144 4211 3371 4282 frenum
3396 4208 3528 4282 equi

1875 4309 1973 4371 est,
2001 4304 2249 4355 sanctum
2269 4301 2499 4356 Domino
2513 4316 2532 4354 :
2546 4306 2597 4353 et
2628 4307 2790 4355 erunt
2811 4299 3005 4356 lebetes
3035 4300 3096 4354 in
3123 4298 3279 4356 domo
3307 4298 3530 4356 Domini

1875 4392 2037 4462 quasi
2057 4389 2267 4461 phiala:
2293 4406 2488 4444 coram
2512 4388 2715 4444 altari.
2742 4388 2807 4442 Et
2830 4390 2939 4444 erit
2967 4390 3145 4444 omnis
3175 4388 3319 4443 lebes
3347 4386 3410 4441 in
3436 4388 3525 4443 Je-

113 4483 211 4534 est
242 4477 298 4532 in
328 4477 472 4533 locis
494 4476 821 4532 humilibus
850 4476 983 4544 sita,
1007 4476 1108 4531 sed
1134 4476 1193 4531 in
1219 4481 1414 4532 monte
1435 4477 1769 4546 excelso,de
1800 4499 1845 4563 ι)
1876 4481 2121 4535 rusalem
2148 4483 2198 4533 et
2230 4480 2287 4533 in
2317 4478 2456 4534 Iuda
2484 4476 2857 4548 sanctiﬁcatus
2886 4476 3113 4531 Domino
3158 4476 3521 4544 exercituum.

113 4581 236 4638 quo
265 4567 368 4634 [AL
403 4566 541 4638 qua]
560 4565 820 4621 Salvator
865 4564 1128 4636 loquitur
1162 4582 1173 4619 :
1212 4567 1327 4621 Non
1374 4572 1547 4638 potest
1577 4571 1769 4625 civitas
1882 4569 2020 4624 LXX
2049 4588 2067 4623 :
2098 4570 2160 4624 In
2189 4567 2276 4623 die
2321 4569 2424 4622 illa
2464 4569 2594 4637 erit,
2624 4564 2767 4637 quod
2811 4581 2975 4633 super
3013 4564 3241 4637 frenum
3282 4564 3410 4636 equi
3437 4571 3518 4619 est

111 4655 383 4711 abscondi
409 4666 579 4727 super
605 4662 840 4710 montem
867 4656 1047 4725 posita
1074 4655 1221 4726 (Mat.
1253 4672 1306 4722 v,
1334 4656 1442 4727 14).
1476 4656 1637 4713 Unde
1668 4658 1765 4729 qui

112 4744 473 4801 adoraturus
495 4750 583 4800 est
610 4743 925 4799 Dominum
958 4744 1313 4799 exercituum
1338 4745 1395 4799 in
1418 4745 1766 4819 Jerusalem,

110 4832 296 4889 debet
312 4834 383 4889 ad
400 4838 679 4889 montana
695 4832 1215 4898 conscendere.Qui
1231 4838 1423 4889 autem
1438 4834 1509 4890 de
1530 4835 1771 4894 familiis

189 5010 274 5079 (a)
297 5010 983 5084 Reponendumomnino
1009 5016 1096 5084 est
1116 5010 1369 5081 sequiori
1392 5028 1601 5084 genere
1624 5030 1766 5081 eam,

86 5083 286 5155 juxta
338 5080 624 5151 Graecum,
660 5080 741 5135 ἐπ’
775 5080 940 5150 αὐτήν
979 5100 991 5137 :
1027 5080 1234 5137 deinde
1268 5100 1367 5152 pro
1398 5080 1654 5153 "domum,
1690 5086 1766 5142 le-

101 5152 377 5226 gendum
398 5157 719 5229 Dominum,
736 5159 799 5208 ut
820 5154 874 5208 in
895 5154 1089 5229 Grieco
1108 5154 1446 5229 εεῐνκνᾶριον.
1462 5158 1768 5229 Victorius

100 5229 409 5299 praeterea,
428 5226 637 5299 ﬁrmati
665 5229 813 5299 sunt,
840 5243 940 5299 pro
970 5228 1253 5299 ﬁrmitatis
1283 5226 1607 5298 substituit,
1629 5246 1767 5285 con-

100 5296 517 5370 sentientibus
540 5298 597 5352 in
618 5297 727 5352 hac
752 5296 1143 5370 eiu’s‘lectione
1162 5298 1421 5370 quinque
1444 5296 1768 5357 mschodi-

101 5369 315 5443 cibus,
341 5369 442 5443 sed
491 5368 708 5433 Grieco,
741 5364 1025 5443 ἁάφαλής.
1046 5364 1445 5425 dissentiente.

98 5513 151 5572 ά
171 5438 265 5523 .(b)
295 5439 498 5513 Regin.
543 5458 678 5509 ms.,
711 5438 1189 5511 mortiﬁcationem
1234 5444 1503 5498 vitiorum
1532 5459 1605 5500 ac
1635 5444 1766 5500 libi-

156 5528 345 5567 mum.

156 5528 345 5567 mum.

187 5582 262 5665 (e)
278 5581 365 5644 Its
376 5579 579 5663 legunt
589 5598 794 5643 omnes
806 5599 951 5644 mss.
966 5583 1151 5646 nostri
1164 5583 1390 5646 codices
1412 5602 1427 5660 ;
1448 5585 1511 5647 in
1529 5586 1767 5653 Hebrmo

1878 4662 2129 4713 sanctum
2157 4659 2391 4713 Domino
2412 4656 2767 4727 omnipotenti
2798 4670 2811 4708 :
2848 4658 2898 4709 et
2928 4656 3091 4709 erunt
3119 4652 3312 4709 lebetes
3336 4653 3435 4725 qui
3462 4653 3526 4711 in

1879 4748 2033 4803 domo
2062 4748 2283 4803 Domini
2309 4748 2439 4800 sunt
2463 4746 2607 4800 sicut
2631 4742 2840 4815 phialae
2868 4745 2994 4797 ante
3021 4740 3243 4797 domum
3269 4741 3468 4796 altaris
3495 4756 3518 4795 :

1877 4839 1927 4892 et
1956 4838 2065 4893 erit
2110 4836 2288 4891 omnis
2319 4835 2463 4890 lebes
2511 4837 2569 4889 in
2598 4832 2899 4888 Jerusalem
2926 4839 2980 4886 et
3031 4831 3089 4885 in
3135 4830 3276 4886 Iuda
3302 4835 3524 4885 sanctus

1880 5015 2163 5089 scriptum
2198 5017 2305 5089 est,
2321 5022 2521 5089 nam
2540 5019 2677 5089 ζυβῖ
2696 4993 3006 5089 ωηηὸιτμθπ
3029 5007 3182 5089 qpod
3209 5022 3366 5089 nunc
3387 5004 3526 5089 legi-

1883 5078 2034 5141 mus.
2075 5087 2194 5139 Volo
2224 5078 2433 5139 alehem
2449 5083 2629 5155 jzhjeh
2656 5082 3018 5155 heggeschem.
3050 5078 3185 5155 Quae
3214 5078 3384 5155 lectio
3417 5078 3526 5133 He-

1880 5159 2075 5234 braica
2105 5163 2391 5234 quantum
2419 5150 2685 5234 distet-ab
2707 5150 3524 5234 antiquorumlectionepupo

1880 5218 2259 5283 maniles'tum
2279 5226 2711 5304 etexploratum
2729 5218 2897 5304 nobis
2914 5228 3020 5304 est.
3040 5222 3225 5304 Mater.
3241 5252 3307 5304 -.—
3324 5218 3522 5304 Malim

1881 5317 1982 5367 us,
2015 5316 2140 5371 quae
2173 5299 2352 5354 tertia:
2384 5294 2644 5370 personis
2665 5294 2999 5371 terminatio
3030 5299 3154 5371 est:
3181 5294 3368 5366 potuit
3388 5307 3522 5350 vero

1880 5366 2049 5447 vocis
2068 5366 2402 5447 similitudo
2422 5383 2843 5447 amanuensem
2863 5366 3192 5447 decepisse.
3310 5434 3322 5447 .

1948 5444 2022 5510 (ά)
2069 5442 2290 5497 Nomen
2341 5442 2579 5515 Assyrii,
2620 5440 2773 5514 quod
2825 5442 2883 5497 et
2932 5435 3230 5495 abundare
3268 5435 3521 5509 videtur,

1879 5515 2173 5574 Victorius
2201 5518 2373 5574 tacet.
