3938 6174
120 255 244 319 1541

681 256 1433 337 COMMENTARIORUM
1482 256 1563 319 IN
1610 254 2083 321 MALACHIAM
2128 254 2384 320 LIBER.
2431 255 2871 321 PROLOGUS.

3323 248 3480 320 1542

120 388 257 443 nium
283 387 515 445 humore
527 389 787 459 decocto,
808 394 1105 447 remaneat
1125 390 1279 462 quod
1294 390 1428 463 igne
1449 396 1717 463 paratum
1748 394 1803 461 Α
1830 407 1936 446 nus
1961 391 2227 446 orationis
2243 391 2528 446 vocabitur
2538 390 2751 446 cunctis
2771 389 3028 459 gentibus
3049 408 3068 443 :
3095 405 3185 445 vos
3204 396 3388 448 autem
3404 396 3483 464 fe.

117 477 264 533 fuerit
287 478 348 532 ad
369 480 742 534 vescendum.
774 481 909 545 Quae
943 478 1278 551 sintphialas
1301 495 1497 535 coram
1523 479 1715 536 altari.

117 565 389 632 Domini,in
405 584 477 638 qu
487 568 779 623 aslebetes
800 567 1093 624 lsraelitici
1108 574 1540 631 convertantur,
1556 574 1613 623 et
1629 586 1721 624 su-

116 655 527 726 pradiximus,et
544 674 700 713 nunc
718 675 785 713 ex
801 662 961 729 parte
977 657 1491 712 dicemus.Laudat
1505 675 1721 728 sponsa

113 743 166 797 in
193 743 394 800 Cantico
425 745 787 801 canticorum
807 763 1091 817 sponsum
1108 763 1282 801 suum
1308 747 1585 803 :Mamillae
1604 749 1721 818 ejus

112 832 747 904 sicutphialaearomatum
761 835 936 906 (Cant.
960 835 1037 906 v).
1064 836 1125 889 In
1146 835 1401 891 maxillis
1421 853 1613 891 sermo
1627 854 1720 892 ac-

114 921 316 993 cipitur,
346 923 442 995 qui
475 923 740 996 prolatus
770 942 803 979 ει
825 924 1093 988 Domino,
1116 924 1277 979 varia
1299 931 1603 997 unguenta
1633 927 1719 982 de-

114 1010 317 1081 promit,
330 1014 552 1066 ettanta
563 1012 672 1067 erit
685 1012 817 1068 boni
835 1012 1029 1068 odoris
1044 1012 1363 1083 fragrantia
1377 1018 1442 1068 ut
1462 1013 1635 1069 faciat
1646 1015 1718 1070 si-

1828 482 1985 535 cistis
2015 496 2136 535 eam
2164 479 2385 535 domum
2425 480 2812 551 negotiationis
2843 479 2990 549 (Mat.
3045 495 3164 548 xxr,
3210 480 3486 551 13).,Qui-

1829 570 1965 625 dam
2000 568 2143 623 illud
2173 569 2329 639 quod
2362 569 2419 623 in
2441 567 2673 624 Daniele
2699 567 2982 639 scriptum
3005 571 3113 636 est,
3138 566 3274 623 licet
3295 568 3353 623 in
3375 568 3484 625 He-

1831 658 2024 713 braico
2058 675 2172 713 non
2196 656 2422 730 legatur
2450 674 2462 711 :
2498 658 2688 712 Semen
2702 656 2857 713 988
2881 656 3162 721 Chanaan,
3191 661 3243 712 et
3257 673 3366 713 non
3385 659 3483 713 Ju-

1831 747 1901 801 da
1958 748 2118 817 (Dan.
2149 764 2273 814 xm,
2305 746 2433 817 56):
2492 750 2547 799 et
2577 746 2731 817 quod
2789 746 2861 800 ab
2914 745 3058 800 Osee
3101 746 3384 818 prOpheta
3414 748 3484 801 de

1832 835 2110 907 Ephraim
2150 835 2397 889 dicitur:
2430 835 2709 905 Particeps
2733 833 3005 889 idolorum
3035 834 3333 905 Ephraim:
3381 850 3486 906 p0-

1832 927 1941 979 suit
1960 926 2069 979 sibi
2089 923 2373 989 scandala,
2404 924 2715 994 provocavit
2739 922 3099 980 Ghananeos:
3150 923 3488 993 fornicantes

1835 1014 1912 1084 (a)
1928 1014 2197 1084 fornicati
2224 1016 2354 1067 sunt
2383 1012 2532 1083 (Osee
2564 1030 2637 1082 1v,
2676 1013 2762 1081 17,
2797 1012 2906 1083 18),
2940 1011 3076 1066 huic
3107 1016 3380 1084 coeptant
3409 1010 3489 1067 lo-

113 1098 169 1153 bi
196 1098 450 1156 Dominus
465 1100 617 1155 937
644 1099 941 1173 ﬂagellum
957 1100 1475 1172 deScripturarum
1503 1106 1726 1159 textum
1836 1118 1923 1170 co,
1956 1106 2011 1157 et
2063 1117 2296 1157 omnem
2328 1101 2758 1167 fornicatorem,
2818 1100 3210 1156 Chananeeum
3242 1104 3298 1156 et
3344 1100 3485 1157 alie-

116 1187 447 1256 testimoniis,
481 1192 539 1244 et
567 1189 695 1275 ejici
705 1193 763 1244 at
784 1190 855 1245 de
885 1189 1102 1261 templo
1118 1190 1431 1246 vendentes
1452 1196 1509 1247 et
1529 1207 1724 1247 emen-

113 1279 267 1347 tes,et
290 1276 434 1333 dicat
452 1278 524 1333 ad
548 1295 667 1334 eos:
688 1278 967 1351 Scriptum
977 1278 1272 1347 est,domus
1284 1282 1470 1336 Patris
1487 1283 1620 1347 mei,
1634 1282 1731 1338 do-

1838 1191 2109 1264 nigenam
2140 1190 2418 1263 appellari
2449 1191 2670 1258 volunt,
2728 1206 2904 1262 quem
2935 1189 3007 1245 de
3058 1190 3230 1246 domo
3266 1190 3370 1246 Dei
3400 1205 3490 1245 as-

1843 1284 2046 1337 serunt
2075 1280 2480 1356 auferendum.

179 1420 247 1491 (a)
274 1420 458 1494 Regia.
494 1439 629 1489 ms.,
661 1424 997 1494 fornicantes
1033 1424 1297 1495 aediﬁcati
1342 1429 1493 1495 sunt,
1527 1442 1693 1482 sacro
1736 1428 1935 1481 tamen
1976 1428 2134 1482 textu
2164 1429 2464 1480 renuente.

114 1569 2191 1598 ψ

2194 1575 3470 1616 ﬂ

788 1737 915 1839 S.
1006 1737 1679 1838 BUSBBII
1767 1654 2798 1840 HIERONYMI

1231 1926 1805 1989 STRlDONENSIS
1851 1926 2343 1988 PRESBYTERI

985 2094 2596 2220 COMMENTARIORUM

301 2466 1715 2597 MALACIIIAM
1842 2470 3303 2599 PROPHETAM

734 2686 899 2778 AD
968 2685 1922 2850 MINERVIUM.ET
1989 2687 2864 2788 ALEXANDBUM

1513 2893 1773 2959 LIBER
1820 2894 2081 2960 UNUS.

1424 3186 2183 3275 PROLOGUS.

162 3483 507 3572 φεῦ-944)
536 3484 821 3542 Ultimum
852 3488 1157 3543 duodecim
1186 3490 1604 3561 prophetarum
1637 3494 1826 3572 Ma-B
1856 3493 1918 3545 ni
1972 3492 2312 3545 exercituum
2364 3496 2440 3545 est
2496 3491 2642 3561 (Mal.
2702 3509 2763 3562 ιι,
2812 3494 2888 3564 7).
2951 3494 3209 3565 Tempus
3268 3510 3503 3568 quoque

80 3570 244 3629 luchi
302 3572 406 3644 [AL
460 3572 795 3647 Malachim]
840 3575 1206 3648 interpretari
1249 3577 1542 3647 volumus,
1576 3580 1746 3650 cujus

78 3677 305 3717 nomen
356 3662 495 3718 LXX
524 3664 977 3737 transtulerunt,
1014 3666 1252 3736 Angelus
1279 3668 1414 3739 ejus,
1448 3668 1740 3723 dicentes:

72 3751 399 3822 Assumptio
428 3752 580 3807 verbi
618 3754 846 3809 Domini
884 3771 1035 3826 supei
1067 3756 1236 3811 Israel
1266 3757 1323 3810 in
1355 3773 1526 3811 manu
1573 3757 1746 3827 Ange-

72 3839 126 3894 li
156 3840 314 3911 ejus:
342 3856 447 3912 pro
481 3842 671 3913 quoin
697 3843 934 3899 Hebraeo
965 3844 1180 3917 legitur
1209 3863 1458 3901 MALACHI
1488 3831 1744 3916 (istim),

70 3929 243 3999 quod
281 3930 499 3985 rectius
550 3934 606 3986 et
636 3933 969 4003 expressius
1018 3933 1253 4000 dicitur,
1281 3936 1536 4006 Angelus,
1571 3935 1628 3989 id
1660 3940 1750 3990 est

68 4018 321 4073 nuntius
351 4034 523 4076 meus.
550 4020 665 4075 Nec
697 4022 1026 4092 putandum
1050 4028 1157 4091 est,
1166 4025 1337 4093 juxta
1358 4024 1746 4095 quorumdam

65 4106 581 4181 (Origenistarum)
612 4110 1249 4185 opinionem,angelum
1270 4113 1498 4169 venisse
1530 4114 1601 4169 de
1641 4129 1750 4168 cm-

61 4195 154 4262 lo,
183 4200 244 4251 et
276 4196 678 4268 assumpsisse
694 4216 905 4271 corpus
935 4200 1286 4268 humanum,
1316 4206 1382 4257 ut
1404 4201 1600 4258 Israeli
1622 4218 1748 4275 qua

60 4304 101 4340 a
132 4285 399 4342 Domino
453 4293 591 4343 sunt
645 4290 941 4357 mandata,
980 4290 1335 4362 loqueretur.
1382 4292 1440 4347 Si
1471 4292 1628 4347 enim
1659 4292 1748 4347 in-

58 4375 472 4444 terpretanda
502 4380 637 4430 sunt
663 4377 921 4445 nomina,
949 4383 1004 4433 et
1021 4396 1090 4435 ex
1121 4379 1459 4435 nominibus
1480 4398 1594 4437 non
1627 4381 1749 4451 spi-

58 4461 321 4519 ritualis
365 4462 772 4536 intelligentia,
822 4467 923 4523 sed
985 4467 1241 4524 historiae
1288 4469 1428 4525 ordo
1467 4471 1748 4526 texendus

70 4556 214 4608 est:
258 4568 408 4625 ergo
454 4557 512 4609 et
541 4553 688 4621 Osee,
722 4556 820 4627 qui
853 4557 1098 4614 salvator
1126 4556 1358 4623 dicitur,
1406 4562 1463 4613 et
1506 4560 1619 4614 Joel
1648 4559 1750 4630 qui

50 4641 516 4713 interpretatur
558 4644 824 4700 Dominus
852 4646 1014 4713 Deus,
1045 4646 1163 4701 sive
1197 4648 1482 4719 incipiens,
1535 4652 1593 4702 et
1640 4663 1749 4704 caa-

44 4729 182 4785 teri
245 4731 555 4803 prophetas
626 4750 742 4788 non
787 4739 956 4789 erunt
998 4734 1296 4805 homines;
1351 4737 1452 4793 sed
1509 4735 1597 4792 vel
1654 4754 1751 4793 au—

43 4816 211 4891 geli,
249 4818 354 4875 vel
415 4821 697 4878 Dominus
728 4827 903 4895 atque
958 4824 1241 4891 Salvator,
1303 4825 1443 4897 quia
1498 4825 1607 4881 hoc
1655 4844 1748 4883 eo-

46 4923 209 4963 rum
249 4910 511 4965 nomina
561 4916 859 4967 resonant.
913 4913 1171 4985 Denique
1202 4914 1456 4986 exceptis
1505 4915 1749 4986 Septua-

43 4996 272 5069 ginta,
312 4996 420 5053 alii
450 4998 794 5071 interpretes
823 5019 1036 5057 nomen
1066 5003 1326 5058 MALACHI
1357 5003 1441 5058 ita
1471 5008 1537 5058 ut
1565 5002 1623 5057 in
1647 5004 1755 5060 He-

43 5086 234 5141 braeo
274 5084 524 5159 legitur,
558 5090 1003 5146 transtulerunt.
1030 5092 1277 5146 Malachi
1315 5098 1506 5148 autem
1538 5094 1753 5149 Hebraei

43 5175 294 5230 Ezram
323 5175 626 5232 aestimant
654 5180 1040 5248 sacerdotem,
1071 5181 1210 5252 quia
1228 5182 1425 5237 omnia
1447 5200 1572 5254 quae
1603 5182 1663 5237 in
1685 5181 1755 5237 li-

43 5265 173 5319 bro
207 5261 397 5320 illius
427 5267 821 5340 continentur,
855 5270 1031 5325 etiam
1062 5270 1156 5326 hic
1180 5271 1463 5342 propheta
1501 5288 1755 5327 comme-

43 5354 302 5420 morat,
342 5353 580 5411 dicens:
619 5356 787 5413 Labia
806 5359 1101 5415 sacerdotis
1128 5360 1754 5427 custodientscientiam,

43 5449 93 5497 at
130 5440 373 5512 Legem
399 5447 686 5517 requirent
713 5463 786 5502 ex
832 5464 923 5504 ore
964 5450 1100 5522 ejus,
1134 5452 1267 5522 quia
1313 5451 1537 5523 angelus
1568 5451 1757 5507 Domi-

1784 4872 1825 4938 C

1853 3580 2194 3636 941—942
2242 3578 2569 3652 titulusque
2626 3579 2979 3636 conveniunt
3028 3598 3041 3637 :
3103 3582 3258 3654 quod
3330 3586 3388 3638 et
3440 3583 3503 3639 in

1854 3667 2103 3723 Psalmis
2128 3667 2203 3740 (a)
2234 3668 2510 3738 diximus,
2544 3668 2646 3740 qui
2666 3668 2869 3725 titulos
2898 3684 3015 3725 non
3036 3669 3277 3739 habent,
3298 3686 3503 3728 eorum

1855 3772 1983 3812 esse
2013 3756 2351 3828 credendos,
2383 3773 2636 3829 quorum
2667 3756 2888 3828 priores
2917 3757 3132 3830 psalmi
3165 3758 3505 3816 nominibus

1856 3844 2154 3918 praanotati
2205 3848 2364 3901 sunt.
2419 3844 2601 3916 Igitur
2629 3848 2688 3900 et
2729 3844 3004 3911 Malacbi,
3056 3845 3116 3901 id
3169 3851 3275 3914 est,
3310 3847 3505 3915 Ezras,

1855 3938 1986 4006 post
2005 3935 2280 4005 Aggaeum
2294 3939 2349 3988 et
2368 3932 2727 4001 Zachariam,
2761 3933 2862 4006 qui
2912 3935 3023 3990 sub
3047 3934 3219 3991 Dario
3262 3935 3510 4008 prophe-

1855 4027 2144 4090 taverunt,
2178 4022 2358 4078 fuisse
2379 4022 2911 4079 credendusest.Et
2943 4028 3249 4097 prapterea
3264 4023 3506 4082 titulum

1858 4129 1974 4167 non
2006 4111 2238 4180 habere,
2269 4112 2409 4184 quia
2438 4111 2586 4168 liber
2613 4113 2742 4184 ejus
2780 4129 2883 4185 pro
2912 4112 3085 4169 titulo
3116 4113 3229 4170 sit:
3291 4113 3353 4169 in
3391 4129 3509 4187 quo

1857 4200 2162 4269 discimus,
2196 4201 2350 4272 quod
2380 4200 2441 4255 in
2501 4216 2679 4273 regno
2708 4202 3041 4258 Artaxerxis
3098 4202 3253 4276 regis
3306 4203 3510 4261 Persa-

1859 4306 2012 4355 rum,
2043 4291 2215 4346 Ezras
2247 4289 2403 4345 illius
2444 4290 2678 4358 Saraiaz,
2713 4296 2769 4347 et
2798 4295 3160 4357 caaterorum,
3193 4308 3383 4365 usque
3436 4292 3511 4349 ad

1859 4395 1994 4434 eum
2024 4378 2217 4434 locum
2241 4378 2339 4434 ubi
2371 4379 2618 4436 dicitur:
2650 4381 2827 4437 Filius
2849 4382 3105 4447 Phinees,
3126 4380 3237 4451 ﬁlii
3252 4381 3507 4448 Eleazar,

1857 4470 1967 4540 ﬁlii
1995 4469 2175 4525 Aaron
2204 4468 2517 4538 sacerdotis,
2548 4470 2621 4525 ab
2660 4468 2825 4525 initio
2859 4468 3187 4525 ascenderit
3214 4469 3287 4523 de
3322 4468 3510 4541 Baby-

1859 4557 2010 4628 lone,
2043 4561 2101 4612 et
2131 4557 2354 4613 dederit
2393 4556 2445 4613 ei
2475 4573 2575 4612 rex
2623 4557 2947 4613 secundum
2983 4572 3226 4612 manum
3274 4553 3510 4612 Domini

1861 4646 1960 4702 Dei
2014 4647 2126 4713 sui,
2162 4661 2395 4702 omnem
2426 4645 2766 4717 petitionem
2799 4646 2963 4717 ejus:
3018 4643 3510 4717 ascenderintque

1860 4752 1996 4790 cum
2026 4734 2125 4790 illo
2156 4736 2228 4790 de
2259 4734 2397 4789 ﬁliis
2428 4734 2624 4802 Israel,
2680 4738 2738 4791 et
2766 4736 2836 4790 de
2866 4733 3004 4790 filiis
3032 4733 3424 4801 sacerdotum,
3452 4735 3513 4789 et

1863 4826 1933 4880 de
1963 4823 2100 4879 ﬁliis
2130 4823 2543 4893 Levitarum,et
2567 4824 2638 4879 de
2670 4823 3033 4890 cantoribus,
3063 4826 3122 4878 et
3145 4822 3216 4877 de
3236 4821 3509 4893 janitori-

1863 4915 1995 4982 bus,
2029 4917 2086 4969 et
2113 4913 2185 4968 de
2238 4912 2545 4969 Nathineis
2574 4914 2635 4968 in
2695 4911 3048 4978 Jerusalem,
3081 4927 3231 4968 anno
3262 4911 3512 4982 septimo

1864 5005 2193 5059 Artaxerxis
2224 5003 2398 5074 regis,
2458 5005 2516 5058 et
2544 5001 2807 5058 venerint
2848 5001 2905 5056 in
2935 4999 3263 5057 Jerusalem
3311 5014 3513 5056 mense

1866 5092 2067 5164 quinto
2091 5108 2103 5145 :
2139 5092 2361 5164 ipseest
2376 5107 2568 5146 annus
2590 5090 2877 5163 septimus
2895 5088 3222 5163 regis,quia
3242 5088 3303 5144 in
3323 5087 3513 5161 primo

1865 5181 1958 5237 die
1991 5182 2214 5237 mensis
2245 5178 2419 5251 primi
2449 5179 2623 5251 cmpit
2638 5179 2949 5234 ascendere
2965 5176 3352 5249 deBabylone,
3375 5176 3513 5233 etin

1865 5271 2054 5343 primo
2086 5268 2308 5325 mensis
2339 5268 2530 5339 quinti
2560 5267 2720 5325 venit
2760 5267 2818 5322 in
2848 5265 3194 5323 Jerusalem.
3244 5266 3513 5337 Hac,‘mi

1865 5358 2105 5416 Minervi
2130 5358 2236 5430 [Αἰ.
2271 5357 2569 5427 Minerve],
2602 5361 2660 5413 et
2688 5355 3035 5427 Alexander,
3066 5371 3184 5411 non
3213 5355 3336 5410 tam
3375 5370 3513 5410 san-

1866 5448 2061 5522 guine,
2096 5463 2272 5519 quam
2331 5445 2610 5518 religione
2667 5443 3001 5513 concordes,
3059 5459 3132 5501 ne
3170 5446 3510 5518 susceptum

121 5584 222 5665 (a)
263 5584 580 5648 Disseruit
596 5588 706 5649 hac
734 5592 807 5651 de
827 5609 889 5653 re
909 5592 1155 5673 epistola
1174 5594 1236 5655 in
1257 5597 1459 5655 nostra
1472 5592 1809 5658 recensione
1838 5594 1942 5654 140
1972 5592 2045 5653 ad
2074 5590 2429 5671 Cyprianum
2459 5604 2625 5650 num.
2652 5589 2705 5651 4.
