4034 6196
486 214 643 282 ηιε

1733 215 1800 277 8.
1847 215 2154 279 EUSEBII
2198 209 2642 276 HIERONYMI

3642 221 3754 283 l5“

487 367 635 422 opus
660 349 1016 404 dimitterem
1038 345 1478 419 prophetarum,
1495 353 1554 404 et
1569 348 2025 404 extraordinario
2039 362 2137 402 vo-
2165 351 2221 417 Α
2251 361 2386 400 nem
2431 347 2510 416 (a)
2537 344 2638 400 sed
2660 341 2936 416 angelum
2957 345 3171 414 putans
3195 341 3362 398 fuisse
3378 343 3466 415 qui
3484 345 3677 419 scripsit,
3693 367 3755 406 se-

485 438 578 495 his
607 437 804 492 labore
834 436 1131 503 sudarem,
1153 435 1404 492 breviter
1429 436 1488 491 in
1520 436 1952 492 Prommiosum
1973 434 2135 490 locu-

482 531 610 582 tus:
647 531 711 580 ut
756 540 1087 596 proponens
1120 525 1293 581 verba
1351 525 1621 595 Malachi,
1656 525 1914 596 primum
1965 525 2138 595 juxta

485 612 826 671 llebraicam
858 613 1186 680 veritatem,
1237 615 1451 669 deinde
1485 615 1656 684 juxta
1690 614 1823 670 LXX
1853 613 2135 685 interpre-

481 707 591 771 tes,
623 701 954 758 orationum
996 707 1326 758 vestrarum
1356 703 1540 758 fultus
1561 703 1797 770 auxilio,
1816 701 2136 757 edisseram

485 808 615 865 quas
645 794 996 863 sequuntur.
1027 789 1280 862 Scripsit
1307 790 1366 846 in
1423 791 1580 847 hunc
1611 791 1828 847 librum
1860 790 2137 861 Origenes

483 881 597 938 tria
624 879 958 945 volumina;
992 879 1094 935 sed
1125 878 1431 935 historiam
1449 881 1688 935 omnino
1712 896 1826 934 non
1844 879 2053 950 tetigit,
2081 883 2138 933 et

485 987 646 1026 more
677 985 784 1026 suo
815 967 1049 1024 totusin
1081 967 1858 1041 allegoriaainterpretatione
1876 973 2137 1024 versatus

483 1063 592 1130 est,
621 1056 846 1113 nullam
878 1057 985 1128 (At.
1038 1073 1153 1112 non
1204 1055 1410 1128 ullam]
1443 1057 1594 1112 Ezras
1626 1056 1844 1113 faciens
1891 1056 2138 1112 mentio-

553 1200 629 1272 (a)
662 1199 929 1256 Diximus
949 1204 1006 1254 et
1035 1216 1214 1270 supra
1227 1199 1298 1254 ad
1315 1199 1506 1325 Aggaai
1522 1205 1696 1272 caput
1714 1199 1971 1270 primum
1986 1198 2138 1253 hanc

553 1271 664 1325 isse
695 1270 963 1325 Orieenis
993 1271 1342 1325 doctrinam.
1410 1271 1637 1325 omines
1667 1270 1891 1325 aliquot
1920 1270 2135 1324 sancti-

482 1270 664 1326 fuisSe
695 1270 963 1342 Origenis
993 1271 1342 1342 doctrinam,
1369 1270 1637 1342 homines
1667 1270 1891 1341 aliquot
1920 1270 2135 1342 sancti-

480 1348 617 1414 tate,
641 1340 820 1414 atque
831 1340 1252 1397 illustrioribus
1265 1341 1434 1396 donis
1448 1341 1662 1414 insigni
1673 1340 2015 1414 tos’angelos
2030 1358 2133 1414 na-

480 1412 616 1470 tura
632 1413 1104 1483 exstitissezquod
1121 1430 1254 1468 cum
1269 1415 1397 1483 ejus
1415 1412 1822 1469 desiderentur
1835 1412 1893 1467 in
1910 1412 2133 1467 Malach

481 1483 934 1554 Commentaria,
967 1484 1110 1556 satis
1127 1484 1793 1556 luculenterintelligere
1807 1489 1975 1556 estex
1988 1485 2060 1556 _T.
2081 1501 2132 1549 v,

482 1557 539 1611 in
572 1557 742 1612 Joan.
774 1573 813 1621 ι,
844 1556 900 1625 6,
933 1555 1003 1609 ad
1031 1554 1335 1611 laudatum
1368 1555 1462 1610 hic
1493 1554 1726 1628 quoque
1757 1554 2131 1622 versiculum,

478 1629 747 1701 Izicceego
764 1628 916 1681 mitto
946 1629 1205 1701 angelum
1224 1643 1408 1701 meum
1426 1631 1552 1701 ante
1574 1629 1778 1701 faciem
1797 1630 1973 1701 tuam,
1996 1632 2131 1701 etc.,

479 1698 602 1769 ubi,
629 1693 972 1786 ’ξε-φίστςιιξεξ,
997 1693 1213 1786 inquit,
1234 1699 1446 1769 μήποτε.
1462 1698 1538 1786 εἷς
1559 1693 1666 1751 ’ἑῶν
1688 1694 1855 1782 dqin
1871 1693 2128 1786 ἐγγξλων
2164 1721 2210 1785 Β

475 1765 764 1843 τυγχάνὼν
785 1765 905 1843 ﬁni
935 1765 1258 1843 Xsitoppyiqt
1297 1765 1709 1843 -κᾳταπὲμτςεται
1735 1765 1834 1821 ίεοῢ
1868 1765 2130 1843 animo;

479 1836 640 1913 ἡ
670 1837 986 1913 πρρδρομρς
1011 1839 1100 1892 καὶ
1124 1836 1303 1913 ’μηδὲν
1335 1836 1638 1913 (inopacon
1669 1843 1766 1913 1:06
1796 1836 2131 1913 προτοτὸλᾷςου

479 1907 658 1986 alter):
670 1907 732 1964 κιὲ
743 1907 896 1986 issine
913 1909 1048 1964 ἐνσω
1057 1907 1362 1986 μᾳλτομὲνορ
1375 1907 1511 1964 καὶᾶ
1524 1907 1931 1986 φιλαγθρῳτέίαγ
1953 1907 2134 1978 ζηλω-

478 1983 755 2056 τᾴςΔτΑινας
785 1981 874 2056 καὶ
910 1981 1156 2056 μιμητὰς
1175 1981 1451 2056 γεγονὲνᾳι
1472 1981 1731 2056 Χριστθῦέ
1752 1982 2134 2056 ἀγαπήᾳαγτᾳς

478 2002 578 2044 τας
604 2003 755 2043 τινας
785 2002 874 2035 και
910 2002 1156 2104 pluma:
1175 2002 1451 2054 γεγονεναι
1472 2002 1726 2056 Αριστθυ,
1752 2002 2134 2054 αγαπησαντας

477 2053 539 2104 τὸ
571 2049 660 2106 διὰ
677 2057 773 2105 τοῦ
796 2053 902 2123 ὁμο
930 2073 990 2104 ου
1007 2055 1104 2104 τοῦ
1119 2071 1371 2124 σωματος
1394 2051 1806 2126 ὑπηρςφῆηαιτῇ
1832 2051 1909 2114 εὶς
1932 2051 2136 2125 ἀνθρώ-

2247 435 2509 489 cundum
2549 432 2691 487 illud
2725 432 2880 503 quod
2925 431 2995 486 de
3023 431 3245 515 Joapne
3284 431 3536 504 legimus:
3576 439 3754 510 Bcceego

2244 525 2400 578 mitto
2420 523 2681 592 angelum
2711 537 2893 577 meum
2919 529 3046 577 ante
3071 522 3263 592 faciem
3294 526 3432 577 tuam
3458 523 3577 594 (Mat.
3601 540 3659 590 ιι,
3681 527 3754 596 10).

2246 612 2409 675 Quod
2441 628 2546 666 nos
2567 611 2805 668 omnino
2837 627 2951 665 non
2985 610 3312 681 recipimus,
3342 626 3406 667 ne
3433 612 3691 668 animarum
3711 616 3756 671 do

2247 700 2387 756 cmlo
2410 701 2611 756 ruinas
2642 700 2940 771 suscipere
2962 699 3387 770 compellamur.
3407 699 3539 756 Alios
3553 717 3760 758 nominem

2244 789 2424 846 tarios
2454 789 2513 844 in
2545 788 2701 844 hunc
2741 787 3083 860 prophetam
3136 786 3338 859 legisse
3375 805 3457 844 me
3481 790 3662 845 nescio:
3697 808 3762 846 ex-

2247 883 2412 950 cepto
2439 876 2835 950 Appollinaris
2876 876 3033 932 brevi
3067 875 3277 949 libello,
3308 878 3460 948 cujus
3486 893 3578 932 non
3601 883 3690 934 tam
3709 881 3764 935 in-

2246 967 2582 1039 terpretatio
2600 984 2776 1040 quam
2809 966 3296 1038 interpretationis
3316 966 3384 1038 (b)
3400 971 3581 1038 puncta
3596 968 3766 1024 dicenda

2248 1061 2405 1112 sunt.

2244 1217 2378 1258 πους
2413 1196 2576 1251 αὐτοὸ
2619 1195 2977 1272 χρηᾳτότητι.
3012 1198 3362 1264 Annotamus,
3388 1214 3507 1251 num
3539 1199 3655 1272 forte
3675 1215 3768 1254 unus

2249 1277 2563 1325 sanctorum
2583 1268 2915 1337 angelorum
2944 1272 3492 1340 existens,pr¢rcursor
3517 1268 3573 1322 ad
3593 1271 3767 1324 ministe-

2243 1343 2390 1395 rium
2440 1341 2760 1396 demittatur
2806 1342 3113 1396 Servatoris
3143 1342 3340 1394 nostri.
3390 1340 3486 1394 Nec
3508 1342 3670 1394 mirum
3690 1357 3769 1411 pro-

2242 1411 2383 1484 fecto
2412 1421 2510 1477 est,
2543 1412 2750 1467 Christi
2771 1413 3130 1482 primoyeniti
3157 1413 3328 1484 omnis
3354 1416 3582 1466 creatura
3604 1411 3652 1464 ob
3668 1427 3770 1465 mno-

2245 1498 2359 1538 rem
2376 1501 2504 1553 erga
2526 1484 2772 1538 homines
2787 1485 3068 1538 incarnuti
3089 1483 3443 1549 aemulatores,
3464 1484 3750 1552 imitatoresqu

2245 1556 2457 1626 aliquos
2485 1555 2777 1621 exstitisse,
2811 1555 3006 1626 quibus
3061 1554 3226 1624 dulye
3253 1557 3428 1626 fuerit,
3447 1556 3499 1608 ei
3518 1554 3770 1626 benignitati,

2243 1624 2410 1697 quam
2440 1628 2497 1680 in
2529 1627 2670 1696 ipsos
2698 1625 3034 1694 ostendisset,
3058 1625 3322 1680 inservire
3339 1625 3512 1697 eadem,
3529 1625 3712 1694 corporis
3727 1624 3774 1678 si

2243 1695 2578 1768 militudine.
2612 1697 3020 1768 Hieronymus,
3066 1697 3168 1768 qui
3203 1697 3255 1750 id
3291 1713 3349 1768 se
3377 1695 3582 1768 omnino
3593 1712 3691 1768 pou
3712 1710 3772 1749 re-

2243 1769 2432 1838 cipere
2463 1767 2559 1822 hic
2590 1766 2914 1838 profitetur,
2951 1766 3100 1821 alibi'
3139 1768 3199 1821 in
3231 1766 3480 1838 epistolis
3506 1768 3566 1820 ad
3592 1767 3772 1838 Evange-

2243 1837 2365 1893 lum
2399 1840 2467 1893 de
2484 1837 2930 1906 Melchisedech,
2962 1843 3017 1892 et
3038 1839 3107 1892 ad
3121 1837 3350 1893 Avitum
3371 1855 3483 1908 cap.
3513 1855 3529 1890 1
3548 1837 3772 1908 etApolog.

2244 1911 2522 1982 adversus
2552 1910 2829 1965 Ruﬁnum
2845 1909 3050 1981 prima,
3071 1926 3187 1965 non
3208 1909 3562 1982 perfunctorie
3587 1909 3774 1982 castigat.

2314 1981 2391 2053 (b)
2422 1982 2561 2053 Reg.
2596 1998 2730 2051 ms.,
2765 1978 2926 2052 quam
2976 1978 3442 2052 interpretationis
3467 1989 3586 2036 notae
3601 1978 3777 2033 dicenda

2241 2060 2387 2108 sunt.

1657 2339 2205 2432 INCIPIT
2278 2337 2722 2429 LIBER.
2805 2331 2821 2345 ’

545 2695 702 2768 (Cap.
736 2697 780 2752 Ι.
801 2696 1045 2752 —Ver.
1072 2697 1147 2768 1.)
1173 2697 1320 2754 Onus
1350 2697 1500 2752 verbi
1518 2696 1736 2752 Domini
1758 2695 1832 2751 ad
1847 2694 2038 2761 Israel,
2061 2695 2122 2748 in

473 2801 646 2840 manu
674 2785 924 2840 Malachi.
954 2785 1131 2840 LXX:
1184 2788 1492 2857 Assumptio
1533 2785 1680 2841 verbi
1708 2785 1934 2840 Domini
1960 2797 2126 2854 super

473 2874 663 2940 Israel,
696 2876 758 2928 in
785 2891 958 2929 manu
977 2876 1162 2946 angeli
1180 2876 1320 2946 ejus.
1379 2875 1527 2940 Quid
1558 2875 1850 2946 significet
1877 2889 2035 2932 onus.
2066 2870 2124 2926 id

475 2969 583 3030 est,
637 2962 869 3034 pondus,
923 2964 1077 3034 quod
1117 2963 1396 3019 Hebraice
1453 2980 1636 3018 massa
1668 2962 1882 3034 (suam,
1943 2965 1998 3016 et
2055 2961 2125 3015 ab

475 3051 688 3123 Aquila
716 3052 792 3123 (a)
825 3047 972 3124 ἅρμα
995 3052 1228 3120 dicitur,
1261 3052 1351 3108 vel
1383 3051 1523 3123 quid
1555 3048 1776 3122 λῆμμα,
1810 3052 1865 3105 id
1899 3055 2008 3114 est,
2037 3066 2125 3104 as-

481 3141 737 3211 sumptio,
772 3141 927 3211 quod
958 3145 1017 3195 et
1061 3140 1442 3212 Septuaginta
1480 3145 1536 3195 et
1565 3140 1752 3195 caeteri
1784 3140 2130 3209 interpretes

2234 2708 2484 2763 quorum
2499 2693 2654 2749 enim
2671 2693 2942 2749 manibus
2955 2689 3783 2764 estiniquitas,etquorumdextrs

2228 2781 2453 2852 repleta
2473 2787 2561 2837 est
2579 2783 2942 2849 muneribus,
2963 2786 3020 2837 et
3037 2798 3288 2853 quorum
3313 2798 3509 2836 manus
3529 2778 3672 2851 plena
3685 2778 3781 2830 sunt

2235 2871 2541 2942 sanguine,
2567 2871 2626 2925 in
2658 2871 2752 2925 his
2782 2888 2896 2926 non
2932 2872 2998 2926 fit
3028 2887 3224 2926 sermo
3255 2870 3352 2925 Dei
3379 2887 3390 2924 :
3424 2870 3514 2925 sed
3541 2866 3623 2939 qui
3649 2866 3784 2920 lavant

2235 2960 2386 3014 inter
2427 2959 2764 3014 innocentes
2797 2975 3008 3014 manus
3067 2975 3209 3014 suas
3241 2960 3413 3031 (Psal.
3458 2964 3588 3025 xxv).
3627 2953 3783 3018 Qlﬁbus

2237 3048 2406 3118 aquis
2437 3053 2494 3103 et
2519 3048 2737 3103 Pilatus
2771 3065 2984 3103 manus
3015 3047 3211 3103 lavare
3250 3052 3482 3104 conatus
3521 3050 3608 3108 est,
3638 3059 3690 3098 ne
3710 3042 3780 3096 Ju-

2237 3137 2497 3191 dasorum
2529 3136 2912 3207 blasphemiis
2962 3137 3318 3192 consentiret
3361 3137 3522 3207 (Matt.
3548 3137 3701 3199 xxvu),
3735 3129 3782 3183 de

482 3227 931 3294 transtulerunt,
966 3229 1024 3282 in
1076 3227 1204 3282 aliis
1235 3229 1534 3299 prophetis
1575 3227 1850 3282 diximus.
1885 3227 2029 3282 Nam
2070 3232 2127 3282 et
2158 3227 2200 3292 C
2240 3224 2457 3295 quibus
2485 3225 2798 3281 Psalmista
2827 3225 3079 3293 laetatur,
3112 3226 3352 3281 dicens:
3393 3225 3548 3296 Super
3569 3233 3780 3293 aquasre-

481 3315 668 3370 Naum
724 3315 953 3370 scribit:
1015 3316 1162 3370 Onus
1207 3319 1444 3372 Ninive:
1506 3317 1645 3370 liber
1679 3317 1907 3371 Visionis
1938 3321 2126 3372 Naum

477 3405 699 3459 Εἰσί»δωὶ
748 3404 929 3474 (Num.
994 3405 1076 3476 ιι).
1160 3405 1226 3459 Et
1284 3406 1553 3460 Abacuc:
1616 3406 1760 3461 Onus
1801 3406 1940 3476 quod
1991 3405 2127 3460 vidit

476 3493 691 3549 Abacuc
717 3493 979 3564 propheta
1011 3494 1193 3564 (Abac.
1221 3494 1282 3565 ι).
1331 3493 1397 3548 Et
1423 3494 1730 3550 Zacharias
1755 3513 1767 3550 :
1805 3495 1949 3550 Onus
1974 3495 2127 3550 verbi

476 3582 698 3637 Domini
740 3584 798 3636 in
855 3589 1000 3636 terra
1056 3581 1292 3646 A‘drach,
1350 3587 1401 3638 et
1454 3585 1707 3639 Damasci
1754 3584 1963 3653 requiei
2010 3583 2127 3654 ejus

475 3670 656 3740 (Ζαρὰ.
693 3687 751 3724 1x
804 3679 854 3726 et
883 3670 1008 3742 xu).
1070 3671 1139 3725 Et
1200 3688 1434 3726 rursum
1469 3671 1527 3725 in
1587 3672 2123 3739 consequentibus:

2228 3314 2488 3384 fectionis
2519 3315 2770 3370 educavit
2796 3331 2881 3371 me
2909 3317 3018 3386 (Ps.
3056 3333 3200 3382 xxu,
3229 3316 3304 3387 2).
3342 3316 3413 3370 De
3442 3313 3538 3368 hac
3576 3325 3689 3382 aqua
3709 3320 3780 3377 per

2235 3403 2575 3474 prophetam
2611 3404 2891 3459 Dominus
2925 3404 3270 3474 pollicetur:
3303 3405 3571 3476 Aspergam
3593 3415 3660 3455 vos
3682 3410 3781 3467 aqua

2234 3491 2596 3546 mundissima
2628 3495 2845 3557 (Ezech.
2867 3493 3080 3563 xxxvx).
3115 3493 3224 3557 Qui
3259 3499 3450 3548 autem
3476 3492 3689 3563 peccator
3708 3488 3785 3546 est.

2237 3580 2558 3636 inebriatur
2577 3581 2757 3637 calice
2781 3581 3115 3654 Babylonio,
3146 3587 3206 3636 et
3227 3583 3437 3637 dicitur
3457 3581 3520 3635 de
3545 3595 3600 3634 eo
3623 3595 3633 3632 :
3658 3575 3786 3646 Spinz

2235 3677 2540 3724 nascuntur
2569 3671 2628 3724 in
2655 3687 2826 3725 manu
2854 3671 3059 3727 ebriosi
3087 3671 3276 3742 (Prov.
3311 3688 3459 3734 xxvr,
3483 3670 3549 3739 9).

2310 3757 2479 3813 LXX:
2505 3759 2696 3813 Ponite
2724 3775 2890 3826 super
2928 3761 3094 3814 corda
3139 3769 3337 3815 vestra.
3372 3765 3483 3813 Hoc
3511 3759 3560 3810 in
3587 3748 3790 3808 Hebraico

481 3761 627 3815 Onus
659 3759 808 3814 verbi
847 3760 1066 3815 Domini
1103 3777 1270 3831 super
1327 3761 1516 3816 Israel.
1565 3761 1666 3816 Illa
1714 3760 1908 3831 itaque
1940 3761 2127 3816 simus

2239 3864 2354 3902 non
2387 3847 2653 3913 habetur,
2674 3849 2771 3903 sed
2793 3852 2931 3919 puto
2959 3849 3030 3904 de
3053 3855 3264 3921 Aggzeo
3291 3848 3562 3912 additum,
3584 3835 3792 3911 inquolc-

479 3847 886 3921 explanatione
915 3849 1070 3902 948
1090 3849 1379 3902 contenti:
1411 3852 1468 3902 et
1482 3864 1636 3902 nunc
1659 3848 1766 3901 hoc
1786 3853 2012 3901 tantum
2038 3847 2127 3902 di-

481 3954 706 4002 camus,
740 3937 898 4007 quod
927 3937 1157 4007 pondus
1189 3937 1346 3990 verbi
1402 3936 1624 3991 Domini
1654 3937 1722 3991 ad
1762 3935 1958 3999 Israel,
1988 3935 2126 4006 sive,
2238 3937 2470 4008 gimus:
2502 3937 2568 3990 Et
2596 3952 2745 3990 nunc
2771 3937 2956 4007 ponite
2983 3953 3148 4009 super
3163 3938 3331 3992 corda
3357 3946 3521 3992 vestra
3542 3930 3792 3987 adiehacet

479 4030 544 4081 ut
575 4024 716 4081 LXX
748 4025 971 4086 dicunt,
1005 4041 1170 4096 super
1189 4026 1376 4090 Israel,
1400 4040 1572 4096 grave
1597 4025 1832 4096 quidem
1866 4026 1954 4084 sit,
1993 4023 2130 4095 quia
2237 4026 2832 4096 supra(Aggasiu,16).
2855 4025 2993 4080 Post
3009 4013 3794 4098 titulumigiturprophetasivo

477 4115 709 4186 pondus
723 4113 1073 4184 appellatur,
1107 4115 1204 4168 sed
1222 4113 1637 4169 consolationis
1651 4113 1870 4185 aliquid
1897 4113 2128 4179 habeat,
2238 4114 2614 4186 prommium,
2650 4112 2967 4185 dupliciter
2995 4113 3399 4185 accipiendum
3423 4117 3536 4168 est:
3566 4107 3716 4165 Ponite
3734 4118 3803 4156 sui

482 4201 639 4274 quod
672 4217 786 4256 non
805 4205 1005 4256 contra
1025 4201 1336 4271 Israel,sed
1361 4204 1431 4257 ad
1456 4201 1633 4259 Israel
1656 4202 1929 4258 sumitur.
1955 4201 2126 4256 Aliud
2234 4220 2334 4276 per
2359 4205 2520 4258 corda
2549 4211 2751 4269 vestra,
2801 4203 2858 4257 id
2892 4207 3000 4273 est,
3047 4202 3487 4260 animadvertite
3513 4205 3562 4255 et
3599 4190 3796 4252 conside-

481 4293 570 4346 est
600 4289 757 4344 enim
789 4291 1045 4360 quando,
1077 4291 1234 4344 verbi
1267 4290 1472 4362 gratia,
1507 4293 1578 4346 ad
1628 4291 1792 4346 illum
1824 4290 1911 4346 vel
1963 4290 2129 4346 illum
2239 4296 2382 4358 rate,
2418 4291 2475 4345 id
2509 4291 2662 4362 quod
2687 4307 2866 4362 supra
2887 4291 3107 4346 dictum
3140 4297 3232 4346 est
3253 4311 3270 4345 :
3293 4290 3580 4362 Assumplio
3595 4282 3711 4342 verbi
3726 4279 3798 4334 Do-

478 4376 815 4450 scribimus,
840 4377 998 4432 aliud
1015 4379 1250 4450 quando
1269 4383 1468 4434 contra
1492 4379 1660 4434 illum
1683 4383 1739 4434 et
1762 4379 1927 4434 illum
1951 4397 1968 4433 :
1993 4378 2132 4450 quia
2237 4383 2381 4436 mini
2405 4396 2570 4452 super
2599 4379 2775 4435 Israel
2801 4381 2860 4436 in
2887 4395 3059 4435 manu
3081 4380 3283 4451 Angeli
3309 4385 3446 4448 eius.
3467 4378 3582 4434 Sive
3617 4371 3798 4441 diligen-

475 4467 539 4522 in
571 4465 752 4522 altero
811 4483 947 4538 pars
995 4466 1286 4535 amicitias,
1329 4466 1390 4522 in
1447 4467 1626 4523 altero
1685 4467 2128 4523 inimicitiarum
2237 4474 2327 4526 ter
2353 4469 2816 4532 animadvertite,
2850 4485 2976 4540 quae
3007 4468 3257 4524 dicenda
3288 4474 3428 4525 sunt
3456 4471 3647 4540 postea,
3672 4462 3722 4514 ul
3754 4468 3800 4509 ει

481 4560 682 4628 aperta
710 4554 997 4611 confessio
1028 4561 1136 4611 est.
1163 4555 1595 4628 Sciendumque
1618 4556 1772 4627 quod
1795 4556 2044 4611 abducto
2070 4555 2128 4610 in
2164 4593 2208 4656 D
2241 4577 2356 4616 non
2391 4557 2649 4629 corporis
2681 4557 2946 4622 auribus,
2980 4557 3080 4613 sed
3133 4557 3316 4613 animi
3350 4563 3406 4614 et
3452 4554 3622 4612 cordis
3644 4541 3800 4641 intelli'

479 4645 873 4718 captivitatem
905 4645 1099 4716 Israel,
1135 4645 1190 4700 id
1225 4649 1334 4714 est,
1359 4645 1555 4700 decem
1583 4645 1875 4713 tribubus,
1900 4645 2128 4700 indiffe-
2164 4644 2205 4656 "
2243 4648 2440 4722 gentia
2468 4647 2856 4718 cognoscatis,
2903 4650 2960 4701 et
2992 4646 3216 4702 faciatis
3260 4647 3423 4703 vobis
3469 4644 3739 4701 thesauros,
3760 4645 3801 4685 ιιι

479 4738 676 4790 renter
707 4733 954 4805 pristino
987 4733 1240 4804 nomine,
1275 4735 1474 4789 etduaa
1503 4734 1692 4788 tribus
1723 4733 1876 4789 Juda
1908 4737 1964 4788 et
1985 4737 2129 4788 Ben-
2242 4737 2457 4812 quibus
2491 4734 2789 4806 recipiatis
2811 4733 3044 4790 divitias
3065 4751 3407 4790 sermonum
3438 4734 3553 4799 Dei,
3575 4735 3624 4785 et
3638 4722 3802 4795 sapiet!’

471 4822 664 4894 jamin
696 4821 1068 4894 appellentur
1121 4821 1317 4878 lsrael.
1346 4822 1508 4886 Quod
1541 4826 1734 4877 autem
1769 4821 1984 4877 dicitur
2015 4831 2027 4877 :
2064 4825 2131 4878 In
2241 4829 2324 4884 tia
2355 4828 2490 4896 agat
2549 4821 2922 4890 ﬁducialiter,
2980 4839 3114 4878 cum
3147 4823 3374 4879 dilatati
3419 4817 3639 4882 fueritis,
3677 4815 3800 4869 etre-

481 4927 651 4967 manu
679 4912 864 4982 angeli
883 4912 1018 4983 ejus,
1044 4911 1164 4966 sive
1194 4911 1445 4981 Malachi,
1465 4928 1705 4966 manum
1731 4927 1832 4982 pro
1855 4911 2132 4982 operibus
2241 4917 2394 4988 pleto
2425 4913 2595 4969 corde
2614 4911 2985 4967 sermonibus
3008 4911 3127 4981 Dei,
3148 4911 3489 4985 pepuleritis
3507 4902 3799 4988 cogitationes

485 4999 750 5071 accipite.
786 4999 948 5054 Unde
977 5000 1112 5055 etin
1146 5017 1324 5054 manu
1354 4999 1568 5071 Aggaei,
1603 5003 1659 5054 et
1687 4999 1748 5054 in
1781 5015 1955 5054 manu
1978 4999 2133 5055 Jere-
2240 4985 2555 5078 pessimus,
2605 5015 2732 5071 quae
2763 4999 3144 5071 egrediuntur
3195 5002 3265 5056 de
3304 5001 3496 5057 corde.
3542 4985 3800 5078 homicidia,

481 5088 633 5158 mils,
667 5092 723 5146 et
753 5087 814 5144 in
845 5105 1024 5144 manu
1047 5088 1123 5161 (b)
1155 5088 1339 5161 Moysi
1373 5089 1558 5144 tactus
1588 5092 1677 5143 est
1702 5104 1893 5143 sermo
1927 5087 2040 5144 Dei.
2069 5090 2130 5144 In
2241 5072 2548 5157 adulteria,
2597 5088 3034 5155 fornicationes,
3087 5091 3242 5144 944
3277 5089 3433 5145 furta
3461 5086 3611 5160 (Matt.
3637 5081 3726 5146 xv),
3763 5072 3799 5127 ei

554 5247 634 5321 (a)
663 5248 709 5302 V
713 5248 880 5304 itiose
900 5248 1115 5321 lectum
1130 5245 1965 5321 esthactenus__8paua,nostris
1988 5264 2131 5320 quo-

482 5319 596 5392 que
616 5319 1160 5376 contradicentibus
1184 5337 1352 5391 mss.,
1378 5336 1482 5391 pro
1505 5319 1671 5392 lippa,
1696 5336 1813 5392 qua
1839 5334 1974 5375 voce
1997 5336 2134 5376 cono

481 5389 651 5464 fian
668 5409 812 5448 usus
833 5397 921 5464 est
938 5392 1165 5464 Aquila,
1181 5389 1934 5464 inter’pretan'sHebraicum
1957 5404 2128 5452 nam.

486 5463 794 5537 Recolensi
837 5461 1517 5537 libet,_'frequentissima
1549 5461 1815 5537 exempla
1857 5462 1916 5516 in
1963 5465 2133 5520 Com-

485 5533 788 5598 mentariis
817 5551 879 5594 in
910 5534 1120 5596 Isaiam
1137 5532 1186 5596 ἀ
1213 5551 1338 5614 cap.
1372 5551 1466 5608 xv,
1498 5535 1552 5602 1.
1600 5536 1659 5594 et
1687 5532 1982 5614 deinceps.
2013 5538 2135 5596 Hoc

2245 5268 2477 5324 quoque
2505 5251 2632 5322 ipso
2664 5249 2723 5304 in
2757 5250 2960 5324 Tomo,
2992 5249 3144 5324 Osee
3164 5267 3288 5321 vm,
3323 5252 3409 5305 10.
3713 5306 3721 5324 ρ

2414 5305 2548 5378 Duo
2563 5305 2732 5394 mss.,
2761 5329 2811 5394 et
2839 5321 2900 5374 in
2918 5305 3091 5394 manu
3113 5321 3236 5378 Osee
3253 5305 3434 5391 factus
3452 5327 3524 5394 est
3545 5334 3566 5394 :_
3583 5331 3639 5370 ex
3651 5305 3794 5394 quill:

2245 5375 2385 5451 ωὸῖ
2408 5375 2539 5450 οἶιῶ
2562 5375 2814 5466 Victdrio
2844 5393 3038 5456 verba,
3062 5375 3137 5466 et
3162 5375 3404 5466 quorum
3451 5390 3628 5466 dextra

2243 5475 2322 5522 est
2349 5464 2690 5532 muneribus,
2716 5480 2840 5535 quae
2861 5441 3039 5535 penes
3060 5441 3461 5520 Magtianmum
3481 5458 3701 5535 deerant,
3719 5441 3795 5504 Μ’

2245 5537 2511 5599 iecimus.
2545 5531 2782 5598 Leviora
2810 5531 3045 5612 quoque
3067 5535 3314 5596 inferius
3342 5531 3704 5596 emendanti.
