3938 6174
185 296 320 365 ιω

868 298 1618 364 COMMENTARIORUM
1664 299 1744 369 ΙΝ
1788 297 2259 369 MALACHIAM
2301 298 2557 362 LIBER.
2604 300 2778 363 CAP.
2823 302 2873 363 Ῑ.

3415 304 3574 377 1546

186 427 407 502 reliqua,
443 433 500 486 et
531 428 827 504 impleatis
856 434 1010 504 quod
1044 449 1077 487 a
1106 432 1400 489 Salvatore
1428 432 1647 488 dictum
1682 435 1805 488 est:
1840 435 1893 500 Α
1924 431 2083 486 tibus
2103 448 2167 486 ac
2190 431 2393 488 bestiis
2417 433 2684 489 obtineri.
2709 434 2765 489 Si
2790 436 2986 491 autem
3004 433 3216 495 dixerit
3236 436 3436 507 Edom,
3460 436 3571 496 hoc

185 519 278 587 Qui
303 518 457 575 habet
485 535 647 579 aures
675 520 961 586 audiendi,
994 520 1189 577 audiat
1215 522 1365 592 (Luc.
1396 538 1519 586 VIII,
1552 521 1628 593 8).

247 610 424 665 Dilemi
467 625 575 676 vos,
626 609 767 665 dicit
794 611 1075 666 Dominus.
1127 612 1190 667 Et
1216 611 1459 679 dixistis,
1492 612 1552 665 in
1580 628 1687 681 quo
1719 610 1810 664 di-

181 698 350 753 lexisti
377 701 516 753 nos?
546 698 734 754 Nonne
761 701 941 770 frater
967 708 1089 755 erat
1119 701 1261 755 Esau
1288 700 1473 768 Jacob,
1524 698 1655 753 dicit
1703 704 1809 754 Do-

178 788 339 842 minus
368 805 387 842 :
435 788 486 842 et
513 786 690 843 dilexi
714 789 895 857 Jacob,
928 791 1072 845 Esau
1099 797 1285 845 autem
1328 789 1453 845 odio
1492 787 1699 844 habui?
1744 788 1809 842 Et

173 877 314 948 posui
338 879 551 932 montes
579 878 697 945 eius
725 878 786 933 in
814 876 1184 947 solitudinem,
1216 887 1270 935 et
1289 876 1666 941 hwreditatem
1685 880 1808 949 ejus

178 966 231 1020 in
248 965 498 1022 dracones
526 965 746 1023 deserti.
775 967 926 1035 Quod
955 969 1003 1022 si
1029 968 1238 1045 dixerit
1258 969 1523 1034 Idumzea,
1547 964 1809 1022 destructi

175 1069 362 1123 sumus,
409 1054 501 1110 sed
548 1058 871 1112 revertentes
917 1056 1309 1126 adi/icabimus
1361 1071 1485 1127 quae
1534 1056 1807 1111 destructa

173 1150 325 1199 sunt:
353 1142 471 1200 haec
494 1142 628 1199 dicit
653 1145 912 1200 Dominus
935 1147 1295 1201 exercituum.
1318 1147 1419 1201 Isti
1434 1145 1801 1216 aediﬁcabant,

172 1233 221 1285 et
244 1247 334 1299 ego
359 1231 648 1288 destruam
667 1249 686 1286 :
722 1236 775 1288 et
798 1234 1140 1289 vocabuntur
1160 1236 1386 1289 termini
1404 1235 1732 1306 impietatis,
1755 1242 1807 1289 et

166 1319 384 1392 papulas
412 1322 504 1375 cui
534 1321 710 1377 iratus
740 1327 821 1377 est
841 1324 1104 1378 Dominus
1125 1339 1295 1395 usque
1324 1324 1385 1377 in
1414 1332 1700 1379 aeternum.
1730 1325 1806 1378 Et

170 1408 307 1464 oculi
335 1412 499 1465 vestri
528 1409 808 1480 videbunt,
839 1414 889 1467 et
918 1428 1011 1467 eos
1040 1412 1229 1468 dicetis
1251 1429 1269 1466 :
1301 1411 1678 1483 Magnificetur
1706 1413 1805 1468 Do-

166 1498 335 1553 minus
360 1514 522 1571 super
546 1501 844 1557 terminum
870 1502 1070 1557 Israel.
1106 1501 1277 1556 LXX:
1313 1502 1503 1557 Dilea'i
1530 1517 1640 1571 vos,
1668 1500 1803 1558 dicit

166 1587 416 1643 Dominus
437 1606 456 1642 :
485 1592 538 1643 et
567 1587 808 1657 dixistis,
836 1592 892 1643 in
918 1606 1023 1660 quo
1052 1589 1294 1646 dilexisti
1319 1590 1452 1646 nos?
1477 1592 1665 1646 Nonne
1681 1593 1800 1662 fra-

166 1679 242 1733 ter
282 1685 400 1732 erat
446 1677 591 1733 Esau
627 1680 809 1746 Jacob,
852 1679 985 1735 dicit
1022 1680 1285 1735 Dominus
1316 1698 1335 1735 .·
1373 1690 1424 1736 et
1474 1679 1654 1735 dilexi
1708 1682 1799 1737 Ja-

162 1767 268 1834 cob,
319 1768 470 1822 Esau
511 1771 699 1823 autem
727 1767 850 1824 odio
879 1768 1051 1824 habui
1070 1789 1091 1824 .·
1119 1776 1175 1825 et
1200 1771 1362 1842 posui
1391 1771 1650 1826 terminos
1681 1771 1800 1842 ejus
1829 1806 1877 1873 Β

163 1858 222 1910 in
275 1855 690 1928 desolationem,
752 1862 801 1912 et
860 1857 1237 1915 haereditatem
1294 1860 1411 1930 ejus
1470 1860 1530 1914 in
1577 1862 1802 1915 domata

162 1945 345 2000 deseri.
387 1946 528 2013 Quia
565 1946 710 2002 dicet
746 1946 1016 2012 Idumam,
1058 1949 1345 2005 destructa
1382 1958 1459 2004 est
1496 1966 1514 2000 :
1553 1957 1799 2004 reverta-

158 2051 281 2088 mur
305 2038 353 2089 et
381 2035 773 2105 resedificemus
802 2036 1034 2093 deserta.
1073 2042 1202 2092 Haec
1232 2036 1365 2093 dicit
1393 2039 1660 2094 Dominus
1685 2054 1798 2094 om-

158 2125 403 2196 nipotens
424 2142 443 2178 :
484 2125 595 2196 Ipsi
623 2124 1006 2195 aedificabant,
1052 2131 1103 2182 et
1131 2142 1235 2195 ego
1265 2126 1547 2183 destruam
1578 2146 1595 2180 :
1626 2136 1677 2182 et
1704 2142 1794 2182 υο-

156 2212 427 2269 cabuntur
462 2214 542 2269 eis
581 2216 808 2270 termini
844 2216 1189 2287 iniquitatis,
1244 2222 1298 2272 et
1350 2217 1588 2288 papulas
1637 2233 1801 2288 super

154 2317 311 2373 quem
336 2306 684 2375 praeparatus
713 2307 791 2360 est
816 2305 1079 2360 Dominus
1112 2321 1280 2377 usque
1309 2307 1366 2360 in
1396 2309 1685 2361 aeternum.
1733 2306 1799 2361 Et

152 2389 296 2446 oculi
326 2395 489 2446 vestri
522 2391 799 2462 videbunt,
833 2397 886 2449 et
913 2408 1003 2449 vos
1030 2393 1229 2450 dicetis
1252 2412 1271 2449 :
1300 2394 1693 2465 Magniﬁcatus
1719 2397 1798 2451 est

153 2480 409 2537 Dominus
437 2496 602 2553 super
630 2482 892 2538 terminos
926 2483 1124 2538 Israel.
1180 2482 1377 2549 Israel,
1410 2483 1520 2538 hoc
1551 2488 1658 2553 est,
1691 2484 1794 2541 Ju-

148 2568 275 2634 das,
307 2569 377 2624 ad
408 2585 585 2640 quem
617 2567 842 2626 solebat
871 2570 996 2625 ﬁeri
1027 2572 1267 2629 verbum
1305 2571 1403 2627 Dei
1433 2576 1490 2627 et
1517 2571 1662 2628 visio
1684 2573 1793 2630 Do-

149 2657 315 2727 mini,
346 2674 498 2714 onus
535 2659 665 2729 ejus
704 2663 762 2715 et
799 2659 1032 2731 pondus
1069 2659 1488 2732 suppliciorum
1521 2661 1795 2733 gravissi-

146 2762 309 2801 mum
340 2751 572 2818 portare
604 2747 996 2820 compellitur,
1042 2753 1104 2804 ut
1134 2749 1400 2821 graviora
1428 2754 1663 2822 peccata
1693 2752 1794 2807 de-

141 2839 341 2907 ponat,
370 2839 426 2890 et
458 2835 675 2891 sentiat
705 2853 807 2910 per
834 2842 1146 2906 tormenta,
1181 2855 1306 2910 quae
1337 2855 1449 2894 non
1485 2840 1668 2894 sensit
1693 2857 1794 2912 per

134 2925 441 2981 beneﬁcia.
480 2925 550 2980 Et
571 2941 644 2981 ne
665 2942 835 2997 pmna
855 2926 914 2981 in
939 2943 1078 2982 suos
1100 2927 1364 2983 videatur
1386 2928 1625 2999 injusta,
1649 2930 1788 2984 sub-

126 3014 154 3083 j
166 3013 268 3067 icit
298 3013 581 3069 Dominus
606 3032 619 3070 :
652 3015 835 3070 Dilexi
863 3031 953 3072 vos
978 3032 991 3070 :
1026 3017 1194 3084 Quem
1218 3018 1364 3072 enim
1391 3016 1583 3087 diligit
1602 3019 1787 3075 Domi-

131 3118 246 3158 nus
275 3104 502 3174 corripit
533 3120 552 3156 :
580 3104 811 3174 castigat
840 3113 1032 3161 autem
1060 3121 1271 3161 omnem
1298 3106 1480 3174 ﬁlium
1509 3123 1671 3178 quem
1698 3124 1784 3164 re-

1920 523 2029 587 est,
2048 521 2231 577 Esau:
2256 521 2536 578 destructi
2559 523 2793 595 quidem
2823 540 3058 591 sumus,
3085 523 3159 595 (a)
3181 524 3254 583 ad
3276 523 3422 581 iram
3448 526 3571 600 Dei,

1920 627 2152 664 rursum
2183 611 2602 668 aediﬁcabimus
2624 612 2917 669 civitates:
2942 612 3063 668 haec
3092 614 3331 669 Domino
3358 614 3568 685 pradi-

1920 704 2082 754 cente
2115 701 2483 772 cognoscite:
2518 702 2674 774 quod
2706 701 2823 757 illis
2851 702 3296 770 aediﬁcantibus,
3329 719 3434 777 ego
3465 703 3568 761 de-

1918 791 2165 856 struam,
2184 794 2241 843 et
2263 789 2409 844 iram
2429 807 2617 846 meam
2640 795 2856 847 aeterna
2876 808 3078 849 eorum
3098 791 3339 848 vastitas
3361 809 3566 865 appro-

1917 876 2098 932 babit.
2133 877 2340 934 Odium
2370 879 2548 950 igitur
2568 880 2624 935 iu
2648 881 2799 936 Esau
2827 880 3003 937 rebus
3028 881 3280 951 ostendi,
3303 898 3562 941 amorem

1916 970 2111 1022 autem
2144 966 2203 1021 in
2237 984 2358 1037 vos,
2382 967 2489 1024 hoc
2512 973 2619 1037 est,
2642 968 2703 1024 in
2723 969 2924 1039 Jacob,
2948 970 3330 1041 sequentibus
3351 986 3562 1045 appro-

1914 1054 2084 1110 babo.
2123 1054 2236 1111 [llis
2259 1058 2571 1113 destructis
2592 1064 2766 1129 atque
2793 1058 3041 1114 redactis
3063 1061 3136 1115 ad
3158 1058 3560 1132 solitudinem,

1914 1144 2195 1201 videbunt
2216 1144 2367 1201 oculi
2388 1147 2587 1214 vestri,
2618 1152 2673 1202 et
2692 1146 2930 1204 dicetis:
2956 1149 3350 1219 Magniﬁcetur
3372 1150 3560 1207 Domi-

1912 1249 2017 1287 nus
2048 1250 2211 1305 super
2240 1236 2541 1290 terminum
2568 1235 2778 1298 Israel;
2810 1239 2862 1290 et
2894 1252 2961 1290 cx
2984 1236 3418 1306 comparatione
3439 1253 3560 1297 ma-

1911 1320 2104 1376 lorum
2127 1339 2253 1394 quae
2281 1323 2460 1379 frater
2478 1328 2668 1379 vester
2689 1324 2925 1397 patitur,
2959 1324 3056 1379 Dei
3077 1324 3137 1378 in
3157 1342 3260 1380 vos
3280 1324 3563 1391 beneﬁcia.

1914 1411 2194 1467 sentietis.
2212 1412 2395 1467 Judaei
2420 1412 2566 1468 falso
2590 1413 2702 1468 sibi
2724 1411 3126 1480 blandiuntur,
3146 1413 3329 1469 Edom
3352 1414 3563 1475 Roma-

1914 1516 2020 1556 nos
2050 1503 2107 1556 et
2136 1500 2313 1557 Israel
2346 1501 2403 1555 in
2436 1501 2943 1557 consummatione
2975 1501 3181 1557 mundi
3213 1518 3275 1558 se
3304 1501 3561 1575 prophe-

1909 1589 2019 1643 tari
2046 1606 2058 1645 :
2088 1590 2240 1659 quod
2264 1590 2561 1646 destructo
2583 1596 2842 1646 Romano
2862 1590 3129 1663 imperio,
3156 1591 3265 1647 hoc
3288 1587 3395 1661 est',
3420 1592 3555 1651 Idu-

1911 1695 2076 1746 mazo,
2111 1696 2356 1751 regnum
2389 1680 2546 1735 orbis
2574 1679 2767 1735 veniat
2796 1680 2869 1736 ad
2898 1681 3154 1737 Judaeos.
3206 1680 3336 1736 Haec
3385 1684 3560 1754 prout

1910 1767 2230 1838 potuimus,
2253 1768 2506 1824 historiae
2526 1769 2908 1824 fundamenta
2926 1769 3232 1839 jacientes,
3256 1767 3433 1826 locuti
3455 1786 3555 1829 su-

1910 1871 2074 1912 mus:
2098 1874 2251 1912 nunc
2275 1857 2579 1913 veniamus
2601 1859 2672 1913 ad
2696 1857 3143 1930 intelligentiam
3165 1857 3553 1931 spiritualem.

1910 1944 2104 2013 Israel,
2142 1947 2244 2011 vir,
2279 1945 2365 2002 vel
2393 1962 2584 2002 sensus
2607 1963 2830 2001 cernens
2851 1947 3041 2013 Deum,
3076 1947 3195 2003 sive
3218 1951 3282 2003 ut
3304 1964 3412 2020 ego
3434 1964 3556 2007 me-

1908 2030 2024 2087 lius
2055 2039 2227 2104 puto,
2275 2030 2559 2094 εὐθύτατος
2607 2036 2769 2099 Θεοῦ,
2814 2034 2874 2088 id
2905 2039 3022 2102 est,
3068 2036 3399 2093 rectissimus
3431 2037 3555 2111 Dei,

1910 2120 2173 2193 diligitur
2193 2139 2225 2176 a
2247 2122 2511 2190 Domino,
2534 2127 2590 2177 et
2611 2122 2733 2177 vult
2750 2122 3075 2179 dilectionis
3101 2124 3229 2195 ejus
3252 2124 3310 2179 in
3327 2141 3389 2181 se
3410 2123 3559 2187 scire

1909 2211 2216 2265 rationem.
2244 2212 2643 2282 Dominusque
2674 2213 2998 2284 respondit,
3026 2212 3178 2268 Esau
3203 2218 3259 2269 et
3281 2212 3461 2270 Jacob
3486 2215 3558 2273 de

1908 2316 2027 2353 una
2048 2298 2231 2370 stirpe
2252 2308 2577 2372 generatos,
2602 2299 2711 2355 hoc
2733 2305 2842 2369 est,
2866 2300 3006 2355 vitia
3023 2308 3200 2373 atque
3221 2302 3466 2359 virtutes
3488 2317 3559 2359 ex

1907 2405 2022 2443 uno
2055 2387 2246 2443 cordis
2277 2388 2432 2444 fonte
2464 2388 2769 2460 procedere
2799 2406 2812 2444 :
2846 2389 2987 2444 dum
3019 2406 3089 2445 ex
3120 2388 3346 2444 arbitrii
3381 2390 3554 2451 liber-

1906 2480 2023 2532 tate
2050 2475 2109 2531 in
2143 2481 2452 2550 utramque
2481 2481 2703 2548 partem
2737 2482 2801 2531 ut
2830 2476 3121 2549 volumus,
3155 2476 3556 2550 declinamus;

1905 2566 2005 2621 sed
2034 2564 2226 2638 priora
2247 2571 2570 2621 nascuntur
2590 2566 2731 2621 vitia
2753 2582 2855 2639 per
2870 2565 3551 2639 infantiam,pueritiam,

1896 2657 2428 2727 juventutem,qua;
2460 2661 2661 2728 postea
2682 2660 2819 2712 aetas
2852 2656 3079 2713 ﬁrmior
3108 2657 3346 2731 corripit
3376 2663 3554 2731 atque

1904 2744 2261 2817 supplantat.
2277 2745 2461 2815 Major
2477 2745 2651 2801 frater
2666 2745 2938 2818 hispidus
2955 2751 3046 2803 est
3060 2750 3117 2802 et
3137 2747 3555 2820 sanguinarius

1902 2834 2120 2905 (Genes.
2156 2837 2294 2903 xxv)
2329 2852 2341 2889 :
2374 2835 2529 2890 946
2559 2835 3000 2903 venationibus,
3048 2834 3211 2897 silvis
3259 2840 3317 2892 et
3344 2836 3556 2896 bestiis

1903 2922 2242 2979 delectatur.
2295 2923 2482 2980 Minor
2509 2923 2651 2980 levis
2681 2928 2738 2979 et
2777 2923 3056 2996 simplex,
3107 2930 3164 2981 et
3210 2923 3552 2989 innocenter

1902 3012 2176 3069 habitans
2206 3013 2467 3069 domum.
2502 3019 2653 3069 Deus
2684 3013 2829 3069 ﬁnes
2862 3013 3148 3082 Idumaeas,
3172 3013 3280 3070 hoc
3301 3020 3409 3085 est,
3433 3019 3551 3072 ter-

1900 3118 2049 3157 rente
2080 3106 2137 3157 et
2165 3101 2554 3174 sanguinaria:
2586 3102 2749 3174 ponit
2776 3102 2836 3157 in
2877 3101 3275 3169 solitudinem,
3313 3109 3371 3159 et
3400 3102 3550 3161 nihil

130 3191 274 3263 cipit
313 3173 493 3260 (Hebr.
549 3209 651 3262 xu,
712 3173 769 3264 6)
802 3209 815 3247 :
874 3194 942 3248 Et
988 3193 1235 3250 dicendo
1285 3173 1479 3263 dilexi,
1516 3173 1787 3269 ’ρτωεθηε
1818 3173 1861 3241 C
1899 3192 1970 3247 de
2001 3194 2156 3246 terra
2184 3173 2441 3247 crescere
2471 3173 2615 3246 sinit
2645 3195 2701 3247 et
2729 3208 2858 3246 esse
2890 3197 3257 3264 perpetuum.
3301 3193 3466 3257 Quod
3498 3191 3552 3251 εἰ

131 3284 333 3352 negat,
365 3281 507 3337 dum
540 3281 897 3354 praeteritum
946 3283 1273 3340 conﬁtetur.
1310 3283 1515 3357 Illique
1544 3302 1784 3358 respon-

128 3370 281 3423 dent
332 3369 658 3426 temeritate
715 3388 832 3443 qua
870 3376 1133 3443 peccant,
1174 3372 1339 3428 obliti
1379 3373 1786 3431 beniﬁciorum

126 3456 270 3527 ejus
305 3472 318 3511 :
369 3458 429 3512 In
457 3474 559 3529 quo
589 3457 844 3514 dilexisti
877 3461 1017 3514 nos?
1060 3460 1145 3514 Ad
1178 3476 1303 3531 quin
1336 3461 1620 3516 Dominus
1654 3478 1666 3515 :
1716 3460 1789 3517 Ut

123 3549 365 3614 caetera,
389 3546 601 3619 inquit,
631 3552 878 3614 taceam,
904 3552 959 3602 et
980 3548 1135 3619 quod
1162 3564 1348 3620 nuper
1369 3549 1440 3604 de
1471 3549 1787 3618 Babylonia

120 3633 468 3706 captivitate
490 3635 755 3703 venistis,
780 3635 1140 3692 incunabula
1156 3640 1348 3693 vestra
1368 3638 1650 3703 tractabo,
1682 3655 1785 3692 an-

118 3729 377 3794 tequam
427 3726 845 3794 nasceremini,
886 3724 1069 3781 immo
1119 3727 1467 3798 priusquam
1528 3725 1788 3782 Rebecca

112 3813 288 3874 Esau
309 3816 365 3867 et
390 3812 569 3869 Jacob
594 3817 759 3869 utero
785 3831 892 3870 suo
924 3815 1195 3870 funderet
1222 3814 1374 3887 (Gen.
1397 3817 1527 3885 xxv)
1552 3833 1564 3871 :
1598 3814 1658 3869 in
1686 3815 1785 3871 Ja-

113 3899 242 3957 cob
264 3917 366 3957 vos
396 3900 571 3957 dilexi
600 3918 612 3956 :
646 3901 707 3957 in
730 3902 877 3958 Esau
904 3903 1190 3958 Idumaeos
1218 3902 1350 3958 odio
1375 3903 1576 3959 habui.
1604 3903 1787 3967 Quem

108 3990 333 4045 locum
366 3990 667 4062 apostolus
692 3991 904 4048 Paulus
927 3992 1175 4063 mystica
1196 3991 1592 4064 disputatione
1626 4009 1789 4048 even-

110 4076 341 4142 tilans,
355 4077 560 4133 scribit
580 4079 651 4135 ad
669 4080 983 4145 Romanos,
997 4080 1111 4134 duo
1128 4080 1345 4151 pariter
1363 4079 1698 4136 testimonia
1718 4081 1790 4136 de

105 4168 289 4224 945
327 4168 537 4224 Genesi
567 4167 932 4241 Malachitu
956 4169 1061 4240 [Αἰ.
1091 4167 1517 4241 Malachiaque]
1543 4171 1789 4241 conjun-

102 4271 283 4329 gens
316 4272 329 4310 :
373 4255 477 4312 Sed
514 4260 563 4312 et
592 4257 829 4314 Rebecca
857 4256 922 4313 de
949 4274 1062 4313 uno
1091 4257 1383 4313 concubitu
1410 4258 1611 4314 habens
1639 4259 1791 4314 Isaac

88 4345 318 4419 patris
344 4347 543 4401 nostri.
592 4346 729 4401 Nam
758 4362 887 4401 cum
913 4345 1157 4402 nondum
1184 4348 1307 4401 nati
1334 4351 1527 4416 essent,
1558 4356 1653 4402 aut
1682 4348 1788 4402 ali-

97 4430 268 4507 quid
300 4434 534 4505 egissent
565 4433 691 4490 boni
719 4434 805 4490 vel
841 4436 1003 4506 mali,
1052 4438 1111 4489 ut
1153 4435 1451 4490 secundum
1478 4436 1789 4492 electionem

1898 3280 2212 3353 impudens
2244 3278 2467 3335 malitia
2487 3295 2555 3335 ea
2578 3297 2705 3352 qua:
2735 3284 2878 3335 sunt
2898 3279 2997 3335 Dei
3023 3295 3291 3336 sermone
3318 3280 3553 3341 destru-

1897 3375 2008 3441 cta,
2057 3385 2292 3424 rursum
2344 3368 2632 3422 aediﬁcare
2662 3368 2906 3433 nitatur,
2937 3366 3223 3424 Dominus
3254 3385 3318 3424 se
3346 3386 3549 3426 eorum

1898 3474 2023 3529 quae
2046 3457 2450 3511 instaurantur
2466 3475 2501 3510 a
2519 3456 2697 3521 vitiis,
2713 3456 3113 3512 adversarium
3137 3457 3460 3530 proﬁtetur.
3477 3458 3548 3514 Et

1896 3550 2211 3618 postquam
2231 3543 2445 3599 fuerint
2460 3542 2765 3598 hostilium
2783 3544 3167 3599 terminorum
3187 3549 3397 3600 cuncta
3412 3546 3546 3601 sub-

1894 3650 2097 3690 versa:
2132 3640 2273 3688 tunc
2304 3634 2381 3705 (b)
2411 3631 2611 3687 oculos
2635 3648 2957 3702 possumus
2987 3633 3179 3688 videre
3210 3632 3464 3700 Israelis,
3487 3638 3545 3690 et

1896 3726 2131 3779 sanctos
2180 3738 2440 3793 quosque
2489 3721 2677 3776 dicere
2710 3738 2722 3775 :
2773 3722 3154 3794 Magniﬁcetur
3189 3722 3451 3778 Dominus
3480 3723 3544 3778 in

1896 3813 2150 3868 terminis
2167 3828 2382 3881 eorum,
2400 3812 2498 3881 qui
2518 3820 2697 3865 mente
2715 3812 3057 3881 conspiciunt
3079 3812 3247 3865 Deum
3266 3811 3543 3883 (Sapient.

1894 3901 1995 3973 χι).
2042 3899 2218 3955 Porro
2259 3899 2492 3954 dilectio
2522 3902 2579 3953 et
2608 3898 2808 3953 odium
2840 3898 2941 3953 Dei
2968 3897 3057 3955 vel
3087 3915 3153 3954 ex
3184 3899 3549 3971 praescientia

1897 3988 2160 4045 nascitur
2180 3989 2533 4055 futurorum,
2558 3985 2642 4041 vel
2666 4002 2734 4041 ex
2756 3986 3065 4060 operibus:
3101 3985 3361 4060 alioquin
3384 3989 3547 4045 novi-

1898 4095 2033 4134 mus
2054 4077 2208 4150 quod
2230 4074 2426 4132 omnia
2448 4079 2599 4131 Deus
2620 4074 2847 4151 diligat,
2873 4093 2979 4131 nec
3004 4076 3326 4150 quidquam
3348 4094 3555 4137 eorum

1899 4166 2086 4223 oderit
2139 4184 2265 4238 quae
2314 4164 2565 4233 creavit;
2618 4165 2721 4221 sed
2755 4165 2990 4238 proprie
3022 4182 3122 4222 eos
3154 4184 3273 4223 suae
3303 4164 3559 4224 vindicet

1898 4254 2188 4323 charitati,
2239 4253 2341 4326 qui
2390 4253 2663 4310 vitiorum
2699 4253 2902 4311 hostes
2932 4259 3073 4311 sunt
3108 4261 3165 4311 et
3195 4256 3461 4314 rebelles.
3492 4255 3561 4314 Et

1900 4344 2222 4401 econtrario
2272 4342 2404 4399 illos
2451 4343 2598 4415 odit,
2642 4343 2742 4416 qui
2776 4362 2810 4400 a
2839 4343 2955 4401 Deo
2990 4345 3287 4401 destructa
3315 4346 3562 4418 cupiunt

1900 4451 2136 4493 rursum
2162 4438 2480 4490 exstruere.
2497 4432 2702 4489 Odisse
2723 4436 2920 4489 autem
2942 4433 3100 4489 Deus
3120 4433 3559 4509 ἀνθρωποπάθως

85 4524 480 4597 propositum
506 4523 605 4579 Dei
634 4532 864 4580 maneat
896 4544 914 4579 :
943 4540 1055 4580 non
1084 4540 1155 4579 ea:
1182 4525 1456 4597 operibus,
1485 4524 1575 4580 sed
1603 4542 1672 4579 ea:
1699 4542 1789 4580 vo-
1825 4540 1873 4604 ι)
1904 4523 2119 4579 dicitur
2143 4539 2156 4577 :
2194 4528 2256 4577 ut
2279 4522 2435 4588 ﬁere,
2464 4526 2530 4576 ut
2553 4520 2773 4589 dolere,
2795 4526 2859 4576 ut
2880 4522 3089 4578 irasci:
3119 4527 3181 4577 ut
3199 4524 3434 4595 quando
3456 4539 3561 4578 au-

86 4619 298 4669 cante
325 4612 535 4668 dictum
565 4621 643 4668 est
669 4614 723 4667 ei
748 4633 766 4667 :
798 4614 931 4685 quia
960 4615 1147 4685 major
1175 4616 1369 4669 serviet
1397 4615 1622 4681 minori,
1652 4616 1793 4669 sicut

85 4702 413 4773 scriptum
451 4705 531 4758 est
573 4720 592 4757 :
630 4702 791 4758 Iacob
828 4701 1023 4771 dilexi,
1067 4703 1211 4757 Esau
1246 4705 1431 4759 autem
1468 4702 1589 4759 odio
1628 4703 1797 4759 habui

82 4791 313 4861 (Rom.
349 4808 428 4860 1x,
462 4792 548 4859 10,
578 4793 629 4847 et
658 4791 851 4864 seqq.).
883 4795 1003 4847 Hoc
1034 4791 1190 4846 enim
1223 4792 1376 4862 quod
1411 4791 1627 4848 dicitur
1658 4810 1672 4847 :
1705 4792 1790 4847 Si-

74 4883 224 4936 cut
258 4879 533 4950 scriptum
559 4887 656 4949 est,
691 4884 749 4934 et
777 4880 848 4935 ad
882 4880 1172 4936 Geneseos
1203 4880 1443 4947 librum,
1476 4886 1534 4936 et
1552 4882 1625 4936 ad
1655 4898 1795 4954 pro-

82 4967 385 5042 phetam
416 4966 665 5022 Malachi
694 4969 960 5024 refertur.
994 4970 1119 5027 Non
1144 4968 1355 5039 solum,
1382 4969 1482 5037 ait,
1511 4969 1681 5026 dilexi
1704 4970 1796 5026 Ja-

75 5055 240 5114 cob
265 5059 587 5128 antequam
613 5063 972 5125 nasceretur,
996 5063 1055 5115 et
1076 5059 1205 5114 odio
1228 5058 1405 5114 habui
1430 5060 1581 5115 Esau
1605 5060 1793 5131 prius-

68 5164 139 5219 q
161 5161 323 5200 nam
355 5162 425 5201 ex
456 5150 619 5202 utero
652 5148 860 5203 matris
892 5148 1271 5216 funderetur;
1311 5149 1410 5203 sed
1443 5148 1499 5202 in
1534 5154 1797 5220 posteros

66 5251 347 5293 eorum
369 5251 627 5291 amorem
644 5253 840 5291 meum
856 5237 1118 5293 etodium
1140 5238 1473 5293 conservavi
1491 5255 1503 5291 :
1520 5239 1718 5293 odium
1738 5238 1798 5293 in

58 5327 293 5386 Esau
329 5324 501 5396 cujus
534 5330 764 5381 montes
795 5327 895 5399 qui
927 5326 1299 5400 appellantur
1331 5326 1477 5393 Seir,
1510 5328 1707 5400 redegi
1738 5326 1798 5384 in

60 5435 117 5474 ε
132 5410 548 5485 olitudinem,
564 5418 622 5470 et
644 5415 817 5471 urbes
838 5416 945 5472 feci
969 5433 1095 5472 esse
1119 5416 1400 5485 desertas,
1430 5420 1487 5471 et
1507 5433 1542 5473 a
1561 5432 1797 5489 serpen-

223 5623 292 5700 α)
323 5624 391 5682 In
420 5621 552 5682 aliis
580 5623 769 5694 libris,
799 5626 875 5686 ab
903 5628 993 5685 ira
1020 5628 1139 5686 Det.

470 5753 735 5825 Panos.
781 5755 973 5827 XXV.

1905 4612 2103 4667 dimus
2129 4613 2329 4667 odium
2361 4611 2491 4683 ejus
2514 4610 2570 4665 in
2604 4609 2815 4678 malos,
2838 4627 2905 4665 ea
2928 4627 3055 4682 quae
3078 4615 3260 4666 Deum
3283 4609 3561 4685 intelligi-

1903 4718 2037 4757 mus
2070 4701 2284 4768 odisse,
2322 4698 2638 4772 fugiamus.

1976 4790 2161 4863 (Vers.
2196 4791 2278 4860 6.)
2331 4787 2514 4844 Filius
2547 4788 2773 4844 honorat
2810 4796 3039 4860 patrem,
3089 4797 3140 4845 et
3181 4805 3364 4845 servus
3393 4790 3568 4847 domi.

1902 4896 2039 4934 num
2067 4895 2265 4934 suum:
2306 4881 2356 4933 si
2396 4896 2522 4947 ergo
2548 4886 2705 4950 pater
2732 4894 2831 4947 ego
2859 4895 3000 4948 sum,
3054 4878 3152 4933 ubi
3195 4879 3367 4935 honor
3393 4896 3572 4937 meus.

1905 4973 2017 5024 est?
2045 4972 2097 5024 et
2124 4970 2173 5023 si
2201 4967 2455 5024 dominus
2482 4985 2581 5037 ego
2609 4984 2754 5036 sum,
2786 4968 2883 5022 ubi
2910 4976 2991 5023 est
3021 4971 3187 5022 timor
3210 4969 3402 5024 meus?
3429 4969 3573 5046 dici;

1907 5060 2167 5113 Dominus
2194 5060 2561 5113 exercituum.
2598 5056 2739 5112 LXX
2765 5074 2777 5111 :
2813 5057 2991 5112 Filius
3022 5057 3294 5127 gloriﬁcat
3315 5062 3568 5135 patrem,

1905 5156 1959 5202 et
1985 5164 2171 5202 servus
2200 5147 2482 5202 dominum
2506 5164 2665 5201 suum
2692 5146 2923 5201 timebit.
2959 5150 3032 5201 Et
3051 5148 3104 5201 si
3120 5149 3281 5218 pater
3300 5162 3392 5219 ego
3415 5162 3565 5215 sum,

1906 5238 2001 5291 ubi
2032 5244 2108 5292 est
2133 5237 2320 5305 gloria
2350 5236 2512 5293 mea?
2563 5237 2626 5291 Et
2675 5238 2725 5290 si
2753 5235 3005 5291 dominus
3034 5252 3129 5307 ego
3170 5253 3317 5303 sum,
3364 5236 3463 5292 ubi
3489 5237 3580 5291 est

1908 5328 2073 5383 timor
2104 5326 2293 5381 meus?
2329 5326 2465 5382 dicit
2496 5327 2759 5381 Dominus
2789 5328 3143 5397 omnipotens.
3179 5325 3338 5381 Licet
3367 5325 3567 5398 prius-

1909 5432 2087 5487 quam
2120 5412 2531 5482 nasceremini,
2562 5413 2621 5468 in
2649 5412 2830 5469 Jacob
2861 5414 3032 5485 quasi
3062 5413 3216 5470 ﬁlios
3244 5428 3443 5470 amare
3462 5428 3567 5470 vos

1978 5628 2397 5705 (b)PenesVict.
2408 5636 2562 5699 ,tunc
2571 5624 2749 5686 oculis
2759 5642 3043 5703 possumus
3053 5626 3247 5686 uidere
3258 5627 3463 5706 Israel,
3478 5641 3513 5695 θ
3528 5630 3588 5690 to

3179 5754 3261 5825 49
