4034 6196
429 274 586 340 1547

428 412 733 485 coeperim:
752 415 949 471 tamen
970 411 1167 487 eligite
1189 431 1304 487 quo
1327 430 1420 472 me
1438 415 1718 472 vocabulo
1741 417 2074 486 nominatis,

429 506 531 556 aut
561 505 728 573 pater
756 519 891 559 sum
920 508 1128 576 vester,
1162 509 1263 561 aut
1293 505 1584 562 dominus.
1619 506 1673 560 Si
1705 511 1888 579 pater,
1918 506 2078 562 debi-

425 592 554 668 tum
574 592 725 662 patri
744 591 1022 650 honorem
1043 595 1345 665 reddite,ei
1368 596 1605 668 dignam
1626 601 1863 668 parente
1879 597 2080 652 offerte

424 677 722 750 pietatem.
755 682 812 736 Si
843 682 1142 751 dominus,
1177 700 1281 738 cur
1301 701 1394 739 me
1425 684 1836 740 contemnitis?
1854 702 1958 739 cur
1976 685 2077 740 do-

425 769 655 826 minum
677 787 792 827 non
818 772 1082 828 timetis?
1105 774 1388 844 Loquitur
1407 778 1602 830 autem
1626 775 1698 828 ad
1725 790 1822 829 eos
1845 774 1943 845 qui
1965 773 2076 828 sub

422 858 739 916 Zorobabel
791 864 847 916 et
882 861 1021 918 Jesu
1052 861 1172 918 ﬁlio
1204 863 1469 931 Josedec,
1502 868 1558 918 et
1586 867 1725 917 Ezra
1753 863 2073 928 sacerdote,

424 950 481 1002 et
527 948 786 1018 Neemia,
835 952 905 1005 de
958 951 1290 1023 captivitate
1333 951 1647 1039 Babylonia
1687 956 1830 1030 sunt
1860 951 2072 1007 reversi

424 1036 469 1106 (Ι
499 1038 657 1093 Esdr.
694 1040 799 1112 ιη),
836 1044 1248 1112 exstructoque
1279 1036 1468 1108 altari,
1503 1042 1754 1096 necdum
1786 1040 2071 1112 templum

424 1125 868 1199 sediﬁcaverant,
923 1145 1029 1185 nec
1075 1146 1277 1186 muros
1311 1134 1683 1186 cxtruxerant
1711 1129 1983 1198 civitatis,
2017 1136 2074 1185 et

423 1213 810 1272 nihilominus
824 1217 883 1272 in
895 1220 1148 1290 peccatis
1162 1220 1426 1290 pristinis
1439 1220 1860 1292 permanebant
1871 1224 2069 1286 ,Dcum

424 1319 530 1358 nec
559 1321 777 1378 amore,
802 1323 907 1362 nec
932 1308 1140 1364 timore
1159 1312 1518 1365 venerantes.
1551 1309 1712 1375 Quod
1736 1314 1931 1364 autem
1954 1309 2070 1379 glo-

420 1393 569 1448 riam
598 1395 874 1464 diximus,
905 1396 994 1452 vel
1026 1397 1302 1466 honorem,
1335 1403 1392 1453 et
1419 1398 1570 1470 apud
1599 1401 1822 1453 Graecos
1844 1393 1992 1466 δόξα,
2015 1401 2071 1454 et

420 1483 575 1554 apud
609 1483 878 1541 Hebraeos
908 1486 1059 1542 947
1095 1503 1314 1542 CHABOD
1347 1486 1576 1558 (11:13),
1612 1503 1795 1540 unum
1825 1486 2068 1541 verbum

419 1575 535 1640 est;
560 1573 662 1628 sed
686 1590 793 1629 nos
816 1591 918 1646 pro
941 1574 1155 1630 Latinae
1181 1574 1394 1647 linguae
1419 1574 1791 1646 proprietate,
1808 1574 2069 1630 honorem

417 1661 746 1732 posuimus.
779 1663 927 1718 Nam
959 1667 1015 1719 et
1044 1663 1102 1718 in
1124 1662 1433 1736 Evangelio
1457 1663 1556 1719 ubi
1579 1663 1838 1735 loquitur
1866 1664 2067 1720 Domi-

416 1766 553 1820 nus,
583 1755 642 1807 et
671 1751 935 1808 Salvator
962 1770 975 1807 :
1011 1755 1193 1821 Pater,
1216 1754 1364 1808 venit
1392 1753 1547 1821 hora,
1579 1753 1829 1823 clariﬁca
1857 1753 2067 1809 Filium

415 1846 592 1911 tuum,
643 1845 707 1895 ut
751 1843 927 1897 Filius
975 1850 1101 1897 tuus
1148 1843 1412 1913 clariﬁcet
1460 1851 1510 1897 te
1556 1843 1737 1913 (Joan.
1780 1860 1934 1913 xvu;
1982 1846 2063 1914 1),

416 1930 572 1999 apud
595 1929 822 1986 Graecos
844 1926 1062 1998 δόξασον
1090 1930 1371 2002 loquitur,
1388 1931 1447 1985 id
1469 1935 1578 2000 est,
1593 1932 1859 2001 gloriﬁca.
1881 1933 2061 1994 Quom

415 2015 608 2073 locum
658 2017 919 2090 plerique
965 2020 1303 2074 Latinorum
1341 2020 1660 2090 honoriﬁca,
1695 2020 2063 2092 interpretati

414 2109 572 2161 sunt.
599 2105 904 2178 Simulque
930 2109 1391 2178 consideremus,
1414 2109 1569 2179 quod
1595 2107 1751 2163 ﬁlius
1775 2125 1839 2163 ac
1862 2127 2063 2165 servus

411 2193 475 2249 in
501 2195 820 2266 Seripturis
851 2196 1068 2252 sanctis
1099 2195 1392 2252 voluntate
1424 2198 1546 2267 ﬁat,
1581 2214 1696 2252 non
1718 2199 2062 2253 necessitate

410 2287 656 2340 naturas.
681 2283 788 2350 Qui
817 2285 973 2340 enim
1005 2286 1280 2356 spiritum
1309 2286 1640 2357 adoptionis
1673 2287 1974 2358 acceperit,
1999 2287 2059 2341 in

411 2371 601 2429 ﬁlium
626 2374 726 2429 Dei
748 2374 1021 2430 vertitur:
1047 2374 1148 2445 qui
1171 2379 1364 2430 autem
1389 2375 1660 2446 spiritum
1686 2376 1985 2431 servitutis
2002 2376 2060 2430 in

409 2460 702 2531 timorem,
735 2462 837 2518 Dei
865 2481 1067 2519 servus
1095 2463 1347 2520 efﬁcitur
1376 2465 1557 2534 (Rom.
1593 2465 1744 2536 VIII).
1785 2464 1922 2519 Vult
1952 2465 2058 2519 ita-

410 2567 523 2624 que
543 2553 800 2625 primum
834 2554 1008 2621 Deus,
1034 2558 1098 2608 ut
1120 2553 1222 2608 ﬁlii
1245 2555 1372 2625 ejus
1403 2554 1612 2622 simus,
1641 2559 1698 2608 et
1719 2554 1937 2609 bonum
1962 2570 2059 2609 vo-

408 2641 632 2698 luntate
663 2641 948 2698 faciamus
976 2659 987 2696 :
1023 2642 1073 2698 si
1098 2641 1208 2698 hoc
1230 2643 1509 2715 consequi
1532 2641 1827 2713 volumus,
1857 2648 1920 2697 ut
1942 2642 2056 2698 sal-

406 2734 524 2786 tem
557 2747 755 2787 servos
776 2748 882 2787 nos
914 2731 1145 2802 habeat,
1174 2735 1232 2786 et
1251 2748 1284 2786 a
1305 2730 1476 2785 malis
1503 2748 1605 2803 per
1630 2730 2056 2804 suppliciorum

406 2807 782 2876 formidinem
815 2821 1175 2877 recedamus.
1209 2819 1481 2892 Legimus
1502 2819 1562 2874 in
1583 2818 1802 2875 malam
1828 2825 2056 2892 partem

407 2908 559 2966 ﬁlios
583 2927 596 2966 :
628 2912 859 2966 Eramus
878 2911 990 2982 ﬁlii
1008 2911 1129 2976 ira,
1152 2912 1202 2964 et
1226 2911 1335 2980 ﬁlii
1353 2915 1618 2980 gehennae
1647 2909 1864 2982 (Ephes.
1895 2927 1953 2975 ιι,
1976 2910 2052 2981 3),

405 3014 555 3070 quos
584 2998 880 3067 Pharisaei,
911 2999 1059 3055 mari
1087 2999 1378 3070 terrisque
1409 2998 1688 3068 circuitis,
1721 2999 1936 3071 dignus
1955 3014 2054 3070 ge-

405 3103 586 3143 nuere
605 3088 912 3144 tormentis
935 3088 1143 3160 (Matth.
1171 3089 1355 3156 XXIII).
1388 3088 1457 3142 Et
1475 3088 1508 3142 J
1515 3088 1660 3142 udas
1682 3088 1960 3158 proditor,
1986 3088 2052 3157 ﬁ-

405 3177 514 3232 lius
519 3176 846 3248 perditionis
859 3176 1538 3248 appellatur(Joan.xvn);
1556 3181 1611 3230 et
1625 3175 1685 3230 in
1702 3177 2055 3249 octogesimo

405 3268 608 3321 octavo
626 3264 856 3338 psalmo
873 3265 943 3320 de
957 3265 1203 3320 Domino
1225 3265 1530 3320 scribitur:
1549 3265 1724 3320 Filius
1743 3267 2057 3336 iniquitatis

409 3371 522 3412 non
572 3363 806 3427 apponet
849 3370 1040 3410 nocere
1089 3355 1146 3410 ei
1195 3353 1306 3426 (Ps.
1360 3371 1626 3421 Lxxxvm,
1660 3355 1773 3426 23).
1819 3356 1880 3410 In
1912 3355 2055 3413 Osee

405 3461 638 3519 quoque
658 3443 764 3500 ﬁlii
795 3442 1196 3500 fornicationis
1225 3448 1524 3510 vocantur,
1549 3444 1648 3515 qui
1673 3448 1813 3499 sunt
1838 3446 1908 3501 de
1931 3463 2051 3502 ma-

399 3539 487 3591 tre
507 3533 813 3591 meretrice
835 3533 1116 3606 generati,
1150 3533 1220 3588 de
1240 3549 1357 3605 qua
1384 3533 1666 3605 scriptum
1695 3538 1783 3589 est
1808 3552 1820 3589 :
1852 3537 2052 3590 Forni-

406 3629 534 3683 cata
580 3631 657 3681 est
705 3628 882 3679 mater
921 3627 1100 3679 vestra
1148 3622 1317 3692 (Osee.
1351 3639 1412 3693 ιι,
1443 3622 1519 3690 5).
1554 3623 1623 3677 Et
1650 3622 1709 3677 in
1742 3624 2053 3696 Evangelio

409 3713 600 3770 Judaei
625 3712 732 3768 ﬁlii
752 3712 968 3769 diaboli
991 3711 1363 3784 suggilantur
1387 3727 1400 3766 :
1439 3713 1534 3768 Vos
1561 3711 1626 3768 de
1648 3721 1808 3784 patre
1837 3713 2052 3770 diabolo

399 3805 524 3860 nati
543 3805 695 3870 estis,
718 3810 768 3859 et
789 3802 1061 3858 desideria
1084 3802 1264 3873 patris
1291 3803 1458 3857 vestri
1486 3801 1651 3856 vultis
1669 3801 1850 3873 facere
1871 3803 2048 3874 (Joan.

401 3910 526 3962 VIII,
561 3893 670 3962 44).
705 3893 770 3948 In
800 3893 1014 3948 bonam
1047 3895 1271 3963 partem
1305 3889 1454 3945 ﬁlios
1485 3889 1760 3962 legimus,
1804 3897 1869 3946 ut
1899 3891 2050 3949 ﬁlios

401 3982 545 4038 Dei:
581 3983 842 4054 Quotquot
871 3997 996 4037 eum
1037 3987 1369 4052 receperunt,
1419 3979 1569 4035 dedit
1609 3982 1690 4035 eis
1731 3989 2049 4052 potestatem

401 4070 545 4140 ﬁlios
592 4071 694 4126 Dei
738 4071 863 4141 ﬁeri
899 4069 1074 4141 (Joan.
1136 4069 1318 4140 1,12).
1368 4069 1437 4124 Et
1506 4069 1654 4125 ﬁlios
1726 4071 2042 4144 sapientiae,

400 4158 710 4231 Evangelio
759 4159 1191 4230 proclamante:
1223 4159 1533 4228 Justiﬁcata
1580 4168 1655 4215 est
1682 4162 1979 4231 sapientia,
2011 4179 2046 4216 a

403 4247 539 4317 ﬁliis
569 4248 686 4302 suis
715 4245 922 4317 (Matth.
955 4265 1030 4313 ιι,
1065 4247 1152 4316 19)
1181 4263 1193 4300 :
1229 4247 1298 4302 Et
1328 4247 1478 4303 ﬁlios
1510 4248 1802 4304 Abraham
1830 4265 1842 4303 :
1875 4251 2042 4306 Amen

397 4351 559 4392 amen
589 4335 708 4392 dico
737 4335 909 4406 vobis,
938 4343 1110 4408 potest
1139 4336 1278 4391 Deus
1304 4335 1370 4391 de
1398 4336 1686 4408 lapidibus
1718 4339 1836 4393 istis
1865 4341 2010 4394 susci
2025 4370 2042 4380 -

391 4431 508 4481 tare
532 4425 679 4497 ﬁlios
707 4425 988 4481 Abraham
1019 4425 1225 4497 (Matth.
1260 4443 1346 4494 III,
1374 4426 1450 4498 9).
1483 4426 1548 4481 Et
1570 4425 1722 4482 ﬁlios
1740 4427 2000 4500 Apostoli
2025 4446 2037 4484 :

1677 283 1744 344 S.
1788 281 2102 346 EUSEBII
2144 279 2587 346 HIERONYMI

3601 289 3709 352 1548

2103 419 2159 485 Α
2190 418 2480 489 sapientia?
2529 419 2696 472 timor
2743 415 2962 472 Domini
3014 413 3172 486 (Eccl.
3214 429 3252 481 ι,
3284 413 3382 486 16),
3409 417 3464 470 ut
3488 417 3546 472 de
3567 419 3710 479 timore

2192 523 2515 572 servorum,
2565 506 2720 561 948
2772 506 2843 560 ad
2880 502 3136 559 ﬁliorum
3166 502 3392 575 gloriam
3417 509 3709 567 transeamus.

2262 595 2446 666 (Vers.
2478 595 2558 667 7.)
2600 595 2677 650 Ad
2715 611 2825 665 vos,
2865 609 2901 648 ο
2937 591 3254 661 sacerdotes,
3291 595 3378 664 qui
3409 593 3628 667 despicitis
3653 616 3715 656 no-

2187 701 2312 739 men
2349 701 2551 752 meum,
2595 688 2644 739 et
2681 683 2902 739 dixistis
2936 699 2948 736 :
2989 684 3054 737 In
3092 698 3193 752 quo
3233 681 3538 754 despeximus
3579 703 3719 743 nomen

2185 774 2381 828 tuum?
2416 774 2631 846 Offertis
2658 789 2823 845 super
2850 774 3036 828 altare
3059 787 3237 825 meum
3253 788 3433 842 panem
3447 773 3721 843 pollutum,et

2187 863 2414 918 dicitis:
2445 865 2507 918 In
2529 879 2633 934 quo
2656 864 2963 934 polluimus
2984 860 3070 916 te?
3102 862 3159 914 in
3183 877 3241 915 eo
3259 861 3390 932 quod
3407 862 3575 933 dicitis,
3591 880 3723 919 mensa

2186 952 2405 1006 Domini
2432 952 2681 1022 despecta
2713 956 2807 1006 est.
2856 950 2990 1005 LXX
3026 966 3038 1003 :
3103 950 3218 1017 Vas,
3267 951 3544 1017 sacerdotes,
3570 954 3642 1021 qui
3663 953 3727 1007 de-

2181 1043 2396 1111 spicitis
2426 1058 2625 1096 nomen
2655 1058 2858 1105 meum,
2898 1045 2945 1093 et
2978 1041 3236 1094 dixistis:
3270 1041 3325 1093 In
3352 1055 3443 1109 quo
3467 1039 3727 1111 despeximus

2180 1146 2379 1185 nomen
2397 1133 2590 1185 tuum?
2608 1131 2900 1201 Oﬂerentes
2917 1130 2986 1183 ad
3004 1129 3178 1183 altare
3193 1144 3366 1183 meum
3378 1144 3527 1198 panes
3538 1129 3727 1200 pollutos,

2181 1227 2229 1273 ct
2260 1220 2520 1275 dixistis:
2553 1221 2612 1274 In
2645 1235 2749 1290 quo
2773 1219 3078 1290 polluimus
3107 1219 3249 1289 ipsos
3271 1220 3298 1271 ἴ
3333 1218 3387 1271 in
3421 1233 3473 1272 eo
3498 1218 3608 1288 quod
3629 1219 3728 1273 dici-

2175 1309 2268 1378 tis,
2299 1325 2488 1364 mensa
2534 1309 2755 1364 Domini
2783 1307 3034 1379 despecta
3062 1311 3141 1363 est
3166 1315 3221 1371 σξη
3263 1308 3311 1361 et
3337 1321 3448 1377 qua:
3471 1310 3731 1378 superposita

2180 1403 2327 1466 sunt,
2356 1399 2739 1470 despexistisea
2761 1398 2922 1462 Quod
2951 1401 3145 1452 autem
3170 1395 3452 1468 sequitur:
3479 1397 3533 1450 Et
3555 1411 3651 1466 quae
3671 1413 3732 1450 su-

2178 1490 2454 1559 perposita
2482 1479 2607 1542 sunt
2628 1486 2979 1559 despexistis,
3004 1485 3171 1541 obelo
3192 1484 3613 1558 praenotavimus,
3633 1484 3735 1556 quia

2179 1575 2237 1630 in
2260 1576 2542 1631 Hebraico
2565 1592 2678 1631 non
2703 1575 2975 1642 habetur,
2993 1578 3050 1629 et
3068 1573 3145 1629 de
3171 1574 3524 1645 sequentibus
3539 1573 3734 1628 additum

2179 1669 2286 1720 est.
2316 1665 2394 1719 Ad
2415 1681 2526 1732 vos,
2557 1664 2756 1736 igitur,
2790 1679 2818 1719 o
2849 1663 3181 1732 sacerdotes,
3213 1664 3304 1734 qui
3331 1662 3571 1733 despicitis
3592 1677 3739 1718 nomen

2098 1793 2144 1857 B
2177 1770 2381 1821 meum,
2397 1757 2509 1810 ista
2531 1770 2723 1810 sermo
2745 1752 3047 1825 dirigitur:
3071 1753 3174 1824 qui
3197 1751 3402 1808 reversi
3422 1752 3484 1806 de
3501 1750 3736 1822 Babylone,

2179 1848 2337 1898 metu
2371 1843 2669 1916 praeteritae
2705 1841 3020 1910 servitutis,
3053 1842 3384 1919 debueratis
3405 1841 3468 1895 ad
3494 1840 3735 1895 Dominum

2177 1932 2348 2004 plena
2368 1937 2561 1987 mente
2583 1931 2870 1988 converti:
2901 1936 2958 1987 et
2983 1947 3099 1986 non
3123 1931 3316 1986 solum
3341 1931 3442 1986 hoc
3461 1946 3559 1984 non
3578 1927 3737 1996 tacitis,

2175 2021 2276 2076 sed
2307 2021 2608 2076 imitantes
2641 2021 2800 2089 Cain,
2837 2020 3107 2092 superbis
3139 2023 3340 2074 contra
3368 2018 3532 2073 Deum
3558 2016 3737 2071 vocibus

2175 2111 2615 2181 respondentes,
2650 2108 3030 2166 sciscitamini
3052 2109 3123 2164 ab
3149 2125 3217 2163 eo
3245 2124 3408 2180 quem
3438 2105 3628 2162 occulta
3653 2121 3734 2158 non

2173 2198 2402 2270 fallunt,
2437 2204 2493 2255 et
2524 2199 2738 2255 dicitur
2770 2215 2782 2252 :
2832 2199 2894 2253 In
2922 2213 3028 2270 quo
3054 2196 3400 2268 despeximus
3428 2211 3597 2250 nomen
3621 2197 3736 2247 tuum

2173 2287 2327 2359 (Gen.
2353 2289 2470 2360 1v)?
2500 2293 2567 2343 ut
2625 2286 3115 2343 dissimulationis
3158 2285 3525 2358 impudentia,
3574 2282 3735 2337 vulnus

2172 2377 2542 2432 conscientize
2575 2377 2912 2448 protegatis.
2948 2375 3140 2430 Vultis
3171 2391 3308 2447 ergo
3340 2375 3476 2430 scire
3498 2374 3547 2427 in
3565 2388 3654 2442 quo
3670 2370 3738 2424 de-

2171 2466 2482 2537 spexeritis
2499 2482 2708 2521 nomen
2731 2481 2928 2521 meum
2941 2465 2968 2518 ‘?
2981 2465 3216 2520 Oll'ertis
3231 2481 3402 2536 super
3417 2463 3572 2518 altare
3593 2475 3737 2516 meum

2170 2572 2381 2627 panem
2399 2555 2718 2627 pollutum:
2742 2571 2923 2626 panes
2937 2553 3210 2609 videlicet
3229 2551 3736 2625 propositionis,quos

2161 2645 2331 2714 juxta
2351 2645 2695 2700 traditiones
2737 2644 3074 2710 Hebraicas,
3107 2642 3224 2715 ipsi
3253 2658 3457 2709 serere,
3477 2638 3573 2712 ipsi
3594 2639 3738 2692 deme-

2165 2736 2307 2799 tere,
2341 2733 2451 2806 ipsi
2485 2733 2721 2804 molere,
2754 2733 2868 2805 ipsi
2898 2749 3146 2804 coquere
3176 2731 3470 2788 debebatis
3503 2747 3513 2784 :
3557 2731 3603 2782 et
3625 2739 3737 2780 nunc

2167 2823 2402 2878 sumitis
2434 2838 2838 2894 quoscumque
2879 2821 2948 2876 de
2987 2821 3205 2889 medio,
3253 2826 3311 2876 et
3357 2836 3486 2875 voce
3504 2813 3742 2874 temeraria

2167 2911 2555 2983 respondetis,
2579 2917 2636 2966 et
2656 2910 2872 2981 dicitis,
2897 2913 2957 2965 in
2977 2926 3109 2982 quos
3127 2911 3429 2982 polluimus
3451 2923 3549 2975 eos,
3570 2905 3661 2962 sive
3677 2900 3743 2956 te?

2164 3000 2316 3054 Dum
2335 3000 2490 3055 enim
2514 3003 2881 3055 sacramenta
2902 2998 3216 3067 violantur,
3230 2999 3358 3072 ipse
3374 2998 3529 3069 cujus
3549 2995 3660 3050 sunt
3677 3006 3742 3046 sa-

2165 3094 2465 3144 cramenta
2494 3089 2760 3144 violatur.
2810 3093 2930 3144 Hoc
2960 3092 3157 3143 autem
3192 3089 3352 3160 quod
3397 3085 3664 3157 sequitur:
3697 3080 3741 3133 In

2088 3159 2130 3226 ί]
2168 3195 2227 3234 eo
2256 3180 2397 3251 quod
2424 3179 2624 3246 dicitis,
2647 3194 2837 3234 mensa
2866 3178 3087 3232 Domini
3108 3159 3361 3249 despecta
3381 3183 3472 3242 est,
3496 3183 3744 3246 possumus

2167 3268 2250 3322 ita
2277 3265 2646 3338 interpretari
2673 3267 2857 3334 :Quod
2887 3265 3101 3321 reversi
3121 3266 3194 3321 de
3214 3259 3740 3338 Babylone,enecdum

2166 3355 2384 3428 templo
2417 3356 2718 3422 aediﬁcato,
2755 3359 3056 3410 manentes
3085 3354 3147 3410 in
3180 3355 3418 3423 casulis,
3451 3356 3504 3408 et
3528 3351 3579 3406 in
3602 3344 3742 3404 ruinis

2167 3445 2329 3501 urbis
2353 3446 2626 3518 antiqua,
2643 3428 2820 3500 altare
2837 3448 3067 3500 tantum
3089 3446 3510 3510 exstruxerant,
3524 3457 3620 3496 non
3635 3436 3745 3506 ejus-

2165 3535 2300 3590 dem
2339 3535 2556 3607 gloriae,
2599 3535 2768 3605 cujus
2818 3533 3128 3606 pristinum
3184 3533 3395 3601 fuerat,
3436 3535 3490 3587 et
3523 3524 3747 3602 putabant

2163 3624 2366 3680 deesse
2398 3623 2694 3696 religionis
2725 3622 3200 3690 sanctimoniam,
3237 3622 3379 3695 quia
3409 3621 3589 3677 deerat
3611 3612 3747 3670 editi-

2162 3712 2408 3768 cationis
2427 3713 2923 3768 ambitio.Tenues
2941 3712 3124 3767 lineas
3148 3712 3452 3777 duximus,
3466 3707 3650 3781 quibus
3666 3703 3747 3757 im-

2161 3802 2469 3873 primenda
2499 3807 2587 3857 est
2615 3801 2943 3874 explanatio
2977 3801 3326 3874 spiritualis.
3357 3797 3586 3870 Corripit
3602 3805 3750 3849 sermo

2160 3891 2392 3946 divinus
2438 3891 2763 3963 episcopos,
2819 3895 2994 3962 atque
3042 3891 3421 3962 presbyteros
3451 3893 3503 3943 et
3529 3885 3750 3940 diaconos

2159 3979 2540 4053 negligentes,
2575 3979 2695 4036 sive
2728 3980 3009 4052 quoniam
3041 3996 3228 4052 genus
3261 3973 3602 4034 sacerdotale
3621 3976 3667 4027 et
3686 3984 3750 4022 re-

2156 4069 2283 4141 gale
2305 4086 2531 4140 sumus,
2557 4085 2761 4124 omnes
2793 4068 2894 4140 qui
2921 4067 3198 4141 baptizati
3223 4069 3284 4123 in
3320 4067 3555 4133 Christo,
3582 4054 3753 4118 Christi

2155 4163 2468 4213 censentur
2520 4158 2633 4226 [Αι.
2667 4158 3008 4228 censemur]
3039 4158 3302 4227 nomine,
3353 4173 3457 4211 cur
3485 4146 3756 4222 despicit!!!t

2155 4264 2366 4303 nomen
2397 4246 2527 4302 Dei:
2557 4251 2614 4300 et
2642 4246 3166 4319 interrogantibus,
3189 4247 3349 4301 949
3375 4245 3433 4299 in
3459 4257 3562 4315 quo
3587 4237 3753 4306 despe-

2151 4336 2341 4393 xerint
2362 4353 2574 4391 nomen
2600 4337 2748 4406 ejus,
2782 4353 2990 4392 causas
3014 4339 3310 4391 monstrat
3341 4335 3561 4390 oll‘ensza
3581 4346 3592 4382 :
3614 4325 3757 4382 Oil'er-

2149 4426 2246 4493 tis,
2263 4426 2497 4497 inquiit,
2513 4441 2690 4496 super
2707 4426 2886 4480 altare
2904 4441 3102 4480 meum
3123 4440 3339 4496 panem
3365 4409 3759 4495 pollutum.Pol—

387 4515 575 4571 Filioli
603 4517 729 4583 mei,
762 4532 894 4588 quos
923 4517 1124 4570 iterum
1147 4517 1429 4587 parturio,
1461 4515 1628 4571 donec
1655 4498 1901 4572 Christus
1923 4520 2037 4589 for-
2070 4538 2119 4600 ι)
2149 4513 2372 4570 luimus
2393 4513 2696 4586 panem,id
2716 4517 2824 4582 est,
2843 4530 3056 4586 corpus
3069 4510 3557 4584 Christi,quando
3575 4498 3759 4600 indigni

389 4613 574 4661 metur
602 4607 663 4660 in
691 4605 839 4661 vobis
868 4604 1071 4676 (Galat.
1105 4623 1178 4673 IV,
1213 4605 1321 4677 19),
1353 4608 1410 4661 et
1441 4604 1628 4660 multa
1673 4605 2034 4662 istiusmodi.

396 4693 580 4750 Filius
599 4710 735 4767 ergo
764 4694 1030 4762 honorat,
1065 4694 1184 4750 sive
1204 4693 1484 4750 clariﬁcat
1505 4699 1751 4766 patrem,
1771 4697 1942 4766 juxta
1965 4695 2035 4750 il-

394 4781 497 4838 lud
529 4783 684 4855 quod
717 4783 1002 4855 scriptum
1034 4787 1122 4838 est
1149 4799 1161 4836 :
1195 4782 1283 4837 Sic
1312 4783 1484 4838 luceat
1515 4784 1614 4837 tua:
1641 4787 1818 4838 vestra
1846 4801 2036 4840 coram

383 4871 698 4928 hominibus
722 4891 740 4928 ,ο
771 4880 834 4927 ut
863 4872 1079 4928 videant
1106 4875 1286 4926 vestra
1316 4875 1396 4940 (a)
1428 4888 1610 4943 opera,
1651 4877 1701 4928 et
1729 4873 2034 4944 gloriﬁcent

387 4961 608 5017 Patrem
656 4965 893 5017 vestrum
930 4963 1028 5031 qui
1064 4965 1142 5016 est
1165 4964 1226 5014 in
1255 4961 1399 5015 caelis
1430 4960 1636 5024 (Matth.
1669 4979 1723 5028 v,
1761 4963 1867 5033 16).
1901 4962 2029 5018 Ser-

379 5065 488 5106 vus
509 5067 742 5123 quoque
758 5051 1006 5107 honorat
1025 5050 1329 5106 dominum
1349 5066 1524 5105 suum
1547 5068 1661 5107 non
1680 5052 1881 5107 eadem
1902 5051 2032 5107 cha-

380 5140 551 5196 ritate
567 5157 685 5213 qua
706 5140 864 5196 ﬁlius
889 5159 902 5208 ;
927 5141 1028 5195 sed
1053 5139 1156 5192 ἀπὸ
1177 5142 1361 5192 κοινοῦ
1385 5140 1758 5209 subauditur,
1782 5141 2032 5197 honorat

378 5228 537 5286 ﬁlius
556 5234 1018 5302 patrem,servus
1040 5229 1344 5285 dominum
1364 5245 1568 5296 suum;
1596 5233 1652 5284 et
1665 5233 1861 5286 tamen
1878 5236 2028 5286 Deus

377 5318 749 5392 omnipotens
766 5317 956 5374 sciens
979 5317 1367 5374 differentiam
1388 5316 1488 5372 ﬁlii
1512 5321 1569 5373 et
1585 5318 1758 5391 servi,
1777 5324 1832 5374 et
1854 5337 1886 5375 a
1909 5318 2027 5375 ﬁlio

376 5406 645 5478 gloriam,
679 5425 714 5464 a
739 5423 904 5464 servo
928 5408 1201 5463 timorem
1227 5407 1441 5480 expetit
1465 5424 1477 5462 :
1511 5409 1858 5480 Principium
1879 5411 2028 5465 enim

441 5617 522 5716 (a)
542 5619 841 5677 Interserit
852 5620 1147 5681 Victorius
1161 5621 1320 5696 bona,
1335 5637 1405 5683 ex
1424 5621 1554 5697 ipso
1566 5622 1826 5686 Matthmi
1838 5626 2020 5688 textu.

2149 4602 2486 4658 accedimus
2507 4603 2578 4658 ad
2601 4601 2804 4670 altare,
2822 4607 2879 4658 et
2899 4603 3120 4658 sordidi
3141 4603 3435 4657 mundum
3461 4593 3758 4669 sanguinem

2148 4691 2428 4763 bibimus,
2459 4697 2515 4747 et
2547 4691 2820 4759 dicimus,
2874 4708 3079 4748 mensa
3107 4692 3346 4747 Domini
3380 4691 3634 4761 despecta
3658 4686 3758 4741 est;

2148 4799 2262 4837 non
2296 4782 2449 4853 quod
2482 4781 2592 4836 hoc
2624 4780 2839 4851 aliquis
2871 4781 3082 4836 audeat
3113 4781 3328 4850 dicere,
3364 4785 3421 4834 et
3451 4775 3593 4849 quod
3615 4767 3760 4840 impie

2147 4870 2365 4941 cogitat
2391 4868 2671 4924 scelerata
2694 4886 2849 4939 voce,
2873 4869 3164 4940 proferre;
3199 4869 3307 4924 sed
3331 4885 3506 4940 opera
3534 4863 3760 4938 peccata

2146 4976 2278 5015 rum
2319 4958 2654 5031 despiciunt
2692 4975 2958 5014 mensam
3001 4959 3120 5014 Dei.
3175 4963 3507 5014 Possumus
3542 4958 3593 5009 et
3625 4949 3760 5005 aliter

2143 5047 2333 5103 dicere
2378 5066 2390 5102 :
2445 5051 2653 5104 Doctor
2701 5047 2967 5104 Ecclesiae
3017 5049 3118 5119 qui
3160 5047 3534 5120 spiritualem
3569 5033 3761 5097 conﬁcit

2143 5154 2377 5209 panem,
2405 5142 2461 5192 et
2487 5153 2619 5192 eum
2645 5136 2879 5209 populis
2901 5137 3126 5204 dividit,
3153 5136 3200 5192 si
3221 5137 3313 5191 vel
3342 5139 3569 5209 propter
3588 5130 3758 5184 huma-

2142 5243 2279 5282 nam
2313 5226 2581 5299 gloriam,
2615 5226 2703 5282 vel
2736 5226 2900 5282 lucra
2930 5225 3126 5282 saeculi
3159 5243 3292 5296 quas
3327 5224 3570 5298 gloriam
3594 5229 3757 5274 conse-

2141 5321 2422 5388 quuntur,
2442 5315 2787 5386 loquaturin
2808 5315 3039 5388 populis
3057 5321 3114 5370 et
3135 5315 3423 5369 divitibus
3439 5308 3753 5367 blandiatur.

2136 5409 2194 5463 et
2222 5406 2467 5462 honoret
2497 5409 2849 5478 peccatores,
2895 5409 2950 5462 et
2984 5405 3154 5477 juxta
3181 5404 3481 5460 Jacobum
3512 5391 3756 5471 suspiciat
