  <div class='ocr_page' id='page_1' title='image "/cluster/home/n/w/nwhite01/storage/ocr_20150623/25/hvd.32044096580493/784.png"; bbox 0 0 4034 6196; ppageno 0'>
   <div class='ocr_carea' id='block_1_1' title="bbox 334 374 489 444">
    <p class='ocr_par' dir='ltr' id='par_1_1' title="bbox 334 374 489 444">
     <span class='ocr_line' id='line_1_1' title="bbox 334 374 489 444; baseline -0.039 0"><span class='ocrx_word' id='word_1_1' title='bbox 334 374 489 444; x_wconf 75' lang='lat' dir='ltr'><strong>i557</strong></span> 
     </span>
    </p>
   </div>
   <div class='ocr_carea' id='block_1_2' title="bbox 1013 371 3037 442">
    <p class='ocr_par' dir='ltr' id='par_1_2' title="bbox 1013 371 3037 442">
     <span class='ocr_line' id='line_1_2' title="bbox 1013 371 3037 442; baseline 0.001 -3"><span class='ocrx_word' id='word_1_2' title='bbox 1013 371 1764 441; x_wconf 80' lang='lat' dir='ltr'>COMMENTARIORUM</span> <span class='ocrx_word' id='word_1_3' title='bbox 1804 374 1882 438; x_wconf 80' lang='lat' dir='ltr'>IN</span> <span class='ocrx_word' id='word_1_4' title='bbox 1927 372 2394 441; x_wconf 79' lang='lat' dir='ltr'><strong>MALACHIAM</strong></span> <span class='ocrx_word' id='word_1_5' title='bbox 2436 377 2695 441; x_wconf 82' lang='lat' dir='ltr'>LIBER.</span> <span class='ocrx_word' id='word_1_6' title='bbox 2738 374 2912 441; x_wconf 79' lang='lat' dir='ltr'>CAP.</span> <span class='ocrx_word' id='word_1_7' title='bbox 2955 371 3037 442; x_wconf 89' lang='grc' dir='ltr'>ῙῘ.</span> 
     </span>
    </p>
   </div>
   <div class='ocr_carea' id='block_1_3' title="bbox 3572 369 3733 440">
    <p class='ocr_par' dir='ltr' id='par_1_3' title="bbox 3572 369 3733 440">
     <span class='ocr_line' id='line_1_3' title="bbox 3572 369 3733 440; baseline 0.012 -2"><span class='ocrx_word' id='word_1_8' title='bbox 3572 369 3733 440; x_wconf 72' lang='grc'>1558</span> 
     </span>
    </p>
   </div>
   <div class='ocr_carea' id='block_1_4' title="bbox 329 509 3730 586">
    <p class='ocr_par' dir='ltr' id='par_1_4' title="bbox 329 509 3730 586">
     <span class='ocr_line' id='line_1_4' title="bbox 329 509 3730 586; baseline 0 -18"><span class='ocrx_word' id='word_1_9' title='bbox 329 513 387 586; x_wconf 91' lang='lat' dir='ltr'>v)</span> <span class='ocrx_word' id='word_1_10' title='bbox 417 530 431 582; x_wconf 90' lang='lat'><strong>;</strong></span> <span class='ocrx_word' id='word_1_11' title='bbox 455 513 521 569; x_wconf 86' lang='lat' dir='ltr'>Et</span> <span class='ocrx_word' id='word_1_12' title='bbox 542 511 741 568; x_wconf 88' lang='lat' dir='ltr'>multos</span> <span class='ocrx_word' id='word_1_13' title='bbox 773 511 970 567; x_wconf 81' lang='lat' dir='ltr'>avertit</span> <span class='ocrx_word' id='word_1_14' title='bbox 997 511 1064 567; x_wconf 85' lang='lat' dir='ltr'>ab</span> <span class='ocrx_word' id='word_1_15' title='bbox 1095 512 1407 582; x_wconf 78' lang='lat' dir='ltr'>iniquitate.</span> <span class='ocrx_word' id='word_1_16' title='bbox 1432 509 1538 574; x_wconf 88' lang='lat' dir='ltr'>Qui</span> <span class='ocrx_word' id='word_1_17' title='bbox 1569 510 1840 566; x_wconf 82' lang='lat' dir='ltr'>sacerdos</span> <span class='ocrx_word' id='word_1_18' title='bbox 1861 513 1971 578; x_wconf 89' lang='lat' dir='ltr'>est,</span> <span class='ocrx_word' id='word_1_19' title='bbox 2000 511 2057 578; x_wconf 81' lang='grc' dir='ltr'><strong>Α</strong></span> <span class='ocrx_word' id='word_1_20' title='bbox 2084 511 2233 567; x_wconf 76' lang='grc'>961</span> <span class='ocrx_word' id='word_1_21' title='bbox 2265 512 2521 568; x_wconf 88' lang='lat' dir='ltr'>asinaria</span> <span class='ocrx_word' id='word_1_22' title='bbox 2541 511 2753 585; x_wconf 86' lang='lat' dir='ltr'>ligetur</span> <span class='ocrx_word' id='word_1_23' title='bbox 2773 513 2929 569; x_wconf 91' lang='lat' dir='ltr'>circa</span> <span class='ocrx_word' id='word_1_24' title='bbox 2949 510 3186 582; x_wconf 92' lang='lat' dir='ltr'>collum,</span> <span class='ocrx_word' id='word_1_25' title='bbox 3223 514 3282 568; x_wconf 90' lang='lat' dir='ltr'>et</span> <span class='ocrx_word' id='word_1_26' title='bbox 3317 511 3377 567; x_wconf 91' lang='lat' dir='ltr'>in</span> <span class='ocrx_word' id='word_1_27' title='bbox 3400 527 3558 568; x_wconf 85' lang='lat' dir='ltr'>mare</span> <span class='ocrx_word' id='word_1_28' title='bbox 3577 529 3730 585; x_wconf 66' lang='lat' dir='ltr'>pra-</span> 
     </span>
    </p>
   </div>
   <div class='ocr_carea' id='block_1_5' title="bbox 330 599 1976 672">
    <p class='ocr_par' dir='ltr' id='par_1_5' title="bbox 330 599 1976 672">
     <span class='ocr_line' id='line_1_5' title="bbox 330 599 1976 672; baseline -0.004 -12"><span class='ocrx_word' id='word_1_29' title='bbox 330 608 386 660; x_wconf 90' lang='lat' dir='ltr'>et</span> <span class='ocrx_word' id='word_1_30' title='bbox 417 619 535 659; x_wconf 90' lang='lat' dir='ltr'>non</span> <span class='ocrx_word' id='word_1_31' title='bbox 591 600 831 672; x_wconf 80' lang='lat' dir='ltr'>corripit</span> <span class='ocrx_word' id='word_1_32' title='bbox 882 600 1309 672; x_wconf 87' lang='lat' dir='ltr'>delinquentes,</span> <span class='ocrx_word' id='word_1_33' title='bbox 1369 600 1688 656; x_wconf 77' lang='lat' dir='ltr'>sacerdotis</span> <span class='ocrx_word' id='word_1_34' title='bbox 1718 599 1976 655; x_wconf 82' lang='lat' dir='ltr'>officium</span> 
     </span>
    </p>
   </div>
   <div class='ocr_carea' id='block_1_6' title="bbox 329 689 1978 765">
    <p class='ocr_par' dir='ltr' id='par_1_6' title="bbox 329 689 1978 765">
     <span class='ocr_line' id='line_1_6' title="bbox 329 689 1978 765; baseline -0.003 -16"><span class='ocrx_word' id='word_1_35' title='bbox 329 691 612 765; x_wconf 68' lang='lat' dir='ltr'>praeterit.</span> <span class='ocrx_word' id='word_1_36' title='bbox 651 691 819 745; x_wconf 91' lang='lat' dir='ltr'>Labia</span> <span class='ocrx_word' id='word_1_37' title='bbox 848 690 1156 746; x_wconf 76' lang='lat' dir='ltr'>sacerdotis</span> <span class='ocrx_word' id='word_1_38' title='bbox 1184 689 1489 745; x_wconf 86' lang='lat' dir='ltr'>custodient</span> <span class='ocrx_word' id='word_1_39' title='bbox 1508 691 1795 745; x_wconf 82' lang='lat' dir='ltr'>scientiam</span> <span class='ocrx_word' id='word_1_40' title='bbox 1824 707 1836 744; x_wconf 90' lang='lat'><strong>:</strong></span> <span class='ocrx_word' id='word_1_41' title='bbox 1863 706 1978 744; x_wconf 91' lang='lat' dir='ltr'>non</span> 
     </span>
    </p>
   </div>
   <div class='ocr_carea' id='block_1_7' title="bbox 330 779 1978 853">
    <p class='ocr_par' dir='ltr' id='par_1_7' title="bbox 330 779 1978 853">
     <span class='ocr_line' id='line_1_7' title="bbox 330 779 1978 853; baseline -0.003 -15"><span class='ocrx_word' id='word_1_42' title='bbox 330 782 496 852; x_wconf 85' lang='lat' dir='ltr'>dixit,</span> <span class='ocrx_word' id='word_1_43' title='bbox 527 781 832 853; x_wconf 87' lang='lat' dir='ltr'>proferent,</span> <span class='ocrx_word' id='word_1_44' title='bbox 895 780 1016 846; x_wconf 92' lang='lat' dir='ltr'>sed,</span> <span class='ocrx_word' id='word_1_45' title='bbox 1076 779 1400 847; x_wconf 72' lang='lat' dir='ltr'>custodiant,</span> <span class='ocrx_word' id='word_1_46' title='bbox 1459 784 1524 833; x_wconf 90' lang='lat' dir='ltr'>ut</span> <span class='ocrx_word' id='word_1_47' title='bbox 1572 779 1890 850; x_wconf 90' lang='lat' dir='ltr'>loquantur</span> <span class='ocrx_word' id='word_1_48' title='bbox 1920 779 1978 833; x_wconf 93' lang='lat' dir='ltr'>in</span> 
     </span>
    </p>
   </div>
   <div class='ocr_carea' id='block_1_8' title="bbox 328 867 1975 943">
    <p class='ocr_par' dir='ltr' id='par_1_8' title="bbox 328 867 1975 943">
     <span class='ocr_line' id='line_1_8' title="bbox 328 867 1975 943; baseline -0.004 -16"><span class='ocrx_word' id='word_1_49' title='bbox 328 875 612 943; x_wconf 84' lang='lat' dir='ltr'>tempore,</span> <span class='ocrx_word' id='word_1_50' title='bbox 638 871 893 941; x_wconf 84' lang='lat' dir='ltr'>dentque</span> <span class='ocrx_word' id='word_1_51' title='bbox 915 867 1209 923; x_wconf 82' lang='lat' dir='ltr'>conservis</span> <span class='ocrx_word' id='word_1_52' title='bbox 1231 868 1452 923; x_wconf 89' lang='lat' dir='ltr'>cibaria</span> <span class='ocrx_word' id='word_1_53' title='bbox 1482 868 1539 922; x_wconf 94' lang='lat' dir='ltr'>in</span> <span class='ocrx_word' id='word_1_54' title='bbox 1566 872 1826 939; x_wconf 89' lang='lat' dir='ltr'>tempore</span> <span class='ocrx_word' id='word_1_55' title='bbox 1849 883 1975 923; x_wconf 87' lang='lat' dir='ltr'>suo.</span> 
     </span>
    </p>
   </div>
   <div class='ocr_carea' id='block_1_9' title="bbox 329 957 1978 1032">
    <p class='ocr_par' dir='ltr' id='par_1_9' title="bbox 329 957 1978 1032">
     <span class='ocr_line' id='line_1_9' title="bbox 329 957 1978 1032; baseline -0.003 -15"><span class='ocrx_word' id='word_1_56' title='bbox 329 963 394 1017; x_wconf 87' lang='lat' dir='ltr'>Et</span> <span class='ocrx_word' id='word_1_57' title='bbox 423 962 592 1031; x_wconf 82' lang='lat' dir='ltr'>legem</span> <span class='ocrx_word' id='word_1_58' title='bbox 621 961 900 1032; x_wconf 77' lang='lat' dir='ltr'>requirent</span> <span class='ocrx_word' id='word_1_59' title='bbox 930 974 998 1012; x_wconf 75' lang='lat' dir='ltr'>ex</span> <span class='ocrx_word' id='word_1_60' title='bbox 1025 974 1116 1012; x_wconf 90' lang='lat' dir='ltr'>ore</span> <span class='ocrx_word' id='word_1_61' title='bbox 1146 959 1282 1029; x_wconf 84' lang='lat' dir='ltr'>ejus.</span> <span class='ocrx_word' id='word_1_62' title='bbox 1330 957 1391 1012; x_wconf 93' lang='lat' dir='ltr'>In</span> <span class='ocrx_word' id='word_1_63' title='bbox 1447 963 1652 1029; x_wconf 74' lang='lat' dir='ltr'>Aggzeo</span> <span class='ocrx_word' id='word_1_64' title='bbox 1686 957 1793 1012; x_wconf 91' lang='lat' dir='ltr'>hoc</span> <span class='ocrx_word' id='word_1_65' title='bbox 1825 958 1978 1012; x_wconf 91' lang='lat' dir='ltr'>idem</span> 
     </span>
    </p>
   </div>
   <div class='ocr_carea' id='block_1_10' title="bbox 329 1046 1983 1119">
    <p class='ocr_par' dir='ltr' id='par_1_10' title="bbox 329 1046 1983 1119">
     <span class='ocr_line' id='line_1_10' title="bbox 329 1046 1983 1119; baseline -0.004 -13"><span class='ocrx_word' id='word_1_66' title='bbox 329 1051 646 1106; x_wconf 90' lang='lat' dir='ltr'>scribitur:</span> <span class='ocrx_word' id='word_1_67' title='bbox 683 1049 760 1119; x_wconf 90' lang='lat' dir='ltr'>(a)</span> <span class='ocrx_word' id='word_1_68' title='bbox 812 1051 1144 1117; x_wconf 82' lang='lat' dir='ltr'>Interrogate</span> <span class='ocrx_word' id='word_1_69' title='bbox 1188 1046 1491 1101; x_wconf 79' lang='lat' dir='ltr'>sacerdotes</span> <span class='ocrx_word' id='word_1_70' title='bbox 1538 1048 1714 1115; x_wconf 85' lang='lat' dir='ltr'>legem</span> <span class='ocrx_word' id='word_1_71' title='bbox 1761 1048 1983 1102; x_wconf 85' lang='lat' dir='ltr'>Domini</span> 
     </span>
    </p>
   </div>
   <div class='ocr_carea' id='block_1_11' title="bbox 327 1135 1977 1210">
    <p class='ocr_par' dir='ltr' id='par_1_11' title="bbox 327 1135 1977 1210">
     <span class='ocr_line' id='line_1_11' title="bbox 327 1135 1977 1210; baseline -0.003 -15"><span class='ocrx_word' id='word_1_72' title='bbox 327 1138 543 1210; x_wconf 72' lang='lat' dir='ltr'>(Aggeei</span> <span class='ocrx_word' id='word_1_73' title='bbox 572 1155 633 1203; x_wconf 93' lang='grc' dir='ltr'>ιι,</span> <span class='ocrx_word' id='word_1_74' title='bbox 671 1138 779 1208; x_wconf 79' lang='grc'>12).</span> <span class='ocrx_word' id='word_1_75' title='bbox 811 1137 896 1191; x_wconf 87' lang='lat' dir='ltr'>Ad</span> <span class='ocrx_word' id='word_1_76' title='bbox 928 1136 1248 1192; x_wconf 86' lang='lat' dir='ltr'>sacerdotis</span> <span class='ocrx_word' id='word_1_77' title='bbox 1303 1137 1554 1208; x_wconf 86' lang='lat' dir='ltr'>pertinet</span> <span class='ocrx_word' id='word_1_78' title='bbox 1605 1135 1977 1207; x_wconf 88' lang='lat' dir='ltr'>disciplinam</span> 
     </span>
    </p>
   </div>
   <div class='ocr_carea' id='block_1_12' title="bbox 334 1223 1980 1299">
    <p class='ocr_par' dir='ltr' id='par_1_12' title="bbox 334 1223 1980 1299">
     <span class='ocr_line' id='line_1_12' title="bbox 334 1223 1980 1299; baseline -0.002 -17"><span class='ocrx_word' id='word_1_79' title='bbox 334 1228 764 1299; x_wconf 81' lang='lat' dir='ltr'>interrogatum</span> <span class='ocrx_word' id='word_1_80' title='bbox 800 1225 1149 1297; x_wconf 90' lang='lat' dir='ltr'>respondere</span> <span class='ocrx_word' id='word_1_81' title='bbox 1178 1225 1249 1279; x_wconf 88' lang='lat' dir='ltr'>de</span> <span class='ocrx_word' id='word_1_82' title='bbox 1280 1224 1425 1296; x_wconf 82' lang='lat' dir='ltr'>lege.</span> <span class='ocrx_word' id='word_1_83' title='bbox 1477 1225 1583 1288; x_wconf 89' lang='lat' dir='ltr'>Qui</span> <span class='ocrx_word' id='word_1_84' title='bbox 1617 1223 1665 1280; x_wconf 88' lang='lat' dir='ltr'>si</span> <span class='ocrx_word' id='word_1_85' title='bbox 1703 1225 1980 1296; x_wconf 87' lang='lat' dir='ltr'>ignoran-</span> 
     </span>
    </p>
   </div>
   <div class='ocr_carea' id='block_1_13' title="bbox 328 1312 1979 1386">
    <p class='ocr_par' dir='ltr' id='par_1_13' title="bbox 328 1312 1979 1386">
     <span class='ocr_line' id='line_1_13' title="bbox 328 1312 1979 1386; baseline -0.002 -14"><span class='ocrx_word' id='word_1_86' title='bbox 328 1317 474 1372; x_wconf 85' lang='lat' dir='ltr'>tiam</span> <span class='ocrx_word' id='word_1_87' title='bbox 503 1317 560 1372; x_wconf 92' lang='lat' dir='ltr'>in</span> <span class='ocrx_word' id='word_1_88' title='bbox 595 1316 819 1371; x_wconf 75' lang='lat' dir='ltr'>caeteris</span> <span class='ocrx_word' id='word_1_89' title='bbox 875 1314 1234 1386; x_wconf 87' lang='lat' dir='ltr'>diligentem,</span> <span class='ocrx_word' id='word_1_90' title='bbox 1295 1313 1354 1368; x_wconf 90' lang='lat' dir='ltr'>in</span> <span class='ocrx_word' id='word_1_91' title='bbox 1412 1313 1728 1385; x_wconf 87' lang='lat' dir='ltr'>Scripturis</span> <span class='ocrx_word' id='word_1_92' title='bbox 1759 1312 1979 1368; x_wconf 83' lang='lat' dir='ltr'>sanctis</span> 
     </span>
    </p>
   </div>
   <div class='ocr_carea' id='block_1_14' title="bbox 330 1401 1976 1477">
    <p class='ocr_par' dir='ltr' id='par_1_14' title="bbox 330 1401 1976 1477">
     <span class='ocr_line' id='line_1_14' title="bbox 330 1401 1976 1477; baseline -0.004 -15"><span class='ocrx_word' id='word_1_93' title='bbox 330 1405 659 1463; x_wconf 88' lang='lat' dir='ltr'>obtenderit</span> <span class='ocrx_word' id='word_1_94' title='bbox 689 1403 1101 1477; x_wconf 84' lang='lat' dir='ltr'>negligentem,</span> <span class='ocrx_word' id='word_1_95' title='bbox 1135 1403 1352 1458; x_wconf 85' lang='lat' dir='ltr'>frustra</span> <span class='ocrx_word' id='word_1_96' title='bbox 1395 1404 1581 1473; x_wconf 86' lang='lat' dir='ltr'>jactat</span> <span class='ocrx_word' id='word_1_97' title='bbox 1610 1401 1976 1474; x_wconf 88' lang='lat' dir='ltr'>dignitatem,</span> 
     </span>
    </p>
   </div>
   <div class='ocr_carea' id='block_1_15' title="bbox 329 1491 1978 1568">
    <p class='ocr_par' dir='ltr' id='par_1_15' title="bbox 329 1491 1978 1568">
     <span class='ocr_line' id='line_1_15' title="bbox 329 1491 1978 1568; baseline -0.003 -16"><span class='ocrx_word' id='word_1_98' title='bbox 329 1497 501 1568; x_wconf 89' lang='lat' dir='ltr'>cujus</span> <span class='ocrx_word' id='word_1_99' title='bbox 531 1511 707 1568; x_wconf 88' lang='lat' dir='ltr'>opera</span> <span class='ocrx_word' id='word_1_100' title='bbox 739 1511 851 1550; x_wconf 92' lang='lat' dir='ltr'>non</span> <span class='ocrx_word' id='word_1_101' title='bbox 885 1492 1136 1548; x_wconf 88' lang='lat' dir='ltr'>exhibet.</span> <span class='ocrx_word' id='word_1_102' title='bbox 1185 1493 1300 1547; x_wconf 84' lang='lat' dir='ltr'>Iloc</span> <span class='ocrx_word' id='word_1_103' title='bbox 1347 1497 1436 1547; x_wconf 89' lang='lat' dir='ltr'>est</span> <span class='ocrx_word' id='word_1_104' title='bbox 1491 1492 1645 1564; x_wconf 90' lang='lat' dir='ltr'>quod</span> <span class='ocrx_word' id='word_1_105' title='bbox 1679 1491 1978 1563; x_wconf 85' lang='lat' dir='ltr'>apostolus</span> 
     </span>
    </p>
   </div>
   <div class='ocr_carea' id='block_1_16' title="bbox 327 1581 1974 1652">
    <p class='ocr_par' dir='ltr' id='par_1_16' title="bbox 327 1581 1974 1652">
     <span class='ocr_line' id='line_1_16' title="bbox 327 1581 1974 1652; baseline -0.003 -11"><span class='ocrx_word' id='word_1_106' title='bbox 327 1585 548 1641; x_wconf 89' lang='lat' dir='ltr'>Paulus</span> <span class='ocrx_word' id='word_1_107' title='bbox 571 1583 774 1640; x_wconf 88' lang='lat' dir='ltr'>scribit</span> <span class='ocrx_word' id='word_1_108' title='bbox 795 1582 866 1637; x_wconf 91' lang='lat' dir='ltr'>ad</span> <span class='ocrx_word' id='word_1_109' title='bbox 915 1581 1112 1637; x_wconf 90' lang='lat' dir='ltr'>Titum</span> <span class='ocrx_word' id='word_1_110' title='bbox 1141 1599 1153 1637; x_wconf 91' lang='lat'>:</span> <span class='ocrx_word' id='word_1_111' title='bbox 1183 1583 1247 1637; x_wconf 90' lang='lat' dir='ltr'>Ut</span> <span class='ocrx_word' id='word_1_112' title='bbox 1266 1589 1457 1652; x_wconf 87' lang='lat' dir='ltr'>potens</span> <span class='ocrx_word' id='word_1_113' title='bbox 1496 1584 1570 1636; x_wconf 86' lang='lat' dir='ltr'>sit</span> <span class='ocrx_word' id='word_1_114' title='bbox 1592 1582 1888 1637; x_wconf 78' lang='lat' dir='ltr'>exhortari</span> <span class='ocrx_word' id='word_1_115' title='bbox 1918 1583 1974 1636; x_wconf 91' lang='lat' dir='ltr'>in</span> 
     </span>
    </p>
   </div>
   <div class='ocr_carea' id='block_1_17' title="bbox 327 1671 1972 1743">
    <p class='ocr_par' dir='ltr' id='par_1_17' title="bbox 327 1671 1972 1743">
     <span class='ocr_line' id='line_1_17' title="bbox 327 1671 1972 1743; baseline -0.005 -12"><span class='ocrx_word' id='word_1_116' title='bbox 327 1675 579 1731; x_wconf 83' lang='lat' dir='ltr'>doctrina</span> <span class='ocrx_word' id='word_1_117' title='bbox 595 1689 756 1740; x_wconf 90' lang='lat' dir='ltr'>sana,</span> <span class='ocrx_word' id='word_1_118' title='bbox 769 1680 819 1727; x_wconf 91' lang='lat' dir='ltr'>et</span> <span class='ocrx_word' id='word_1_119' title='bbox 829 1671 1265 1728; x_wconf 87' lang='lat' dir='ltr'>contradicentes</span> <span class='ocrx_word' id='word_1_120' title='bbox 1307 1673 1590 1727; x_wconf 86' lang='lat' dir='ltr'>revincere</span> <span class='ocrx_word' id='word_1_121' title='bbox 1602 1673 1819 1743; x_wconf 87' lang='lat' dir='ltr'>(Titum.</span> <span class='ocrx_word' id='word_1_122' title='bbox 1845 1688 1882 1742; x_wconf 86' lang='lat'>1,</span> <span class='ocrx_word' id='word_1_123' title='bbox 1897 1672 1972 1742; x_wconf 89' lang='lat'>9).</span> 
     </span>
    </p>
   </div>
   <div class='ocr_carea' id='block_1_18' title="bbox 330 1761 1976 1834">
    <p class='ocr_par' dir='ltr' id='par_1_18' title="bbox 330 1761 1976 1834">
     <span class='ocr_line' id='line_1_18' title="bbox 330 1761 1976 1834; baseline -0.003 -15"><span class='ocrx_word' id='word_1_124' title='bbox 330 1763 400 1819; x_wconf 89' lang='lat' dir='ltr'>Et</span> <span class='ocrx_word' id='word_1_125' title='bbox 419 1763 491 1818; x_wconf 91' lang='lat' dir='ltr'>ad</span> <span class='ocrx_word' id='word_1_126' title='bbox 513 1761 888 1818; x_wconf 89' lang='lat' dir='ltr'>Timotheum</span> <span class='ocrx_word' id='word_1_127' title='bbox 905 1779 918 1816; x_wconf 90' lang='lat'>:</span> <span class='ocrx_word' id='word_1_128' title='bbox 934 1762 1090 1817; x_wconf 81' lang='lat'>960</span> <span class='ocrx_word' id='word_1_129' title='bbox 1115 1763 1398 1834; x_wconf 79' lang='lat' dir='ltr'>Quoniam</span> <span class='ocrx_word' id='word_1_130' title='bbox 1422 1761 1488 1816; x_wconf 89' lang='lat' dir='ltr'>ab</span> <span class='ocrx_word' id='word_1_131' title='bbox 1516 1763 1768 1832; x_wconf 83' lang='lat' dir='ltr'>infantia</span> <span class='ocrx_word' id='word_1_132' title='bbox 1788 1776 1976 1815; x_wconf 88' lang='lat' dir='ltr'>sacras</span> 
     </span>
    </p>
   </div>
   <div class='ocr_carea' id='block_1_19' title="bbox 2087 599 3730 673">
    <p class='ocr_par' dir='ltr' id='par_1_19' title="bbox 2087 599 3730 673">
     <span class='ocr_line' id='line_1_19' title="bbox 2087 599 3730 673; baseline 0.001 -17"><span class='ocrx_word' id='word_1_133' title='bbox 2087 599 2562 673; x_wconf 90' lang='lat' dir='ltr'>cipitetur,quam</span> <span class='ocrx_word' id='word_1_134' title='bbox 2588 601 2944 657; x_wconf 88' lang='lat' dir='ltr'>scandalizet</span> <span class='ocrx_word' id='word_1_135' title='bbox 2959 618 3145 657; x_wconf 91' lang='lat' dir='ltr'>unum</span> <span class='ocrx_word' id='word_1_136' title='bbox 3161 601 3233 657; x_wconf 89' lang='lat' dir='ltr'>de</span> <span class='ocrx_word' id='word_1_137' title='bbox 3253 600 3537 656; x_wconf 88' lang='lat' dir='ltr'>minimis.</span> <span class='ocrx_word' id='word_1_138' title='bbox 3562 601 3730 657; x_wconf 82' lang='lat' dir='ltr'>Inﬁr-</span> 
     </span>
    </p>
   </div>
   <div class='ocr_carea' id='block_1_20' title="bbox 2089 689 3731 762">
    <p class='ocr_par' dir='ltr' id='par_1_20' title="bbox 2089 689 3731 762">
     <span class='ocr_line' id='line_1_20' title="bbox 2089 689 3731 762; baseline 0.001 -16"><span class='ocrx_word' id='word_1_139' title='bbox 2089 708 2218 747; x_wconf 91' lang='lat' dir='ltr'>mos</span> <span class='ocrx_word' id='word_1_140' title='bbox 2249 694 2446 746; x_wconf 90' lang='lat' dir='ltr'>autem</span> <span class='ocrx_word' id='word_1_141' title='bbox 2477 691 2699 747; x_wconf 80' lang='lat' dir='ltr'>faciunt</span> <span class='ocrx_word' id='word_1_142' title='bbox 2739 691 2979 761; x_wconf 87' lang='lat' dir='ltr'>multos,</span> <span class='ocrx_word' id='word_1_143' title='bbox 3010 690 3107 762; x_wconf 89' lang='lat' dir='ltr'>qui</span> <span class='ocrx_word' id='word_1_144' title='bbox 3155 707 3288 746; x_wconf 91' lang='lat' dir='ltr'>cum</span> <span class='ocrx_word' id='word_1_145' title='bbox 3341 689 3640 746; x_wconf 87' lang='lat' dir='ltr'>credentes</span> <span class='ocrx_word' id='word_1_146' title='bbox 3671 691 3731 747; x_wconf 89' lang='lat' dir='ltr'>in</span> 
     </span>
    </p>
   </div>
   <div class='ocr_carea' id='block_1_21' title="bbox 2089 779 3734 853">
    <p class='ocr_par' dir='ltr' id='par_1_21' title="bbox 2089 779 3734 853">
     <span class='ocr_line' id='line_1_21' title="bbox 2089 779 3734 853; baseline 0.001 -19"><span class='ocrx_word' id='word_1_147' title='bbox 2089 779 2318 836; x_wconf 86' lang='lat' dir='ltr'>Christo</span> <span class='ocrx_word' id='word_1_148' title='bbox 2340 781 2475 836; x_wconf 79' lang='lat' dir='ltr'>tidei</span> <span class='ocrx_word' id='word_1_149' title='bbox 2502 782 2679 836; x_wconf 91' lang='lat' dir='ltr'>robur</span> <span class='ocrx_word' id='word_1_150' title='bbox 2701 780 3049 853; x_wconf 86' lang='lat' dir='ltr'>acceperint,</span> <span class='ocrx_word' id='word_1_151' title='bbox 3082 780 3368 836; x_wconf 82' lang='lat' dir='ltr'>infirmari</span> <span class='ocrx_word' id='word_1_152' title='bbox 3389 796 3490 836; x_wconf 93' lang='lat' dir='ltr'>eos</span> <span class='ocrx_word' id='word_1_153' title='bbox 3511 779 3734 836; x_wconf 85' lang='lat' dir='ltr'>faciunt</span> 
     </span>
    </p>
   </div>
   <div class='ocr_carea' id='block_1_22' title="bbox 2089 867 3733 942">
    <p class='ocr_par' dir='ltr' id='par_1_22' title="bbox 2089 867 3733 942">
     <span class='ocr_line' id='line_1_22' title="bbox 2089 867 3733 942; baseline -0.001 -18"><span class='ocrx_word' id='word_1_154' title='bbox 2089 869 2445 941; x_wconf 85' lang='lat' dir='ltr'>negligentia</span> <span class='ocrx_word' id='word_1_155' title='bbox 2473 869 2930 926; x_wconf 86' lang='lat' dir='ltr'>conversationis</span> <span class='ocrx_word' id='word_1_156' title='bbox 2977 886 3116 940; x_wconf 69' lang='lat' dir='ltr'>suae,</span> <span class='ocrx_word' id='word_1_157' title='bbox 3167 869 3381 942; x_wconf 90' lang='lat' dir='ltr'>quibus</span> <span class='ocrx_word' id='word_1_158' title='bbox 3406 867 3733 924; x_wconf 85' lang='lat' dir='ltr'>rectissime</span> 
     </span>
    </p>
   </div>
   <div class='ocr_carea' id='block_1_23' title="bbox 2090 955 3735 1032">
    <p class='ocr_par' dir='ltr' id='par_1_23' title="bbox 2090 955 3735 1032">
     <span class='ocr_line' id='line_1_23' title="bbox 2090 955 3735 1032; baseline -0.001 -18"><span class='ocrx_word' id='word_1_159' title='bbox 2090 958 2303 1014; x_wconf 86' lang='lat' dir='ltr'>dicitur</span> <span class='ocrx_word' id='word_1_160' title='bbox 2327 977 2338 1014; x_wconf 90' lang='lat'><strong>:</strong></span> <span class='ocrx_word' id='word_1_161' title='bbox 2367 960 2594 1015; x_wconf 89' lang='lat' dir='ltr'>lrritum</span> <span class='ocrx_word' id='word_1_162' title='bbox 2613 955 2825 1032; x_wconf 80' lang='lat' dir='ltr'>fecistis</span> <span class='ocrx_word' id='word_1_163' title='bbox 2845 967 3062 1030; x_wconf 89' lang='lat' dir='ltr'>pactum</span> <span class='ocrx_word' id='word_1_164' title='bbox 3082 961 3228 1026; x_wconf 89' lang='lat' dir='ltr'>Levi,</span> <span class='ocrx_word' id='word_1_165' title='bbox 3261 963 3497 1031; x_wconf 87' lang='lat' dir='ltr'>pactum</span> <span class='ocrx_word' id='word_1_166' title='bbox 3526 957 3656 1012; x_wconf 70' lang='lat' dir='ltr'>vitae</span> <span class='ocrx_word' id='word_1_167' title='bbox 3676 959 3735 1012; x_wconf 86' lang='lat' dir='ltr'>et</span> 
     </span>
    </p>
   </div>
   <div class='ocr_carea' id='block_1_24' title="bbox 2089 1048 3735 1120">
    <p class='ocr_par' dir='ltr' id='par_1_24' title="bbox 2089 1048 3735 1120">
     <span class='ocr_line' id='line_1_24' title="bbox 2089 1048 3735 1120; baseline 0.002 -18"><span class='ocrx_word' id='word_1_168' title='bbox 2089 1048 2272 1119; x_wconf 90' lang='lat' dir='ltr'>pacis,</span> <span class='ocrx_word' id='word_1_169' title='bbox 2295 1053 2352 1104; x_wconf 88' lang='lat' dir='ltr'>et</span> <span class='ocrx_word' id='word_1_170' title='bbox 2375 1053 2600 1119; x_wconf 59' lang='lat' dir='ltr'>cetera,</span> <span class='ocrx_word' id='word_1_171' title='bbox 2624 1065 2752 1120; x_wconf 63' lang='lat' dir='ltr'>qua</span> <span class='ocrx_word' id='word_1_172' title='bbox 2776 1048 3064 1120; x_wconf 87' lang='lat' dir='ltr'>pertinere</span> <span class='ocrx_word' id='word_1_173' title='bbox 3087 1049 3160 1104; x_wconf 89' lang='lat' dir='ltr'>ad</span> <span class='ocrx_word' id='word_1_174' title='bbox 3196 1048 3452 1104; x_wconf 78' lang='lat' dir='ltr'>officium</span> <span class='ocrx_word' id='word_1_175' title='bbox 3476 1048 3735 1105; x_wconf 82' lang='lat' dir='ltr'>diximus</span> 
     </span>
    </p>
   </div>
   <div class='ocr_carea' id='block_1_25' title="bbox 2089 1135 3732 1210">
    <p class='ocr_par' dir='ltr' id='par_1_25' title="bbox 2089 1135 3732 1210">
     <span class='ocr_line' id='line_1_25' title="bbox 2089 1135 3732 1210; baseline 0.001 -18"><span class='ocrx_word' id='word_1_176' title='bbox 2089 1137 2428 1193; x_wconf 90' lang='lat' dir='ltr'>sacerdotis.</span> <span class='ocrx_word' id='word_1_177' title='bbox 2462 1139 2647 1203; x_wconf 91' lang='lat' dir='ltr'>Quam</span> <span class='ocrx_word' id='word_1_178' title='bbox 2681 1138 2754 1192; x_wconf 93' lang='lat' dir='ltr'>ob</span> <span class='ocrx_word' id='word_1_179' title='bbox 2781 1153 3045 1206; x_wconf 89' lang='lat' dir='ltr'>causam,</span> <span class='ocrx_word' id='word_1_180' title='bbox 3089 1141 3146 1193; x_wconf 88' lang='lat' dir='ltr'>et</span> <span class='ocrx_word' id='word_1_181' title='bbox 3195 1153 3320 1210; x_wconf 88' lang='lat' dir='ltr'>ego,</span> <span class='ocrx_word' id='word_1_182' title='bbox 3352 1135 3562 1208; x_wconf 90' lang='lat' dir='ltr'>inquit,</span> <span class='ocrx_word' id='word_1_183' title='bbox 3595 1137 3732 1194; x_wconf 87' lang='lat' dir='ltr'>dedi</span> 
     </span>
    </p>
   </div>
   <div class='ocr_carea' id='block_1_26' title="bbox 2086 1224 3730 1298">
    <p class='ocr_par' dir='ltr' id='par_1_26' title="bbox 2086 1224 3730 1298">
     <span class='ocr_line' id='line_1_26' title="bbox 2086 1224 3730 1298; baseline 0.001 -18"><span class='ocrx_word' id='word_1_184' title='bbox 2086 1243 2188 1281; x_wconf 87' lang='lat' dir='ltr'>vos</span> <span class='ocrx_word' id='word_1_185' title='bbox 2210 1225 2680 1298; x_wconf 90' lang='lat' dir='ltr'>contemptibiles</span> <span class='ocrx_word' id='word_1_186' title='bbox 2701 1231 2758 1281; x_wconf 92' lang='lat' dir='ltr'>et</span> <span class='ocrx_word' id='word_1_187' title='bbox 2779 1226 3032 1282; x_wconf 89' lang='lat' dir='ltr'>humiles</span> <span class='ocrx_word' id='word_1_188' title='bbox 3054 1227 3328 1282; x_wconf 91' lang='lat' dir='ltr'>omnibus</span> <span class='ocrx_word' id='word_1_189' title='bbox 3373 1224 3632 1298; x_wconf 89' lang='lat' dir='ltr'>populis,</span> <span class='ocrx_word' id='word_1_190' title='bbox 3662 1229 3730 1283; x_wconf 87' lang='lat' dir='ltr'>ut</span> 
     </span>
    </p>
   </div>
   <div class='ocr_carea' id='block_1_27' title="bbox 2088 1314 3728 1388">
    <p class='ocr_par' dir='ltr' id='par_1_27' title="bbox 2088 1314 3728 1388">
     <span class='ocr_line' id='line_1_27' title="bbox 2088 1314 3728 1388; baseline -0.001 -18"><span class='ocrx_word' id='word_1_191' title='bbox 2088 1333 2189 1370; x_wconf 94' lang='lat' dir='ltr'>vos</span> <span class='ocrx_word' id='word_1_192' title='bbox 2221 1319 2678 1386; x_wconf 88' lang='lat' dir='ltr'>contemnerent,</span> <span class='ocrx_word' id='word_1_193' title='bbox 2713 1320 2770 1371; x_wconf 87' lang='lat' dir='ltr'>et</span> <span class='ocrx_word' id='word_1_194' title='bbox 2827 1333 2930 1388; x_wconf 92' lang='lat' dir='ltr'>pro</span> <span class='ocrx_word' id='word_1_195' title='bbox 2963 1315 3183 1372; x_wconf 88' lang='lat' dir='ltr'>honore</span> <span class='ocrx_word' id='word_1_196' title='bbox 3234 1319 3290 1371; x_wconf 88' lang='lat' dir='ltr'>et</span> <span class='ocrx_word' id='word_1_197' title='bbox 3318 1314 3526 1388; x_wconf 87' lang='lat' dir='ltr'>gloria,</span> <span class='ocrx_word' id='word_1_198' title='bbox 3557 1314 3728 1387; x_wconf 87' lang='lat' dir='ltr'>quasi</span> 
     </span>
    </p>
   </div>
   <div class='ocr_carea' id='block_1_28' title="bbox 2088 1404 3732 1476">
    <p class='ocr_par' dir='ltr' id='par_1_28' title="bbox 2088 1404 3732 1476">
     <span class='ocr_line' id='line_1_28' title="bbox 2088 1404 3732 1476; baseline 0 -16"><span class='ocrx_word' id='word_1_199' title='bbox 2088 1405 2342 1476; x_wconf 89' lang='lat' dir='ltr'>dejectos</span> <span class='ocrx_word' id='word_1_200' title='bbox 2367 1405 2739 1476; x_wconf 87' lang='lat' dir='ltr'>humilesque</span> <span class='ocrx_word' id='word_1_201' title='bbox 2786 1404 3110 1461; x_wconf 85' lang='lat' dir='ltr'>calcarent:</span> <span class='ocrx_word' id='word_1_202' title='bbox 3161 1405 3312 1460; x_wconf 85' lang='lat' dir='ltr'>Sicut</span> <span class='ocrx_word' id='word_1_203' title='bbox 3341 1421 3449 1461; x_wconf 86' lang='lat' dir='ltr'>non</span> <span class='ocrx_word' id='word_1_204' title='bbox 3472 1405 3732 1460; x_wconf 79' lang='lat' dir='ltr'>servastis</span> 
     </span>
    </p>
   </div>
   <div class='ocr_carea' id='block_1_29' title="bbox 2087 1493 3734 1566">
    <p class='ocr_par' dir='ltr' id='par_1_29' title="bbox 2087 1493 3734 1566">
     <span class='ocr_line' id='line_1_29' title="bbox 2087 1493 3734 1566; baseline 0.001 -18"><span class='ocrx_word' id='word_1_205' title='bbox 2087 1496 2202 1548; x_wconf 88' lang='lat' dir='ltr'>vias</span> <span class='ocrx_word' id='word_1_206' title='bbox 2233 1510 2403 1562; x_wconf 90' lang='lat' dir='ltr'>meas,</span> <span class='ocrx_word' id='word_1_207' title='bbox 2435 1497 2486 1549; x_wconf 91' lang='lat' dir='ltr'>el</span> <span class='ocrx_word' id='word_1_208' title='bbox 2514 1495 2797 1566; x_wconf 88' lang='lat' dir='ltr'>accepistis</span> <span class='ocrx_word' id='word_1_209' title='bbox 2824 1496 3031 1565; x_wconf 89' lang='lat' dir='ltr'>fuciem</span> <span class='ocrx_word' id='word_1_210' title='bbox 3071 1495 3132 1550; x_wconf 88' lang='lat' dir='ltr'>in</span> <span class='ocrx_word' id='word_1_211' title='bbox 3161 1495 3294 1565; x_wconf 89' lang='lat' dir='ltr'>lege.</span> <span class='ocrx_word' id='word_1_212' title='bbox 3349 1493 3507 1550; x_wconf 86' lang='lat' dir='ltr'>Inter</span> <span class='ocrx_word' id='word_1_213' title='bbox 3533 1493 3734 1549; x_wconf 89' lang='lat' dir='ltr'>omnia</span> 
     </span>
    </p>
   </div>
   <div class='ocr_carea' id='block_1_30' title="bbox 2087 1582 3730 1656">
    <p class='ocr_par' dir='ltr' id='par_1_30' title="bbox 2087 1582 3730 1656">
     <span class='ocr_line' id='line_1_30' title="bbox 2087 1582 3730 1656; baseline 0.001 -18"><span class='ocrx_word' id='word_1_214' title='bbox 2087 1587 2326 1655; x_wconf 89' lang='lat' dir='ltr'>peccata</span> <span class='ocrx_word' id='word_1_215' title='bbox 2348 1583 2503 1650; x_wconf 89' lang='lat' dir='ltr'>Levi,</span> <span class='ocrx_word' id='word_1_216' title='bbox 2527 1582 2646 1640; x_wconf 88' lang='lat' dir='ltr'>sive</span> <span class='ocrx_word' id='word_1_217' title='bbox 2669 1600 2869 1640; x_wconf 91' lang='lat' dir='ltr'>eorum</span> <span class='ocrx_word' id='word_1_218' title='bbox 2895 1583 2994 1656; x_wconf 90' lang='lat' dir='ltr'>qui</span> <span class='ocrx_word' id='word_1_219' title='bbox 3016 1600 3084 1639; x_wconf 88' lang='lat' dir='ltr'>ex</span> <span class='ocrx_word' id='word_1_220' title='bbox 3105 1583 3236 1639; x_wconf 87' lang='lat' dir='ltr'>Levi</span> <span class='ocrx_word' id='word_1_221' title='bbox 3277 1587 3433 1652; x_wconf 91' lang='lat' dir='ltr'>sunt,</span> <span class='ocrx_word' id='word_1_222' title='bbox 3459 1582 3730 1639; x_wconf 88' lang='lat' dir='ltr'>sacerdo-</span> 
     </span>
    </p>
   </div>
   <div class='ocr_carea' id='block_1_31' title="bbox 2085 1671 3734 1744">
    <p class='ocr_par' dir='ltr' id='par_1_31' title="bbox 2085 1671 3734 1744">
     <span class='ocr_line' id='line_1_31' title="bbox 2085 1671 3734 1744; baseline 0.001 -18"><span class='ocrx_word' id='word_1_223' title='bbox 2085 1676 2211 1726; x_wconf 91' lang='lat' dir='ltr'>tum</span> <span class='ocrx_word' id='word_1_224' title='bbox 2225 1673 2344 1739; x_wconf 91' lang='lat' dir='ltr'>Dei,</span> <span class='ocrx_word' id='word_1_225' title='bbox 2359 1671 2502 1727; x_wconf 86' lang='lat' dir='ltr'>illud</span> <span class='ocrx_word' id='word_1_226' title='bbox 2520 1677 2576 1727; x_wconf 92' lang='lat' dir='ltr'>et</span> <span class='ocrx_word' id='word_1_227' title='bbox 2588 1671 2864 1728; x_wconf 91' lang='lat' dir='ltr'>ultimum</span> <span class='ocrx_word' id='word_1_228' title='bbox 2879 1676 2934 1728; x_wconf 89' lang='lat' dir='ltr'>et</span> <span class='ocrx_word' id='word_1_229' title='bbox 2946 1671 3268 1728; x_wconf 89' lang='lat' dir='ltr'>maximum</span> <span class='ocrx_word' id='word_1_230' title='bbox 3283 1672 3539 1744; x_wconf 89' lang='lat' dir='ltr'>ponitur,</span> <span class='ocrx_word' id='word_1_231' title='bbox 3553 1687 3734 1744; x_wconf 88' lang='lat' dir='ltr'>quare</span> 
     </span>
    </p>
   </div>
   <div class='ocr_carea' id='block_1_32' title="bbox 2085 1760 3732 1834">
    <p class='ocr_par' dir='ltr' id='par_1_32' title="bbox 2085 1760 3732 1834">
     <span class='ocr_line' id='line_1_32' title="bbox 2085 1760 3732 1834; baseline 0.001 -19"><span class='ocrx_word' id='word_1_232' title='bbox 2085 1760 2373 1833; x_wconf 87' lang='lat' dir='ltr'>accipiant</span> <span class='ocrx_word' id='word_1_233' title='bbox 2396 1761 2603 1817; x_wconf 83' lang='lat' dir='ltr'>faciem</span> <span class='ocrx_word' id='word_1_234' title='bbox 2623 1761 2680 1816; x_wconf 90' lang='lat' dir='ltr'>in</span> <span class='ocrx_word' id='word_1_235' title='bbox 2701 1761 2848 1834; x_wconf 90' lang='lat' dir='ltr'>lege,</span> <span class='ocrx_word' id='word_1_236' title='bbox 2877 1765 3076 1818; x_wconf 90' lang='lat' dir='ltr'>utnon</span> <span class='ocrx_word' id='word_1_237' title='bbox 3103 1778 3312 1818; x_wconf 91' lang='lat' dir='ltr'>causas</span> <span class='ocrx_word' id='word_1_238' title='bbox 3329 1761 3431 1817; x_wconf 90' lang='lat' dir='ltr'>sed</span> <span class='ocrx_word' id='word_1_239' title='bbox 3454 1777 3732 1834; x_wconf 85' lang='lat' dir='ltr'>personas</span> 
     </span>
    </p>
   </div>
   <div class='ocr_carea' id='block_1_33' title="bbox 329 1848 3735 1944">
    <p class='ocr_par' dir='ltr' id='par_1_33' title="bbox 329 1848 3735 1944">
     <span class='ocr_line' id='line_1_33' title="bbox 329 1848 3735 1944; baseline -0.001 -36"><span class='ocrx_word' id='word_1_240' title='bbox 329 1854 554 1909; x_wconf 89' lang='lat' dir='ltr'>litteras</span> <span class='ocrx_word' id='word_1_241' title='bbox 581 1853 746 1918; x_wconf 85' lang='lat' dir='ltr'>nosti,</span> <span class='ocrx_word' id='word_1_242' title='bbox 773 1865 898 1921; x_wconf 74' lang='lat' dir='ltr'>quae</span> <span class='ocrx_word' id='word_1_243' title='bbox 926 1855 978 1905; x_wconf 89' lang='lat' dir='ltr'>te</span> <span class='ocrx_word' id='word_1_244' title='bbox 1006 1853 1220 1919; x_wconf 86' lang='lat' dir='ltr'>possint</span> <span class='ocrx_word' id='word_1_245' title='bbox 1251 1853 1523 1906; x_wconf 86' lang='lat' dir='ltr'>instruere</span> <span class='ocrx_word' id='word_1_246' title='bbox 1543 1850 1613 1905; x_wconf 89' lang='lat' dir='ltr'>ad</span> <span class='ocrx_word' id='word_1_247' title='bbox 1632 1848 1892 1915; x_wconf 87' lang='lat' dir='ltr'>salutem,</span> <span class='ocrx_word' id='word_1_248' title='bbox 1916 1857 1975 1904; x_wconf 91' lang='lat' dir='ltr'>ut</span> <span class='ocrx_word' id='word_1_249' title='bbox 2008 1880 2055 1944; x_wconf 82' lang='grc' dir='ltr'><strong>Β</strong></span> <span class='ocrx_word' id='word_1_250' title='bbox 2090 1850 2467 1922; x_wconf 88' lang='lat' dir='ltr'>considerint,</span> <span class='ocrx_word' id='word_1_251' title='bbox 2483 1853 2832 1922; x_wconf 82' lang='lat' dir='ltr'>justumque</span> <span class='ocrx_word' id='word_1_252' title='bbox 2854 1867 3169 1923; x_wconf 91' lang='lat' dir='ltr'>pauperem</span> <span class='ocrx_word' id='word_1_253' title='bbox 3191 1850 3604 1922; x_wconf 91' lang='lat' dir='ltr'>despicientes,</span> <span class='ocrx_word' id='word_1_254' title='bbox 3625 1849 3735 1904; x_wconf 86' lang='lat' dir='ltr'>ini-</span> 
     </span>
    </p>
   </div>
   <div class='ocr_carea' id='block_1_34' title="bbox 325 1939 1975 2015">
    <p class='ocr_par' dir='ltr' id='par_1_34' title="bbox 325 1939 1975 2015">
     <span class='ocr_line' id='line_1_34' title="bbox 325 1939 1975 2015; baseline -0.002 -17"><span class='ocrx_word' id='word_1_255' title='bbox 325 1949 610 2015; x_wconf 88' lang='lat' dir='ltr'>peccantes</span> <span class='ocrx_word' id='word_1_256' title='bbox 631 1956 816 1996; x_wconf 92' lang='lat' dir='ltr'>coram</span> <span class='ocrx_word' id='word_1_257' title='bbox 837 1940 1087 1994; x_wconf 88' lang='lat' dir='ltr'>omnibus</span> <span class='ocrx_word' id='word_1_258' title='bbox 1107 1957 1307 2010; x_wconf 88' lang='lat' dir='ltr'>arguas</span> <span class='ocrx_word' id='word_1_259' title='bbox 1348 1940 1417 2010; x_wconf 93' lang='lat' dir='ltr'>(II</span> <span class='ocrx_word' id='word_1_260' title='bbox 1463 1941 1596 1994; x_wconf 87' lang='lat' dir='ltr'>Tim.</span> <span class='ocrx_word' id='word_1_261' title='bbox 1623 1956 1710 2009; x_wconf 86' lang='grc' dir='ltr'>ιιι,</span> <span class='ocrx_word' id='word_1_262' title='bbox 1737 1939 1844 2010; x_wconf 91' lang='grc'>13).</span> <span class='ocrx_word' id='word_1_263' title='bbox 1878 1939 1975 1994; x_wconf 81' lang='lat' dir='ltr'>Se-</span> 
     </span>
    </p>
   </div>
   <div class='ocr_carea' id='block_1_35' title="bbox 332 2027 1981 2104">
    <p class='ocr_par' dir='ltr' id='par_1_35' title="bbox 332 2027 1981 2104">
     <span class='ocr_line' id='line_1_35' title="bbox 332 2027 1981 2104; baseline -0.003 -18"><span class='ocrx_word' id='word_1_264' title='bbox 332 2031 532 2104; x_wconf 87' lang='lat' dir='ltr'>quitur</span> <span class='ocrx_word' id='word_1_265' title='bbox 555 2048 568 2085; x_wconf 87' lang='lat'><strong>:</strong></span> <span class='ocrx_word' id='word_1_266' title='bbox 595 2031 733 2099; x_wconf 85' lang='lat' dir='ltr'>Quia</span> <span class='ocrx_word' id='word_1_267' title='bbox 753 2029 988 2100; x_wconf 85' lang='lat' dir='ltr'>angelus</span> <span class='ocrx_word' id='word_1_268' title='bbox 1004 2029 1226 2083; x_wconf 85' lang='lat' dir='ltr'>Domini</span> <span class='ocrx_word' id='word_1_269' title='bbox 1245 2030 1586 2083; x_wconf 74' lang='lat' dir='ltr'>exercituum</span> <span class='ocrx_word' id='word_1_270' title='bbox 1605 2036 1702 2082; x_wconf 92' lang='lat' dir='ltr'>est.</span> <span class='ocrx_word' id='word_1_271' title='bbox 1728 2027 1981 2098; x_wconf 89' lang='lat' dir='ltr'>Exponit</span> 
     </span>
    </p>
   </div>
   <div class='ocr_carea' id='block_1_36' title="bbox 329 2115 1981 2187">
    <p class='ocr_par' dir='ltr' id='par_1_36' title="bbox 329 2115 1981 2187">
     <span class='ocr_line' id='line_1_36' title="bbox 329 2115 1981 2187; baseline -0.003 -11"><span class='ocrx_word' id='word_1_272' title='bbox 329 2137 545 2176; x_wconf 89' lang='lat' dir='ltr'>nomen</span> <span class='ocrx_word' id='word_1_273' title='bbox 569 2135 742 2174; x_wconf 88' lang='lat' dir='ltr'>suum</span> <span class='ocrx_word' id='word_1_274' title='bbox 765 2119 940 2172; x_wconf 88' lang='lat' dir='ltr'>Ezras</span> <span class='ocrx_word' id='word_1_275' title='bbox 965 2118 1234 2174; x_wconf 89' lang='lat' dir='ltr'>sacerdos</span> <span class='ocrx_word' id='word_1_276' title='bbox 1283 2117 1402 2187; x_wconf 89' lang='lat' dir='ltr'>Dei,</span> <span class='ocrx_word' id='word_1_277' title='bbox 1453 2115 1562 2172; x_wconf 89' lang='lat' dir='ltr'>hoc</span> <span class='ocrx_word' id='word_1_278' title='bbox 1609 2121 1717 2184; x_wconf 88' lang='lat' dir='ltr'>est,</span> <span class='ocrx_word' id='word_1_279' title='bbox 1741 2117 1981 2172; x_wconf 85' lang='lat' dir='ltr'>Malachi</span> 
     </span>
    </p>
   </div>
   <div class='ocr_carea' id='block_1_37' title="bbox 331 2206 1976 2283">
    <p class='ocr_par' dir='ltr' id='par_1_37' title="bbox 331 2206 1976 2283">
     <span class='ocr_line' id='line_1_37' title="bbox 331 2206 1976 2283; baseline -0.004 -17"><span class='ocrx_word' id='word_1_280' title='bbox 331 2210 488 2283; x_wconf 91' lang='lat' dir='ltr'>quod</span> <span class='ocrx_word' id='word_1_281' title='bbox 518 2209 742 2280; x_wconf 89' lang='lat' dir='ltr'>angelus</span> <span class='ocrx_word' id='word_1_282' title='bbox 771 2207 1462 2279; x_wconf 88' lang='lat' dir='ltr'>Dominiinterpretatur:</span> <span class='ocrx_word' id='word_1_283' title='bbox 1491 2206 1736 2278; x_wconf 89' lang='lat' dir='ltr'>angelus</span> <span class='ocrx_word' id='word_1_284' title='bbox 1759 2211 1976 2271; x_wconf 89' lang='lat' dir='ltr'>autem,</span> 
     </span>
    </p>
   </div>
   <div class='ocr_carea' id='block_1_38' title="bbox 329 2294 1974 2365">
    <p class='ocr_par' dir='ltr' id='par_1_38' title="bbox 329 2294 1974 2365">
     <span class='ocr_line' id='line_1_38' title="bbox 329 2294 1974 2365; baseline -0.004 -10"><span class='ocrx_word' id='word_1_285' title='bbox 329 2299 389 2355; x_wconf 88' lang='lat' dir='ltr'>id</span> <span class='ocrx_word' id='word_1_286' title='bbox 417 2302 528 2365; x_wconf 86' lang='lat' dir='ltr'>est,</span> <span class='ocrx_word' id='word_1_287' title='bbox 573 2296 837 2362; x_wconf 88' lang='lat' dir='ltr'>nuntius,</span> <span class='ocrx_word' id='word_1_288' title='bbox 898 2296 1171 2351; x_wconf 90' lang='lat' dir='ltr'>sacerdos</span> <span class='ocrx_word' id='word_1_289' title='bbox 1224 2295 1348 2362; x_wconf 93' lang='lat' dir='ltr'>Dei,</span> <span class='ocrx_word' id='word_1_290' title='bbox 1408 2294 1711 2350; x_wconf 86' lang='lat' dir='ltr'>verissime</span> <span class='ocrx_word' id='word_1_291' title='bbox 1740 2294 1974 2362; x_wconf 88' lang='lat' dir='ltr'>dicitur,</span> 
     </span>
    </p>
   </div>
   <div class='ocr_carea' id='block_1_39' title="bbox 331 2385 1976 2460">
    <p class='ocr_par' dir='ltr' id='par_1_39' title="bbox 331 2385 1976 2460">
     <span class='ocr_line' id='line_1_39' title="bbox 331 2385 1976 2460; baseline -0.002 -17"><span class='ocrx_word' id='word_1_292' title='bbox 331 2387 474 2460; x_wconf 88' lang='lat' dir='ltr'>quia</span> <span class='ocrx_word' id='word_1_293' title='bbox 496 2385 594 2442; x_wconf 90' lang='lat' dir='ltr'>Dei</span> <span class='ocrx_word' id='word_1_294' title='bbox 623 2389 682 2440; x_wconf 91' lang='lat' dir='ltr'>et</span> <span class='ocrx_word' id='word_1_295' title='bbox 706 2385 1015 2440; x_wconf 89' lang='lat' dir='ltr'>hominum</span> <span class='ocrx_word' id='word_1_296' title='bbox 1040 2389 1341 2457; x_wconf 89' lang='lat' dir='ltr'>sequester</span> <span class='ocrx_word' id='word_1_297' title='bbox 1361 2388 1470 2450; x_wconf 89' lang='lat' dir='ltr'>est,</span> <span class='ocrx_word' id='word_1_298' title='bbox 1515 2385 1760 2455; x_wconf 87' lang='lat' dir='ltr'>ejusque</span> <span class='ocrx_word' id='word_1_299' title='bbox 1783 2385 1852 2438; x_wconf 91' lang='lat' dir='ltr'>ad</span> <span class='ocrx_word' id='word_1_300' title='bbox 1876 2401 1976 2456; x_wconf 87' lang='lat' dir='ltr'>po-</span> 
     </span>
    </p>
   </div>
   <div class='ocr_carea' id='block_1_40' title="bbox 331 2473 1979 2548">
    <p class='ocr_par' dir='ltr' id='par_1_40' title="bbox 331 2473 1979 2548">
     <span class='ocr_line' id='line_1_40' title="bbox 331 2473 1979 2548; baseline -0.001 -17"><span class='ocrx_word' id='word_1_301' title='bbox 331 2475 538 2548; x_wconf 84' lang='lat' dir='ltr'>pulum</span> <span class='ocrx_word' id='word_1_302' title='bbox 563 2474 796 2530; x_wconf 87' lang='lat' dir='ltr'>nuntiat</span> <span class='ocrx_word' id='word_1_303' title='bbox 814 2473 1171 2529; x_wconf 86' lang='lat' dir='ltr'>voluntatem</span> <span class='ocrx_word' id='word_1_304' title='bbox 1199 2491 1211 2529; x_wconf 91' lang='lat'>:</span> <span class='ocrx_word' id='word_1_305' title='bbox 1241 2478 1297 2528; x_wconf 87' lang='lat' dir='ltr'>et</span> <span class='ocrx_word' id='word_1_306' title='bbox 1317 2473 1532 2528; x_wconf 91' lang='lat' dir='ltr'>idcirco</span> <span class='ocrx_word' id='word_1_307' title='bbox 1563 2473 1623 2528; x_wconf 90' lang='lat' dir='ltr'>in</span> <span class='ocrx_word' id='word_1_308' title='bbox 1659 2474 1979 2529; x_wconf 88' lang='lat' dir='ltr'>sacerdotis</span> 
     </span>
    </p>
   </div>
   <div class='ocr_carea' id='block_1_41' title="bbox 329 2562 1977 2638">
    <p class='ocr_par' dir='ltr' id='par_1_41' title="bbox 329 2562 1977 2638">
     <span class='ocr_line' id='line_1_41' title="bbox 329 2562 1977 2638; baseline -0.003 -17"><span class='ocrx_word' id='word_1_309' title='bbox 329 2569 561 2638; x_wconf 88' lang='lat' dir='ltr'>pectore</span> <span class='ocrx_word' id='word_1_310' title='bbox 599 2563 880 2619; x_wconf 82' lang='lat' dir='ltr'>rationale</span> <span class='ocrx_word' id='word_1_311' title='bbox 910 2568 998 2618; x_wconf 91' lang='lat' dir='ltr'>est</span> <span class='ocrx_word' id='word_1_312' title='bbox 1042 2562 1234 2634; x_wconf 68' lang='lat' dir='ltr'>(Exod.</span> <span class='ocrx_word' id='word_1_313' title='bbox 1292 2563 1470 2634; x_wconf 84' lang='grc' dir='ltr'>χχιχ),</span> <span class='ocrx_word' id='word_1_314' title='bbox 1533 2562 1675 2618; x_wconf 85' lang='lat' dir='ltr'>etin</span> <span class='ocrx_word' id='word_1_315' title='bbox 1706 2562 1977 2617; x_wconf 87' lang='lat' dir='ltr'>rationali</span> 
     </span>
    </p>
   </div>
   <div class='ocr_carea' id='block_1_42' title="bbox 329 2651 1980 2724">
    <p class='ocr_par' dir='ltr' id='par_1_42' title="bbox 329 2651 1980 2724">
     <span class='ocr_line' id='line_1_42' title="bbox 329 2651 1980 2724; baseline -0.002 -14"><span class='ocrx_word' id='word_1_316' title='bbox 329 2653 596 2710; x_wconf 90' lang='lat' dir='ltr'>doctrina</span> <span class='ocrx_word' id='word_1_317' title='bbox 625 2657 681 2710; x_wconf 89' lang='lat' dir='ltr'>et</span> <span class='ocrx_word' id='word_1_318' title='bbox 707 2654 923 2708; x_wconf 89' lang='lat' dir='ltr'>veritas</span> <span class='ocrx_word' id='word_1_319' title='bbox 953 2651 1213 2724; x_wconf 89' lang='lat' dir='ltr'>ponitur,</span> <span class='ocrx_word' id='word_1_320' title='bbox 1248 2656 1315 2707; x_wconf 88' lang='lat' dir='ltr'>ut</span> <span class='ocrx_word' id='word_1_321' title='bbox 1362 2652 1682 2717; x_wconf 86' lang='lat' dir='ltr'>discamus,</span> <span class='ocrx_word' id='word_1_322' title='bbox 1717 2651 1980 2707; x_wconf 52' lang='lat' dir='ltr'>sacerdo-</span> 
     </span>
    </p>
   </div>
   <div class='ocr_carea' id='block_1_43' title="bbox 327 2739 1978 2813">
    <p class='ocr_par' dir='ltr' id='par_1_43' title="bbox 327 2739 1978 2813">
     <span class='ocr_line' id='line_1_43' title="bbox 327 2739 1978 2813; baseline -0.004 -13"><span class='ocrx_word' id='word_1_323' title='bbox 327 2748 449 2800; x_wconf 89' lang='lat' dir='ltr'>tem</span> <span class='ocrx_word' id='word_1_324' title='bbox 481 2744 722 2798; x_wconf 90' lang='lat' dir='ltr'>doctum</span> <span class='ocrx_word' id='word_1_325' title='bbox 753 2758 881 2798; x_wconf 88' lang='lat' dir='ltr'>esse</span> <span class='ocrx_word' id='word_1_326' title='bbox 911 2741 1141 2810; x_wconf 90' lang='lat' dir='ltr'>debere,</span> <span class='ocrx_word' id='word_1_327' title='bbox 1202 2745 1259 2795; x_wconf 92' lang='lat' dir='ltr'>et</span> <span class='ocrx_word' id='word_1_328' title='bbox 1316 2757 1640 2813; x_wconf 63' lang='lat' dir='ltr'>preconem</span> <span class='ocrx_word' id='word_1_329' title='bbox 1674 2739 1978 2796; x_wconf 69' lang='lat' dir='ltr'>dominicae</span> 
     </span>
    </p>
   </div>
   <div class='ocr_carea' id='block_1_44' title="bbox 329 2831 1976 2904">
    <p class='ocr_par' dir='ltr' id='par_1_44' title="bbox 329 2831 1976 2904">
     <span class='ocr_line' id='line_1_44' title="bbox 329 2831 1976 2904; baseline -0.001 -17"><span class='ocrx_word' id='word_1_330' title='bbox 329 2832 613 2904; x_wconf 81' lang='lat' dir='ltr'>veritatis.</span> <span class='ocrx_word' id='word_1_331' title='bbox 647 2832 892 2897; x_wconf 89' lang='lat' dir='ltr'>Quidam</span> <span class='ocrx_word' id='word_1_332' title='bbox 915 2831 1026 2886; x_wconf 90' lang='lat' dir='ltr'>hoc</span> <span class='ocrx_word' id='word_1_333' title='bbox 1048 2831 1206 2903; x_wconf 85' lang='lat' dir='ltr'>quod</span> <span class='ocrx_word' id='word_1_334' title='bbox 1249 2831 1319 2885; x_wconf 90' lang='lat' dir='ltr'>ad</span> <span class='ocrx_word' id='word_1_335' title='bbox 1347 2831 1477 2886; x_wconf 85' lang='lat' dir='ltr'>Levi</span> <span class='ocrx_word' id='word_1_336' title='bbox 1529 2835 1586 2885; x_wconf 88' lang='lat' dir='ltr'>et</span> <span class='ocrx_word' id='word_1_337' title='bbox 1613 2848 1714 2902; x_wconf 90' lang='lat' dir='ltr'>per</span> <span class='ocrx_word' id='word_1_338' title='bbox 1740 2831 1874 2885; x_wconf 92' lang='lat' dir='ltr'>Levi</span> <span class='ocrx_word' id='word_1_339' title='bbox 1905 2831 1976 2886; x_wconf 90' lang='lat' dir='ltr'>ad</span> 
     </span>
    </p>
   </div>
   <div class='ocr_carea' id='block_1_45' title="bbox 331 2919 1979 2992">
    <p class='ocr_par' dir='ltr' id='par_1_45' title="bbox 331 2919 1979 2992">
     <span class='ocr_line' id='line_1_45' title="bbox 331 2919 1979 2992; baseline -0.002 -13"><span class='ocrx_word' id='word_1_340' title='bbox 331 2923 664 2980; x_wconf 88' lang='lat' dir='ltr'>sacerdotes</span> <span class='ocrx_word' id='word_1_341' title='bbox 695 2919 929 2988; x_wconf 89' lang='lat' dir='ltr'>dicitur,</span> <span class='ocrx_word' id='word_1_342' title='bbox 966 2919 1111 2975; x_wconf 88' lang='lat' dir='ltr'>falso</span> <span class='ocrx_word' id='word_1_343' title='bbox 1144 2923 1352 2991; x_wconf 90' lang='lat' dir='ltr'>putant</span> <span class='ocrx_word' id='word_1_344' title='bbox 1381 2919 1827 2992; x_wconf 90' lang='lat' dir='ltr'>intelligendum</span> <span class='ocrx_word' id='word_1_345' title='bbox 1851 2936 1979 2975; x_wconf 89' lang='lat' dir='ltr'>esse</span> 
     </span>
    </p>
   </div>
   <div class='ocr_carea' id='block_1_46' title="bbox 331 3009 1976 3081">
    <p class='ocr_par' dir='ltr' id='par_1_46' title="bbox 331 3009 1976 3081">
     <span class='ocr_line' id='line_1_46' title="bbox 331 3009 1976 3081; baseline -0.004 -13"><span class='ocrx_word' id='word_1_346' title='bbox 331 3013 404 3068; x_wconf 91' lang='lat' dir='ltr'>de</span> <span class='ocrx_word' id='word_1_347' title='bbox 435 3011 685 3076; x_wconf 88' lang='lat' dir='ltr'>Christo,</span> <span class='ocrx_word' id='word_1_348' title='bbox 718 3026 832 3066; x_wconf 89' lang='lat' dir='ltr'>non</span> <span class='ocrx_word' id='word_1_349' title='bbox 893 3009 1276 3081; x_wconf 83' lang='lat' dir='ltr'>respicientes</span> <span class='ocrx_word' id='word_1_350' title='bbox 1332 3025 1401 3064; x_wconf 86' lang='lat' dir='ltr'>ea</span> <span class='ocrx_word' id='word_1_351' title='bbox 1457 3025 1583 3079; x_wconf 61' lang='lat' dir='ltr'>qua</span> <span class='ocrx_word' id='word_1_352' title='bbox 1627 3012 1976 3081; x_wconf 88' lang='lat' dir='ltr'>sequuntur,</span> 
     </span>
    </p>
   </div>
   <div class='ocr_carea' id='block_1_47' title="bbox 329 3097 1334 3174">
    <p class='ocr_par' dir='ltr' id='par_1_47' title="bbox 329 3097 1334 3174">
     <span class='ocr_line' id='line_1_47' title="bbox 329 3097 1334 3174; baseline -0.006 -16"><span class='ocrx_word' id='word_1_353' title='bbox 329 3118 592 3174; x_wconf 63' lang='lat' dir='ltr'>personat</span> <span class='ocrx_word' id='word_1_354' title='bbox 622 3099 834 3155; x_wconf 89' lang='lat' dir='ltr'>Christi</span> <span class='ocrx_word' id='word_1_355' title='bbox 867 3115 995 3154; x_wconf 91' lang='lat' dir='ltr'>esse</span> <span class='ocrx_word' id='word_1_356' title='bbox 1024 3097 1334 3154; x_wconf 90' lang='lat' dir='ltr'>contraria.</span> 
     </span>
    </p>
   </div>
   <div class='ocr_carea' id='block_1_48' title="bbox 403 3187 1974 3262">
    <p class='ocr_par' dir='ltr' id='par_1_48' title="bbox 403 3187 1974 3262">
     <span class='ocr_line' id='line_1_48' title="bbox 403 3187 1974 3262; baseline -0.003 -18"><span class='ocrx_word' id='word_1_357' title='bbox 403 3191 590 3262; x_wconf 86' lang='lat' dir='ltr'>(Vers.</span> <span class='ocrx_word' id='word_1_358' title='bbox 622 3189 676 3258; x_wconf 91' lang='lat'>8,</span> <span class='ocrx_word' id='word_1_359' title='bbox 707 3189 787 3260; x_wconf 87' lang='lat'>9.)</span> <span class='ocrx_word' id='word_1_360' title='bbox 823 3189 914 3244; x_wconf 89' lang='lat' dir='ltr'>Vos</span> <span class='ocrx_word' id='word_1_361' title='bbox 949 3196 1134 3243; x_wconf 86' lang='lat' dir='ltr'>autem</span> <span class='ocrx_word' id='word_1_362' title='bbox 1179 3189 1473 3242; x_wconf 87' lang='lat' dir='ltr'>recessistis</span> <span class='ocrx_word' id='word_1_363' title='bbox 1499 3187 1564 3242; x_wconf 88' lang='lat' dir='ltr'>de</span> <span class='ocrx_word' id='word_1_364' title='bbox 1591 3189 1701 3255; x_wconf 90' lang='lat' dir='ltr'>via,</span> <span class='ocrx_word' id='word_1_365' title='bbox 1733 3191 1787 3242; x_wconf 89' lang='lat' dir='ltr'>et</span> <span class='ocrx_word' id='word_1_366' title='bbox 1812 3203 1974 3242; x_wconf 83' lang='lat' dir='ltr'>scan-</span> 
     </span>
    </p>
   </div>
   <div class='ocr_carea' id='block_1_49' title="bbox 327 3252 2049 3349">
    <p class='ocr_par' dir='ltr' id='par_1_49' title="bbox 327 3252 2049 3349">
     <span class='ocr_line' id='line_1_49' title="bbox 327 3252 2049 3349; baseline -0.003 -14"><span class='ocrx_word' id='word_1_367' title='bbox 327 3252 612 3336; x_wconf 76' lang='lat' dir='ltr'>dalizastis</span> <span class='ocrx_word' id='word_1_368' title='bbox 639 3252 906 3349; x_wconf 83' lang='lat' dir='ltr'>plurimos</span> <span class='ocrx_word' id='word_1_369' title='bbox 930 3279 992 3331; x_wconf 89' lang='lat' dir='ltr'>in</span> <span class='ocrx_word' id='word_1_370' title='bbox 1022 3277 1147 3349; x_wconf 87' lang='lat' dir='ltr'>lege</span> <span class='ocrx_word' id='word_1_371' title='bbox 1168 3295 1187 3331; x_wconf 88' lang='lat'><strong><em>:</em></strong></span> <span class='ocrx_word' id='word_1_372' title='bbox 1245 3278 1472 3331; x_wconf 90' lang='lat' dir='ltr'>irritum</span> <span class='ocrx_word' id='word_1_373' title='bbox 1525 3252 1732 3347; x_wconf 81' lang='lat' dir='ltr'>fecistis</span> <span class='ocrx_word' id='word_1_374' title='bbox 1758 3285 1978 3348; x_wconf 88' lang='lat' dir='ltr'>pactum</span> <span class='ocrx_word' id='word_1_375' title='bbox 2006 3252 2049 3319; x_wconf 79' lang='lat' dir='ltr'>C</span> 
     </span>
    </p>
   </div>
   <div class='ocr_carea' id='block_1_50' title="bbox 327 3365 1976 3438">
    <p class='ocr_par' dir='ltr' id='par_1_50' title="bbox 327 3365 1976 3438">
     <span class='ocr_line' id='line_1_50' title="bbox 327 3365 1976 3438; baseline -0.002 -14"><span class='ocrx_word' id='word_1_376' title='bbox 327 3369 481 3438; x_wconf 87' lang='lat' dir='ltr'>Levi,</span> <span class='ocrx_word' id='word_1_377' title='bbox 514 3367 651 3422; x_wconf 87' lang='lat' dir='ltr'>dicit</span> <span class='ocrx_word' id='word_1_378' title='bbox 681 3367 943 3421; x_wconf 86' lang='lat' dir='ltr'>Dominus</span> <span class='ocrx_word' id='word_1_379' title='bbox 972 3367 1340 3420; x_wconf 73' lang='lat' dir='ltr'>exercituum.</span> <span class='ocrx_word' id='word_1_380' title='bbox 1374 3367 1604 3435; x_wconf 83' lang='lat' dir='ltr'>Propter</span> <span class='ocrx_word' id='word_1_381' title='bbox 1633 3365 1773 3435; x_wconf 92' lang='lat' dir='ltr'>quod</span> <span class='ocrx_word' id='word_1_382' title='bbox 1802 3369 1856 3420; x_wconf 90' lang='lat' dir='ltr'>et</span> <span class='ocrx_word' id='word_1_383' title='bbox 1883 3380 1976 3436; x_wconf 88' lang='lat' dir='ltr'>ego</span> 
     </span>
    </p>
   </div>
   <div class='ocr_carea' id='block_1_51' title="bbox 327 3453 1976 3524">
    <p class='ocr_par' dir='ltr' id='par_1_51' title="bbox 327 3453 1976 3524">
     <span class='ocr_line' id='line_1_51' title="bbox 327 3453 1976 3524; baseline -0.002 -12"><span class='ocrx_word' id='word_1_384' title='bbox 327 3457 459 3513; x_wconf 86' lang='lat' dir='ltr'>dedi</span> <span class='ocrx_word' id='word_1_385' title='bbox 488 3472 576 3510; x_wconf 90' lang='lat' dir='ltr'>vos</span> <span class='ocrx_word' id='word_1_386' title='bbox 603 3455 1054 3522; x_wconf 87' lang='lat' dir='ltr'>contemptibiles,</span> <span class='ocrx_word' id='word_1_387' title='bbox 1088 3462 1139 3508; x_wconf 92' lang='lat' dir='ltr'>et</span> <span class='ocrx_word' id='word_1_388' title='bbox 1169 3453 1402 3508; x_wconf 86' lang='lat' dir='ltr'>humiles</span> <span class='ocrx_word' id='word_1_389' title='bbox 1449 3454 1700 3507; x_wconf 87' lang='lat' dir='ltr'>omnibus</span> <span class='ocrx_word' id='word_1_390' title='bbox 1738 3454 1976 3524; x_wconf 86' lang='lat' dir='ltr'>populis,</span> 
     </span>
    </p>
   </div>
   <div class='ocr_carea' id='block_1_52' title="bbox 326 3544 1980 3613">
    <p class='ocr_par' dir='ltr' id='par_1_52' title="bbox 326 3544 1980 3613">
     <span class='ocr_line' id='line_1_52' title="bbox 326 3544 1980 3613; baseline -0.005 -10"><span class='ocrx_word' id='word_1_391' title='bbox 326 3548 472 3603; x_wconf 88' lang='lat' dir='ltr'>sicut</span> <span class='ocrx_word' id='word_1_392' title='bbox 499 3561 608 3601; x_wconf 89' lang='lat' dir='ltr'>non</span> <span class='ocrx_word' id='word_1_393' title='bbox 635 3546 890 3600; x_wconf 87' lang='lat' dir='ltr'>servastis</span> <span class='ocrx_word' id='word_1_394' title='bbox 937 3545 1053 3598; x_wconf 86' lang='lat' dir='ltr'>vias</span> <span class='ocrx_word' id='word_1_395' title='bbox 1083 3558 1250 3609; x_wconf 91' lang='lat' dir='ltr'>meas,</span> <span class='ocrx_word' id='word_1_396' title='bbox 1283 3550 1335 3597; x_wconf 87' lang='lat' dir='ltr'>et</span> <span class='ocrx_word' id='word_1_397' title='bbox 1376 3544 1661 3611; x_wconf 89' lang='lat' dir='ltr'>accepistis</span> <span class='ocrx_word' id='word_1_398' title='bbox 1686 3544 1888 3613; x_wconf 87' lang='lat' dir='ltr'>faciem</span> <span class='ocrx_word' id='word_1_399' title='bbox 1920 3544 1980 3595; x_wconf 90' lang='lat' dir='ltr'>in</span> 
     </span>
    </p>
   </div>
   <div class='ocr_carea' id='block_1_53' title="bbox 332 3631 1985 3706">
    <p class='ocr_par' dir='ltr' id='par_1_53' title="bbox 332 3631 1985 3706">
     <span class='ocr_line' id='line_1_53' title="bbox 332 3631 1985 3706; baseline -0.002 -16"><span class='ocrx_word' id='word_1_400' title='bbox 332 3637 467 3706; x_wconf 85' lang='lat' dir='ltr'>lege.</span> <span class='ocrx_word' id='word_1_401' title='bbox 499 3633 672 3690; x_wconf 82' lang='lat' dir='ltr'>LXX:</span> <span class='ocrx_word' id='word_1_402' title='bbox 712 3636 804 3689; x_wconf 90' lang='lat' dir='ltr'>Vos</span> <span class='ocrx_word' id='word_1_403' title='bbox 869 3639 1051 3688; x_wconf 89' lang='lat' dir='ltr'>autem</span> <span class='ocrx_word' id='word_1_404' title='bbox 1107 3631 1426 3686; x_wconf 83' lang='lat' dir='ltr'>declinastis</span> <span class='ocrx_word' id='word_1_405' title='bbox 1477 3631 1542 3686; x_wconf 90' lang='lat' dir='ltr'>de</span> <span class='ocrx_word' id='word_1_406' title='bbox 1591 3633 1681 3686; x_wconf 87' lang='lat' dir='ltr'>via</span> <span class='ocrx_word' id='word_1_407' title='bbox 1733 3647 1874 3697; x_wconf 87' lang='lat' dir='ltr'>mea,</span> <span class='ocrx_word' id='word_1_408' title='bbox 1934 3638 1985 3686; x_wconf 93' lang='lat' dir='ltr'>et</span> 
     </span>
    </p>
   </div>
   <div class='ocr_carea' id='block_1_54' title="bbox 333 3721 1982 3796">
    <p class='ocr_par' dir='ltr' id='par_1_54' title="bbox 333 3721 1982 3796">
     <span class='ocr_line' id='line_1_54' title="bbox 333 3721 1982 3796; baseline -0.004 -16"><span class='ocrx_word' id='word_1_409' title='bbox 333 3726 542 3796; x_wconf 79' lang='lat' dir='ltr'>iﬁrmos</span> <span class='ocrx_word' id='word_1_410' title='bbox 560 3723 768 3794; x_wconf 83' lang='lat' dir='ltr'>fecistis</span> <span class='ocrx_word' id='word_1_411' title='bbox 788 3721 988 3777; x_wconf 89' lang='lat' dir='ltr'>multos</span> <span class='ocrx_word' id='word_1_412' title='bbox 1009 3723 1067 3776; x_wconf 91' lang='lat' dir='ltr'>in</span> <span class='ocrx_word' id='word_1_413' title='bbox 1094 3722 1556 3792; x_wconf 89' lang='lat' dir='ltr'>lege,corrupistis</span> <span class='ocrx_word' id='word_1_414' title='bbox 1603 3724 1982 3775; x_wconf 87' lang='lat' dir='ltr'>testamentum</span> 
     </span>
    </p>
   </div>
   <div class='ocr_carea' id='block_1_55' title="bbox 333 3809 1986 3881">
    <p class='ocr_par' dir='ltr' id='par_1_55' title="bbox 333 3809 1986 3881">
     <span class='ocr_line' id='line_1_55' title="bbox 333 3809 1986 3881; baseline -0.004 -12"><span class='ocrx_word' id='word_1_415' title='bbox 333 3814 487 3880; x_wconf 90' lang='lat' dir='ltr'>Levi,</span> <span class='ocrx_word' id='word_1_416' title='bbox 508 3811 641 3867; x_wconf 87' lang='lat' dir='ltr'>dicit</span> <span class='ocrx_word' id='word_1_417' title='bbox 658 3812 919 3866; x_wconf 89' lang='lat' dir='ltr'>Dominus</span> <span class='ocrx_word' id='word_1_418' title='bbox 962 3812 1320 3881; x_wconf 78' lang='lat' dir='ltr'>omnipotens.</span> <span class='ocrx_word' id='word_1_419' title='bbox 1367 3813 1440 3864; x_wconf 85' lang='lat' dir='ltr'>Et</span> <span class='ocrx_word' id='word_1_420' title='bbox 1471 3826 1562 3880; x_wconf 81' lang='lat' dir='ltr'>ego</span> <span class='ocrx_word' id='word_1_421' title='bbox 1601 3809 1726 3864; x_wconf 86' lang='lat' dir='ltr'>dedi</span> <span class='ocrx_word' id='word_1_422' title='bbox 1749 3826 1836 3865; x_wconf 86' lang='lat' dir='ltr'>vos</span> <span class='ocrx_word' id='word_1_423' title='bbox 1864 3826 1986 3864; x_wconf 88' lang='lat' dir='ltr'>con-</span> 
     </span>
    </p>
   </div>
   <div class='ocr_carea' id='block_1_56' title="bbox 335 3899 1988 3974">
    <p class='ocr_par' dir='ltr' id='par_1_56' title="bbox 335 3899 1988 3974">
     <span class='ocr_line' id='line_1_56' title="bbox 335 3899 1988 3974; baseline -0.002 -16"><span class='ocrx_word' id='word_1_424' title='bbox 335 3901 686 3974; x_wconf 89' lang='lat' dir='ltr'>temptibiles,</span> <span class='ocrx_word' id='word_1_425' title='bbox 713 3904 766 3955; x_wconf 87' lang='lat' dir='ltr'>et</span> <span class='ocrx_word' id='word_1_426' title='bbox 794 3899 1080 3954; x_wconf 88' lang='lat' dir='ltr'>dissolutos</span> <span class='ocrx_word' id='word_1_427' title='bbox 1106 3901 1166 3954; x_wconf 91' lang='lat' dir='ltr'>in</span> <span class='ocrx_word' id='word_1_428' title='bbox 1195 3914 1380 3953; x_wconf 89' lang='lat' dir='ltr'>omnes</span> <span class='ocrx_word' id='word_1_429' title='bbox 1409 3903 1610 3969; x_wconf 88' lang='lat' dir='ltr'>gentes,</span> <span class='ocrx_word' id='word_1_430' title='bbox 1639 3915 1741 3971; x_wconf 88' lang='lat' dir='ltr'>pro</span> <span class='ocrx_word' id='word_1_431' title='bbox 1766 3916 1824 3955; x_wconf 90' lang='lat' dir='ltr'>eo</span> <span class='ocrx_word' id='word_1_432' title='bbox 1848 3899 1988 3970; x_wconf 89' lang='lat' dir='ltr'>quod</span> 
     </span>
    </p>
   </div>
   <div class='ocr_carea' id='block_1_57' title="bbox 335 3987 1989 4060">
    <p class='ocr_par' dir='ltr' id='par_1_57' title="bbox 335 3987 1989 4060">
     <span class='ocr_line' id='line_1_57' title="bbox 335 3987 1989 4060; baseline -0.002 -13"><span class='ocrx_word' id='word_1_433' title='bbox 335 4007 446 4047; x_wconf 88' lang='lat' dir='ltr'>non</span> <span class='ocrx_word' id='word_1_434' title='bbox 469 3989 782 4046; x_wconf 88' lang='lat' dir='ltr'>custodistis</span> <span class='ocrx_word' id='word_1_435' title='bbox 802 3990 922 4044; x_wconf 88' lang='lat' dir='ltr'>vias</span> <span class='ocrx_word' id='word_1_436' title='bbox 941 4004 1108 4058; x_wconf 89' lang='lat' dir='ltr'>meas,</span> <span class='ocrx_word' id='word_1_437' title='bbox 1132 3987 1224 4042; x_wconf 90' lang='lat' dir='ltr'>sed</span> <span class='ocrx_word' id='word_1_438' title='bbox 1246 3990 1595 4060; x_wconf 81' lang='lat' dir='ltr'>accipiebatis</span> <span class='ocrx_word' id='word_1_439' title='bbox 1639 4005 1898 4060; x_wconf 83' lang='lat' dir='ltr'>personas</span> <span class='ocrx_word' id='word_1_440' title='bbox 1929 3990 1989 4044; x_wconf 88' lang='lat' dir='ltr'>in</span> 
     </span>
    </p>
   </div>
   <div class='ocr_carea' id='block_1_58' title="bbox 334 4077 1989 4151">
    <p class='ocr_par' dir='ltr' id='par_1_58' title="bbox 334 4077 1989 4151">
     <span class='ocr_line' id='line_1_58' title="bbox 334 4077 1989 4151; baseline -0.001 -15"><span class='ocrx_word' id='word_1_441' title='bbox 334 4082 470 4151; x_wconf 91' lang='lat' dir='ltr'>lege.</span> <span class='ocrx_word' id='word_1_442' title='bbox 504 4083 634 4134; x_wconf 65' lang='lat' dir='ltr'>Haec</span> <span class='ocrx_word' id='word_1_443' title='bbox 665 4079 737 4134; x_wconf 90' lang='lat' dir='ltr'>ad</span> <span class='ocrx_word' id='word_1_444' title='bbox 776 4077 990 4134; x_wconf 86' lang='lat' dir='ltr'>Christi</span> <span class='ocrx_word' id='word_1_445' title='bbox 1023 4094 1138 4132; x_wconf 90' lang='lat' dir='ltr'>non</span> <span class='ocrx_word' id='word_1_446' title='bbox 1174 4077 1465 4148; x_wconf 90' lang='lat' dir='ltr'>pertinere</span> <span class='ocrx_word' id='word_1_447' title='bbox 1517 4094 1852 4150; x_wconf 90' lang='lat' dir='ltr'>personam,</span> <span class='ocrx_word' id='word_1_448' title='bbox 1885 4094 1989 4134; x_wconf 89' lang='lat' dir='ltr'>nec</span> 
     </span>
    </p>
   </div>
   <div class='ocr_carea' id='block_1_59' title="bbox 335 4166 1989 4240">
    <p class='ocr_par' dir='ltr' id='par_1_59' title="bbox 335 4166 1989 4240">
     <span class='ocr_line' id='line_1_59' title="bbox 335 4166 1989 4240; baseline -0.002 -15"><span class='ocrx_word' id='word_1_449' title='bbox 335 4169 410 4225; x_wconf 83' lang='lat' dir='ltr'>ad</span> <span class='ocrx_word' id='word_1_450' title='bbox 441 4185 542 4224; x_wconf 87' lang='lat' dir='ltr'>eos</span> <span class='ocrx_word' id='word_1_451' title='bbox 573 4168 673 4240; x_wconf 89' lang='lat' dir='ltr'>qui</span> <span class='ocrx_word' id='word_1_452' title='bbox 703 4167 864 4222; x_wconf 91' lang='lat' dir='ltr'>illius</span> <span class='ocrx_word' id='word_1_453' title='bbox 897 4166 1082 4222; x_wconf 90' lang='lat' dir='ltr'>cultui</span> <span class='ocrx_word' id='word_1_454' title='bbox 1115 4167 1365 4222; x_wconf 85' lang='lat' dir='ltr'>dedicati</span> <span class='ocrx_word' id='word_1_455' title='bbox 1396 4173 1554 4234; x_wconf 87' lang='lat' dir='ltr'>sunt,</span> <span class='ocrx_word' id='word_1_456' title='bbox 1607 4167 1838 4222; x_wconf 89' lang='lat' dir='ltr'>etiamsi</span> <span class='ocrx_word' id='word_1_457' title='bbox 1884 4183 1989 4239; x_wconf 91' lang='lat' dir='ltr'>ego</span> 
     </span>
    </p>
   </div>
   <div class='ocr_carea' id='block_1_60' title="bbox 337 4255 1990 4330">
    <p class='ocr_par' dir='ltr' id='par_1_60' title="bbox 337 4255 1990 4330">
     <span class='ocr_line' id='line_1_60' title="bbox 337 4255 1990 4330; baseline -0.002 -15"><span class='ocrx_word' id='word_1_458' title='bbox 337 4263 563 4316; x_wconf 89' lang='lat' dir='ltr'>taceam</span> <span class='ocrx_word' id='word_1_459' title='bbox 582 4258 838 4330; x_wconf 87' lang='lat' dir='ltr'>prudens</span> <span class='ocrx_word' id='word_1_460' title='bbox 861 4255 1043 4311; x_wconf 90' lang='lat' dir='ltr'>lector</span> <span class='ocrx_word' id='word_1_461' title='bbox 1065 4255 1359 4327; x_wconf 83' lang='lat' dir='ltr'>intelligit.</span> <span class='ocrx_word' id='word_1_462' title='bbox 1383 4257 1453 4310; x_wconf 89' lang='lat' dir='ltr'>Et</span> <span class='ocrx_word' id='word_1_463' title='bbox 1486 4260 1575 4311; x_wconf 91' lang='lat' dir='ltr'>est</span> <span class='ocrx_word' id='word_1_464' title='bbox 1605 4272 1847 4311; x_wconf 89' lang='lat' dir='ltr'>sensus:</span> <span class='ocrx_word' id='word_1_465' title='bbox 1875 4257 1990 4328; x_wconf 89' lang='lat' dir='ltr'>Ego</span> 
     </span>
    </p>
   </div>
   <div class='ocr_carea' id='block_1_61' title="bbox 337 4343 1994 4417">
    <p class='ocr_par' dir='ltr' id='par_1_61' title="bbox 337 4343 1994 4417">
     <span class='ocr_line' id='line_1_61' title="bbox 337 4343 1994 4417; baseline -0.002 -13"><span class='ocrx_word' id='word_1_466' title='bbox 337 4363 441 4404; x_wconf 89' lang='lat' dir='ltr'>vos</span> <span class='ocrx_word' id='word_1_467' title='bbox 463 4345 622 4402; x_wconf 92' lang='lat' dir='ltr'>volui</span> <span class='ocrx_word' id='word_1_468' title='bbox 650 4346 837 4401; x_wconf 85' lang='lat' dir='ltr'>facere</span> <span class='ocrx_word' id='word_1_469' title='bbox 860 4362 987 4416; x_wconf 70' lang='lat' dir='ltr'>qua:</span> <span class='ocrx_word' id='word_1_470' title='bbox 1014 4345 1194 4417; x_wconf 91' lang='lat' dir='ltr'>priori</span> <span class='ocrx_word' id='word_1_471' title='bbox 1220 4343 1476 4416; x_wconf 91' lang='lat' dir='ltr'>capitulo</span> <span class='ocrx_word' id='word_1_472' title='bbox 1511 4344 1901 4415; x_wconf 87' lang='lat' dir='ltr'>continentur,</span> <span class='ocrx_word' id='word_1_473' title='bbox 1935 4349 1994 4400; x_wconf 90' lang='lat' dir='ltr'>et</span> 
     </span>
    </p>
   </div>
   <div class='ocr_carea' id='block_1_62' title="bbox 341 4433 1992 4508">
    <p class='ocr_par' dir='ltr' id='par_1_62' title="bbox 341 4433 1992 4508">
     <span class='ocr_line' id='line_1_62' title="bbox 341 4433 1992 4508; baseline -0.002 -16"><span class='ocrx_word' id='word_1_474' title='bbox 341 4437 413 4492; x_wconf 90' lang='lat' dir='ltr'>de</span> <span class='ocrx_word' id='word_1_475' title='bbox 437 4436 654 4508; x_wconf 89' lang='lat' dir='ltr'>quibus</span> <span class='ocrx_word' id='word_1_476' title='bbox 677 4452 779 4506; x_wconf 92' lang='lat' dir='ltr'>per</span> <span class='ocrx_word' id='word_1_477' title='bbox 810 4435 1044 4506; x_wconf 85' lang='lat' dir='ltr'>Moysen</span> <span class='ocrx_word' id='word_1_478' title='bbox 1100 4434 1159 4488; x_wconf 93' lang='lat' dir='ltr'>in</span> <span class='ocrx_word' id='word_1_479' title='bbox 1207 4433 1653 4490; x_wconf 87' lang='lat' dir='ltr'>Deuteronomio</span> <span class='ocrx_word' id='word_1_480' title='bbox 1680 4451 1809 4489; x_wconf 89' lang='lat' dir='ltr'>sum</span> <span class='ocrx_word' id='word_1_481' title='bbox 1834 4439 1992 4490; x_wconf 90' lang='lat' dir='ltr'>locu-</span> 
     </span>
    </p>
   </div>
   <div class='ocr_carea' id='block_1_63' title="bbox 342 4522 1995 4594">
    <p class='ocr_par' dir='ltr' id='par_1_63' title="bbox 342 4522 1995 4594">
     <span class='ocr_line' id='line_1_63' title="bbox 342 4522 1995 4594; baseline 0 -15"><span class='ocrx_word' id='word_1_482' title='bbox 342 4528 440 4580; x_wconf 90' lang='lat' dir='ltr'>tus</span> <span class='ocrx_word' id='word_1_483' title='bbox 464 4541 478 4578; x_wconf 88' lang='lat'><strong>:</strong></span> <span class='ocrx_word' id='word_1_484' title='bbox 512 4525 643 4579; x_wconf 92' lang='lat' dir='ltr'>Date</span> <span class='ocrx_word' id='word_1_485' title='bbox 672 4525 799 4579; x_wconf 90' lang='lat' dir='ltr'>Levi</span> <span class='ocrx_word' id='word_1_486' title='bbox 829 4522 1142 4578; x_wconf 87' lang='lat' dir='ltr'>doctrinam</span> <span class='ocrx_word' id='word_1_487' title='bbox 1172 4524 1308 4593; x_wconf 89' lang='lat' dir='ltr'>ejus,</span> <span class='ocrx_word' id='word_1_488' title='bbox 1336 4526 1386 4578; x_wconf 87' lang='lat' dir='ltr'>et</span> <span class='ocrx_word' id='word_1_489' title='bbox 1407 4524 1693 4578; x_wconf 90' lang='lat' dir='ltr'>veritatem</span> <span class='ocrx_word' id='word_1_490' title='bbox 1714 4524 1830 4578; x_wconf 83' lang='lat' dir='ltr'>viro</span> <span class='ocrx_word' id='word_1_491' title='bbox 1845 4525 1995 4594; x_wconf 86' lang='lat' dir='ltr'>justo</span> 
     </span>
    </p>
   </div>
   <div class='ocr_carea' id='block_1_64' title="bbox 2089 1938 3732 2012">
    <p class='ocr_par' dir='ltr' id='par_1_64' title="bbox 2089 1938 3732 2012">
     <span class='ocr_line' id='line_1_64' title="bbox 2089 1938 3732 2012; baseline 0 -18"><span class='ocrx_word' id='word_1_492' title='bbox 2089 1957 2236 2012; x_wconf 92' lang='lat' dir='ltr'>quos</span> <span class='ocrx_word' id='word_1_493' title='bbox 2284 1939 2490 1995; x_wconf 89' lang='lat' dir='ltr'>divites</span> <span class='ocrx_word' id='word_1_494' title='bbox 2551 1939 2877 2012; x_wconf 89' lang='lat' dir='ltr'>suscipiant</span> <span class='ocrx_word' id='word_1_495' title='bbox 2923 1944 2979 1995; x_wconf 90' lang='lat' dir='ltr'>et</span> <span class='ocrx_word' id='word_1_496' title='bbox 3012 1939 3316 1996; x_wconf 89' lang='lat' dir='ltr'>honorent.</span> <span class='ocrx_word' id='word_1_497' title='bbox 3342 1940 3426 1995; x_wconf 91' lang='lat' dir='ltr'>Ad</span> <span class='ocrx_word' id='word_1_498' title='bbox 3484 1955 3632 2011; x_wconf 90' lang='lat' dir='ltr'>quos</span> <span class='ocrx_word' id='word_1_499' title='bbox 3671 1938 3732 1994; x_wconf 88' lang='lat' dir='ltr'>in</span> 
     </span>
    </p>
   </div>
   <div class='ocr_carea' id='block_1_65' title="bbox 2086 2027 3735 2101">
    <p class='ocr_par' dir='ltr' id='par_1_65' title="bbox 2086 2027 3735 2101">
     <span class='ocr_line' id='line_1_65' title="bbox 2086 2027 3735 2101; baseline -0.002 -15"><span class='ocrx_word' id='word_1_500' title='bbox 2086 2029 2440 2101; x_wconf 89' lang='lat' dir='ltr'>octagesimo</span> <span class='ocrx_word' id='word_1_501' title='bbox 2469 2028 2658 2100; x_wconf 90' lang='lat' dir='ltr'>primo</span> <span class='ocrx_word' id='word_1_502' title='bbox 2681 2027 2907 2100; x_wconf 90' lang='lat' dir='ltr'>psalmo</span> <span class='ocrx_word' id='word_1_503' title='bbox 2930 2027 3452 2101; x_wconf 79' lang='lat' dir='ltr'>diciturzvsquequo</span> <span class='ocrx_word' id='word_1_504' title='bbox 3467 2027 3735 2099; x_wconf 79' lang='lat' dir='ltr'>judicatis</span> 
     </span>
    </p>
   </div>
   <div class='ocr_carea' id='block_1_66' title="bbox 2087 2117 3730 2190">
    <p class='ocr_par' dir='ltr' id='par_1_66' title="bbox 2087 2117 3730 2190">
     <span class='ocr_line' id='line_1_66' title="bbox 2087 2117 3730 2190; baseline -0.003 -15"><span class='ocrx_word' id='word_1_505' title='bbox 2087 2121 2468 2190; x_wconf 79' lang='lat' dir='ltr'>iniquitatem,</span> <span class='ocrx_word' id='word_1_506' title='bbox 2492 2124 2544 2173; x_wconf 89' lang='lat' dir='ltr'>et</span> <span class='ocrx_word' id='word_1_507' title='bbox 2559 2120 2728 2190; x_wconf 81' lang='lat' dir='ltr'>facies</span> <span class='ocrx_word' id='word_1_508' title='bbox 2744 2126 3097 2188; x_wconf 85' lang='lat' dir='ltr'>peccatorum</span> <span class='ocrx_word' id='word_1_509' title='bbox 3114 2119 3335 2174; x_wconf 88' lang='lat' dir='ltr'>sumitis</span> <span class='ocrx_word' id='word_1_510' title='bbox 3351 2117 3519 2189; x_wconf 90' lang='lat' dir='ltr'>(Psal.</span> <span class='ocrx_word' id='word_1_511' title='bbox 3545 2132 3730 2186; x_wconf 80' lang='lat' dir='ltr'>Lxxx1,</span> 
     </span>
    </p>
   </div>
   <div class='ocr_carea' id='block_1_67' title="bbox 2086 2205 3735 2278">
    <p class='ocr_par' dir='ltr' id='par_1_67' title="bbox 2086 2205 3735 2278">
     <span class='ocr_line' id='line_1_67' title="bbox 2086 2205 3735 2278; baseline -0.001 -16"><span class='ocrx_word' id='word_1_512' title='bbox 2086 2207 2192 2277; x_wconf 83' lang='lat'>2)?</span> <span class='ocrx_word' id='word_1_513' title='bbox 2213 2212 2270 2263; x_wconf 90' lang='lat' dir='ltr'>et</span> <span class='ocrx_word' id='word_1_514' title='bbox 2293 2207 2510 2263; x_wconf 87' lang='lat' dir='ltr'>Paulus</span> <span class='ocrx_word' id='word_1_515' title='bbox 2537 2207 2606 2262; x_wconf 88' lang='lat' dir='ltr'>ad</span> <span class='ocrx_word' id='word_1_516' title='bbox 2658 2205 2930 2262; x_wconf 88' lang='lat' dir='ltr'>Galatas:</span> <span class='ocrx_word' id='word_1_517' title='bbox 2981 2208 3142 2277; x_wconf 82' lang='lat' dir='ltr'>Deus,</span> <span class='ocrx_word' id='word_1_518' title='bbox 3195 2206 3407 2278; x_wconf 89' lang='lat' dir='ltr'>inquit,</span> <span class='ocrx_word' id='word_1_519' title='bbox 3439 2220 3735 2278; x_wconf 88' lang='lat' dir='ltr'>personam</span> 
     </span>
    </p>
   </div>
   <div class='ocr_carea' id='block_1_68' title="bbox 2086 2293 3727 2367">
    <p class='ocr_par' dir='ltr' id='par_1_68' title="bbox 2086 2293 3727 2367">
     <span class='ocr_line' id='line_1_68' title="bbox 2086 2293 3727 2367; baseline -0.002 -15"><span class='ocrx_word' id='word_1_520' title='bbox 2086 2297 2329 2354; x_wconf 84' lang='lat' dir='ltr'>hominis</span> <span class='ocrx_word' id='word_1_521' title='bbox 2357 2312 2464 2351; x_wconf 91' lang='lat' dir='ltr'>non</span> <span class='ocrx_word' id='word_1_522' title='bbox 2488 2297 2687 2367; x_wconf 84' lang='lat' dir='ltr'>accipit</span> <span class='ocrx_word' id='word_1_523' title='bbox 2704 2294 3023 2367; x_wconf 81' lang='lat' dir='ltr'>(Gal.xxv1).</span> <span class='ocrx_word' id='word_1_524' title='bbox 3048 2295 3402 2367; x_wconf 91' lang='lat' dir='ltr'>Pleniusque</span> <span class='ocrx_word' id='word_1_525' title='bbox 3424 2293 3727 2366; x_wconf 89' lang='lat' dir='ltr'>apostolus</span> 
     </span>
    </p>
   </div>
   <div class='ocr_carea' id='block_1_69' title="bbox 2085 2383 3728 2457">
    <p class='ocr_par' dir='ltr' id='par_1_69' title="bbox 2085 2383 3728 2457">
     <span class='ocr_line' id='line_1_69' title="bbox 2085 2383 3728 2457; baseline -0.003 -14"><span class='ocrx_word' id='word_1_526' title='bbox 2085 2387 2335 2443; x_wconf 87' lang='lat' dir='ltr'>Jacobus</span> <span class='ocrx_word' id='word_1_527' title='bbox 2356 2385 2466 2440; x_wconf 91' lang='lat' dir='ltr'>hoc</span> <span class='ocrx_word' id='word_1_528' title='bbox 2484 2390 2719 2457; x_wconf 78' lang='lat' dir='ltr'>peccatu</span> <span class='ocrx_word' id='word_1_529' title='bbox 2731 2400 2784 2438; x_wconf 88' lang='grc' dir='ltr'>[ιι</span> <span class='ocrx_word' id='word_1_530' title='bbox 2801 2383 3016 2456; x_wconf 87' lang='lat' dir='ltr'>arguit,</span> <span class='ocrx_word' id='word_1_531' title='bbox 3034 2387 3208 2456; x_wconf 90' lang='lat' dir='ltr'>atque</span> <span class='ocrx_word' id='word_1_532' title='bbox 3225 2384 3576 2440; x_wconf 88' lang='lat' dir='ltr'>condemnat</span> <span class='ocrx_word' id='word_1_533' title='bbox 3596 2384 3728 2455; x_wconf 77' lang='lat' dir='ltr'>(lac.</span> 
     </span>
    </p>
   </div>
   <div class='ocr_carea' id='block_1_70' title="bbox 2085 2471 3729 2548">
    <p class='ocr_par' dir='ltr' id='par_1_70' title="bbox 2085 2471 3729 2548">
     <span class='ocr_line' id='line_1_70' title="bbox 2085 2471 3729 2548; baseline -0.002 -18"><span class='ocrx_word' id='word_1_534' title='bbox 2085 2476 2161 2548; x_wconf 87' lang='lat'>2).</span> <span class='ocrx_word' id='word_1_535' title='bbox 2185 2473 2479 2546; x_wconf 89' lang='lat' dir='ltr'>Quidquid</span> <span class='ocrx_word' id='word_1_536' title='bbox 2503 2477 2699 2529; x_wconf 89' lang='lat' dir='ltr'>autem</span> <span class='ocrx_word' id='word_1_537' title='bbox 2721 2472 2900 2545; x_wconf 89' lang='lat' dir='ltr'>priori</span> <span class='ocrx_word' id='word_1_538' title='bbox 2922 2473 3136 2545; x_wconf 91' lang='lat' dir='ltr'>populo</span> <span class='ocrx_word' id='word_1_539' title='bbox 3157 2473 3390 2542; x_wconf 89' lang='lat' dir='ltr'>dicitur,</span> <span class='ocrx_word' id='word_1_540' title='bbox 3415 2471 3593 2528; x_wconf 87' lang='lat' dir='ltr'>etiam</span> <span class='ocrx_word' id='word_1_541' title='bbox 3624 2488 3729 2528; x_wconf 89' lang='lat' dir='ltr'>no-</span> 
     </span>
    </p>
   </div>
   <div class='ocr_carea' id='block_1_71' title="bbox 2086 2560 3730 2636">
    <p class='ocr_par' dir='ltr' id='par_1_71' title="bbox 2086 2560 3730 2636">
     <span class='ocr_line' id='line_1_71' title="bbox 2086 2560 3730 2636; baseline -0.002 -15"><span class='ocrx_word' id='word_1_542' title='bbox 2086 2566 2178 2621; x_wconf 91' lang='lat' dir='ltr'>bis</span> <span class='ocrx_word' id='word_1_543' title='bbox 2205 2565 2429 2620; x_wconf 92' lang='lat' dir='ltr'>dictum</span> <span class='ocrx_word' id='word_1_544' title='bbox 2447 2567 2721 2636; x_wconf 90' lang='lat' dir='ltr'>putemus</span> <span class='ocrx_word' id='word_1_545' title='bbox 2740 2567 2803 2618; x_wconf 87' lang='lat' dir='ltr'>ut</span> <span class='ocrx_word' id='word_1_546' title='bbox 2827 2562 3116 2619; x_wconf 84' lang='lat' dir='ltr'>cautiores</span> <span class='ocrx_word' id='word_1_547' title='bbox 3159 2563 3499 2619; x_wconf 86' lang='lat' dir='ltr'>recedamus</span> <span class='ocrx_word' id='word_1_548' title='bbox 3519 2579 3553 2619; x_wconf 89' lang='lat' dir='ltr'>a</span> <span class='ocrx_word' id='word_1_549' title='bbox 3571 2560 3730 2618; x_wconf 87' lang='lat' dir='ltr'>vitiis</span> 
     </span>
    </p>
   </div>
   <div class='ocr_carea' id='block_1_72' title="bbox 2086 2650 3730 2724">
    <p class='ocr_par' dir='ltr' id='par_1_72' title="bbox 2086 2650 3730 2724">
     <span class='ocr_line' id='line_1_72' title="bbox 2086 2650 3730 2724; baseline -0.001 -15"><span class='ocrx_word' id='word_1_550' title='bbox 2086 2658 2144 2710; x_wconf 88' lang='lat' dir='ltr'>et</span> <span class='ocrx_word' id='word_1_551' title='bbox 2174 2653 2380 2709; x_wconf 87' lang='lat' dir='ltr'>faciem</span> <span class='ocrx_word' id='word_1_552' title='bbox 2413 2669 2526 2707; x_wconf 92' lang='lat' dir='ltr'>non</span> <span class='ocrx_word' id='word_1_553' title='bbox 2556 2650 2951 2724; x_wconf 87' lang='lat' dir='ltr'>suscipiamus</span> <span class='ocrx_word' id='word_1_554' title='bbox 2980 2651 3040 2706; x_wconf 90' lang='lat' dir='ltr'>in</span> <span class='ocrx_word' id='word_1_555' title='bbox 3070 2651 3217 2724; x_wconf 89' lang='lat' dir='ltr'>lege,</span> <span class='ocrx_word' id='word_1_556' title='bbox 3251 2667 3357 2707; x_wconf 90' lang='lat' dir='ltr'>nec</span> <span class='ocrx_word' id='word_1_557' title='bbox 3387 2651 3490 2722; x_wconf 91' lang='lat' dir='ltr'>qui</span> <span class='ocrx_word' id='word_1_558' title='bbox 3520 2666 3730 2708; x_wconf 92' lang='lat' dir='ltr'>sumus</span> 
     </span>
    </p>
   </div>
   <div class='ocr_carea' id='block_1_73' title="bbox 2088 2739 3589 2812">
    <p class='ocr_par' dir='ltr' id='par_1_73' title="bbox 2088 2739 3589 2812">
     <span class='ocr_line' id='line_1_73' title="bbox 2088 2739 3589 2812; baseline -0.003 -12"><span class='ocrx_word' id='word_1_559' title='bbox 2088 2743 2340 2800; x_wconf 91' lang='lat' dir='ltr'>cultores</span> <span class='ocrx_word' id='word_1_560' title='bbox 2367 2740 2493 2807; x_wconf 92' lang='lat' dir='ltr'>Dei,</span> <span class='ocrx_word' id='word_1_561' title='bbox 2525 2740 2754 2796; x_wconf 89' lang='lat' dir='ltr'>veritati</span> <span class='ocrx_word' id='word_1_562' title='bbox 2785 2739 3157 2798; x_wconf 90' lang='lat' dir='ltr'>mendacium</span> <span class='ocrx_word' id='word_1_563' title='bbox 3190 2740 3589 2812; x_wconf 74' lang='lat' dir='ltr'>praeferamus.</span> 
     </span>
    </p>
   </div>
   <div class='ocr_carea' id='block_1_74' title="bbox 2159 2830 3736 2903">
    <p class='ocr_par' dir='ltr' id='par_1_74' title="bbox 2159 2830 3736 2903">
     <span class='ocr_line' id='line_1_74' title="bbox 2159 2830 3736 2903; baseline 0.002 -20"><span class='ocrx_word' id='word_1_564' title='bbox 2159 2831 2344 2903; x_wconf 91' lang='lat' dir='ltr'>(Vers.</span> <span class='ocrx_word' id='word_1_565' title='bbox 2371 2831 2437 2885; x_wconf 89' lang='grc'>10</span> <span class='ocrx_word' id='word_1_566' title='bbox 2459 2830 2646 2902; x_wconf 85' lang='lat' dir='ltr'>seqq.)</span> <span class='ocrx_word' id='word_1_567' title='bbox 2679 2830 2953 2902; x_wconf 62' lang='lat' dir='ltr'>Numquid</span> <span class='ocrx_word' id='word_1_568' title='bbox 2980 2845 3092 2885; x_wconf 88' lang='lat' dir='ltr'>non</span> <span class='ocrx_word' id='word_1_569' title='bbox 3120 2834 3289 2885; x_wconf 88' lang='lat' dir='ltr'>Pater</span> <span class='ocrx_word' id='word_1_570' title='bbox 3316 2846 3460 2885; x_wconf 88' lang='lat' dir='ltr'>unus</span> <span class='ocrx_word' id='word_1_571' title='bbox 3479 2831 3736 2886; x_wconf 89' lang='lat' dir='ltr'>omnium</span> 
     </span>
    </p>
   </div>
   <div class='ocr_carea' id='block_1_75' title="bbox 2086 2905 3737 2992">
    <p class='ocr_par' dir='ltr' id='par_1_75' title="bbox 2086 2905 3737 2992">
     <span class='ocr_line' id='line_1_75' title="bbox 2086 2905 3737 2992; baseline -0.001 -16"><span class='ocrx_word' id='word_1_572' title='bbox 2086 2925 2372 2978; x_wconf 84' lang='lat' dir='ltr'>nostrum?</span> <span class='ocrx_word' id='word_1_573' title='bbox 2426 2919 2707 2992; x_wconf 87' lang='lat' dir='ltr'>Numquid</span> <span class='ocrx_word' id='word_1_574' title='bbox 2748 2934 2861 2975; x_wconf 89' lang='lat' dir='ltr'>non</span> <span class='ocrx_word' id='word_1_575' title='bbox 2917 2920 3059 2974; x_wconf 89' lang='lat' dir='ltr'>Deus</span> <span class='ocrx_word' id='word_1_576' title='bbox 3115 2921 3321 2975; x_wconf 83' lang='lat' dir='ltr'>creavit</span> <span class='ocrx_word' id='word_1_577' title='bbox 3375 2923 3516 2975; x_wconf 84' lang='lat' dir='ltr'>nos?</span> <span class='ocrx_word' id='word_1_578' title='bbox 3551 2905 3737 2990; x_wconf 65' lang='lat' dir='ltr'>QuEre</span> 
     </span>
    </p>
   </div>
   <div class='ocr_carea' id='block_1_76' title="bbox 2086 2998 3738 3083">
    <p class='ocr_par' dir='ltr' id='par_1_76' title="bbox 2086 2998 3738 3083">
     <span class='ocr_line' id='line_1_76' title="bbox 2086 2998 3738 3083; baseline -0.001 -16"><span class='ocrx_word' id='word_1_579' title='bbox 2086 2998 2211 3083; x_wconf 86' lang='lat' dir='ltr'>ergo</span> <span class='ocrx_word' id='word_1_580' title='bbox 2241 3011 2470 3081; x_wconf 86' lang='lat' dir='ltr'>despicit</span> <span class='ocrx_word' id='word_1_581' title='bbox 2498 3010 2873 3081; x_wconf 88' lang='lat' dir='ltr'>unusquisque</span> <span class='ocrx_word' id='word_1_582' title='bbox 2898 3016 3152 3065; x_wconf 86' lang='lat' dir='ltr'>nostrum</span> <span class='ocrx_word' id='word_1_583' title='bbox 3165 3011 3402 3081; x_wconf 86' lang='lat' dir='ltr'>fratrem</span> <span class='ocrx_word' id='word_1_584' title='bbox 3419 3025 3602 3081; x_wconf 88' lang='lat' dir='ltr'>suum,</span> <span class='ocrx_word' id='word_1_585' title='bbox 3621 3010 3738 3065; x_wconf 90' lang='lat' dir='ltr'>vio-</span> 
     </span>
    </p>
   </div>
   <div class='ocr_carea' id='block_1_77' title="bbox 2091 3098 3731 3172">
    <p class='ocr_par' dir='ltr' id='par_1_77' title="bbox 2091 3098 3731 3172">
     <span class='ocr_line' id='line_1_77' title="bbox 2091 3098 3731 3172; baseline -0.001 -16"><span class='ocrx_word' id='word_1_586' title='bbox 2091 3101 2216 3156; x_wconf 91' lang='lat' dir='ltr'>lans</span> <span class='ocrx_word' id='word_1_587' title='bbox 2225 3104 2448 3172; x_wconf 86' lang='lat' dir='ltr'>pactum</span> <span class='ocrx_word' id='word_1_588' title='bbox 2462 3108 2691 3170; x_wconf 87' lang='lat' dir='ltr'>patrum</span> <span class='ocrx_word' id='word_1_589' title='bbox 2701 3107 3016 3154; x_wconf 88' lang='lat' dir='ltr'>nostrorum</span> <span class='ocrx_word' id='word_1_590' title='bbox 3027 3099 3055 3154; x_wconf 64' lang='grc' dir='ltr'><em>ἲ</em></span> <span class='ocrx_word' id='word_1_591' title='bbox 3071 3100 3463 3172; x_wconf 88' lang='lat' dir='ltr'>Transgressus</span> <span class='ocrx_word' id='word_1_592' title='bbox 3473 3102 3552 3154; x_wconf 89' lang='lat' dir='ltr'>est</span> <span class='ocrx_word' id='word_1_593' title='bbox 3563 3098 3731 3170; x_wconf 72' lang='lat' dir='ltr'>Iuda,</span> 
     </span>
    </p>
   </div>
   <div class='ocr_carea' id='block_1_78' title="bbox 2086 3188 3736 3260">
    <p class='ocr_par' dir='ltr' id='par_1_78' title="bbox 2086 3188 3736 3260">
     <span class='ocr_line' id='line_1_78' title="bbox 2086 3188 3736 3260; baseline -0.002 -14"><span class='ocrx_word' id='word_1_594' title='bbox 2086 3199 2141 3246; x_wconf 89' lang='lat' dir='ltr'>et</span> <span class='ocrx_word' id='word_1_595' title='bbox 2158 3191 2501 3246; x_wconf 87' lang='lat' dir='ltr'>abominatio</span> <span class='ocrx_word' id='word_1_596' title='bbox 2529 3191 2675 3260; x_wconf 89' lang='lat' dir='ltr'>facta</span> <span class='ocrx_word' id='word_1_597' title='bbox 2694 3191 2774 3244; x_wconf 91' lang='lat' dir='ltr'>est</span> <span class='ocrx_word' id='word_1_598' title='bbox 2795 3190 2853 3243; x_wconf 88' lang='lat' dir='ltr'>in</span> <span class='ocrx_word' id='word_1_599' title='bbox 2877 3189 3064 3256; x_wconf 91' lang='lat' dir='ltr'>Israel,</span> <span class='ocrx_word' id='word_1_600' title='bbox 3087 3191 3138 3244; x_wconf 90' lang='lat' dir='ltr'>et</span> <span class='ocrx_word' id='word_1_601' title='bbox 3155 3190 3213 3243; x_wconf 91' lang='lat' dir='ltr'>in</span> <span class='ocrx_word' id='word_1_602' title='bbox 3233 3188 3533 3244; x_wconf 85' lang='lat' dir='ltr'>Jerusalem</span> <span class='ocrx_word' id='word_1_603' title='bbox 3556 3204 3570 3244; x_wconf 90' lang='lat'>:</span> <span class='ocrx_word' id='word_1_604' title='bbox 3603 3188 3736 3260; x_wconf 89' lang='lat' dir='ltr'>quia</span> 
     </span>
    </p>
   </div>
   <div class='ocr_carea' id='block_1_79' title="bbox 2087 3276 3733 3348">
    <p class='ocr_par' dir='ltr' id='par_1_79' title="bbox 2087 3276 3733 3348">
     <span class='ocr_line' id='line_1_79' title="bbox 2087 3276 3733 3348; baseline -0.003 -12"><span class='ocrx_word' id='word_1_605' title='bbox 2087 3281 2488 3336; x_wconf 76' lang='lat' dir='ltr'>contaminavit</span> <span class='ocrx_word' id='word_1_606' title='bbox 2517 3277 2657 3334; x_wconf 87' lang='lat' dir='ltr'>Juda</span> <span class='ocrx_word' id='word_1_607' title='bbox 2686 3278 3180 3346; x_wconf 80' lang='lat' dir='ltr'>sanctiﬁcationem</span> <span class='ocrx_word' id='word_1_608' title='bbox 3199 3277 3438 3345; x_wconf 90' lang='lat' dir='ltr'>Domini,</span> <span class='ocrx_word' id='word_1_609' title='bbox 3462 3292 3627 3348; x_wconf 90' lang='lat' dir='ltr'>quam</span> <span class='ocrx_word' id='word_1_610' title='bbox 3645 3276 3733 3332; x_wconf 84' lang='lat' dir='ltr'>di-</span> 
     </span>
    </p>
   </div>
   <div class='ocr_carea' id='block_1_80' title="bbox 2087 3365 3734 3438">
    <p class='ocr_par' dir='ltr' id='par_1_80' title="bbox 2087 3365 3734 3438">
     <span class='ocr_line' id='line_1_80' title="bbox 2087 3365 3734 3438; baseline -0.004 -14"><span class='ocrx_word' id='word_1_611' title='bbox 2087 3371 2242 3435; x_wconf 69' lang='lat' dir='ltr'>lexit,</span> <span class='ocrx_word' id='word_1_612' title='bbox 2269 3371 2318 3422; x_wconf 90' lang='lat' dir='ltr'>et</span> <span class='ocrx_word' id='word_1_613' title='bbox 2339 3368 2529 3421; x_wconf 82' lang='lat' dir='ltr'>habuit</span> <span class='ocrx_word' id='word_1_614' title='bbox 2548 3366 2726 3436; x_wconf 81' lang='lat' dir='ltr'>ﬁliam</span> <span class='ocrx_word' id='word_1_615' title='bbox 2748 3367 2848 3421; x_wconf 92' lang='lat' dir='ltr'>Dei</span> <span class='ocrx_word' id='word_1_616' title='bbox 2865 3367 3059 3421; x_wconf 90' lang='lat' dir='ltr'>alieni.</span> <span class='ocrx_word' id='word_1_617' title='bbox 3082 3366 3365 3438; x_wconf 85' lang='lat' dir='ltr'>Disperdet</span> <span class='ocrx_word' id='word_1_618' title='bbox 3384 3365 3497 3434; x_wconf 86' lang='lat' dir='ltr'>(Al.</span> <span class='ocrx_word' id='word_1_619' title='bbox 3521 3365 3734 3435; x_wconf 78' lang='lat' dir='ltr'>disper-</span> 
     </span>
    </p>
   </div>
   <div class='ocr_carea' id='block_1_81' title="bbox 2086 3453 3730 3526">
    <p class='ocr_par' dir='ltr' id='par_1_81' title="bbox 2086 3453 3730 3526">
     <span class='ocr_line' id='line_1_81' title="bbox 2086 3453 3730 3526; baseline -0.001 -15"><span class='ocrx_word' id='word_1_620' title='bbox 2086 3457 2203 3526; x_wconf 86' lang='lat' dir='ltr'>dat)</span> <span class='ocrx_word' id='word_1_621' title='bbox 2234 3456 2496 3510; x_wconf 90' lang='lat' dir='ltr'>Dominus</span> <span class='ocrx_word' id='word_1_622' title='bbox 2515 3457 2697 3508; x_wconf 89' lang='lat' dir='ltr'>virum</span> <span class='ocrx_word' id='word_1_623' title='bbox 2726 3456 2825 3524; x_wconf 92' lang='lat' dir='ltr'>qui</span> <span class='ocrx_word' id='word_1_624' title='bbox 2849 3457 3042 3524; x_wconf 88' lang='lat' dir='ltr'>fecerit</span> <span class='ocrx_word' id='word_1_625' title='bbox 3063 3454 3182 3522; x_wconf 86' lang='lat' dir='ltr'>hoc,</span> <span class='ocrx_word' id='word_1_626' title='bbox 3206 3457 3538 3525; x_wconf 88' lang='lat' dir='ltr'>magistrum</span> <span class='ocrx_word' id='word_1_627' title='bbox 3567 3461 3620 3509; x_wconf 85' lang='lat' dir='ltr'>et</span> <span class='ocrx_word' id='word_1_628' title='bbox 3638 3453 3730 3509; x_wconf 87' lang='lat' dir='ltr'>di-</span> 
     </span>
    </p>
   </div>
   <div class='ocr_carea' id='block_1_82' title="bbox 2088 3541 3730 3617">
    <p class='ocr_par' dir='ltr' id='par_1_82' title="bbox 2088 3541 3730 3617">
     <span class='ocr_line' id='line_1_82' title="bbox 2088 3541 3730 3617; baseline -0.002 -17"><span class='ocrx_word' id='word_1_629' title='bbox 2088 3546 2263 3617; x_wconf 86' lang='lat' dir='ltr'>scipul</span> <span class='ocrx_word' id='word_1_630' title='bbox 2271 3560 2361 3598; x_wconf 93' lang='lat' dir='ltr'>um</span> <span class='ocrx_word' id='word_1_631' title='bbox 2389 3543 2456 3598; x_wconf 77' lang='lat' dir='ltr'>de</span> <span class='ocrx_word' id='word_1_632' title='bbox 2485 3542 2861 3597; x_wconf 86' lang='lat' dir='ltr'>tabernaculis</span> <span class='ocrx_word' id='word_1_633' title='bbox 2880 3544 3071 3609; x_wconf 77' lang='lat' dir='ltr'>Iacob,</span> <span class='ocrx_word' id='word_1_634' title='bbox 3101 3547 3153 3598; x_wconf 90' lang='lat' dir='ltr'>et</span> <span class='ocrx_word' id='word_1_635' title='bbox 3183 3541 3730 3616; x_wconf 59' lang='lat' dir='ltr'>oﬁ&#39;erentemzmanus</span> 
     </span>
    </p>
   </div>
   <div class='ocr_carea' id='block_1_83' title="bbox 2090 3629 3739 3689">
    <p class='ocr_par' dir='ltr' id='par_1_83' title="bbox 2090 3629 3739 3689">
     <span class='ocr_line' id='line_1_83' title="bbox 2090 3629 3739 3689; baseline -0.002 0"><span class='ocrx_word' id='word_1_636' title='bbox 2090 3634 2316 3689; x_wconf 88' lang='lat' dir='ltr'>Domino</span> <span class='ocrx_word' id='word_1_637' title='bbox 2346 3633 2707 3686; x_wconf 76' lang='lat' dir='ltr'>exercituum.</span> <span class='ocrx_word' id='word_1_638' title='bbox 2735 3629 2874 3684; x_wconf 79' lang='lat' dir='ltr'>LXX</span> <span class='ocrx_word' id='word_1_639' title='bbox 2897 3647 2909 3683; x_wconf 93' lang='lat'>:</span> <span class='ocrx_word' id='word_1_640' title='bbox 2934 3631 3121 3686; x_wconf 86' lang='lat' dir='ltr'>Nonne</span> <span class='ocrx_word' id='word_1_641' title='bbox 3137 3632 3302 3686; x_wconf 91' lang='lat' dir='ltr'>Pater</span> <span class='ocrx_word' id='word_1_642' title='bbox 3321 3646 3464 3685; x_wconf 89' lang='lat' dir='ltr'>unus</span> <span class='ocrx_word' id='word_1_643' title='bbox 3483 3631 3739 3686; x_wconf 89' lang='lat' dir='ltr'>omnium</span> 
     </span>
    </p>
   </div>
   <div class='ocr_carea' id='block_1_84' title="bbox 2092 3718 3741 3791">
    <p class='ocr_par' dir='ltr' id='par_1_84' title="bbox 2092 3718 3741 3791">
     <span class='ocr_line' id='line_1_84' title="bbox 2092 3718 3741 3791; baseline -0.002 -12"><span class='ocrx_word' id='word_1_644' title='bbox 2092 3727 2332 3779; x_wconf 89' lang='lat' dir='ltr'>vestrum</span> <span class='ocrx_word' id='word_1_645' title='bbox 2347 3725 2371 3774; x_wconf 64' lang='grc' dir='ltr'><em>γ</em></span> <span class='ocrx_word' id='word_1_646' title='bbox 2392 3721 2583 3776; x_wconf 86' lang='lat' dir='ltr'>Nonne</span> <span class='ocrx_word' id='word_1_647' title='bbox 2607 3723 2754 3775; x_wconf 90' lang='lat' dir='ltr'>Deus</span> <span class='ocrx_word' id='word_1_648' title='bbox 2776 3736 2918 3774; x_wconf 90' lang='lat' dir='ltr'>unus</span> <span class='ocrx_word' id='word_1_649' title='bbox 2935 3721 3142 3775; x_wconf 87' lang='lat' dir='ltr'>creavit</span> <span class='ocrx_word' id='word_1_650' title='bbox 3152 3735 3242 3775; x_wconf 89' lang='lat' dir='ltr'>vos</span> <span class='ocrx_word' id='word_1_651' title='bbox 3259 3723 3284 3773; x_wconf 70' lang='lat'>.9</span> <span class='ocrx_word' id='word_1_652' title='bbox 3303 3721 3490 3788; x_wconf 83' lang='lat' dir='ltr'>Quare</span> <span class='ocrx_word' id='word_1_653' title='bbox 3511 3718 3741 3791; x_wconf 87' lang='lat' dir='ltr'>reliqui-</span> 
     </span>
    </p>
   </div>
   <div class='ocr_carea' id='block_1_85' title="bbox 2092 3809 3741 3882">
    <p class='ocr_par' dir='ltr' id='par_1_85' title="bbox 2092 3809 3741 3882">
     <span class='ocr_line' id='line_1_85' title="bbox 2092 3809 3741 3882; baseline -0.002 -13"><span class='ocrx_word' id='word_1_654' title='bbox 2092 3821 2190 3869; x_wconf 77' lang='lat' dir='ltr'>stis</span> <span class='ocrx_word' id='word_1_655' title='bbox 2202 3812 2579 3882; x_wconf 83' lang='lat' dir='ltr'>unusquisque</span> <span class='ocrx_word' id='word_1_656' title='bbox 2597 3812 2838 3881; x_wconf 87' lang='lat' dir='ltr'>fratrem</span> <span class='ocrx_word' id='word_1_657' title='bbox 2859 3825 3040 3874; x_wconf 91' lang='lat' dir='ltr'>suum,</span> <span class='ocrx_word' id='word_1_658' title='bbox 3064 3812 3122 3864; x_wconf 91' lang='lat' dir='ltr'>ut</span> <span class='ocrx_word' id='word_1_659' title='bbox 3143 3809 3512 3865; x_wconf 86' lang='lat' dir='ltr'>abominabile</span> <span class='ocrx_word' id='word_1_660' title='bbox 3530 3811 3741 3880; x_wconf 85' lang='lat' dir='ltr'>faceret</span> 
     </span>
    </p>
   </div>
   <div class='ocr_carea' id='block_1_86' title="bbox 2096 3897 3738 3971">
    <p class='ocr_par' dir='ltr' id='par_1_86' title="bbox 2096 3897 3738 3971">
     <span class='ocr_line' id='line_1_86' title="bbox 2096 3897 3738 3971; baseline -0.002 -13"><span class='ocrx_word' id='word_1_661' title='bbox 2096 3906 2476 3958; x_wconf 81' lang='lat' dir='ltr'>testamentum</span> <span class='ocrx_word' id='word_1_662' title='bbox 2495 3905 2720 3971; x_wconf 86' lang='lat' dir='ltr'>patrum</span> <span class='ocrx_word' id='word_1_663' title='bbox 2739 3907 3058 3954; x_wconf 90' lang='lat' dir='ltr'>vestrorum.</span> <span class='ocrx_word' id='word_1_664' title='bbox 3109 3897 3406 3954; x_wconf 88' lang='lat' dir='ltr'>Derelictus</span> <span class='ocrx_word' id='word_1_665' title='bbox 3443 3906 3524 3954; x_wconf 87' lang='lat' dir='ltr'>est</span> <span class='ocrx_word' id='word_1_666' title='bbox 3543 3897 3738 3967; x_wconf 72' lang='lat' dir='ltr'>ludas,</span> 
     </span>
    </p>
   </div>
   <div class='ocr_carea' id='block_1_87' title="bbox 2095 3988 3744 4061">
    <p class='ocr_par' dir='ltr' id='par_1_87' title="bbox 2095 3988 3744 4061">
     <span class='ocr_line' id='line_1_87' title="bbox 2095 3988 3744 4061; baseline -0.002 -14"><span class='ocrx_word' id='word_1_667' title='bbox 2095 3997 2148 4047; x_wconf 90' lang='lat' dir='ltr'>et</span> <span class='ocrx_word' id='word_1_668' title='bbox 2167 3992 2510 4046; x_wconf 88' lang='lat' dir='ltr'>abominatio</span> <span class='ocrx_word' id='word_1_669' title='bbox 2537 3990 2691 4060; x_wconf 89' lang='lat' dir='ltr'>facta</span> <span class='ocrx_word' id='word_1_670' title='bbox 2720 3997 2799 4044; x_wconf 87' lang='lat' dir='ltr'>est</span> <span class='ocrx_word' id='word_1_671' title='bbox 2820 3990 2880 4042; x_wconf 90' lang='lat' dir='ltr'>in</span> <span class='ocrx_word' id='word_1_672' title='bbox 2900 3988 3088 4058; x_wconf 89' lang='lat' dir='ltr'>Israel,</span> <span class='ocrx_word' id='word_1_673' title='bbox 3111 3991 3239 4042; x_wconf 87' lang='lat' dir='ltr'>etin</span> <span class='ocrx_word' id='word_1_674' title='bbox 3261 3988 3588 4058; x_wconf 86' lang='lat' dir='ltr'>Jerusalem,</span> <span class='ocrx_word' id='word_1_675' title='bbox 3610 3989 3744 4061; x_wconf 89' lang='lat' dir='ltr'>quia</span> 
     </span>
    </p>
   </div>
   <div class='ocr_carea' id='block_1_88' title="bbox 2097 4077 3742 4148">
    <p class='ocr_par' dir='ltr' id='par_1_88' title="bbox 2097 4077 3742 4148">
     <span class='ocr_line' id='line_1_88' title="bbox 2097 4077 3742 4148; baseline -0.002 -11"><span class='ocrx_word' id='word_1_676' title='bbox 2097 4081 2494 4137; x_wconf 88' lang='lat' dir='ltr'>contaminavit</span> <span class='ocrx_word' id='word_1_677' title='bbox 2520 4079 2688 4134; x_wconf 79' lang='lat' dir='ltr'>ludas</span> <span class='ocrx_word' id='word_1_678' title='bbox 2715 4080 2902 4134; x_wconf 89' lang='lat' dir='ltr'>sancta</span> <span class='ocrx_word' id='word_1_679' title='bbox 2930 4079 3172 4145; x_wconf 89' lang='lat' dir='ltr'>Domini,</span> <span class='ocrx_word' id='word_1_680' title='bbox 3204 4079 3262 4133; x_wconf 92' lang='lat' dir='ltr'>in</span> <span class='ocrx_word' id='word_1_681' title='bbox 3290 4078 3489 4148; x_wconf 89' lang='lat' dir='ltr'>quibus</span> <span class='ocrx_word' id='word_1_682' title='bbox 3517 4077 3742 4147; x_wconf 74' lang='lat' dir='ltr'>dilexit,</span> 
     </span>
    </p>
   </div>
   <div class='ocr_carea' id='block_1_89' title="bbox 2097 4167 3747 4239">
    <p class='ocr_par' dir='ltr' id='par_1_89' title="bbox 2097 4167 3747 4239">
     <span class='ocr_line' id='line_1_89' title="bbox 2097 4167 3747 4239; baseline -0.001 -13"><span class='ocrx_word' id='word_1_683' title='bbox 2097 4174 2147 4226; x_wconf 89' lang='lat' dir='ltr'>et</span> <span class='ocrx_word' id='word_1_684' title='bbox 2171 4169 2454 4225; x_wconf 88' lang='lat' dir='ltr'>adinvenit</span> <span class='ocrx_word' id='word_1_685' title='bbox 2470 4167 2593 4223; x_wconf 89' lang='lat' dir='ltr'>deos</span> <span class='ocrx_word' id='word_1_686' title='bbox 2610 4168 2838 4224; x_wconf 90' lang='lat' dir='ltr'>alienos.</span> <span class='ocrx_word' id='word_1_687' title='bbox 2862 4167 3150 4239; x_wconf 89' lang='lat' dir='ltr'>Disperdat</span> <span class='ocrx_word' id='word_1_688' title='bbox 3170 4168 3442 4223; x_wconf 90' lang='lat' dir='ltr'>Dominus</span> <span class='ocrx_word' id='word_1_689' title='bbox 3470 4168 3747 4224; x_wconf 85' lang='lat' dir='ltr'>hominem</span> 
     </span>
    </p>
   </div>
   <div class='ocr_carea' id='block_1_90' title="bbox 2099 4256 3748 4332">
    <p class='ocr_par' dir='ltr' id='par_1_90' title="bbox 2099 4256 3748 4332">
     <span class='ocr_line' id='line_1_90' title="bbox 2099 4256 3748 4332; baseline 0 -18"><span class='ocrx_word' id='word_1_690' title='bbox 2099 4261 2195 4332; x_wconf 89' lang='lat' dir='ltr'>qui</span> <span class='ocrx_word' id='word_1_691' title='bbox 2213 4261 2348 4329; x_wconf 87' lang='lat' dir='ltr'>facit</span> <span class='ocrx_word' id='word_1_692' title='bbox 2369 4258 2504 4328; x_wconf 76' lang='lat' dir='ltr'>haec,</span> <span class='ocrx_word' id='word_1_693' title='bbox 2528 4257 2681 4314; x_wconf 74' lang='lat'><strong>962</strong></span> <span class='ocrx_word' id='word_1_694' title='bbox 2703 4257 2871 4313; x_wconf 88' lang='lat' dir='ltr'>donec</span> <span class='ocrx_word' id='word_1_695' title='bbox 2915 4257 3242 4313; x_wconf 78' lang='lat' dir='ltr'>exturbetur</span> <span class='ocrx_word' id='word_1_696' title='bbox 3262 4256 3328 4312; x_wconf 91' lang='lat' dir='ltr'>de</span> <span class='ocrx_word' id='word_1_697' title='bbox 3375 4258 3748 4314; x_wconf 87' lang='lat' dir='ltr'>tabernaculis</span> 
     </span>
    </p>
   </div>
   <div class='ocr_carea' id='block_1_91' title="bbox 2099 4346 3751 4419">
    <p class='ocr_par' dir='ltr' id='par_1_91' title="bbox 2099 4346 3751 4419">
     <span class='ocr_line' id='line_1_91' title="bbox 2099 4346 3751 4419; baseline -0.002 -14"><span class='ocrx_word' id='word_1_698' title='bbox 2099 4349 2280 4415; x_wconf 81' lang='lat' dir='ltr'>Iacob,</span> <span class='ocrx_word' id='word_1_699' title='bbox 2299 4351 2348 4404; x_wconf 90' lang='lat' dir='ltr'>et</span> <span class='ocrx_word' id='word_1_700' title='bbox 2369 4347 2435 4402; x_wconf 87' lang='lat' dir='ltr'>de</span> <span class='ocrx_word' id='word_1_701' title='bbox 2461 4346 2566 4415; x_wconf 90' lang='lat' dir='ltr'>his,</span> <span class='ocrx_word' id='word_1_702' title='bbox 2589 4348 2687 4419; x_wconf 92' lang='lat' dir='ltr'>qui</span> <span class='ocrx_word' id='word_1_703' title='bbox 2704 4347 2945 4419; x_wconf 70' lang='lat' dir='ltr'>offerunt</span> <span class='ocrx_word' id='word_1_704' title='bbox 2966 4346 3305 4416; x_wconf 75' lang='lat' dir='ltr'>sacriﬁcium</span> <span class='ocrx_word' id='word_1_705' title='bbox 3324 4346 3556 4403; x_wconf 90' lang='lat' dir='ltr'>Domino</span> <span class='ocrx_word' id='word_1_706' title='bbox 3577 4349 3751 4402; x_wconf 89' lang='lat' dir='ltr'>omni-</span> 
     </span>
    </p>
   </div>
   <div class='ocr_carea' id='block_1_92' title="bbox 2097 4433 3746 4511">
    <p class='ocr_par' dir='ltr' id='par_1_92' title="bbox 2097 4433 3746 4511">
     <span class='ocr_line' id='line_1_92' title="bbox 2097 4433 3746 4511; baseline -0.002 -17"><span class='ocrx_word' id='word_1_707' title='bbox 2097 4439 2330 4511; x_wconf 89' lang='lat' dir='ltr'>potenti.</span> <span class='ocrx_word' id='word_1_708' title='bbox 2356 4440 2680 4510; x_wconf 84' lang='lat' dir='ltr'>Antequam</span> <span class='ocrx_word' id='word_1_709' title='bbox 2695 4437 2764 4492; x_wconf 92' lang='lat' dir='ltr'>de</span> <span class='ocrx_word' id='word_1_710' title='bbox 2779 4435 3049 4508; x_wconf 62' lang='lat' dir='ltr'>prasenti</span> <span class='ocrx_word' id='word_1_711' title='bbox 3072 4433 3326 4508; x_wconf 89' lang='lat' dir='ltr'>capitulo</span> <span class='ocrx_word' id='word_1_712' title='bbox 3350 4435 3746 4507; x_wconf 89' lang='lat' dir='ltr'>disputemus,</span> 
     </span>
    </p>
   </div>
   <div class='ocr_carea' id='block_1_93' title="bbox 2103 4522 3749 4596">
    <p class='ocr_par' dir='ltr' id='par_1_93' title="bbox 2103 4522 3749 4596">
     <span class='ocr_line' id='line_1_93' title="bbox 2103 4522 3749 4596; baseline -0.001 -14"><span class='ocrx_word' id='word_1_713' title='bbox 2103 4527 2474 4582; x_wconf 59' lang='lat' dir='ltr'>Hebrworum</span> <span class='ocrx_word' id='word_1_714' title='bbox 2507 4530 2595 4581; x_wconf 88' lang='lat' dir='ltr'>est</span> <span class='ocrx_word' id='word_1_715' title='bbox 2622 4525 2890 4596; x_wconf 89' lang='lat' dir='ltr'>ponenda</span> <span class='ocrx_word' id='word_1_716' title='bbox 2916 4523 3175 4589; x_wconf 87' lang='lat' dir='ltr'>traditio,</span> <span class='ocrx_word' id='word_1_717' title='bbox 3224 4522 3408 4579; x_wconf 91' lang='lat' dir='ltr'>immo</span> <span class='ocrx_word' id='word_1_718' title='bbox 3437 4524 3749 4596; x_wconf 67' lang='lat' dir='ltr'>Scriptura</span> 
     </span>
    </p>
   </div>
   <div class='ocr_carea' id='block_1_94' title="bbox 340 4610 3750 4692">
    <p class='ocr_par' dir='ltr' id='par_1_94' title="bbox 340 4610 3750 4692">
     <span class='ocr_line' id='line_1_94' title="bbox 340 4610 3750 4692; baseline -0.001 -22"><span class='ocrx_word' id='word_1_719' title='bbox 340 4613 520 4686; x_wconf 85' lang='lat' dir='ltr'>(Deut.</span> <span class='ocrx_word' id='word_1_720' title='bbox 573 4629 769 4680; x_wconf 79' lang='grc' dir='ltr'>χχχιιι,</span> <span class='ocrx_word' id='word_1_721' title='bbox 821 4614 874 4679; x_wconf 92' lang='grc'>8,</span> <span class='ocrx_word' id='word_1_722' title='bbox 925 4628 1029 4668; x_wconf 90' lang='lat' dir='ltr'>sec.</span> <span class='ocrx_word' id='word_1_723' title='bbox 1062 4613 1227 4683; x_wconf 84' lang='lat' dir='ltr'>LXX),</span> <span class='ocrx_word' id='word_1_724' title='bbox 1281 4615 1339 4666; x_wconf 91' lang='lat' dir='ltr'>et</span> <span class='ocrx_word' id='word_1_725' title='bbox 1369 4610 1631 4682; x_wconf 88' lang='lat' dir='ltr'>reliqua:</span> <span class='ocrx_word' id='word_1_726' title='bbox 1664 4629 1766 4666; x_wconf 87' lang='lat' dir='ltr'>vos</span> <span class='ocrx_word' id='word_1_727' title='bbox 1797 4617 1994 4668; x_wconf 88' lang='lat' dir='ltr'>autem</span> <span class='ocrx_word' id='word_1_728' title='bbox 2027 4627 2073 4692; x_wconf 82' lang='lat'>1)</span> <span class='ocrx_word' id='word_1_729' title='bbox 2108 4615 2320 4670; x_wconf 88' lang='lat' dir='ltr'>veritas</span> <span class='ocrx_word' id='word_1_730' title='bbox 2343 4613 2704 4686; x_wconf 85' lang='lat' dir='ltr'>explicanda.</span> <span class='ocrx_word' id='word_1_731' title='bbox 2731 4612 3000 4684; x_wconf 87' lang='lat' dir='ltr'>Legimus</span> <span class='ocrx_word' id='word_1_732' title='bbox 3021 4613 3078 4668; x_wconf 92' lang='lat' dir='ltr'>in</span> <span class='ocrx_word' id='word_1_733' title='bbox 3100 4611 3750 4685; x_wconf 81' lang='lat' dir='ltr'>volumine,quodEzraa</span> 
     </span>
    </p>
   </div>
   <div class='ocr_carea' id='block_1_95' title="bbox 346 4699 1998 4772">
    <p class='ocr_par' dir='ltr' id='par_1_95' title="bbox 346 4699 1998 4772">
     <span class='ocr_line' id='line_1_95' title="bbox 346 4699 1998 4772; baseline -0.001 -14"><span class='ocrx_word' id='word_1_734' title='bbox 346 4701 676 4758; x_wconf 90' lang='lat' dir='ltr'>recessistis</span> <span class='ocrx_word' id='word_1_735' title='bbox 731 4703 804 4756; x_wconf 90' lang='lat' dir='ltr'>de</span> <span class='ocrx_word' id='word_1_736' title='bbox 857 4702 952 4757; x_wconf 90' lang='lat' dir='ltr'>via</span> <span class='ocrx_word' id='word_1_737' title='bbox 1003 4705 1178 4772; x_wconf 88' lang='lat' dir='ltr'>recta,</span> <span class='ocrx_word' id='word_1_738' title='bbox 1225 4701 1344 4756; x_wconf 91' lang='lat' dir='ltr'>sive</span> <span class='ocrx_word' id='word_1_739' title='bbox 1375 4699 1736 4765; x_wconf 90' lang='lat' dir='ltr'>declinastis,</span> <span class='ocrx_word' id='word_1_740' title='bbox 1769 4701 1998 4757; x_wconf 87' lang='lat' dir='ltr'>dicente</span> 
     </span>
    </p>
   </div>
   <div class='ocr_carea' id='block_1_96' title="bbox 345 4789 1996 4861">
    <p class='ocr_par' dir='ltr' id='par_1_96' title="bbox 345 4789 1996 4861">
     <span class='ocr_line' id='line_1_96' title="bbox 345 4789 1996 4861; baseline -0.001 -15"><span class='ocrx_word' id='word_1_741' title='bbox 345 4807 439 4847; x_wconf 91' lang='lat' dir='ltr'>me</span> <span class='ocrx_word' id='word_1_742' title='bbox 465 4807 478 4846; x_wconf 90' lang='lat'>:</span> <span class='ocrx_word' id='word_1_743' title='bbox 510 4792 629 4846; x_wconf 84' lang='lat' dir='ltr'>Non</span> <span class='ocrx_word' id='word_1_744' title='bbox 657 4790 896 4846; x_wconf 88' lang='lat' dir='ltr'>declines</span> <span class='ocrx_word' id='word_1_745' title='bbox 925 4805 1099 4861; x_wconf 91' lang='lat' dir='ltr'>neque</span> <span class='ocrx_word' id='word_1_746' title='bbox 1136 4789 1212 4844; x_wconf 90' lang='lat' dir='ltr'>ad</span> <span class='ocrx_word' id='word_1_747' title='bbox 1257 4789 1525 4855; x_wconf 74' lang='lat' dir='ltr'>dextram,</span> <span class='ocrx_word' id='word_1_748' title='bbox 1560 4805 1736 4860; x_wconf 88' lang='lat' dir='ltr'>neque</span> <span class='ocrx_word' id='word_1_749' title='bbox 1761 4790 1831 4844; x_wconf 86' lang='lat' dir='ltr'>ad</span> <span class='ocrx_word' id='word_1_750' title='bbox 1858 4793 1996 4845; x_wconf 84' lang='lat' dir='ltr'>sini-</span> 
     </span>
    </p>
   </div>
   <div class='ocr_carea' id='block_1_97' title="bbox 345 4877 1996 4951">
    <p class='ocr_par' dir='ltr' id='par_1_97' title="bbox 345 4877 1996 4951">
     <span class='ocr_line' id='line_1_97' title="bbox 345 4877 1996 4951; baseline -0.002 -14"><span class='ocrx_word' id='word_1_751' title='bbox 345 4889 489 4937; x_wconf 90' lang='lat' dir='ltr'>tram</span> <span class='ocrx_word' id='word_1_752' title='bbox 540 4881 719 4951; x_wconf 90' lang='lat' dir='ltr'>(Deut.</span> <span class='ocrx_word' id='word_1_753' title='bbox 778 4897 832 4948; x_wconf 90' lang='lat' dir='ltr'>v,</span> <span class='ocrx_word' id='word_1_754' title='bbox 891 4879 1019 4950; x_wconf 81' lang='lat'>32);</span> <span class='ocrx_word' id='word_1_755' title='bbox 1054 4883 1110 4934; x_wconf 92' lang='lat' dir='ltr'>et</span> <span class='ocrx_word' id='word_1_756' title='bbox 1138 4878 1405 4934; x_wconf 80' lang='lat' dir='ltr'>infirmos</span> <span class='ocrx_word' id='word_1_757' title='bbox 1437 4877 1657 4934; x_wconf 86' lang='lat' dir='ltr'>fecistis</span> <span class='ocrx_word' id='word_1_758' title='bbox 1690 4879 1906 4935; x_wconf 90' lang='lat' dir='ltr'>multos</span> <span class='ocrx_word' id='word_1_759' title='bbox 1938 4880 1996 4934; x_wconf 92' lang='lat' dir='ltr'>in</span> 
     </span>
    </p>
   </div>
   <div class='ocr_carea' id='block_1_98' title="bbox 346 4967 1998 5042">
    <p class='ocr_par' dir='ltr' id='par_1_98' title="bbox 346 4967 1998 5042">
     <span class='ocr_line' id='line_1_98' title="bbox 346 4967 1998 5042; baseline -0.001 -17"><span class='ocrx_word' id='word_1_760' title='bbox 346 4969 495 5042; x_wconf 87' lang='lat' dir='ltr'>lege,</span> <span class='ocrx_word' id='word_1_761' title='bbox 520 4969 639 5024; x_wconf 86' lang='lat' dir='ltr'>sive</span> <span class='ocrx_word' id='word_1_762' title='bbox 677 4968 1141 5033; x_wconf 88' lang='lat' dir='ltr'>scandalizastis,</span> <span class='ocrx_word' id='word_1_763' title='bbox 1192 4971 1258 5022; x_wconf 88' lang='lat' dir='ltr'>ut</span> <span class='ocrx_word' id='word_1_764' title='bbox 1287 4967 1498 5038; x_wconf 89' lang='lat' dir='ltr'>Aquila</span> <span class='ocrx_word' id='word_1_765' title='bbox 1522 4972 1578 5022; x_wconf 87' lang='lat' dir='ltr'>et</span> <span class='ocrx_word' id='word_1_766' title='bbox 1611 4969 1998 5041; x_wconf 85' lang='lat' dir='ltr'>Symmachus</span> 
     </span>
    </p>
   </div>
   <div class='ocr_carea' id='block_1_99' title="bbox 343 5056 1999 5124">
    <p class='ocr_par' dir='ltr' id='par_1_99' title="bbox 343 5056 1999 5124">
     <span class='ocr_line' id='line_1_99' title="bbox 343 5056 1999 5124; baseline -0.001 -10"><span class='ocrx_word' id='word_1_767' title='bbox 343 5061 666 5114; x_wconf 88' lang='lat' dir='ltr'>verterunt.</span> <span class='ocrx_word' id='word_1_768' title='bbox 691 5056 996 5113; x_wconf 90' lang='lat' dir='ltr'>Declinare</span> <span class='ocrx_word' id='word_1_769' title='bbox 1015 5058 1085 5112; x_wconf 87' lang='lat' dir='ltr'>ad</span> <span class='ocrx_word' id='word_1_770' title='bbox 1101 5058 1385 5124; x_wconf 87' lang='lat' dir='ltr'>dextram,</span> <span class='ocrx_word' id='word_1_771' title='bbox 1401 5060 1488 5111; x_wconf 91' lang='lat' dir='ltr'>est</span> <span class='ocrx_word' id='word_1_772' title='bbox 1500 5057 1794 5112; x_wconf 89' lang='lat' dir='ltr'>abstinere</span> <span class='ocrx_word' id='word_1_773' title='bbox 1807 5075 1839 5112; x_wconf 91' lang='lat' dir='ltr'>a</span> <span class='ocrx_word' id='word_1_774' title='bbox 1853 5057 1999 5112; x_wconf 80' lang='lat' dir='ltr'>cibis</span> 
     </span>
    </p>
   </div>
   <div class='ocr_carea' id='block_1_100' title="bbox 347 5146 1996 5220">
    <p class='ocr_par' dir='ltr' id='par_1_100' title="bbox 347 5146 1996 5220">
     <span class='ocr_line' id='line_1_100' title="bbox 347 5146 1996 5220; baseline 0 -18"><span class='ocrx_word' id='word_1_775' title='bbox 347 5163 500 5220; x_wconf 90' lang='lat' dir='ltr'>quos</span> <span class='ocrx_word' id='word_1_776' title='bbox 515 5148 666 5202; x_wconf 89' lang='lat' dir='ltr'>Deus</span> <span class='ocrx_word' id='word_1_777' title='bbox 681 5147 984 5202; x_wconf 88' lang='lat' dir='ltr'>creavitad</span> <span class='ocrx_word' id='word_1_778' title='bbox 1001 5146 1283 5201; x_wconf 91' lang='lat' dir='ltr'>utendum</span> <span class='ocrx_word' id='word_1_779' title='bbox 1302 5163 1313 5201; x_wconf 88' lang='lat'>:</span> <span class='ocrx_word' id='word_1_780' title='bbox 1331 5146 1722 5201; x_wconf 87' lang='lat' dir='ltr'>condemnare</span> <span class='ocrx_word' id='word_1_781' title='bbox 1740 5148 1996 5218; x_wconf 87' lang='lat' dir='ltr'>nuptias,</span> 
     </span>
    </p>
   </div>
   <div class='ocr_carea' id='block_1_101' title="bbox 348 5233 1995 5308">
    <p class='ocr_par' dir='ltr' id='par_1_101' title="bbox 348 5233 1995 5308">
     <span class='ocr_line' id='line_1_101' title="bbox 348 5233 1995 5308; baseline -0.001 -15"><span class='ocrx_word' id='word_1_782' title='bbox 348 5236 478 5294; x_wconf 89' lang='lat' dir='ltr'>etin</span> <span class='ocrx_word' id='word_1_783' title='bbox 499 5235 644 5291; x_wconf 92' lang='lat' dir='ltr'>illud</span> <span class='ocrx_word' id='word_1_784' title='bbox 662 5236 982 5302; x_wconf 90' lang='lat' dir='ltr'>incurrere,</span> <span class='ocrx_word' id='word_1_785' title='bbox 1011 5235 1166 5306; x_wconf 92' lang='lat' dir='ltr'>quod</span> <span class='ocrx_word' id='word_1_786' title='bbox 1191 5235 1250 5289; x_wconf 93' lang='lat' dir='ltr'>in</span> <span class='ocrx_word' id='word_1_787' title='bbox 1277 5233 1393 5290; x_wconf 89' lang='lat' dir='ltr'>alio</span> <span class='ocrx_word' id='word_1_788' title='bbox 1415 5233 1538 5290; x_wconf 94' lang='lat' dir='ltr'>loco</span> <span class='ocrx_word' id='word_1_789' title='bbox 1561 5236 1844 5308; x_wconf 89' lang='lat' dir='ltr'>scriptum</span> <span class='ocrx_word' id='word_1_790' title='bbox 1868 5240 1956 5292; x_wconf 90' lang='lat' dir='ltr'>est</span> <span class='ocrx_word' id='word_1_791' title='bbox 1983 5253 1995 5291; x_wconf 89' lang='lat'>:</span> 
     </span>
    </p>
   </div>
   <div class='ocr_carea' id='block_1_102' title="bbox 347 5324 2002 5398">
    <p class='ocr_par' dir='ltr' id='par_1_102' title="bbox 347 5324 2002 5398">
     <span class='ocr_line' id='line_1_102' title="bbox 347 5324 2002 5398; baseline -0.001 -17"><span class='ocrx_word' id='word_1_792' title='bbox 347 5326 428 5382; x_wconf 88' lang='lat' dir='ltr'>Ne</span> <span class='ocrx_word' id='word_1_793' title='bbox 447 5325 712 5398; x_wconf 83' lang='lat' dir='ltr'>sisjustus</span> <span class='ocrx_word' id='word_1_794' title='bbox 732 5326 968 5381; x_wconf 91' lang='lat' dir='ltr'>multum</span> <span class='ocrx_word' id='word_1_795' title='bbox 986 5325 1150 5398; x_wconf 84' lang='lat' dir='ltr'>(Eccl.</span> <span class='ocrx_word' id='word_1_796' title='bbox 1172 5341 1272 5394; x_wconf 83' lang='lat' dir='ltr'>vn,</span> <span class='ocrx_word' id='word_1_797' title='bbox 1298 5324 1407 5394; x_wconf 87' lang='grc'>17).</span> <span class='ocrx_word' id='word_1_798' title='bbox 1449 5326 1534 5380; x_wconf 82' lang='lat' dir='ltr'>Ad</span> <span class='ocrx_word' id='word_1_799' title='bbox 1586 5324 1886 5380; x_wconf 90' lang='lat' dir='ltr'>sinistram</span> <span class='ocrx_word' id='word_1_800' title='bbox 1918 5325 2002 5380; x_wconf 91' lang='lat' dir='ltr'>di-</span> 
     </span>
    </p>
   </div>
   <div class='ocr_carea' id='block_1_103' title="bbox 344 5413 2004 5486">
    <p class='ocr_par' dir='ltr' id='par_1_103' title="bbox 344 5413 2004 5486">
     <span class='ocr_line' id='line_1_103' title="bbox 344 5413 2004 5486; baseline -0.001 -15"><span class='ocrx_word' id='word_1_801' title='bbox 344 5417 588 5480; x_wconf 86' lang='lat' dir='ltr'>vertere,</span> <span class='ocrx_word' id='word_1_802' title='bbox 612 5418 700 5471; x_wconf 84' lang='lat' dir='ltr'>est</span> <span class='ocrx_word' id='word_1_803' title='bbox 723 5431 856 5470; x_wconf 91' lang='lat' dir='ltr'>cum</span> <span class='ocrx_word' id='word_1_804' title='bbox 881 5413 1014 5486; x_wconf 90' lang='lat' dir='ltr'>quis</span> <span class='ocrx_word' id='word_1_805' title='bbox 1034 5413 1277 5468; x_wconf 80' lang='lat' dir='ltr'>luxuriae</span> <span class='ocrx_word' id='word_1_806' title='bbox 1300 5429 1362 5468; x_wconf 90' lang='lat' dir='ltr'>se</span> <span class='ocrx_word' id='word_1_807' title='bbox 1394 5413 1573 5468; x_wconf 89' lang='lat' dir='ltr'>tradit</span> <span class='ocrx_word' id='word_1_808' title='bbox 1601 5418 1658 5468; x_wconf 88' lang='lat' dir='ltr'>et</span> <span class='ocrx_word' id='word_1_809' title='bbox 1688 5414 2004 5482; x_wconf 88' lang='lat' dir='ltr'>libidini,et</span> 
     </span>
    </p>
   </div>
   <div class='ocr_carea' id='block_1_104' title="bbox 349 5500 2005 5575">
    <p class='ocr_par' dir='ltr' id='par_1_104' title="bbox 349 5500 2005 5575">
     <span class='ocr_line' id='line_1_104' title="bbox 349 5500 2005 5575; baseline -0.001 -15"><span class='ocrx_word' id='word_1_810' title='bbox 349 5503 710 5561; x_wconf 89' lang='lat' dir='ltr'>scandalizat</span> <span class='ocrx_word' id='word_1_811' title='bbox 732 5503 950 5560; x_wconf 91' lang='lat' dir='ltr'>multos</span> <span class='ocrx_word' id='word_1_812' title='bbox 973 5504 1033 5559; x_wconf 90' lang='lat' dir='ltr'>in</span> <span class='ocrx_word' id='word_1_813' title='bbox 1054 5503 1180 5575; x_wconf 89' lang='lat' dir='ltr'>lege</span> <span class='ocrx_word' id='word_1_814' title='bbox 1202 5521 1213 5558; x_wconf 92' lang='lat'>:</span> <span class='ocrx_word' id='word_1_815' title='bbox 1239 5503 1335 5558; x_wconf 90' lang='lat' dir='ltr'>cui</span> <span class='ocrx_word' id='word_1_816' title='bbox 1368 5500 1580 5558; x_wconf 92' lang='lat' dir='ltr'>melius</span> <span class='ocrx_word' id='word_1_817' title='bbox 1618 5506 1726 5572; x_wconf 89' lang='lat' dir='ltr'>est,</span> <span class='ocrx_word' id='word_1_818' title='bbox 1752 5506 1818 5557; x_wconf 86' lang='lat' dir='ltr'>ut</span> <span class='ocrx_word' id='word_1_819' title='bbox 1848 5503 2005 5559; x_wconf 89' lang='lat' dir='ltr'>mola</span> 
     </span>
    </p>
   </div>
   <div class='ocr_carea' id='block_1_105' title="bbox 426 5717 2002 5794">
    <p class='ocr_par' dir='ltr' id='par_1_105' title="bbox 426 5717 2002 5794">
     <span class='ocr_line' id='line_1_105' title="bbox 426 5717 2002 5794; baseline 0.001 -17"><span class='ocrx_word' id='word_1_820' title='bbox 426 5719 506 5794; x_wconf 90' lang='lat' dir='ltr'>(a)</span> <span class='ocrx_word' id='word_1_821' title='bbox 527 5719 818 5779; x_wconf 77' lang='lat' dir='ltr'>Rosci-ibit</span> <span class='ocrx_word' id='word_1_822' title='bbox 834 5719 1149 5794; x_wconf 87' lang='lat' dir='ltr'>Victorius,</span> <span class='ocrx_word' id='word_1_823' title='bbox 1169 5721 1470 5793; x_wconf 85' lang='lat' dir='ltr'>Interroga,</span> <span class='ocrx_word' id='word_1_824' title='bbox 1491 5732 1562 5776; x_wconf 85' lang='lat' dir='ltr'>ex</span> <span class='ocrx_word' id='word_1_825' title='bbox 1580 5717 1780 5791; x_wconf 72' lang='grc' dir='ltr'>Αεεωὶ</span> <span class='ocrx_word' id='word_1_826' title='bbox 1821 5722 2002 5779; x_wconf 87' lang='lat' dir='ltr'>textu.</span> 
     </span>
    </p>
   </div>
   <div class='ocr_carea' id='block_1_106' title="bbox 2107 4701 3750 4775">
    <p class='ocr_par' dir='ltr' id='par_1_106' title="bbox 2107 4701 3750 4775">
     <span class='ocr_line' id='line_1_106' title="bbox 2107 4701 3750 4775; baseline -0.002 -16"><span class='ocrx_word' id='word_1_827' title='bbox 2107 4703 2276 4759; x_wconf 89' lang='lat' dir='ltr'>titulo</span> <span class='ocrx_word' id='word_1_828' title='bbox 2303 4706 2678 4775; x_wconf 67' lang='lat' dir='ltr'>praenotatur,</span> <span class='ocrx_word' id='word_1_829' title='bbox 2701 4718 2770 4757; x_wconf 88' lang='lat' dir='ltr'>ex</span> <span class='ocrx_word' id='word_1_830' title='bbox 2782 4701 3230 4774; x_wconf 89' lang='lat' dir='ltr'>personaipsius</span> <span class='ocrx_word' id='word_1_831' title='bbox 3243 4701 3394 4757; x_wconf 68' lang='lat' dir='ltr'>Ezraa</span> <span class='ocrx_word' id='word_1_832' title='bbox 3416 4701 3710 4774; x_wconf 88' lang='lat' dir='ltr'>loquentis</span> <span class='ocrx_word' id='word_1_833' title='bbox 3735 4719 3750 4756; x_wconf 87' lang='lat'><strong>:</strong></span> 
     </span>
    </p>
   </div>
   <div class='ocr_carea' id='block_1_107' title="bbox 2106 4790 3753 4862">
    <p class='ocr_par' dir='ltr' id='par_1_107' title="bbox 2106 4790 3753 4862">
     <span class='ocr_line' id='line_1_107' title="bbox 2106 4790 3753 4862; baseline -0.001 -14"><span class='ocrx_word' id='word_1_834' title='bbox 2106 4794 2460 4848; x_wconf 78' lang='lat' dir='ltr'>Accesserant</span> <span class='ocrx_word' id='word_1_835' title='bbox 2479 4791 2549 4845; x_wconf 89' lang='lat' dir='ltr'>ad</span> <span class='ocrx_word' id='word_1_836' title='bbox 2572 4807 2658 4846; x_wconf 92' lang='lat' dir='ltr'>me</span> <span class='ocrx_word' id='word_1_837' title='bbox 2692 4792 2993 4862; x_wconf 80' lang='lat' dir='ltr'>principes,</span> <span class='ocrx_word' id='word_1_838' title='bbox 3034 4790 3308 4848; x_wconf 87' lang='lat' dir='ltr'>dicentes:</span> <span class='ocrx_word' id='word_1_839' title='bbox 3359 4792 3477 4847; x_wconf 89' lang='lat' dir='ltr'>Non</span> <span class='ocrx_word' id='word_1_840' title='bbox 3497 4799 3577 4848; x_wconf 87' lang='lat' dir='ltr'>est</span> <span class='ocrx_word' id='word_1_841' title='bbox 3594 4806 3753 4860; x_wconf 89' lang='lat' dir='ltr'>sepa-</span> 
     </span>
    </p>
   </div>
   <div class='ocr_carea' id='block_1_108' title="bbox 2107 4879 3755 4954">
    <p class='ocr_par' dir='ltr' id='par_1_108' title="bbox 2107 4879 3755 4954">
     <span class='ocr_line' id='line_1_108' title="bbox 2107 4879 3755 4954; baseline 0 -18"><span class='ocrx_word' id='word_1_842' title='bbox 2107 4891 2263 4937; x_wconf 89' lang='lat' dir='ltr'>ratus</span> <span class='ocrx_word' id='word_1_843' title='bbox 2293 4882 2525 4952; x_wconf 87' lang='lat' dir='ltr'>populus</span> <span class='ocrx_word' id='word_1_844' title='bbox 2555 4881 2744 4946; x_wconf 87' lang='lat' dir='ltr'>Israel,</span> <span class='ocrx_word' id='word_1_845' title='bbox 2777 4888 2828 4936; x_wconf 91' lang='lat' dir='ltr'>et</span> <span class='ocrx_word' id='word_1_846' title='bbox 2857 4879 3156 4936; x_wconf 86' lang='lat' dir='ltr'>sacerdotes</span> <span class='ocrx_word' id='word_1_847' title='bbox 3184 4884 3236 4936; x_wconf 87' lang='lat' dir='ltr'>et</span> <span class='ocrx_word' id='word_1_848' title='bbox 3262 4882 3467 4938; x_wconf 61' lang='lat' dir='ltr'>Levita?</span> <span class='ocrx_word' id='word_1_849' title='bbox 3485 4898 3520 4936; x_wconf 91' lang='lat' dir='ltr'>a</span> <span class='ocrx_word' id='word_1_850' title='bbox 3532 4881 3755 4954; x_wconf 86' lang='lat' dir='ltr'>populis</span> 
     </span>
    </p>
   </div>
   <div class='ocr_carea' id='block_1_109' title="bbox 2110 4969 3757 5042">
    <p class='ocr_par' dir='ltr' id='par_1_109' title="bbox 2110 4969 3757 5042">
     <span class='ocr_line' id='line_1_109' title="bbox 2110 4969 3757 5042; baseline -0.001 -15"><span class='ocrx_word' id='word_1_851' title='bbox 2110 4980 2407 5035; x_wconf 87' lang='lat' dir='ltr'>terrarum,</span> <span class='ocrx_word' id='word_1_852' title='bbox 2437 4974 2486 5025; x_wconf 86' lang='lat' dir='ltr'>el</span> <span class='ocrx_word' id='word_1_853' title='bbox 2515 4971 2583 5026; x_wconf 84' lang='lat' dir='ltr'>de</span> <span class='ocrx_word' id='word_1_854' title='bbox 2612 4969 3112 5025; x_wconf 86' lang='lat' dir='ltr'>abominationibus</span> <span class='ocrx_word' id='word_1_855' title='bbox 3126 4987 3335 5042; x_wconf 88' lang='lat' dir='ltr'>eorum,</span> <span class='ocrx_word' id='word_1_856' title='bbox 3356 4970 3662 5029; x_wconf 69' lang='lat' dir='ltr'>Chananeei</span> <span class='ocrx_word' id='word_1_857' title='bbox 3682 4973 3757 5026; x_wconf 92' lang='lat' dir='ltr'>vi-</span> 
     </span>
    </p>
   </div>
   <div class='ocr_carea' id='block_1_110' title="bbox 2109 5059 3755 5129">
    <p class='ocr_par' dir='ltr' id='par_1_110' title="bbox 2109 5059 3755 5129">
     <span class='ocr_line' id='line_1_110' title="bbox 2109 5059 3755 5129; baseline 0.002 -16"><span class='ocrx_word' id='word_1_858' title='bbox 2109 5060 2324 5125; x_wconf 85' lang='lat' dir='ltr'>delicet,</span> <span class='ocrx_word' id='word_1_859' title='bbox 2350 5064 2401 5114; x_wconf 88' lang='lat' dir='ltr'>et</span> <span class='ocrx_word' id='word_1_860' title='bbox 2437 5059 2612 5116; x_wconf 72' lang='lat' dir='ltr'>Ethazi</span> <span class='ocrx_word' id='word_1_861' title='bbox 2635 5069 2684 5114; x_wconf 85' lang='lat' dir='ltr'>et</span> <span class='ocrx_word' id='word_1_862' title='bbox 2712 5059 3010 5126; x_wconf 69' lang='lat' dir='ltr'>Pheressci,</span> <span class='ocrx_word' id='word_1_863' title='bbox 3043 5069 3096 5115; x_wconf 91' lang='lat' dir='ltr'>et</span> <span class='ocrx_word' id='word_1_864' title='bbox 3149 5060 3409 5129; x_wconf 70' lang='lat' dir='ltr'>Iebusaei,</span> <span class='ocrx_word' id='word_1_865' title='bbox 3441 5065 3491 5115; x_wconf 90' lang='lat' dir='ltr'>et</span> <span class='ocrx_word' id='word_1_866' title='bbox 3538 5061 3755 5117; x_wconf 81' lang='lat' dir='ltr'>Ammo-</span> 
     </span>
    </p>
   </div>
   <div class='ocr_carea' id='block_1_111' title="bbox 2111 5148 3755 5222">
    <p class='ocr_par' dir='ltr' id='par_1_111' title="bbox 2111 5148 3755 5222">
     <span class='ocr_line' id='line_1_111' title="bbox 2111 5148 3755 5222; baseline 0.001 -19"><span class='ocrx_word' id='word_1_867' title='bbox 2111 5151 2383 5216; x_wconf 86' lang='lat' dir='ltr'>nitarum,</span> <span class='ocrx_word' id='word_1_868' title='bbox 2415 5158 2466 5205; x_wconf 84' lang='lat' dir='ltr'>et</span> <span class='ocrx_word' id='word_1_869' title='bbox 2503 5148 2892 5216; x_wconf 81' lang='lat' dir='ltr'>Moabitarum,</span> <span class='ocrx_word' id='word_1_870' title='bbox 2943 5152 2993 5203; x_wconf 85' lang='lat' dir='ltr'>et</span> <span class='ocrx_word' id='word_1_871' title='bbox 3049 5150 3454 5222; x_wconf 58' lang='lat' dir='ltr'>.‘Egyptiorum,</span> <span class='ocrx_word' id='word_1_872' title='bbox 3486 5154 3538 5206; x_wconf 90' lang='lat' dir='ltr'>et</span> <span class='ocrx_word' id='word_1_873' title='bbox 3566 5151 3755 5206; x_wconf 87' lang='lat' dir='ltr'>Amor-</span> 
     </span>
    </p>
   </div>
   <div class='ocr_carea' id='block_1_112' title="bbox 2111 5239 3760 5309">
    <p class='ocr_par' dir='ltr' id='par_1_112' title="bbox 2111 5239 3760 5309">
     <span class='ocr_line' id='line_1_112' title="bbox 2111 5239 3760 5309; baseline 0.001 -16"><span class='ocrx_word' id='word_1_874' title='bbox 2111 5239 2410 5296; x_wconf 69' lang='lat' dir='ltr'>rhaeorum.</span> <span class='ocrx_word' id='word_1_875' title='bbox 2452 5240 2714 5294; x_wconf 87' lang='lat' dir='ltr'>Tulerunt</span> <span class='ocrx_word' id='word_1_876' title='bbox 2742 5241 2891 5294; x_wconf 88' lang='lat' dir='ltr'>enim</span> <span class='ocrx_word' id='word_1_877' title='bbox 2921 5239 2985 5293; x_wconf 86' lang='lat' dir='ltr'>de</span> <span class='ocrx_word' id='word_1_878' title='bbox 3014 5239 3237 5308; x_wconf 82' lang='lat' dir='ltr'>filiabus</span> <span class='ocrx_word' id='word_1_879' title='bbox 3255 5255 3450 5296; x_wconf 87' lang='lat' dir='ltr'>eorum</span> <span class='ocrx_word' id='word_1_880' title='bbox 3467 5240 3596 5309; x_wconf 87' lang='lat' dir='ltr'>sibi,</span> <span class='ocrx_word' id='word_1_881' title='bbox 3619 5247 3671 5295; x_wconf 90' lang='lat' dir='ltr'>et</span> <span class='ocrx_word' id='word_1_882' title='bbox 3692 5239 3760 5309; x_wconf 78' lang='lat' dir='ltr'>ﬁ-</span> 
     </span>
    </p>
   </div>
   <div class='ocr_carea' id='block_1_113' title="bbox 2112 5328 3759 5400">
    <p class='ocr_par' dir='ltr' id='par_1_113' title="bbox 2112 5328 3759 5400">
     <span class='ocr_line' id='line_1_113' title="bbox 2112 5328 3759 5400; baseline 0 -16"><span class='ocrx_word' id='word_1_883' title='bbox 2112 5329 2207 5384; x_wconf 88' lang='lat' dir='ltr'>liis</span> <span class='ocrx_word' id='word_1_884' title='bbox 2225 5329 2360 5395; x_wconf 88' lang='lat' dir='ltr'>suis,</span> <span class='ocrx_word' id='word_1_885' title='bbox 2384 5334 2433 5381; x_wconf 89' lang='lat' dir='ltr'>et</span> <span class='ocrx_word' id='word_1_886' title='bbox 2456 5329 2907 5383; x_wconf 87' lang='lat' dir='ltr'>commiscuerunt</span> <span class='ocrx_word' id='word_1_887' title='bbox 2928 5343 3113 5382; x_wconf 90' lang='lat' dir='ltr'>semen</span> <span class='ocrx_word' id='word_1_888' title='bbox 3131 5333 3379 5384; x_wconf 89' lang='lat' dir='ltr'>sanctum</span> <span class='ocrx_word' id='word_1_889' title='bbox 3399 5345 3524 5384; x_wconf 89' lang='lat' dir='ltr'>cum</span> <span class='ocrx_word' id='word_1_890' title='bbox 3540 5328 3759 5400; x_wconf 88' lang='lat' dir='ltr'>populis</span> 
     </span>
    </p>
   </div>
   <div class='ocr_carea' id='block_1_114' title="bbox 2112 5419 3762 5490">
    <p class='ocr_par' dir='ltr' id='par_1_114' title="bbox 2112 5419 3762 5490">
     <span class='ocr_line' id='line_1_114' title="bbox 2112 5419 3762 5490; baseline 0 -18"><span class='ocrx_word' id='word_1_891' title='bbox 2112 5422 2408 5472; x_wconf 84' lang='lat' dir='ltr'>terrarum.</span> <span class='ocrx_word' id='word_1_892' title='bbox 2434 5421 2630 5472; x_wconf 84' lang='lat' dir='ltr'>Manus</span> <span class='ocrx_word' id='word_1_893' title='bbox 2643 5419 2808 5472; x_wconf 88' lang='lat' dir='ltr'>etiam</span> <span class='ocrx_word' id='word_1_894' title='bbox 2821 5419 3134 5488; x_wconf 87' lang='lat' dir='ltr'>principum</span> <span class='ocrx_word' id='word_1_895' title='bbox 3145 5426 3198 5474; x_wconf 87' lang='lat' dir='ltr'>et</span> <span class='ocrx_word' id='word_1_896' title='bbox 3211 5419 3636 5488; x_wconf 86' lang='lat' dir='ltr'>magistratuum</span> <span class='ocrx_word' id='word_1_897' title='bbox 3645 5419 3762 5490; x_wconf 89' lang='lat' dir='ltr'>fuit</span> 
     </span>
    </p>
   </div>
   <div class='ocr_carea' id='block_1_115' title="bbox 2112 5505 3762 5577">
    <p class='ocr_par' dir='ltr' id='par_1_115' title="bbox 2112 5505 3762 5577">
     <span class='ocr_line' id='line_1_115' title="bbox 2112 5505 3762 5577; baseline 0.002 -16"><span class='ocrx_word' id='word_1_898' title='bbox 2112 5509 2173 5561; x_wconf 90' lang='lat' dir='ltr'>in</span> <span class='ocrx_word' id='word_1_899' title='bbox 2195 5507 2634 5575; x_wconf 85' lang='lat' dir='ltr'>transgressione</span> <span class='ocrx_word' id='word_1_900' title='bbox 2655 5505 2754 5560; x_wconf 89' lang='lat' dir='ltr'>hac</span> <span class='ocrx_word' id='word_1_901' title='bbox 2769 5507 2975 5576; x_wconf 88' lang='lat' dir='ltr'>prima.</span> <span class='ocrx_word' id='word_1_902' title='bbox 3000 5505 3240 5577; x_wconf 82' lang='lat' dir='ltr'>Cumque</span> <span class='ocrx_word' id='word_1_903' title='bbox 3259 5507 3534 5563; x_wconf 86' lang='lat' dir='ltr'>audissem</span> <span class='ocrx_word' id='word_1_904' title='bbox 3551 5522 3762 5564; x_wconf 88' lang='lat' dir='ltr'>sermo-</span> 
     </span>
    </p>
   </div>
  </div>
