  <div class='ocr_page' id='page_1' title='image "/cluster/home/n/w/nwhite01/storage/ocr_20150623/25/hvd.32044096580493/785.png"; bbox 0 0 3938 6174; ppageno 0'>
   <div class='ocr_carea' id='block_1_1' title="bbox 266 392 425 464">
    <p class='ocr_par' dir='ltr' id='par_1_1' title="bbox 266 392 425 464">
     <span class='ocr_line' id='line_1_1' title="bbox 266 392 425 464; baseline 0.013 -2"><span class='ocrx_word' id='word_1_1' title='bbox 266 392 425 464; x_wconf 73' lang='grc'><strong>11589</strong></span> 
     </span>
    </p>
   </div>
   <div class='ocr_carea' id='block_1_2' title="bbox 1540 386 2449 466">
    <p class='ocr_par' dir='ltr' id='par_1_2' title="bbox 1540 386 2449 466">
     <span class='ocr_line' id='line_1_2' title="bbox 1540 386 2449 466; baseline 0.003 -2"><span class='ocrx_word' id='word_1_2' title='bbox 1540 400 1605 464; x_wconf 90' lang='lat' dir='ltr'><strong><em>S.</em></strong></span> <span class='ocrx_word' id='word_1_3' title='bbox 1649 386 1960 465; x_wconf 71' lang='lat' dir='ltr'><strong><em>EUSEBIl</em></strong></span> <span class='ocrx_word' id='word_1_4' title='bbox 2003 394 2449 466; x_wconf 79' lang='lat' dir='ltr'><strong><em>BIERONYMI</em></strong></span> 
     </span>
    </p>
   </div>
   <div class='ocr_carea' id='block_1_3' title="bbox 3529 402 3673 469">
    <p class='ocr_par' dir='ltr' id='par_1_3' title="bbox 3529 402 3673 469">
     <span class='ocr_line' id='line_1_3' title="bbox 3529 402 3673 469; baseline 0.028 -3"><span class='ocrx_word' id='word_1_5' title='bbox 3529 402 3673 469; x_wconf 71' lang='lat'><strong><em>1560</em></strong></span> 
     </span>
    </p>
   </div>
   <div class='ocr_carea' id='block_1_4' title="bbox 264 531 3667 607">
    <p class='ocr_par' dir='ltr' id='par_1_4' title="bbox 264 531 3667 607">
     <span class='ocr_line' id='line_1_4' title="bbox 264 531 3667 607; baseline 0.001 -15"><span class='ocrx_word' id='word_1_6' title='bbox 264 550 390 592; x_wconf 82' lang='lat' dir='ltr'><strong><em>nem</em></strong></span> <span class='ocrx_word' id='word_1_7' title='bbox 420 536 607 603; x_wconf 88' lang='lat' dir='ltr'><strong><em>istum,</em></strong></span> <span class='ocrx_word' id='word_1_8' title='bbox 636 533 777 590; x_wconf 85' lang='lat' dir='ltr'><strong><em>scidi</em></strong></span> <span class='ocrx_word' id='word_1_9' title='bbox 801 535 1037 607; x_wconf 85' lang='lat' dir='ltr'><strong><em>pallium</em></strong></span> <span class='ocrx_word' id='word_1_10' title='bbox 1060 549 1242 591; x_wconf 87' lang='lat' dir='ltr'><strong><em>meum</em></strong></span> <span class='ocrx_word' id='word_1_11' title='bbox 1273 538 1326 591; x_wconf 88' lang='lat' dir='ltr'><strong><em>et</em></strong></span> <span class='ocrx_word' id='word_1_12' title='bbox 1360 541 1633 607; x_wconf 79' lang='lat' dir='ltr'><strong><em>tunicam,</em></strong></span> <span class='ocrx_word' id='word_1_13' title='bbox 1667 539 1721 590; x_wconf 90' lang='lat' dir='ltr'><strong><em>et</em></strong></span> <span class='ocrx_word' id='word_1_14' title='bbox 1748 533 1911 590; x_wconf 87' lang='lat' dir='ltr'><strong><em>evelli</em></strong></span> <span class='ocrx_word' id='word_1_15' title='bbox 1938 531 1993 599; x_wconf 81' lang='grc' dir='ltr'><strong>Α</strong></span> <span class='ocrx_word' id='word_1_16' title='bbox 2021 538 2105 589; x_wconf 86' lang='lat' dir='ltr'><strong><em>ter</em></strong></span> <span class='ocrx_word' id='word_1_17' title='bbox 2131 552 2276 591; x_wconf 87' lang='lat' dir='ltr'><strong><em>unus</em></strong></span> <span class='ocrx_word' id='word_1_18' title='bbox 2305 539 2557 593; x_wconf 89' lang='lat' dir='ltr'><strong><em>omnium</em></strong></span> <span class='ocrx_word' id='word_1_19' title='bbox 2584 545 2835 594; x_wconf 85' lang='lat' dir='ltr'><strong><em>nostrum</em></strong></span> <span class='ocrx_word' id='word_1_20' title='bbox 2860 540 2885 594; x_wconf 70' lang='grc' dir='ltr'><strong>Ρ</strong></span> <span class='ocrx_word' id='word_1_21' title='bbox 2916 535 2987 594; x_wconf 87' lang='lat' dir='ltr'><strong><em>de</em></strong></span> <span class='ocrx_word' id='word_1_22' title='bbox 3016 535 3316 594; x_wconf 79' lang='lat' dir='ltr'><strong><em>Abraham</em></strong></span> <span class='ocrx_word' id='word_1_23' title='bbox 3350 536 3441 593; x_wconf 90' lang='lat' dir='ltr'><strong><em>sic</em></strong></span> <span class='ocrx_word' id='word_1_24' title='bbox 3471 535 3667 594; x_wconf 74' lang='lat' dir='ltr'><strong><em>intelli-</em></strong></span> 
     </span>
    </p>
   </div>
   <div class='ocr_carea' id='block_1_5' title="bbox 265 622 1911 696">
    <p class='ocr_par' dir='ltr' id='par_1_5' title="bbox 265 622 1911 696">
     <span class='ocr_line' id='line_1_5' title="bbox 265 622 1911 696; baseline -0.002 -16"><span class='ocrx_word' id='word_1_25' title='bbox 265 624 496 696; x_wconf 80' lang='lat' dir='ltr'><strong><em>capillos</em></strong></span> <span class='ocrx_word' id='word_1_26' title='bbox 525 624 721 695; x_wconf 84' lang='lat' dir='ltr'><strong><em>capi/is</em></strong></span> <span class='ocrx_word' id='word_1_27' title='bbox 744 626 858 679; x_wconf 87' lang='lat' dir='ltr'><strong><em>mei</em></strong></span> <span class='ocrx_word' id='word_1_28' title='bbox 886 633 936 680; x_wconf 85' lang='lat' dir='ltr'><strong><em>et</em></strong></span> <span class='ocrx_word' id='word_1_29' title='bbox 968 624 1171 694; x_wconf 67' lang='lat' dir='ltr'><strong><em>barbae,</em></strong></span> <span class='ocrx_word' id='word_1_30' title='bbox 1205 631 1258 679; x_wconf 91' lang='lat' dir='ltr'><strong><em>et</em></strong></span> <span class='ocrx_word' id='word_1_31' title='bbox 1283 626 1408 681; x_wconf 87' lang='lat' dir='ltr'><strong><em>sedi</em></strong></span> <span class='ocrx_word' id='word_1_32' title='bbox 1436 639 1668 680; x_wconf 70' lang='lat' dir='ltr'><strong><em>matrens</em></strong></span> <span class='ocrx_word' id='word_1_33' title='bbox 1688 623 1735 693; x_wconf 93' lang='grc' dir='ltr'><strong><em>(Ι</em></strong></span> <span class='ocrx_word' id='word_1_34' title='bbox 1755 622 1911 678; x_wconf 86' lang='lat' dir='ltr'><strong><em>Esdr.</em></strong></span> 
     </span>
    </p>
   </div>
   <div class='ocr_carea' id='block_1_6' title="bbox 265 713 1915 786">
    <p class='ocr_par' dir='ltr' id='par_1_6' title="bbox 265 713 1915 786">
     <span class='ocr_line' id='line_1_6' title="bbox 265 713 1915 786; baseline -0.001 -17"><span class='ocrx_word' id='word_1_35' title='bbox 265 713 556 785; x_wconf 71' lang='lat' dir='ltr'><strong><em>niseqq.)</em></strong></span> <span class='ocrx_word' id='word_1_36' title='bbox 586 714 654 769; x_wconf 86' lang='lat' dir='ltr'><strong><em>Et</em></strong></span> <span class='ocrx_word' id='word_1_37' title='bbox 676 730 909 769; x_wconf 81' lang='lat' dir='ltr'><strong><em>rursum</em></strong></span> <span class='ocrx_word' id='word_1_38' title='bbox 944 714 999 768; x_wconf 90' lang='lat' dir='ltr'><strong><em>in</em></strong></span> <span class='ocrx_word' id='word_1_39' title='bbox 1040 715 1535 786; x_wconf 85' lang='lat' dir='ltr'><strong><em>consequentibus</em></strong></span> <span class='ocrx_word' id='word_1_40' title='bbox 1560 732 1572 769; x_wconf 91' lang='lat'><strong><em>:</em></strong></span> <span class='ocrx_word' id='word_1_41' title='bbox 1601 715 1915 784; x_wconf 88' lang='lat' dir='ltr'><strong><em>Inventique</em></strong></span> 
     </span>
    </p>
   </div>
   <div class='ocr_carea' id='block_1_7' title="bbox 266 803 1917 875">
    <p class='ocr_par' dir='ltr' id='par_1_7' title="bbox 266 803 1917 875">
     <span class='ocr_line' id='line_1_7' title="bbox 266 803 1917 875; baseline -0.002 -16"><span class='ocrx_word' id='word_1_42' title='bbox 266 812 395 859; x_wconf 84' lang='lat' dir='ltr'><strong><em>sunt</em></strong></span> <span class='ocrx_word' id='word_1_43' title='bbox 425 803 490 859; x_wconf 82' lang='lat' dir='ltr'><strong><em>de</em></strong></span> <span class='ocrx_word' id='word_1_44' title='bbox 520 804 656 873; x_wconf 76' lang='lat' dir='ltr'><strong><em>[iliis</em></strong></span> <span class='ocrx_word' id='word_1_45' title='bbox 685 804 1049 869; x_wconf 77' lang='lat' dir='ltr'><strong><em>sacerdotum,</em></strong></span> <span class='ocrx_word' id='word_1_46' title='bbox 1078 806 1176 875; x_wconf 91' lang='lat' dir='ltr'><strong><em>qui</em></strong></span> <span class='ocrx_word' id='word_1_47' title='bbox 1203 803 1483 859; x_wconf 64' lang='lat' dir='ltr'><strong><em>duxerunt</em></strong></span> <span class='ocrx_word' id='word_1_48' title='bbox 1503 819 1701 858; x_wconf 72' lang='lat' dir='ltr'><strong><em>uxores</em></strong></span> <span class='ocrx_word' id='word_1_49' title='bbox 1722 803 1917 857; x_wconf 87' lang='lat' dir='ltr'><strong><em>alieni-</em></strong></span> 
     </span>
    </p>
   </div>
   <div class='ocr_carea' id='block_1_8' title="bbox 266 892 1917 968">
    <p class='ocr_par' dir='ltr' id='par_1_8' title="bbox 266 892 1917 968">
     <span class='ocr_line' id='line_1_8' title="bbox 266 892 1917 968; baseline -0.002 -19"><span class='ocrx_word' id='word_1_50' title='bbox 266 910 443 968; x_wconf 85' lang='lat' dir='ltr'><strong><em>genas</em></strong></span> <span class='ocrx_word' id='word_1_51' title='bbox 469 893 534 948; x_wconf 88' lang='lat' dir='ltr'><strong><em>de</em></strong></span> <span class='ocrx_word' id='word_1_52' title='bbox 564 893 697 963; x_wconf 80' lang='lat' dir='ltr'><strong><em>ﬁliis</em></strong></span> <span class='ocrx_word' id='word_1_53' title='bbox 725 894 868 961; x_wconf 77' lang='lat' dir='ltr'><strong><em>Iesu,</em></strong></span> <span class='ocrx_word' id='word_1_54' title='bbox 908 894 1017 962; x_wconf 81' lang='lat' dir='ltr'><strong><em>ﬁlii</em></strong></span> <span class='ocrx_word' id='word_1_55' title='bbox 1035 893 1266 961; x_wconf 80' lang='lat' dir='ltr'><strong><em>Josedec,</em></strong></span> <span class='ocrx_word' id='word_1_56' title='bbox 1289 898 1342 948; x_wconf 83' lang='lat' dir='ltr'><strong><em>et</em></strong></span> <span class='ocrx_word' id='word_1_57' title='bbox 1361 896 1561 963; x_wconf 76' lang='lat' dir='ltr'><strong><em>fratres</em></strong></span> <span class='ocrx_word' id='word_1_58' title='bbox 1606 893 1741 958; x_wconf 77' lang='lat' dir='ltr'><strong><em>eius,</em></strong></span> <span class='ocrx_word' id='word_1_59' title='bbox 1775 892 1917 947; x_wconf 80' lang='lat' dir='ltr'><strong><em>Maa-</em></strong></span> 
     </span>
    </p>
   </div>
   <div class='ocr_carea' id='block_1_9' title="bbox 267 982 1915 1051">
    <p class='ocr_par' dir='ltr' id='par_1_9' title="bbox 267 982 1915 1051">
     <span class='ocr_line' id='line_1_9' title="bbox 267 982 1915 1051; baseline -0.003 -11"><span class='ocrx_word' id='word_1_60' title='bbox 267 985 374 1051; x_wconf 82' lang='lat' dir='ltr'><strong><em>sia,</em></strong></span> <span class='ocrx_word' id='word_1_61' title='bbox 399 991 451 1039; x_wconf 91' lang='lat' dir='ltr'><strong><em>et</em></strong></span> <span class='ocrx_word' id='word_1_62' title='bbox 471 984 729 1047; x_wconf 67' lang='lat' dir='ltr'><strong><em>Eleazar,</em></strong></span> <span class='ocrx_word' id='word_1_63' title='bbox 749 985 801 1038; x_wconf 85' lang='lat' dir='ltr'><strong><em>et</em></strong></span> <span class='ocrx_word' id='word_1_64' title='bbox 818 984 990 1051; x_wconf 84' lang='lat' dir='ltr'><strong><em>Jarib,</em></strong></span> <span class='ocrx_word' id='word_1_65' title='bbox 1013 987 1063 1038; x_wconf 87' lang='lat' dir='ltr'><strong><em>et</em></strong></span> <span class='ocrx_word' id='word_1_66' title='bbox 1090 983 1335 1051; x_wconf 82' lang='lat' dir='ltr'><strong><em>Godolia,</em></strong></span> <span class='ocrx_word' id='word_1_67' title='bbox 1358 987 1411 1037; x_wconf 83' lang='lat' dir='ltr'><strong><em>et</em></strong></span> <span class='ocrx_word' id='word_1_68' title='bbox 1434 982 1699 1037; x_wconf 82' lang='lat' dir='ltr'><strong><em>dederunt</em></strong></span> <span class='ocrx_word' id='word_1_69' title='bbox 1718 996 1915 1035; x_wconf 87' lang='lat' dir='ltr'><strong><em>manus</em></strong></span> 
     </span>
    </p>
   </div>
   <div class='ocr_carea' id='block_1_10' title="bbox 268 1072 1914 1143">
    <p class='ocr_par' dir='ltr' id='par_1_10' title="bbox 268 1072 1914 1143">
     <span class='ocr_line' id='line_1_10' title="bbox 268 1072 1914 1143; baseline -0.002 -14"><span class='ocrx_word' id='word_1_70' title='bbox 268 1088 417 1139; x_wconf 84' lang='lat' dir='ltr'><strong><em>suas,</em></strong></span> <span class='ocrx_word' id='word_1_71' title='bbox 440 1080 501 1127; x_wconf 87' lang='lat' dir='ltr'><strong><em>ut</em></strong></span> <span class='ocrx_word' id='word_1_72' title='bbox 516 1073 777 1143; x_wconf 84' lang='lat' dir='ltr'><strong><em>ejicerent</em></strong></span> <span class='ocrx_word' id='word_1_73' title='bbox 795 1089 993 1127; x_wconf 74' lang='lat' dir='ltr'><strong><em>uxores</em></strong></span> <span class='ocrx_word' id='word_1_74' title='bbox 1012 1089 1161 1139; x_wconf 83' lang='lat' dir='ltr'><strong><em>suas,</em></strong></span> <span class='ocrx_word' id='word_1_75' title='bbox 1186 1076 1237 1126; x_wconf 85' lang='lat' dir='ltr'><strong><em>et</em></strong></span> <span class='ocrx_word' id='word_1_76' title='bbox 1255 1088 1353 1143; x_wconf 88' lang='lat' dir='ltr'><strong><em>pro</em></strong></span> <span class='ocrx_word' id='word_1_77' title='bbox 1366 1073 1564 1127; x_wconf 82' lang='lat' dir='ltr'><strong><em>delicto</em></strong></span> <span class='ocrx_word' id='word_1_78' title='bbox 1577 1087 1673 1126; x_wconf 88' lang='lat' dir='ltr'><strong><em>suo</em></strong></span> <span class='ocrx_word' id='word_1_79' title='bbox 1685 1072 1914 1125; x_wconf 75' lang='lat' dir='ltr'><strong><em>arietem</em></strong></span> 
     </span>
    </p>
   </div>
   <div class='ocr_carea' id='block_1_11' title="bbox 267 1158 1909 1232">
    <p class='ocr_par' dir='ltr' id='par_1_11' title="bbox 267 1158 1909 1232">
     <span class='ocr_line' id='line_1_11' title="bbox 267 1158 1909 1232; baseline -0.004 -14"><span class='ocrx_word' id='word_1_80' title='bbox 267 1158 332 1218; x_wconf 79' lang='lat' dir='ltr'><strong><em>de</em></strong></span> <span class='ocrx_word' id='word_1_81' title='bbox 358 1161 550 1217; x_wconf 86' lang='lat' dir='ltr'><strong><em>ovibus</em></strong></span> <span class='ocrx_word' id='word_1_82' title='bbox 577 1161 838 1232; x_wconf 74' lang='lat' dir='ltr'><strong><em>offerrent</em></strong></span> <span class='ocrx_word' id='word_1_83' title='bbox 870 1161 913 1232; x_wconf 88' lang='lat' dir='ltr'><strong><em>)I</em></strong></span> <span class='ocrx_word' id='word_1_84' title='bbox 942 1161 1097 1216; x_wconf 81' lang='lat' dir='ltr'><strong><em>Esdr.</em></strong></span> <span class='ocrx_word' id='word_1_85' title='bbox 1132 1178 1188 1228; x_wconf 88' lang='lat' dir='ltr'><strong><em>x,</em></strong></span> <span class='ocrx_word' id='word_1_86' title='bbox 1224 1162 1307 1225; x_wconf 89' lang='lat' dir='ltr'><strong><em>l8,</em></strong></span> <span class='ocrx_word' id='word_1_87' title='bbox 1360 1161 1467 1231; x_wconf 83' lang='grc'><strong>19).</strong></span> <span class='ocrx_word' id='word_1_88' title='bbox 1524 1161 1586 1215; x_wconf 87' lang='lat' dir='ltr'><strong><em>In</em></strong></span> <span class='ocrx_word' id='word_1_89' title='bbox 1620 1161 1734 1214; x_wconf 83' lang='lat' dir='ltr'><strong><em>ﬁne</em></strong></span> <span class='ocrx_word' id='word_1_90' title='bbox 1766 1176 1909 1231; x_wconf 91' lang='lat' dir='ltr'><strong><em>quo-</em></strong></span> 
     </span>
    </p>
   </div>
   <div class='ocr_carea' id='block_1_12' title="bbox 266 1249 1915 1323">
    <p class='ocr_par' dir='ltr' id='par_1_12' title="bbox 266 1249 1915 1323">
     <span class='ocr_line' id='line_1_12' title="bbox 266 1249 1915 1323; baseline -0.001 -18"><span class='ocrx_word' id='word_1_91' title='bbox 266 1267 385 1323; x_wconf 90' lang='lat' dir='ltr'><strong><em>que</em></strong></span> <span class='ocrx_word' id='word_1_92' title='bbox 405 1249 645 1322; x_wconf 89' lang='lat' dir='ltr'><strong><em>capituli</em></strong></span> <span class='ocrx_word' id='word_1_93' title='bbox 669 1254 801 1321; x_wconf 90' lang='lat' dir='ltr'><strong><em>post</em></strong></span> <span class='ocrx_word' id='word_1_94' title='bbox 820 1250 1317 1306; x_wconf 80' lang='lat' dir='ltr'><strong><em>enumerationem</em></strong></span> <span class='ocrx_word' id='word_1_95' title='bbox 1338 1266 1561 1317; x_wconf 89' lang='lat' dir='ltr'><strong><em>eorum,</em></strong></span> <span class='ocrx_word' id='word_1_96' title='bbox 1587 1250 1684 1321; x_wconf 86' lang='lat' dir='ltr'><strong><em>qui</em></strong></span> <span class='ocrx_word' id='word_1_97' title='bbox 1705 1263 1915 1304; x_wconf 82' lang='lat' dir='ltr'><strong><em>uxores</em></strong></span> 
     </span>
    </p>
   </div>
   <div class='ocr_carea' id='block_1_13' title="bbox 270 1339 1917 1412">
    <p class='ocr_par' dir='ltr' id='par_1_13' title="bbox 270 1339 1917 1412">
     <span class='ocr_line' id='line_1_13' title="bbox 270 1339 1917 1412; baseline -0.002 -18"><span class='ocrx_word' id='word_1_98' title='bbox 270 1339 626 1412; x_wconf 87' lang='lat' dir='ltr'><strong><em>alienigenas</em></strong></span> <span class='ocrx_word' id='word_1_99' title='bbox 656 1343 999 1411; x_wconf 88' lang='lat' dir='ltr'><strong><em>acceperant</em></strong></span> <span class='ocrx_word' id='word_1_100' title='bbox 1044 1340 1149 1411; x_wconf 82' lang='grc' dir='ltr'><strong><em>[Αἰ.</em></strong></span> <span class='ocrx_word' id='word_1_101' title='bbox 1201 1339 1570 1410; x_wconf 87' lang='lat' dir='ltr'><strong><em>acciperent],</em></strong></span> <span class='ocrx_word' id='word_1_102' title='bbox 1616 1339 1917 1410; x_wconf 76' lang='lat' dir='ltr'><strong><em>Scriptura</em></strong></span> 
     </span>
    </p>
   </div>
   <div class='ocr_carea' id='block_1_14' title="bbox 268 1428 1913 1499">
    <p class='ocr_par' dir='ltr' id='par_1_14' title="bbox 268 1428 1913 1499">
     <span class='ocr_line' id='line_1_14' title="bbox 268 1428 1913 1499; baseline -0.002 -14"><span class='ocrx_word' id='word_1_103' title='bbox 268 1433 725 1485; x_wconf 74' lang='lat' dir='ltr'><strong><em>commemorat:</em></strong></span> <span class='ocrx_word' id='word_1_104' title='bbox 755 1429 950 1485; x_wconf 87' lang='lat' dir='ltr'><strong><em>Omnes</em></strong></span> <span class='ocrx_word' id='word_1_105' title='bbox 971 1428 1032 1484; x_wconf 88' lang='lat' dir='ltr'><strong><em>hi</em></strong></span> <span class='ocrx_word' id='word_1_106' title='bbox 1050 1433 1381 1499; x_wconf 80' lang='lat' dir='ltr'><strong><em>acceperunt</em></strong></span> <span class='ocrx_word' id='word_1_107' title='bbox 1421 1443 1621 1485; x_wconf 71' lang='lat' dir='ltr'><strong><em>uxores</em></strong></span> <span class='ocrx_word' id='word_1_108' title='bbox 1649 1428 1913 1495; x_wconf 86' lang='lat' dir='ltr'><strong><em>alienige-</em></strong></span> 
     </span>
    </p>
   </div>
   <div class='ocr_carea' id='block_1_15' title="bbox 265 1516 1910 1590">
    <p class='ocr_par' dir='ltr' id='par_1_15' title="bbox 265 1516 1910 1590">
     <span class='ocr_line' id='line_1_15' title="bbox 265 1516 1910 1590; baseline -0.003 -16"><span class='ocrx_word' id='word_1_109' title='bbox 265 1528 371 1574; x_wconf 81' lang='lat' dir='ltr'><strong><em>nas</em></strong></span> <span class='ocrx_word' id='word_1_110' title='bbox 393 1535 412 1571; x_wconf 88' lang='lat'><strong><em>:</em></strong></span> <span class='ocrx_word' id='word_1_111' title='bbox 435 1527 488 1574; x_wconf 88' lang='lat' dir='ltr'><strong><em>et</em></strong></span> <span class='ocrx_word' id='word_1_112' title='bbox 510 1519 747 1589; x_wconf 83' lang='lat' dir='ltr'><strong><em>fuerunt</em></strong></span> <span class='ocrx_word' id='word_1_113' title='bbox 764 1534 836 1574; x_wconf 73' lang='lat' dir='ltr'><strong><em>ea:</em></strong></span> <span class='ocrx_word' id='word_1_114' title='bbox 855 1520 934 1573; x_wconf 90' lang='lat' dir='ltr'><strong><em>eis</em></strong></span> <span class='ocrx_word' id='word_1_115' title='bbox 973 1518 1232 1574; x_wconf 80' lang='lat' dir='ltr'><strong><em>mulieres</em></strong></span> <span class='ocrx_word' id='word_1_116' title='bbox 1252 1533 1376 1588; x_wconf 76' lang='lat' dir='ltr'><strong><em>quae</em></strong></span> <span class='ocrx_word' id='word_1_117' title='bbox 1392 1525 1723 1590; x_wconf 82' lang='lat' dir='ltr'><strong><em>pepererant</em></strong></span> <span class='ocrx_word' id='word_1_118' title='bbox 1747 1516 1910 1587; x_wconf 82' lang='lat' dir='ltr'><strong><em>ﬁlios.</em></strong></span> 
     </span>
    </p>
   </div>
   <div class='ocr_carea' id='block_1_16' title="bbox 266 1605 1913 1680">
    <p class='ocr_par' dir='ltr' id='par_1_16' title="bbox 266 1605 1913 1680">
     <span class='ocr_line' id='line_1_16' title="bbox 266 1605 1913 1680; baseline -0.003 -17"><span class='ocrx_word' id='word_1_119' title='bbox 266 1607 504 1663; x_wconf 74' lang='lat' dir='ltr'><strong><em>Reversi</em></strong></span> <span class='ocrx_word' id='word_1_120' title='bbox 522 1623 660 1680; x_wconf 89' lang='lat' dir='ltr'><strong><em>ergo</em></strong></span> <span class='ocrx_word' id='word_1_121' title='bbox 673 1608 745 1663; x_wconf 92' lang='lat' dir='ltr'><strong><em>de</em></strong></span> <span class='ocrx_word' id='word_1_122' title='bbox 756 1606 1087 1679; x_wconf 81' lang='lat' dir='ltr'><strong><em>captivitate</em></strong></span> <span class='ocrx_word' id='word_1_123' title='bbox 1105 1606 1442 1680; x_wconf 87' lang='lat' dir='ltr'><strong><em>Babylonia,</em></strong></span> <span class='ocrx_word' id='word_1_124' title='bbox 1459 1610 1581 1661; x_wconf 87' lang='lat' dir='ltr'><strong><em>tam</em></strong></span> <span class='ocrx_word' id='word_1_125' title='bbox 1598 1605 1913 1679; x_wconf 91' lang='lat' dir='ltr'><strong><em>principes,</em></strong></span> 
     </span>
    </p>
   </div>
   <div class='ocr_carea' id='block_1_17' title="bbox 266 1692 1915 1768">
    <p class='ocr_par' dir='ltr' id='par_1_17' title="bbox 266 1692 1915 1768">
     <span class='ocr_line' id='line_1_17' title="bbox 266 1692 1915 1768; baseline -0.003 -16"><span class='ocrx_word' id='word_1_126' title='bbox 266 1699 328 1752; x_wconf 84' lang='lat' dir='ltr'><strong><em>et</em></strong></span> <span class='ocrx_word' id='word_1_127' title='bbox 347 1696 700 1763; x_wconf 78' lang='lat' dir='ltr'><strong><em>sacerdotes,</em></strong></span> <span class='ocrx_word' id='word_1_128' title='bbox 720 1712 788 1752; x_wconf 80' lang='lat' dir='ltr'><strong><em>ac</em></strong></span> <span class='ocrx_word' id='word_1_129' title='bbox 811 1696 1039 1764; x_wconf 67' lang='lat' dir='ltr'><strong><em>Levitis,</em></strong></span> <span class='ocrx_word' id='word_1_130' title='bbox 1064 1712 1240 1768; x_wconf 88' lang='lat' dir='ltr'><strong><em>quam</em></strong></span> <span class='ocrx_word' id='word_1_131' title='bbox 1266 1694 1529 1768; x_wconf 90' lang='lat' dir='ltr'><strong><em>reliquus</em></strong></span> <span class='ocrx_word' id='word_1_132' title='bbox 1550 1692 1801 1767; x_wconf 92' lang='lat' dir='ltr'><strong><em>populus</em></strong></span> <span class='ocrx_word' id='word_1_133' title='bbox 1819 1692 1915 1748; x_wconf 90' lang='lat' dir='ltr'><strong><em>ab-</em></strong></span> 
     </span>
    </p>
   </div>
   <div class='ocr_carea' id='block_1_18' title="bbox 260 1784 1913 1858">
    <p class='ocr_par' dir='ltr' id='par_1_18' title="bbox 260 1784 1913 1858">
     <span class='ocr_line' id='line_1_18' title="bbox 260 1784 1913 1858; baseline -0.004 -17"><span class='ocrx_word' id='word_1_134' title='bbox 260 1784 532 1856; x_wconf 77' lang='lat' dir='ltr'><strong><em>jecerunt</em></strong></span> <span class='ocrx_word' id='word_1_135' title='bbox 558 1802 764 1841; x_wconf 84' lang='lat' dir='ltr'><strong><em>uxores</em></strong></span> <span class='ocrx_word' id='word_1_136' title='bbox 786 1802 925 1841; x_wconf 89' lang='lat' dir='ltr'><strong><em>suas</em></strong></span> <span class='ocrx_word' id='word_1_137' title='bbox 959 1784 1261 1840; x_wconf 86' lang='lat' dir='ltr'><strong><em>Israelitici</em></strong></span> <span class='ocrx_word' id='word_1_138' title='bbox 1310 1784 1559 1858; x_wconf 82' lang='lat' dir='ltr'><strong><em>generis,</em></strong></span> <span class='ocrx_word' id='word_1_139' title='bbox 1610 1800 1738 1856; x_wconf 66' lang='lat' dir='ltr'><strong><em>quae</em></strong></span> <span class='ocrx_word' id='word_1_140' title='bbox 1766 1798 1913 1853; x_wconf 86' lang='lat' dir='ltr'><strong><em>pau-</em></strong></span> 
     </span>
    </p>
   </div>
   <div class='ocr_carea' id='block_1_19' title="bbox 2023 626 3674 699">
    <p class='ocr_par' dir='ltr' id='par_1_19' title="bbox 2023 626 3674 699">
     <span class='ocr_line' id='line_1_19' title="bbox 2023 626 3674 699; baseline 0.002 -22"><span class='ocrx_word' id='word_1_141' title='bbox 2023 629 2189 695; x_wconf 83' lang='lat' dir='ltr'><strong><em>gunt,</em></strong></span> <span class='ocrx_word' id='word_1_142' title='bbox 2216 629 2282 680; x_wconf 92' lang='lat' dir='ltr'><strong><em>ut</em></strong></span> <span class='ocrx_word' id='word_1_143' title='bbox 2311 626 2487 681; x_wconf 88' lang='lat' dir='ltr'><strong><em>etiam</em></strong></span> <span class='ocrx_word' id='word_1_144' title='bbox 2524 627 2790 699; x_wconf 88' lang='lat' dir='ltr'><strong><em>gentium</em></strong></span> <span class='ocrx_word' id='word_1_145' title='bbox 2821 632 3045 699; x_wconf 82' lang='lat' dir='ltr'>patrem</span> <span class='ocrx_word' id='word_1_146' title='bbox 3071 627 3374 682; x_wconf 86' lang='lat' dir='ltr'><strong><em>Abraham</em></strong></span> <span class='ocrx_word' id='word_1_147' title='bbox 3400 642 3538 681; x_wconf 86' lang='lat' dir='ltr'><strong><em>esse</em></strong></span> <span class='ocrx_word' id='word_1_148' title='bbox 3558 642 3674 681; x_wconf 84' lang='lat' dir='ltr'><strong><em>con-</em></strong></span> 
     </span>
    </p>
   </div>
   <div class='ocr_carea' id='block_1_20' title="bbox 2022 714 3675 786">
    <p class='ocr_par' dir='ltr' id='par_1_20' title="bbox 2022 714 3675 786">
     <span class='ocr_line' id='line_1_20' title="bbox 2022 714 3675 786; baseline 0.002 -20"><span class='ocrx_word' id='word_1_149' title='bbox 2022 719 2371 779; x_wconf 88' lang='lat' dir='ltr'><strong><em>memorent,</em></strong></span> <span class='ocrx_word' id='word_1_150' title='bbox 2393 715 2721 770; x_wconf 89' lang='lat' dir='ltr'><strong><em>secundum</em></strong></span> <span class='ocrx_word' id='word_1_151' title='bbox 2736 714 2881 770; x_wconf 89' lang='lat' dir='ltr'><strong><em>illud</em></strong></span> <span class='ocrx_word' id='word_1_152' title='bbox 2897 716 3049 786; x_wconf 90' lang='lat' dir='ltr'><strong><em>quod</em></strong></span> <span class='ocrx_word' id='word_1_153' title='bbox 3066 716 3355 786; x_wconf 88' lang='lat' dir='ltr'><strong><em>scriptum</em></strong></span> <span class='ocrx_word' id='word_1_154' title='bbox 3370 718 3466 770; x_wconf 87' lang='lat' dir='ltr'><strong><em>est</em></strong></span> <span class='ocrx_word' id='word_1_155' title='bbox 3482 731 3496 769; x_wconf 90' lang='lat'><strong><em>:</em></strong></span> <span class='ocrx_word' id='word_1_156' title='bbox 3511 715 3675 770; x_wconf 78' lang='lat' dir='ltr'><strong><em>Potest</em></strong></span> 
     </span>
    </p>
   </div>
   <div class='ocr_carea' id='block_1_21' title="bbox 2023 802 3675 875">
    <p class='ocr_par' dir='ltr' id='par_1_21' title="bbox 2023 802 3675 875">
     <span class='ocr_line' id='line_1_21' title="bbox 2023 802 3675 875; baseline 0 -19"><span class='ocrx_word' id='word_1_157' title='bbox 2023 802 2163 857; x_wconf 86' lang='lat' dir='ltr'><strong><em>Deus</em></strong></span> <span class='ocrx_word' id='word_1_158' title='bbox 2189 802 2254 858; x_wconf 85' lang='lat' dir='ltr'><strong><em>de</em></strong></span> <span class='ocrx_word' id='word_1_159' title='bbox 2284 804 2563 875; x_wconf 80' lang='lat' dir='ltr'><strong><em>lapidibus</em></strong></span> <span class='ocrx_word' id='word_1_160' title='bbox 2597 806 2725 859; x_wconf 84' lang='lat' dir='ltr'><strong><em>istis</em></strong></span> <span class='ocrx_word' id='word_1_161' title='bbox 2754 807 3027 861; x_wconf 84' lang='lat' dir='ltr'><strong><em>suscitare</em></strong></span> <span class='ocrx_word' id='word_1_162' title='bbox 3079 806 3223 875; x_wconf 84' lang='lat' dir='ltr'><strong><em>ﬁlios</em></strong></span> <span class='ocrx_word' id='word_1_163' title='bbox 3252 802 3500 861; x_wconf 61' lang='lat' dir='ltr'><strong><em>Abrahae</em></strong></span> <span class='ocrx_word' id='word_1_164' title='bbox 3526 807 3675 870; x_wconf 67' lang='lat' dir='ltr'><strong><em>(Mat.</em></strong></span> 
     </span>
    </p>
   </div>
   <div class='ocr_carea' id='block_1_22' title="bbox 2024 891 3682 963">
    <p class='ocr_par' dir='ltr' id='par_1_22' title="bbox 2024 891 3682 963">
     <span class='ocr_line' id='line_1_22' title="bbox 2024 891 3682 963; baseline 0.001 -18"><span class='ocrx_word' id='word_1_165' title='bbox 2024 909 2111 956; x_wconf 87' lang='grc' dir='ltr'>ιιι,</span> <span class='ocrx_word' id='word_1_166' title='bbox 2133 892 2188 963; x_wconf 86' lang='grc'><strong><em>9)</em></strong></span> <span class='ocrx_word' id='word_1_167' title='bbox 2211 891 2347 947; x_wconf 77' lang='lat' dir='ltr'><strong><em>PVel</em></strong></span> <span class='ocrx_word' id='word_1_168' title='bbox 2368 898 2521 949; x_wconf 90' lang='lat' dir='ltr'><strong><em>certe</em></strong></span> <span class='ocrx_word' id='word_1_169' title='bbox 2535 909 2721 947; x_wconf 90' lang='lat' dir='ltr'><strong><em>unum</em></strong></span> <span class='ocrx_word' id='word_1_170' title='bbox 2747 895 2924 949; x_wconf 86' lang='lat' dir='ltr'><strong><em>Deum</em></strong></span> <span class='ocrx_word' id='word_1_171' title='bbox 2948 898 3178 949; x_wconf 80' lang='lat' dir='ltr'>Patrem</span> <span class='ocrx_word' id='word_1_172' title='bbox 3206 892 3682 962; x_wconf 65' lang='lat' dir='ltr'><strong><em>aifirmantjuxta</em></strong></span> 
     </span>
    </p>
   </div>
   <div class='ocr_carea' id='block_1_23' title="bbox 2024 979 3683 1054">
    <p class='ocr_par' dir='ltr' id='par_1_23' title="bbox 2024 979 3683 1054">
     <span class='ocr_line' id='line_1_23' title="bbox 2024 979 3683 1054; baseline 0.001 -20"><span class='ocrx_word' id='word_1_173' title='bbox 2024 979 2169 1035; x_wconf 92' lang='lat' dir='ltr'><strong><em>illud</em></strong></span> <span class='ocrx_word' id='word_1_174' title='bbox 2195 982 2348 1052; x_wconf 89' lang='lat' dir='ltr'><strong><em>quod</em></strong></span> <span class='ocrx_word' id='word_1_175' title='bbox 2374 982 2431 1036; x_wconf 92' lang='lat' dir='ltr'><strong><em>in</em></strong></span> <span class='ocrx_word' id='word_1_176' title='bbox 2457 982 2872 1038; x_wconf 90' lang='lat' dir='ltr'><strong><em>Deutronomio</em></strong></span> <span class='ocrx_word' id='word_1_177' title='bbox 2896 982 3147 1054; x_wconf 88' lang='lat' dir='ltr'><strong><em>legimus</em></strong></span> <span class='ocrx_word' id='word_1_178' title='bbox 3177 999 3190 1037; x_wconf 91' lang='lat'><strong><em>:</em></strong></span> <span class='ocrx_word' id='word_1_179' title='bbox 3220 984 3425 1037; x_wconf 60' lang='lat' dir='ltr'><strong><em>Nonne</em></strong></span> <span class='ocrx_word' id='word_1_180' title='bbox 3444 984 3557 1036; x_wconf 81' lang='lat' dir='ltr'><strong><em>iste</em></strong></span> <span class='ocrx_word' id='word_1_181' title='bbox 3574 984 3683 1050; x_wconf 78' lang='lat' dir='ltr'><strong><em>ipse</em></strong></span> 
     </span>
    </p>
   </div>
   <div class='ocr_carea' id='block_1_24' title="bbox 2026 1071 3681 1144">
    <p class='ocr_par' dir='ltr' id='par_1_24' title="bbox 2026 1071 3681 1144">
     <span class='ocr_line' id='line_1_24' title="bbox 2026 1071 3681 1144; baseline 0.001 -20"><span class='ocrx_word' id='word_1_182' title='bbox 2026 1073 2101 1124; x_wconf 88' lang='lat' dir='ltr'><strong><em>est</em></strong></span> <span class='ocrx_word' id='word_1_183' title='bbox 2130 1071 2313 1141; x_wconf 84' lang='lat' dir='ltr'><strong><em>Pater,</em></strong></span> <span class='ocrx_word' id='word_1_184' title='bbox 2338 1072 2433 1142; x_wconf 88' lang='lat' dir='ltr'><strong><em>qui</em></strong></span> <span class='ocrx_word' id='word_1_185' title='bbox 2450 1073 2689 1144; x_wconf 81' lang='lat' dir='ltr'><strong><em>possedit</em></strong></span> <span class='ocrx_word' id='word_1_186' title='bbox 2708 1081 2779 1138; x_wconf 86' lang='lat' dir='ltr'><strong><em>te,</em></strong></span> <span class='ocrx_word' id='word_1_187' title='bbox 2811 1078 2862 1127; x_wconf 88' lang='lat' dir='ltr'><strong><em>et</em></strong></span> <span class='ocrx_word' id='word_1_188' title='bbox 2883 1075 3015 1144; x_wconf 82' lang='lat' dir='ltr'><strong><em>fecit</em></strong></span> <span class='ocrx_word' id='word_1_189' title='bbox 3032 1077 3102 1142; x_wconf 82' lang='lat' dir='ltr'><strong><em>te,</em></strong></span> <span class='ocrx_word' id='word_1_190' title='bbox 3124 1080 3178 1126; x_wconf 84' lang='lat' dir='ltr'><strong><em>et</em></strong></span> <span class='ocrx_word' id='word_1_191' title='bbox 3196 1073 3407 1126; x_wconf 78' lang='lat' dir='ltr'><strong><em>creavit</em></strong></span> <span class='ocrx_word' id='word_1_192' title='bbox 3427 1075 3485 1125; x_wconf 85' lang='lat' dir='ltr'><strong><em>te</em></strong></span> <span class='ocrx_word' id='word_1_193' title='bbox 3508 1071 3681 1141; x_wconf 83' lang='lat' dir='ltr'><strong><em>(Deut.</em></strong></span> 
     </span>
    </p>
   </div>
   <div class='ocr_carea' id='block_1_25' title="bbox 2023 1160 3687 1232">
    <p class='ocr_par' dir='ltr' id='par_1_25' title="bbox 2023 1160 3687 1232">
     <span class='ocr_line' id='line_1_25' title="bbox 2023 1160 3687 1232; baseline 0.001 -19"><span class='ocrx_word' id='word_1_194' title='bbox 2023 1176 2199 1229; x_wconf 82' lang='lat' dir='ltr'><strong><em>xxxn,</em></strong></span> <span class='ocrx_word' id='word_1_195' title='bbox 2224 1160 2326 1231; x_wconf 87' lang='lat'><strong><em>6)?</em></strong></span> <span class='ocrx_word' id='word_1_196' title='bbox 2356 1161 2423 1215; x_wconf 86' lang='lat' dir='ltr'><strong><em>Et</em></strong></span> <span class='ocrx_word' id='word_1_197' title='bbox 2453 1178 2690 1216; x_wconf 85' lang='lat' dir='ltr'><strong><em>rursum</em></strong></span> <span class='ocrx_word' id='word_1_198' title='bbox 2718 1178 2731 1214; x_wconf 93' lang='lat'><strong><em>:</em></strong></span> <span class='ocrx_word' id='word_1_199' title='bbox 2760 1166 2937 1216; x_wconf 86' lang='lat' dir='ltr'><strong><em>Deum</em></strong></span> <span class='ocrx_word' id='word_1_200' title='bbox 2962 1163 3057 1232; x_wconf 90' lang='lat' dir='ltr'><strong><em>qui</em></strong></span> <span class='ocrx_word' id='word_1_201' title='bbox 3077 1165 3129 1215; x_wconf 84' lang='lat' dir='ltr'><strong><em>te</em></strong></span> <span class='ocrx_word' id='word_1_202' title='bbox 3148 1162 3381 1227; x_wconf 84' lang='lat' dir='ltr'><strong><em>creavit,</em></strong></span> <span class='ocrx_word' id='word_1_203' title='bbox 3410 1160 3687 1230; x_wconf 71' lang='lat' dir='ltr'><strong><em>reliquisti</em></strong></span> 
     </span>
    </p>
   </div>
   <div class='ocr_carea' id='block_1_26' title="bbox 2024 1248 3687 1321">
    <p class='ocr_par' dir='ltr' id='par_1_26' title="bbox 2024 1248 3687 1321">
     <span class='ocr_line' id='line_1_26' title="bbox 2024 1248 3687 1321; baseline -0.001 -18"><span class='ocrx_word' id='word_1_204' title='bbox 2024 1248 2213 1317; x_wconf 86' lang='lat' dir='ltr'><strong><em>(Ibid.,</em></strong></span> <span class='ocrx_word' id='word_1_205' title='bbox 2248 1250 2356 1319; x_wconf 84' lang='grc'><strong><em>18).</em></strong></span> <span class='ocrx_word' id='word_1_206' title='bbox 2392 1255 2458 1303; x_wconf 86' lang='lat' dir='ltr'>Et</span> <span class='ocrx_word' id='word_1_207' title='bbox 2488 1249 2663 1304; x_wconf 87' lang='lat' dir='ltr'><strong><em>alibi:</em></strong></span> <span class='ocrx_word' id='word_1_208' title='bbox 2695 1250 2866 1305; x_wconf 80' lang='lat' dir='ltr'><strong><em>Filios</em></strong></span> <span class='ocrx_word' id='word_1_209' title='bbox 2912 1251 3084 1321; x_wconf 86' lang='lat' dir='ltr'><strong><em>genui</em></strong></span> <span class='ocrx_word' id='word_1_210' title='bbox 3132 1257 3186 1304; x_wconf 88' lang='lat' dir='ltr'><strong><em>et</em></strong></span> <span class='ocrx_word' id='word_1_211' title='bbox 3238 1250 3551 1304; x_wconf 74' lang='lat' dir='ltr'><strong><em>exaltari:</em></strong></span> <span class='ocrx_word' id='word_1_212' title='bbox 3582 1249 3687 1320; x_wconf 82' lang='lat' dir='ltr'><strong><em>ipsi</em></strong></span> 
     </span>
    </p>
   </div>
   <div class='ocr_carea' id='block_1_27' title="bbox 2024 1336 3679 1410">
    <p class='ocr_par' dir='ltr' id='par_1_27' title="bbox 2024 1336 3679 1410">
     <span class='ocr_line' id='line_1_27' title="bbox 2024 1336 3679 1410; baseline -0.001 -18"><span class='ocrx_word' id='word_1_213' title='bbox 2024 1341 2209 1392; x_wconf 88' lang='lat' dir='ltr'><strong><em>autem</em></strong></span> <span class='ocrx_word' id='word_1_214' title='bbox 2236 1338 2585 1409; x_wconf 86' lang='lat' dir='ltr'><strong><em>reliquerunt</em></strong></span> <span class='ocrx_word' id='word_1_215' title='bbox 2609 1355 2697 1394; x_wconf 90' lang='lat' dir='ltr'><strong><em>me</em></strong></span> <span class='ocrx_word' id='word_1_216' title='bbox 2728 1340 2877 1410; x_wconf 88' lang='lat' dir='ltr'><strong><em>(Isai.</em></strong></span> <span class='ocrx_word' id='word_1_217' title='bbox 2911 1356 2951 1405; x_wconf 84' lang='lat'><strong><em>1,</em></strong></span> <span class='ocrx_word' id='word_1_218' title='bbox 2980 1339 3059 1410; x_wconf 86' lang='lat'><strong><em>2).</em></strong></span> <span class='ocrx_word' id='word_1_219' title='bbox 3110 1339 3176 1393; x_wconf 85' lang='lat' dir='ltr'>Et</span> <span class='ocrx_word' id='word_1_220' title='bbox 3204 1339 3265 1392; x_wconf 93' lang='lat' dir='ltr'><strong><em>in</em></strong></span> <span class='ocrx_word' id='word_1_221' title='bbox 3300 1336 3679 1392; x_wconf 86' lang='lat' dir='ltr'><strong><em>Psalmorum</em></strong></span> 
     </span>
    </p>
   </div>
   <div class='ocr_carea' id='block_1_28' title="bbox 2022 1425 3684 1496">
    <p class='ocr_par' dir='ltr' id='par_1_28' title="bbox 2022 1425 3684 1496">
     <span class='ocr_line' id='line_1_28' title="bbox 2022 1425 3684 1496; baseline 0.001 -16"><span class='ocrx_word' id='word_1_222' title='bbox 2022 1425 2321 1482; x_wconf 89' lang='lat' dir='ltr'><strong><em>volumine</em></strong></span> <span class='ocrx_word' id='word_1_223' title='bbox 2347 1444 2360 1483; x_wconf 93' lang='lat'><strong><em>:</em></strong></span> <span class='ocrx_word' id='word_1_224' title='bbox 2391 1428 2527 1483; x_wconf 87' lang='lat' dir='ltr'><strong><em>Filii</em></strong></span> <span class='ocrx_word' id='word_1_225' title='bbox 2543 1429 2720 1483; x_wconf 89' lang='lat' dir='ltr'><strong><em>alieni</em></strong></span> <span class='ocrx_word' id='word_1_226' title='bbox 2744 1428 2963 1483; x_wconf 78' lang='lat' dir='ltr'><strong><em>mentiti</em></strong></span> <span class='ocrx_word' id='word_1_227' title='bbox 2984 1434 3114 1483; x_wconf 83' lang='lat' dir='ltr'><strong><em>sunt</em></strong></span> <span class='ocrx_word' id='word_1_228' title='bbox 3143 1427 3328 1482; x_wconf 89' lang='lat' dir='ltr'><strong><em>mihi:</em></strong></span> <span class='ocrx_word' id='word_1_229' title='bbox 3359 1426 3484 1496; x_wconf 79' lang='lat' dir='ltr'><strong><em>ﬁlii</em></strong></span> <span class='ocrx_word' id='word_1_230' title='bbox 3511 1427 3684 1481; x_wconf 77' lang='lat' dir='ltr'><strong><em>alieni</em></strong></span> 
     </span>
    </p>
   </div>
   <div class='ocr_carea' id='block_1_29' title="bbox 2023 1515 3681 1585">
    <p class='ocr_par' dir='ltr' id='par_1_29' title="bbox 2023 1515 3681 1585">
     <span class='ocr_line' id='line_1_29' title="bbox 2023 1515 3681 1585; baseline 0 -16"><span class='ocrx_word' id='word_1_231' title='bbox 2023 1515 2316 1571; x_wconf 82' lang='lat' dir='ltr'><strong><em>inveterati</em></strong></span> <span class='ocrx_word' id='word_1_232' title='bbox 2341 1525 2491 1582; x_wconf 88' lang='lat' dir='ltr'><strong><em>sunt,</em></strong></span> <span class='ocrx_word' id='word_1_233' title='bbox 2524 1520 2576 1572; x_wconf 82' lang='lat' dir='ltr'><strong><em>et</em></strong></span> <span class='ocrx_word' id='word_1_234' title='bbox 2604 1516 3061 1573; x_wconf 85' lang='lat' dir='ltr'><strong><em>claudicaverunt</em></strong></span> <span class='ocrx_word' id='word_1_235' title='bbox 3087 1533 3121 1570; x_wconf 90' lang='lat' dir='ltr'><strong><em>a</em></strong></span> <span class='ocrx_word' id='word_1_236' title='bbox 3164 1516 3381 1571; x_wconf 76' lang='lat' dir='ltr'><strong><em>semitis</em></strong></span> <span class='ocrx_word' id='word_1_237' title='bbox 3416 1517 3540 1570; x_wconf 79' lang='lat' dir='ltr'><strong><em>suis</em></strong></span> <span class='ocrx_word' id='word_1_238' title='bbox 3570 1517 3681 1585; x_wconf 80' lang='lat' dir='ltr'><strong><em>(Ps.</em></strong></span> 
     </span>
    </p>
   </div>
   <div class='ocr_carea' id='block_1_30' title="bbox 2022 1604 3683 1676">
    <p class='ocr_par' dir='ltr' id='par_1_30' title="bbox 2022 1604 3683 1676">
     <span class='ocr_line' id='line_1_30' title="bbox 2022 1604 3683 1676; baseline 0 -18"><span class='ocrx_word' id='word_1_239' title='bbox 2022 1619 2159 1671; x_wconf 83' lang='lat' dir='ltr'><strong><em>xvn,</em></strong></span> <span class='ocrx_word' id='word_1_240' title='bbox 2194 1605 2304 1671; x_wconf 84' lang='grc'><strong><em>46).</em></strong></span> <span class='ocrx_word' id='word_1_241' title='bbox 2336 1606 2493 1661; x_wconf 66' lang='grc'><strong>961</strong></span> <span class='ocrx_word' id='word_1_242' title='bbox 2537 1605 2608 1660; x_wconf 91' lang='lat' dir='ltr'><strong><em>Et</em></strong></span> <span class='ocrx_word' id='word_1_243' title='bbox 2630 1606 2702 1660; x_wconf 90' lang='lat' dir='ltr'><strong><em>ab</em></strong></span> <span class='ocrx_word' id='word_1_244' title='bbox 2745 1605 2853 1660; x_wconf 92' lang='lat' dir='ltr'><strong><em>hoc</em></strong></span> <span class='ocrx_word' id='word_1_245' title='bbox 2900 1621 3016 1660; x_wconf 91' lang='lat' dir='ltr'><strong><em>uno</em></strong></span> <span class='ocrx_word' id='word_1_246' title='bbox 3049 1608 3232 1676; x_wconf 81' lang='lat' dir='ltr'><strong><em>patre,</em></strong></span> <span class='ocrx_word' id='word_1_247' title='bbox 3265 1604 3369 1674; x_wconf 88' lang='lat' dir='ltr'><strong><em>qui</em></strong></span> <span class='ocrx_word' id='word_1_248' title='bbox 3406 1618 3683 1676; x_wconf 81' lang='lat' dir='ltr'><strong><em>peccave-</em></strong></span> 
     </span>
    </p>
   </div>
   <div class='ocr_carea' id='block_1_31' title="bbox 2024 1691 3683 1764">
    <p class='ocr_par' dir='ltr' id='par_1_31' title="bbox 2024 1691 3683 1764">
     <span class='ocr_line' id='line_1_31' title="bbox 2024 1691 3683 1764; baseline 0 -18"><span class='ocrx_word' id='word_1_249' title='bbox 2024 1696 2183 1757; x_wconf 85' lang='lat' dir='ltr'><strong><em>runt,</em></strong></span> <span class='ocrx_word' id='word_1_250' title='bbox 2199 1693 2555 1761; x_wconf 84' lang='lat' dir='ltr'><strong><em>recedentes,</em></strong></span> <span class='ocrx_word' id='word_1_251' title='bbox 2578 1693 2797 1749; x_wconf 90' lang='lat' dir='ltr'><strong><em>multos</em></strong></span> <span class='ocrx_word' id='word_1_252' title='bbox 2825 1693 3101 1748; x_wconf 87' lang='lat' dir='ltr'><strong><em>vitiorum</em></strong></span> <span class='ocrx_word' id='word_1_253' title='bbox 3125 1709 3371 1748; x_wconf 88' lang='lat' dir='ltr'><strong><em>suorum</em></strong></span> <span class='ocrx_word' id='word_1_254' title='bbox 3389 1697 3596 1764; x_wconf 81' lang='lat' dir='ltr'><strong><em>patres</em></strong></span> <span class='ocrx_word' id='word_1_255' title='bbox 3609 1691 3683 1747; x_wconf 85' lang='lat' dir='ltr'><strong><em>fe-</em></strong></span> 
     </span>
    </p>
   </div>
   <div class='ocr_carea' id='block_1_32' title="bbox 2023 1779 3683 1854">
    <p class='ocr_par' dir='ltr' id='par_1_32' title="bbox 2023 1779 3683 1854">
     <span class='ocr_line' id='line_1_32' title="bbox 2023 1779 3683 1854; baseline 0.001 -19"><span class='ocrx_word' id='word_1_256' title='bbox 2023 1797 2151 1837; x_wconf 84' lang='lat' dir='ltr'><strong><em>cere</em></strong></span> <span class='ocrx_word' id='word_1_257' title='bbox 2175 1799 2190 1837; x_wconf 91' lang='lat'><strong><em>:</em></strong></span> <span class='ocrx_word' id='word_1_258' title='bbox 2220 1782 2410 1837; x_wconf 86' lang='lat' dir='ltr'><strong><em>Omnis</em></strong></span> <span class='ocrx_word' id='word_1_259' title='bbox 2425 1784 2575 1838; x_wconf 85' lang='lat' dir='ltr'><strong><em>enim</em></strong></span> <span class='ocrx_word' id='word_1_260' title='bbox 2600 1785 2698 1854; x_wconf 88' lang='lat' dir='ltr'><strong><em>qui</em></strong></span> <span class='ocrx_word' id='word_1_261' title='bbox 2722 1784 2859 1854; x_wconf 76' lang='lat' dir='ltr'><strong><em>facit</em></strong></span> <span class='ocrx_word' id='word_1_262' title='bbox 2870 1791 3172 1853; x_wconf 86' lang='lat' dir='ltr'><strong><em>peccatum,</em></strong></span> <span class='ocrx_word' id='word_1_263' title='bbox 3196 1780 3263 1836; x_wconf 84' lang='lat' dir='ltr'><strong><em>de</em></strong></span> <span class='ocrx_word' id='word_1_264' title='bbox 3279 1779 3508 1836; x_wconf 79' lang='lat' dir='ltr'><strong><em>diabolo</em></strong></span> <span class='ocrx_word' id='word_1_265' title='bbox 3528 1786 3683 1836; x_wconf 72' lang='lat' dir='ltr'><strong><em>natas</em></strong></span> 
     </span>
    </p>
   </div>
   <div class='ocr_carea' id='block_1_33' title="bbox 263 1871 3683 1965">
    <p class='ocr_par' dir='ltr' id='par_1_33' title="bbox 263 1871 3683 1965">
     <span class='ocr_line' id='line_1_33' title="bbox 263 1871 3683 1965; baseline -0.002 -35"><span class='ocrx_word' id='word_1_266' title='bbox 263 1877 490 1945; x_wconf 72' lang='lat' dir='ltr'><strong><em>portate</em></strong></span> <span class='ocrx_word' id='word_1_267' title='bbox 509 1878 569 1930; x_wconf 91' lang='lat' dir='ltr'><strong><em>et</em></strong></span> <span class='ocrx_word' id='word_1_268' title='bbox 593 1874 811 1945; x_wconf 87' lang='lat' dir='ltr'><strong><em>injuria</em></strong></span> <span class='ocrx_word' id='word_1_269' title='bbox 830 1873 1113 1945; x_wconf 83' lang='lat' dir='ltr'><strong><em>longioris</em></strong></span> <span class='ocrx_word' id='word_1_270' title='bbox 1150 1875 1278 1939; x_wconf 70' lang='lat' dir='ltr'><strong><em>viae,</em></strong></span> <span class='ocrx_word' id='word_1_271' title='bbox 1329 1878 1386 1929; x_wconf 90' lang='lat' dir='ltr'><strong><em>et</em></strong></span> <span class='ocrx_word' id='word_1_272' title='bbox 1406 1872 1719 1945; x_wconf 81' lang='lat' dir='ltr'><strong><em>fragilitate</em></strong></span> <span class='ocrx_word' id='word_1_273' title='bbox 1738 1887 1910 1965; x_wconf 84' lang='lat' dir='ltr'><strong><em>sexus</em></strong></span> <span class='ocrx_word' id='word_1_274' title='bbox 1941 1900 1989 1965; x_wconf 84' lang='lat' dir='ltr'><strong>B</strong></span> <span class='ocrx_word' id='word_1_275' title='bbox 2020 1878 2117 1925; x_wconf 88' lang='lat' dir='ltr'><strong><em>est.</em></strong></span> <span class='ocrx_word' id='word_1_276' title='bbox 2148 1871 2328 1941; x_wconf 91' lang='lat' dir='ltr'><strong><em>quue</em></strong></span> <span class='ocrx_word' id='word_1_277' title='bbox 2350 1872 2506 1942; x_wconf 90' lang='lat' dir='ltr'><strong><em>quod</em></strong></span> <span class='ocrx_word' id='word_1_278' title='bbox 2528 1871 2831 1944; x_wconf 87' lang='lat' dir='ltr'><strong><em>sequitur:</em></strong></span> <span class='ocrx_word' id='word_1_279' title='bbox 2855 1872 3035 1941; x_wconf 82' lang='lat' dir='ltr'><strong><em>Quare</em></strong></span> <span class='ocrx_word' id='word_1_280' title='bbox 3052 1871 3285 1942; x_wconf 82' lang='lat' dir='ltr'><strong><em>despicit</em></strong></span> <span class='ocrx_word' id='word_1_281' title='bbox 3307 1872 3683 1942; x_wconf 72' lang='lat' dir='ltr'><strong><em>unusquisque</em></strong></span> 
     </span>
    </p>
   </div>
   <div class='ocr_carea' id='block_1_34' title="bbox 267 1958 1913 2034">
    <p class='ocr_par' dir='ltr' id='par_1_34' title="bbox 267 1958 1913 2034">
     <span class='ocr_line' id='line_1_34' title="bbox 267 1958 1913 2034; baseline -0.004 -17"><span class='ocrx_word' id='word_1_282' title='bbox 267 1974 384 2017; x_wconf 83' lang='lat' dir='ltr'><strong><em>non</em></strong></span> <span class='ocrx_word' id='word_1_283' title='bbox 407 1962 656 2018; x_wconf 86' lang='lat' dir='ltr'><strong><em>ferentes</em></strong></span> <span class='ocrx_word' id='word_1_284' title='bbox 678 1964 756 2034; x_wconf 91' lang='lat' dir='ltr'><strong><em>(a)</em></strong></span> <span class='ocrx_word' id='word_1_285' title='bbox 772 1961 1052 2031; x_wconf 89' lang='lat' dir='ltr'><strong><em>laborem,</em></strong></span> <span class='ocrx_word' id='word_1_286' title='bbox 1077 1962 1349 2017; x_wconf 68' lang='lat' dir='ltr'><strong><em>conlectis</em></strong></span> <span class='ocrx_word' id='word_1_287' title='bbox 1379 1965 1564 2026; x_wconf 86' lang='lat' dir='ltr'><strong><em>erant,</em></strong></span> <span class='ocrx_word' id='word_1_288' title='bbox 1587 1965 1644 2014; x_wconf 91' lang='lat' dir='ltr'><strong><em>et</em></strong></span> <span class='ocrx_word' id='word_1_289' title='bbox 1664 1958 1913 2013; x_wconf 82' lang='lat' dir='ltr'><strong><em>infirmi-</em></strong></span> 
     </span>
    </p>
   </div>
   <div class='ocr_carea' id='block_1_35' title="bbox 266 2049 1914 2120">
    <p class='ocr_par' dir='ltr' id='par_1_35' title="bbox 266 2049 1914 2120">
     <span class='ocr_line' id='line_1_35' title="bbox 266 2049 1914 2120; baseline -0.002 -16"><span class='ocrx_word' id='word_1_290' title='bbox 266 2052 450 2106; x_wconf 85' lang='lat' dir='ltr'><strong><em>tatem</em></strong></span> <span class='ocrx_word' id='word_1_291' title='bbox 482 2067 548 2105; x_wconf 86' lang='lat' dir='ltr'><strong><em>ac</em></strong></span> <span class='ocrx_word' id='word_1_292' title='bbox 578 2050 1008 2105; x_wconf 77' lang='lat' dir='ltr'><strong><em>deformitatem</em></strong></span> <span class='ocrx_word' id='word_1_293' title='bbox 1041 2066 1351 2120; x_wconf 90' lang='lat' dir='ltr'><strong><em>corporum</em></strong></span> <span class='ocrx_word' id='word_1_294' title='bbox 1384 2052 1831 2103; x_wconf 84' lang='lat' dir='ltr'><strong><em>contraxerant:</em></strong></span> <span class='ocrx_word' id='word_1_295' title='bbox 1858 2049 1914 2102; x_wconf 88' lang='lat' dir='ltr'><strong><em>et</em></strong></span> 
     </span>
    </p>
   </div>
   <div class='ocr_carea' id='block_1_36' title="bbox 267 2133 1915 2209">
    <p class='ocr_par' dir='ltr' id='par_1_36' title="bbox 267 2133 1915 2209">
     <span class='ocr_line' id='line_1_36' title="bbox 267 2133 1915 2209; baseline -0.002 -18"><span class='ocrx_word' id='word_1_296' title='bbox 267 2152 404 2192; x_wconf 89' lang='lat' dir='ltr'><strong><em>cum</em></strong></span> <span class='ocrx_word' id='word_1_297' title='bbox 444 2136 787 2209; x_wconf 82' lang='lat' dir='ltr'><strong><em>alienigenis</em></strong></span> <span class='ocrx_word' id='word_1_298' title='bbox 816 2136 905 2191; x_wconf 87' lang='lat' dir='ltr'><strong><em>vel</em></strong></span> <span class='ocrx_word' id='word_1_299' title='bbox 938 2140 1108 2191; x_wconf 62' lang='lat' dir='ltr'><strong><em>aetate</em></strong></span> <span class='ocrx_word' id='word_1_300' title='bbox 1138 2135 1483 2190; x_wconf 76' lang='lat' dir='ltr'><strong><em>ﬂorentibus</em></strong></span> <span class='ocrx_word' id='word_1_301' title='bbox 1502 2133 1591 2189; x_wconf 89' lang='lat' dir='ltr'><strong><em>vel</em></strong></span> <span class='ocrx_word' id='word_1_302' title='bbox 1612 2134 1773 2189; x_wconf 89' lang='lat' dir='ltr'><strong><em>cultu</em></strong></span> <span class='ocrx_word' id='word_1_303' title='bbox 1795 2148 1915 2188; x_wconf 86' lang='lat' dir='ltr'><strong><em>cor-</em></strong></span> 
     </span>
    </p>
   </div>
   <div class='ocr_carea' id='block_1_37' title="bbox 272 2220 1912 2298">
    <p class='ocr_par' dir='ltr' id='par_1_37' title="bbox 272 2220 1912 2298">
     <span class='ocr_line' id='line_1_37' title="bbox 272 2220 1912 2298; baseline -0.004 -16"><span class='ocrx_word' id='word_1_304' title='bbox 272 2238 484 2298; x_wconf 83' lang='lat' dir='ltr'><strong><em>porum</em></strong></span> <span class='ocrx_word' id='word_1_305' title='bbox 506 2224 1051 2298; x_wconf 77' lang='lat' dir='ltr'><strong><em>pulchrioribus,vel</em></strong></span> <span class='ocrx_word' id='word_1_306' title='bbox 1078 2228 1381 2297; x_wconf 88' lang='lat' dir='ltr'><strong><em>potentum</em></strong></span> <span class='ocrx_word' id='word_1_307' title='bbox 1407 2240 1474 2279; x_wconf 91' lang='lat' dir='ltr'><strong><em>ac</em></strong></span> <span class='ocrx_word' id='word_1_308' title='bbox 1495 2222 1742 2279; x_wconf 89' lang='lat' dir='ltr'><strong><em>divitum</em></strong></span> <span class='ocrx_word' id='word_1_309' title='bbox 1764 2220 1912 2276; x_wconf 82' lang='lat' dir='ltr'><strong><em>ﬁlia-</em></strong></span> 
     </span>
    </p>
   </div>
   <div class='ocr_carea' id='block_1_38' title="bbox 266 2312 1912 2386">
    <p class='ocr_par' dir='ltr' id='par_1_38' title="bbox 266 2312 1912 2386">
     <span class='ocr_line' id='line_1_38' title="bbox 266 2312 1912 2386; baseline -0.002 -16"><span class='ocrx_word' id='word_1_310' title='bbox 266 2313 382 2370; x_wconf 91' lang='lat' dir='ltr'><strong><em>bus</em></strong></span> <span class='ocrx_word' id='word_1_311' title='bbox 394 2312 1143 2386; x_wconf 84' lang='lat' dir='ltr'><strong><em>matrimoniacopularant.</em></strong></span> <span class='ocrx_word' id='word_1_312' title='bbox 1159 2312 1618 2385; x_wconf 87' lang='lat' dir='ltr'><strong><em>Corripititaque</em></strong></span> <span class='ocrx_word' id='word_1_313' title='bbox 1630 2328 1729 2367; x_wconf 90' lang='lat' dir='ltr'><strong><em>eos</em></strong></span> <span class='ocrx_word' id='word_1_314' title='bbox 1744 2315 1912 2366; x_wconf 78' lang='lat' dir='ltr'>Ezras</span> 
     </span>
    </p>
   </div>
   <div class='ocr_carea' id='block_1_39' title="bbox 267 2403 1913 2476">
    <p class='ocr_par' dir='ltr' id='par_1_39' title="bbox 267 2403 1913 2476">
     <span class='ocr_line' id='line_1_39' title="bbox 267 2403 1913 2476; baseline -0.004 -17"><span class='ocrx_word' id='word_1_315' title='bbox 267 2403 571 2476; x_wconf 84' lang='lat' dir='ltr'><strong><em>propheta,</em></strong></span> <span class='ocrx_word' id='word_1_316' title='bbox 594 2405 651 2459; x_wconf 89' lang='lat' dir='ltr'><strong><em>et</em></strong></span> <span class='ocrx_word' id='word_1_317' title='bbox 671 2404 741 2459; x_wconf 88' lang='lat' dir='ltr'><strong><em>ad</em></strong></span> <span class='ocrx_word' id='word_1_318' title='bbox 762 2403 1070 2474; x_wconf 89' lang='lat' dir='ltr'><strong><em>repudium</em></strong></span> <span class='ocrx_word' id='word_1_319' title='bbox 1085 2419 1364 2458; x_wconf 88' lang='lat' dir='ltr'><strong><em>novarum</em></strong></span> <span class='ocrx_word' id='word_1_320' title='bbox 1379 2403 1507 2472; x_wconf 85' lang='lat' dir='ltr'><strong><em>conj</em></strong></span> <span class='ocrx_word' id='word_1_321' title='bbox 1519 2416 1696 2475; x_wconf 90' lang='lat' dir='ltr'><strong><em>ugum</em></strong></span> <span class='ocrx_word' id='word_1_322' title='bbox 1712 2415 1913 2471; x_wconf 88' lang='lat' dir='ltr'><strong><em>provo-</em></strong></span> 
     </span>
    </p>
   </div>
   <div class='ocr_carea' id='block_1_40' title="bbox 266 2491 1913 2563">
    <p class='ocr_par' dir='ltr' id='par_1_40' title="bbox 266 2491 1913 2563">
     <span class='ocr_line' id='line_1_40' title="bbox 266 2491 1913 2563; baseline -0.003 -14"><span class='ocrx_word' id='word_1_323' title='bbox 266 2496 381 2563; x_wconf 87' lang='lat' dir='ltr'><strong><em>cat,</em></strong></span> <span class='ocrx_word' id='word_1_324' title='bbox 412 2497 480 2549; x_wconf 87' lang='lat' dir='ltr'><strong><em>ut</em></strong></span> <span class='ocrx_word' id='word_1_325' title='bbox 507 2506 716 2549; x_wconf 85' lang='lat' dir='ltr'><strong><em>uxores</em></strong></span> <span class='ocrx_word' id='word_1_326' title='bbox 746 2508 896 2563; x_wconf 90' lang='lat' dir='ltr'><strong><em>quas</em></strong></span> <span class='ocrx_word' id='word_1_327' title='bbox 945 2492 1309 2559; x_wconf 88' lang='lat' dir='ltr'><strong><em>dimiserant,</em></strong></span> <span class='ocrx_word' id='word_1_328' title='bbox 1369 2491 1691 2563; x_wconf 86' lang='lat' dir='ltr'><strong><em>recipiant:</em></strong></span> <span class='ocrx_word' id='word_1_329' title='bbox 1724 2491 1913 2545; x_wconf 86' lang='lat' dir='ltr'><strong><em>Nonne</em></strong></span> 
     </span>
    </p>
   </div>
   <div class='ocr_carea' id='block_1_41' title="bbox 264 2578 1913 2656">
    <p class='ocr_par' dir='ltr' id='par_1_41' title="bbox 264 2578 1913 2656">
     <span class='ocr_line' id='line_1_41' title="bbox 264 2578 1913 2656; baseline -0.003 -18"><span class='ocrx_word' id='word_1_330' title='bbox 264 2581 477 2655; x_wconf 84' lang='lat' dir='ltr'><strong><em>inquit,</em></strong></span> <span class='ocrx_word' id='word_1_331' title='bbox 507 2591 664 2656; x_wconf 81' lang='lat' dir='ltr'><strong><em>pater</em></strong></span> <span class='ocrx_word' id='word_1_332' title='bbox 680 2599 825 2639; x_wconf 87' lang='lat' dir='ltr'><strong><em>unus</em></strong></span> <span class='ocrx_word' id='word_1_333' title='bbox 852 2583 1130 2637; x_wconf 87' lang='lat' dir='ltr'><strong><em>Abraham</em></strong></span> <span class='ocrx_word' id='word_1_334' title='bbox 1159 2582 1407 2636; x_wconf 86' lang='lat' dir='ltr'><strong><em>omnium</em></strong></span> <span class='ocrx_word' id='word_1_335' title='bbox 1426 2585 1675 2637; x_wconf 84' lang='lat' dir='ltr'><strong><em>nostrum</em></strong></span> <span class='ocrx_word' id='word_1_336' title='bbox 1694 2587 1773 2634; x_wconf 87' lang='lat' dir='ltr'><strong><em>est</em></strong></span> <span class='ocrx_word' id='word_1_337' title='bbox 1791 2579 1819 2632; x_wconf 87' lang='lat'><strong>?</strong></span> <span class='ocrx_word' id='word_1_338' title='bbox 1841 2578 1913 2633; x_wconf 86' lang='lat' dir='ltr'><strong><em>de</em></strong></span> 
     </span>
    </p>
   </div>
   <div class='ocr_carea' id='block_1_42' title="bbox 267 2670 1913 2744">
    <p class='ocr_par' dir='ltr' id='par_1_42' title="bbox 267 2670 1913 2744">
     <span class='ocr_line' id='line_1_42' title="bbox 267 2670 1913 2744; baseline -0.004 -16"><span class='ocrx_word' id='word_1_339' title='bbox 267 2677 384 2744; x_wconf 81' lang='lat' dir='ltr'><strong><em>quo</em></strong></span> <span class='ocrx_word' id='word_1_340' title='bbox 413 2673 474 2728; x_wconf 87' lang='lat' dir='ltr'><strong><em>in</em></strong></span> <span class='ocrx_word' id='word_1_341' title='bbox 505 2672 656 2729; x_wconf 87' lang='lat' dir='ltr'><strong><em>Isaia</em></strong></span> <span class='ocrx_word' id='word_1_342' title='bbox 686 2671 997 2728; x_wconf 87' lang='lat' dir='ltr'><strong><em>scribitur:</em></strong></span> <span class='ocrx_word' id='word_1_343' title='bbox 1030 2673 1297 2743; x_wconf 83' lang='lat' dir='ltr'><strong><em>Respicite</em></strong></span> <span class='ocrx_word' id='word_1_344' title='bbox 1324 2672 1382 2725; x_wconf 89' lang='lat' dir='ltr'><strong><em>in</em></strong></span> <span class='ocrx_word' id='word_1_345' title='bbox 1405 2670 1681 2725; x_wconf 82' lang='lat' dir='ltr'><strong><em>Abraham</em></strong></span> <span class='ocrx_word' id='word_1_346' title='bbox 1696 2673 1913 2738; x_wconf 86' lang='lat' dir='ltr'><strong><em>patrem</em></strong></span> 
     </span>
    </p>
   </div>
   <div class='ocr_carea' id='block_1_43' title="bbox 263 2761 1907 2832">
    <p class='ocr_par' dir='ltr' id='par_1_43' title="bbox 263 2761 1907 2832">
     <span class='ocr_line' id='line_1_43' title="bbox 263 2761 1907 2832; baseline -0.004 -15"><span class='ocrx_word' id='word_1_347' title='bbox 263 2764 524 2830; x_wconf 84' lang='lat' dir='ltr'><strong><em>vestrum,</em></strong></span> <span class='ocrx_word' id='word_1_348' title='bbox 552 2766 609 2818; x_wconf 82' lang='lat' dir='ltr'><strong><em>et</em></strong></span> <span class='ocrx_word' id='word_1_349' title='bbox 638 2763 699 2817; x_wconf 86' lang='lat' dir='ltr'><strong><em>in</em></strong></span> <span class='ocrx_word' id='word_1_350' title='bbox 729 2761 945 2830; x_wconf 79' lang='lat' dir='ltr'><strong><em>Suram,</em></strong></span> <span class='ocrx_word' id='word_1_351' title='bbox 967 2777 1087 2832; x_wconf 72' lang='lat' dir='ltr'><strong><em>qua:</em></strong></span> <span class='ocrx_word' id='word_1_352' title='bbox 1109 2763 1296 2832; x_wconf 85' lang='lat' dir='ltr'><strong><em>genuit</em></strong></span> <span class='ocrx_word' id='word_1_353' title='bbox 1316 2776 1428 2827; x_wconf 89' lang='lat' dir='ltr'><strong><em>vos,</em></strong></span> <span class='ocrx_word' id='word_1_354' title='bbox 1446 2761 1576 2830; x_wconf 82' lang='lat' dir='ltr'><strong><em>quia</em></strong></span> <span class='ocrx_word' id='word_1_355' title='bbox 1596 2774 1741 2813; x_wconf 85' lang='lat' dir='ltr'><strong><em>unus</em></strong></span> <span class='ocrx_word' id='word_1_356' title='bbox 1765 2762 1907 2822; x_wconf 84' lang='lat' dir='ltr'><strong><em>erat,</em></strong></span> 
     </span>
    </p>
   </div>
   <div class='ocr_carea' id='block_1_44' title="bbox 264 2846 1914 2924">
    <p class='ocr_par' dir='ltr' id='par_1_44' title="bbox 264 2846 1914 2924">
     <span class='ocr_line' id='line_1_44' title="bbox 264 2846 1914 2924; baseline -0.004 -16"><span class='ocrx_word' id='word_1_357' title='bbox 264 2853 321 2907; x_wconf 73' lang='lat' dir='ltr'><strong><em>et</em></strong></span> <span class='ocrx_word' id='word_1_358' title='bbox 342 2852 527 2908; x_wconf 84' lang='lat' dir='ltr'><strong><em>vocavi</em></strong></span> <span class='ocrx_word' id='word_1_359' title='bbox 546 2868 672 2907; x_wconf 86' lang='lat' dir='ltr'><strong><em>eum</em></strong></span> <span class='ocrx_word' id='word_1_360' title='bbox 693 2853 844 2924; x_wconf 84' lang='lat' dir='ltr'><strong><em>(Isai.</em></strong></span> <span class='ocrx_word' id='word_1_361' title='bbox 875 2868 948 2906; x_wconf 85' lang='lat' dir='ltr'><strong><em>LI.</em></strong></span> <span class='ocrx_word' id='word_1_362' title='bbox 969 2852 1046 2922; x_wconf 82' lang='lat'><strong><em>2).</em></strong></span> <span class='ocrx_word' id='word_1_363' title='bbox 1096 2850 1300 2906; x_wconf 88' lang='lat' dir='ltr'><strong><em>Nonne</em></strong></span> <span class='ocrx_word' id='word_1_364' title='bbox 1346 2854 1498 2904; x_wconf 90' lang='lat' dir='ltr'><strong><em>Deus</em></strong></span> <span class='ocrx_word' id='word_1_365' title='bbox 1521 2864 1674 2903; x_wconf 89' lang='lat' dir='ltr'><strong><em>unus</em></strong></span> <span class='ocrx_word' id='word_1_366' title='bbox 1696 2846 1914 2903; x_wconf 89' lang='lat' dir='ltr'><strong><em>creavit</em></strong></span> 
     </span>
    </p>
   </div>
   <div class='ocr_carea' id='block_1_45' title="bbox 268 2935 1912 3014">
    <p class='ocr_par' dir='ltr' id='par_1_45' title="bbox 268 2935 1912 3014">
     <span class='ocr_line' id='line_1_45' title="bbox 268 2935 1912 3014; baseline -0.003 -19"><span class='ocrx_word' id='word_1_367' title='bbox 268 2950 400 3008; x_wconf 82' lang='lat' dir='ltr'><strong><em>nos,</em></strong></span> <span class='ocrx_word' id='word_1_368' title='bbox 423 2940 524 3014; x_wconf 88' lang='lat' dir='ltr'><strong><em>qui</em></strong></span> <span class='ocrx_word' id='word_1_369' title='bbox 543 2957 614 2997; x_wconf 84' lang='lat' dir='ltr'><strong><em>ex</em></strong></span> <span class='ocrx_word' id='word_1_370' title='bbox 630 2940 924 2996; x_wconf 86' lang='lat' dir='ltr'><strong><em>Abraham</em></strong></span> <span class='ocrx_word' id='word_1_371' title='bbox 953 2943 1220 2995; x_wconf 87' lang='lat' dir='ltr'><strong><em>nostrum</em></strong></span> <span class='ocrx_word' id='word_1_372' title='bbox 1267 2938 1423 2994; x_wconf 75' lang='lat'><strong><em>968</em></strong></span> <span class='ocrx_word' id='word_1_373' title='bbox 1463 2937 1638 3009; x_wconf 83' lang='lat' dir='ltr'><strong><em>elegit</em></strong></span> <span class='ocrx_word' id='word_1_374' title='bbox 1679 2935 1912 3009; x_wconf 82' lang='lat' dir='ltr'><strong><em>genus?</em></strong></span> 
     </span>
    </p>
   </div>
   <div class='ocr_carea' id='block_1_46' title="bbox 264 3027 1911 3102">
    <p class='ocr_par' dir='ltr' id='par_1_46' title="bbox 264 3027 1911 3102">
     <span class='ocr_line' id='line_1_46' title="bbox 264 3027 1911 3102; baseline -0.005 -16"><span class='ocrx_word' id='word_1_375' title='bbox 264 3031 458 3097; x_wconf 77' lang='lat' dir='ltr'><strong><em>Quare</em></strong></span> <span class='ocrx_word' id='word_1_376' title='bbox 477 3046 614 3102; x_wconf 85' lang='lat' dir='ltr'><strong><em>ergo</em></strong></span> <span class='ocrx_word' id='word_1_377' title='bbox 636 3034 855 3084; x_wconf 85' lang='lat' dir='ltr'><strong><em>veteres</em></strong></span> <span class='ocrx_word' id='word_1_378' title='bbox 877 3044 1087 3084; x_wconf 81' lang='lat' dir='ltr'><strong><em>uxores</em></strong></span> <span class='ocrx_word' id='word_1_379' title='bbox 1107 3027 1561 3095; x_wconf 89' lang='lat' dir='ltr'><strong><em>contemnimus,</em></strong></span> <span class='ocrx_word' id='word_1_380' title='bbox 1586 3031 1642 3081; x_wconf 88' lang='lat' dir='ltr'><strong><em>et</em></strong></span> <span class='ocrx_word' id='word_1_381' title='bbox 1666 3027 1911 3081; x_wconf 72' lang='lat' dir='ltr'><strong><em>fratrum</em></strong></span> 
     </span>
    </p>
   </div>
   <div class='ocr_carea' id='block_1_47' title="bbox 269 3115 1910 3189">
    <p class='ocr_par' dir='ltr' id='par_1_47' title="bbox 269 3115 1910 3189">
     <span class='ocr_line' id='line_1_47' title="bbox 269 3115 1910 3189; baseline -0.004 -16"><span class='ocrx_word' id='word_1_382' title='bbox 269 3122 608 3174; x_wconf 87' lang='lat' dir='ltr'><strong><em>nostrorum</em></strong></span> <span class='ocrx_word' id='word_1_383' title='bbox 631 3117 944 3189; x_wconf 89' lang='lat' dir='ltr'><strong><em>abjicimus</em></strong></span> <span class='ocrx_word' id='word_1_384' title='bbox 965 3116 1138 3183; x_wconf 76' lang='lat' dir='ltr'><strong><em>tilias,</em></strong></span> <span class='ocrx_word' id='word_1_385' title='bbox 1165 3121 1229 3171; x_wconf 91' lang='lat' dir='ltr'><strong><em>ut</em></strong></span> <span class='ocrx_word' id='word_1_386' title='bbox 1249 3115 1652 3187; x_wconf 88' lang='lat' dir='ltr'><strong><em>relinquamus</em></strong></span> <span class='ocrx_word' id='word_1_387' title='bbox 1674 3117 1910 3186; x_wconf 88' lang='lat' dir='ltr'><strong><em>pactum</em></strong></span> 
     </span>
    </p>
   </div>
   <div class='ocr_carea' id='block_1_48' title="bbox 269 3203 1908 3278">
    <p class='ocr_par' dir='ltr' id='par_1_48' title="bbox 269 3203 1908 3278">
     <span class='ocr_line' id='line_1_48' title="bbox 269 3203 1908 3278; baseline -0.004 -16"><span class='ocrx_word' id='word_1_388' title='bbox 269 3210 504 3278; x_wconf 77' lang='lat' dir='ltr'><strong><em>patrum</em></strong></span> <span class='ocrx_word' id='word_1_389' title='bbox 531 3211 889 3274; x_wconf 89' lang='lat' dir='ltr'><strong><em>nostrorum,</em></strong></span> <span class='ocrx_word' id='word_1_390' title='bbox 915 3210 972 3260; x_wconf 89' lang='lat' dir='ltr'><strong><em>et</em></strong></span> <span class='ocrx_word' id='word_1_391' title='bbox 997 3222 1111 3260; x_wconf 92' lang='lat' dir='ltr'><strong><em>non</em></strong></span> <span class='ocrx_word' id='word_1_392' title='bbox 1137 3221 1204 3259; x_wconf 86' lang='lat' dir='ltr'><strong><em>ex</em></strong></span> <span class='ocrx_word' id='word_1_393' title='bbox 1227 3211 1369 3276; x_wconf 86' lang='lat' dir='ltr'><strong><em>Lege</em></strong></span> <span class='ocrx_word' id='word_1_394' title='bbox 1388 3203 1745 3276; x_wconf 82' lang='lat' dir='ltr'><strong><em>accipiamus</em></strong></span> <span class='ocrx_word' id='word_1_395' title='bbox 1768 3217 1908 3256; x_wconf 86' lang='lat' dir='ltr'><strong><em>uxo-</em></strong></span> 
     </span>
    </p>
   </div>
   <div class='ocr_carea' id='block_1_49' title="bbox 2020 1962 3683 2032">
    <p class='ocr_par' dir='ltr' id='par_1_49' title="bbox 2020 1962 3683 2032">
     <span class='ocr_line' id='line_1_49' title="bbox 2020 1962 3683 2032; baseline 0.001 -18"><span class='ocrx_word' id='word_1_396' title='bbox 2020 1963 2273 2015; x_wconf 86' lang='lat' dir='ltr'><strong><em>nostrum</em></strong></span> <span class='ocrx_word' id='word_1_397' title='bbox 2292 1962 2528 2031; x_wconf 85' lang='lat' dir='ltr'><strong><em>fratrem</em></strong></span> <span class='ocrx_word' id='word_1_398' title='bbox 2547 1977 2728 2027; x_wconf 89' lang='lat' dir='ltr'><strong><em>suum,</em></strong></span> <span class='ocrx_word' id='word_1_399' title='bbox 2749 1962 2964 2017; x_wconf 79' lang='lat' dir='ltr'><strong><em>violens</em></strong></span> <span class='ocrx_word' id='word_1_400' title='bbox 2979 1968 3200 2032; x_wconf 86' lang='lat' dir='ltr'><strong><em>pactum</em></strong></span> <span class='ocrx_word' id='word_1_401' title='bbox 3218 1964 3458 2031; x_wconf 83' lang='lat' dir='ltr'><strong><em>patrum</em></strong></span> <span class='ocrx_word' id='word_1_402' title='bbox 3478 1965 3683 2015; x_wconf 79' lang='lat' dir='ltr'><strong><em>nostro-</em></strong></span> 
     </span>
    </p>
   </div>
   <div class='ocr_carea' id='block_1_50' title="bbox 2022 2047 3677 2122">
    <p class='ocr_par' dir='ltr' id='par_1_50' title="bbox 2022 2047 3677 2122">
     <span class='ocr_line' id='line_1_50' title="bbox 2022 2047 3677 2122; baseline 0 -19"><span class='ocrx_word' id='word_1_403' title='bbox 2022 2064 2169 2115; x_wconf 84' lang='lat' dir='ltr'><strong><em>rum,</em></strong></span> <span class='ocrx_word' id='word_1_404' title='bbox 2195 2049 2278 2104; x_wconf 88' lang='lat' dir='ltr'><strong><em>sic</em></strong></span> <span class='ocrx_word' id='word_1_405' title='bbox 2299 2048 2666 2122; x_wconf 86' lang='lat' dir='ltr'><strong><em>interpretati</em></strong></span> <span class='ocrx_word' id='word_1_406' title='bbox 2688 2054 2851 2116; x_wconf 89' lang='lat' dir='ltr'><strong><em>sunt,</em></strong></span> <span class='ocrx_word' id='word_1_407' title='bbox 2875 2052 2941 2103; x_wconf 89' lang='lat' dir='ltr'><strong><em>ut</em></strong></span> <span class='ocrx_word' id='word_1_408' title='bbox 2961 2049 3223 2104; x_wconf 89' lang='lat' dir='ltr'><strong><em>dicerent</em></strong></span> <span class='ocrx_word' id='word_1_409' title='bbox 3251 2066 3265 2103; x_wconf 92' lang='lat'><strong><em>:</em></strong></span> <span class='ocrx_word' id='word_1_410' title='bbox 3294 2047 3419 2103; x_wconf 86' lang='lat' dir='ltr'><strong><em>Nos</em></strong></span> <span class='ocrx_word' id='word_1_411' title='bbox 3443 2052 3677 2103; x_wconf 81' lang='lat' dir='ltr'><strong><em>cunctos</em></strong></span> 
     </span>
    </p>
   </div>
   <div class='ocr_carea' id='block_1_51' title="bbox 2021 2135 3751 2216">
    <p class='ocr_par' dir='ltr' id='par_1_51' title="bbox 2021 2135 3751 2216">
     <span class='ocr_line' id='line_1_51' title="bbox 2021 2135 3751 2216; baseline 0.001 -25"><span class='ocrx_word' id='word_1_412' title='bbox 2021 2135 2094 2192; x_wconf 88' lang='lat' dir='ltr'><strong><em>ab</em></strong></span> <span class='ocrx_word' id='word_1_413' title='bbox 2115 2154 2230 2193; x_wconf 93' lang='lat' dir='ltr'><strong><em>uno</em></strong></span> <span class='ocrx_word' id='word_1_414' title='bbox 2253 2147 2414 2209; x_wconf 87' lang='lat' dir='ltr'><strong><em>patre</em></strong></span> <span class='ocrx_word' id='word_1_415' title='bbox 2438 2142 2765 2210; x_wconf 88' lang='lat' dir='ltr'><strong><em>generatos,</em></strong></span> <span class='ocrx_word' id='word_1_416' title='bbox 2798 2154 2983 2193; x_wconf 90' lang='lat' dir='ltr'><strong><em>unum</em></strong></span> <span class='ocrx_word' id='word_1_417' title='bbox 3000 2153 3130 2193; x_wconf 89' lang='lat' dir='ltr'><strong><em>esse</em></strong></span> <span class='ocrx_word' id='word_1_418' title='bbox 3149 2137 3394 2204; x_wconf 88' lang='lat' dir='ltr'><strong><em>debere,</em></strong></span> <span class='ocrx_word' id='word_1_419' title='bbox 3412 2143 3469 2193; x_wconf 87' lang='lat' dir='ltr'><strong><em>et</em></strong></span> <span class='ocrx_word' id='word_1_420' title='bbox 3491 2154 3673 2192; x_wconf 87' lang='lat' dir='ltr'><strong><em>unum</em></strong></span> <span class='ocrx_word' id='word_1_421' title='bbox 3742 2208 3751 2216; x_wconf 38' lang='lat'>.</span> 
     </span>
    </p>
   </div>
   <div class='ocr_carea' id='block_1_52' title="bbox 2021 2225 3675 2299">
    <p class='ocr_par' dir='ltr' id='par_1_52' title="bbox 2021 2225 3675 2299">
     <span class='ocr_line' id='line_1_52' title="bbox 2021 2225 3675 2299; baseline 0 -19"><span class='ocrx_word' id='word_1_422' title='bbox 2021 2225 2407 2282; x_wconf 86' lang='lat' dir='ltr'><strong><em>confessionis</em></strong></span> <span class='ocrx_word' id='word_1_423' title='bbox 2428 2227 2642 2283; x_wconf 85' lang='lat' dir='ltr'><strong><em>habere</em></strong></span> <span class='ocrx_word' id='word_1_424' title='bbox 2663 2227 2885 2283; x_wconf 90' lang='lat' dir='ltr'><strong><em>labium</em></strong></span> <span class='ocrx_word' id='word_1_425' title='bbox 2910 2245 2922 2294; x_wconf 91' lang='lat'><strong>;</strong></span> <span class='ocrx_word' id='word_1_426' title='bbox 2949 2227 3051 2282; x_wconf 89' lang='lat' dir='ltr'><strong><em>sed</em></strong></span> <span class='ocrx_word' id='word_1_427' title='bbox 3089 2230 3300 2299; x_wconf 86' lang='lat' dir='ltr'><strong><em>postea</em></strong></span> <span class='ocrx_word' id='word_1_428' title='bbox 3319 2242 3433 2298; x_wconf 88' lang='lat' dir='ltr'><strong><em>per</em></strong></span> <span class='ocrx_word' id='word_1_429' title='bbox 3476 2243 3675 2298; x_wconf 80' lang='lat' dir='ltr'><strong><em>super-</em></strong></span> 
     </span>
    </p>
   </div>
   <div class='ocr_carea' id='block_1_53' title="bbox 2020 2314 3677 2373">
    <p class='ocr_par' dir='ltr' id='par_1_53' title="bbox 2020 2314 3677 2373">
     <span class='ocr_line' id='line_1_53' title="bbox 2020 2314 3677 2373; baseline 0 -3"><span class='ocrx_word' id='word_1_430' title='bbox 2020 2314 2176 2370; x_wconf 89' lang='lat' dir='ltr'><strong><em>biam</em></strong></span> <span class='ocrx_word' id='word_1_431' title='bbox 2194 2321 2250 2371; x_wconf 87' lang='lat' dir='ltr'><strong><em>et</em></strong></span> <span class='ocrx_word' id='word_1_432' title='bbox 2272 2316 2711 2373; x_wconf 74' lang='lat' dir='ltr'><strong><em>aediﬁcationem</em></strong></span> <span class='ocrx_word' id='word_1_433' title='bbox 2735 2316 2916 2372; x_wconf 88' lang='lat' dir='ltr'><strong><em>turris</em></strong></span> <span class='ocrx_word' id='word_1_434' title='bbox 2936 2320 3141 2371; x_wconf 90' lang='lat' dir='ltr'><strong><em>contra</em></strong></span> <span class='ocrx_word' id='word_1_435' title='bbox 3166 2316 3361 2372; x_wconf 89' lang='lat' dir='ltr'><strong><em>Deum</em></strong></span> <span class='ocrx_word' id='word_1_436' title='bbox 3380 2316 3445 2370; x_wconf 89' lang='lat' dir='ltr'><strong><em>in</em></strong></span> <span class='ocrx_word' id='word_1_437' title='bbox 3465 2314 3677 2371; x_wconf 76' lang='lat' dir='ltr'><strong><em>multa:</em></strong></span> 
     </span>
    </p>
   </div>
   <div class='ocr_carea' id='block_1_54' title="bbox 2019 2403 3675 2477">
    <p class='ocr_par' dir='ltr' id='par_1_54' title="bbox 2019 2403 3675 2477">
     <span class='ocr_line' id='line_1_54' title="bbox 2019 2403 3675 2477; baseline 0.001 -19"><span class='ocrx_word' id='word_1_438' title='bbox 2019 2403 2254 2476; x_wconf 85' lang='lat' dir='ltr'><strong><em>linguas</em></strong></span> <span class='ocrx_word' id='word_1_439' title='bbox 2289 2410 2464 2477; x_wconf 84' lang='lat' dir='ltr'><strong><em>atque</em></strong></span> <span class='ocrx_word' id='word_1_440' title='bbox 2520 2406 2844 2462; x_wconf 85' lang='lat' dir='ltr'><strong><em>sententias</em></strong></span> <span class='ocrx_word' id='word_1_441' title='bbox 2874 2421 3003 2462; x_wconf 89' lang='lat' dir='ltr'><strong><em>esse</em></strong></span> <span class='ocrx_word' id='word_1_442' title='bbox 3025 2404 3248 2460; x_wconf 88' lang='lat' dir='ltr'><strong><em>dlvisos</em></strong></span> <span class='ocrx_word' id='word_1_443' title='bbox 3275 2405 3565 2475; x_wconf 55' lang='lat' dir='ltr'><strong><em>(Geram).</em></strong></span> <span class='ocrx_word' id='word_1_444' title='bbox 3595 2405 3675 2459; x_wconf 80' lang='lat' dir='ltr'><strong><em>Ad</em></strong></span> 
     </span>
    </p>
   </div>
   <div class='ocr_carea' id='block_1_55' title="bbox 2018 2492 3675 2567">
    <p class='ocr_par' dir='ltr' id='par_1_55' title="bbox 2018 2492 3675 2567">
     <span class='ocr_line' id='line_1_55' title="bbox 2018 2492 3675 2567; baseline 0.001 -19"><span class='ocrx_word' id='word_1_445' title='bbox 2018 2492 2447 2567; x_wconf 83' lang='lat' dir='ltr'><strong><em>eleemosynam</em></strong></span> <span class='ocrx_word' id='word_1_446' title='bbox 2466 2511 2697 2567; x_wconf 85' lang='lat' dir='ltr'><strong><em>quoque</em></strong></span> <span class='ocrx_word' id='word_1_447' title='bbox 2720 2492 2996 2562; x_wconf 86' lang='lat' dir='ltr'><strong><em>referunt,</em></strong></span> <span class='ocrx_word' id='word_1_448' title='bbox 3016 2499 3082 2549; x_wconf 92' lang='lat' dir='ltr'><strong><em>ut</em></strong></span> <span class='ocrx_word' id='word_1_449' title='bbox 3097 2494 3300 2549; x_wconf 86' lang='lat' dir='ltr'><strong><em>dicant</em></strong></span> <span class='ocrx_word' id='word_1_450' title='bbox 3324 2511 3339 2548; x_wconf 92' lang='lat'><strong><em>:</em></strong></span> <span class='ocrx_word' id='word_1_451' title='bbox 3362 2492 3675 2566; x_wconf 85' lang='lat' dir='ltr'><strong><em>Despicere</em></strong></span> 
     </span>
    </p>
   </div>
   <div class='ocr_carea' id='block_1_56' title="bbox 2018 2583 3675 2655">
    <p class='ocr_par' dir='ltr' id='par_1_56' title="bbox 2018 2583 3675 2655">
     <span class='ocr_line' id='line_1_56' title="bbox 2018 2583 3675 2655; baseline 0 -18"><span class='ocrx_word' id='word_1_452' title='bbox 2018 2598 2126 2638; x_wconf 88' lang='lat' dir='ltr'><strong><em>nos</em></strong></span> <span class='ocrx_word' id='word_1_453' title='bbox 2147 2583 2354 2639; x_wconf 88' lang='lat' dir='ltr'><strong><em>fratres</em></strong></span> <span class='ocrx_word' id='word_1_454' title='bbox 2379 2590 2632 2653; x_wconf 90' lang='lat' dir='ltr'><strong><em>nostros,</em></strong></span> <span class='ocrx_word' id='word_1_455' title='bbox 2658 2584 2893 2655; x_wconf 88' lang='lat' dir='ltr'><strong><em>quando</em></strong></span> <span class='ocrx_word' id='word_1_456' title='bbox 2917 2600 3028 2639; x_wconf 91' lang='lat' dir='ltr'><strong><em>nen</em></strong></span> <span class='ocrx_word' id='word_1_457' title='bbox 3049 2584 3575 2639; x_wconf 74' lang='lat' dir='ltr'><strong><em>communicamu:</em></strong></span> <span class='ocrx_word' id='word_1_458' title='bbox 3594 2584 3675 2638; x_wconf 86' lang='lat' dir='ltr'><strong><em>eis</em></strong></span> 
     </span>
    </p>
   </div>
   <div class='ocr_carea' id='block_1_57' title="bbox 2020 2672 3677 2743">
    <p class='ocr_par' dir='ltr' id='par_1_57' title="bbox 2020 2672 3677 2743">
     <span class='ocr_line' id='line_1_57' title="bbox 2020 2672 3677 2743; baseline 0.001 -18"><span class='ocrx_word' id='word_1_459' title='bbox 2020 2685 2148 2743; x_wconf 65' lang='lat' dir='ltr'><strong><em>qua</em></strong></span> <span class='ocrx_word' id='word_1_460' title='bbox 2170 2688 2203 2726; x_wconf 90' lang='lat' dir='ltr'><strong><em>a</em></strong></span> <span class='ocrx_word' id='word_1_461' title='bbox 2226 2672 2339 2727; x_wconf 90' lang='lat' dir='ltr'><strong><em>Deo</em></strong></span> <span class='ocrx_word' id='word_1_462' title='bbox 2379 2674 2451 2728; x_wconf 89' lang='lat' dir='ltr'><strong><em>ad</em></strong></span> <span class='ocrx_word' id='word_1_463' title='bbox 2491 2673 2955 2729; x_wconf 88' lang='lat' dir='ltr'><strong><em>sustendendam</em></strong></span> <span class='ocrx_word' id='word_1_464' title='bbox 2994 2672 3173 2727; x_wconf 83' lang='lat' dir='ltr'><strong><em>vitam</em></strong></span> <span class='ocrx_word' id='word_1_465' title='bbox 3209 2672 3581 2743; x_wconf 87' lang='lat' dir='ltr'><strong><em>accepimus.</em></strong></span> <span class='ocrx_word' id='word_1_466' title='bbox 3613 2672 3677 2728; x_wconf 80' lang='lat' dir='ltr'><strong><em>Et</em></strong></span> 
     </span>
    </p>
   </div>
   <div class='ocr_carea' id='block_1_58' title="bbox 2020 2758 3673 2829">
    <p class='ocr_par' dir='ltr' id='par_1_58' title="bbox 2020 2758 3673 2829">
     <span class='ocr_line' id='line_1_58' title="bbox 2020 2758 3673 2829; baseline 0.002 -15"><span class='ocrx_word' id='word_1_467' title='bbox 2020 2761 2091 2814; x_wconf 89' lang='lat' dir='ltr'><strong><em>ad</em></strong></span> <span class='ocrx_word' id='word_1_468' title='bbox 2117 2758 2227 2816; x_wconf 90' lang='lat' dir='ltr'><strong><em>hoc</em></strong></span> <span class='ocrx_word' id='word_1_469' title='bbox 2248 2765 2575 2829; x_wconf 85' lang='lat' dir='ltr'><strong><em>transeunt,</em></strong></span> <span class='ocrx_word' id='word_1_470' title='bbox 2602 2767 2663 2817; x_wconf 92' lang='lat' dir='ltr'><strong><em>ut</em></strong></span> <span class='ocrx_word' id='word_1_471' title='bbox 2714 2766 2982 2818; x_wconf 73' lang='lat' dir='ltr'><strong><em>asserunt</em></strong></span> <span class='ocrx_word' id='word_1_472' title='bbox 3001 2762 3237 2817; x_wconf 81' lang='lat' dir='ltr'><strong><em>fratrem</em></strong></span> <span class='ocrx_word' id='word_1_473' title='bbox 3262 2765 3565 2829; x_wconf 87' lang='lat' dir='ltr'><strong><em>nostrum,</em></strong></span> <span class='ocrx_word' id='word_1_474' title='bbox 3588 2778 3673 2817; x_wconf 83' lang='lat' dir='ltr'><strong><em>se-</em></strong></span> 
     </span>
    </p>
   </div>
   <div class='ocr_carea' id='block_1_59' title="bbox 2020 2848 3676 2923">
    <p class='ocr_par' dir='ltr' id='par_1_59' title="bbox 2020 2848 3676 2923">
     <span class='ocr_line' id='line_1_59' title="bbox 2020 2848 3676 2923; baseline 0.001 -20"><span class='ocrx_word' id='word_1_475' title='bbox 2020 2849 2949 2923; x_wconf 87' lang='lat' dir='ltr'><strong><em>cundumScripturas,dominum</em></strong></span> <span class='ocrx_word' id='word_1_476' title='bbox 2964 2848 3382 2923; x_wconf 89' lang='lat' dir='ltr'><strong><em>appellari,qui</em></strong></span> <span class='ocrx_word' id='word_1_477' title='bbox 3400 2851 3676 2922; x_wconf 73' lang='lat' dir='ltr'><strong><em>praecepit</em></strong></span> 
     </span>
    </p>
   </div>
   <div class='ocr_carea' id='block_1_60' title="bbox 2020 2938 3671 3013">
    <p class='ocr_par' dir='ltr' id='par_1_60' title="bbox 2020 2938 3671 3013">
     <span class='ocr_line' id='line_1_60' title="bbox 2020 2938 3671 3013; baseline 0.001 -20"><span class='ocrx_word' id='word_1_478' title='bbox 2020 2938 2214 2993; x_wconf 71' lang='lat' dir='ltr'><strong><em>Maria:</em></strong></span> <span class='ocrx_word' id='word_1_479' title='bbox 2232 2938 2613 3013; x_wconf 67' lang='lat' dir='ltr'><strong><em>Magdalenen,</em></strong></span> <span class='ocrx_word' id='word_1_480' title='bbox 2634 2944 2698 2995; x_wconf 91' lang='lat' dir='ltr'><strong><em>ut</em></strong></span> <span class='ocrx_word' id='word_1_481' title='bbox 2722 2939 2952 2995; x_wconf 85' lang='lat' dir='ltr'><strong><em>nuntiet</em></strong></span> <span class='ocrx_word' id='word_1_482' title='bbox 2974 2938 3252 2995; x_wconf 86' lang='lat' dir='ltr'><strong><em>fratribus</em></strong></span> <span class='ocrx_word' id='word_1_483' title='bbox 3298 2938 3455 3009; x_wconf 85' lang='lat' dir='ltr'><strong><em>suis,</em></strong></span> <span class='ocrx_word' id='word_1_484' title='bbox 3483 2939 3671 2994; x_wconf 81' lang='lat' dir='ltr'><strong><em>Domi-</em></strong></span> 
     </span>
    </p>
   </div>
   <div class='ocr_carea' id='block_1_61' title="bbox 2021 3027 3675 3102">
    <p class='ocr_par' dir='ltr' id='par_1_61' title="bbox 2021 3027 3675 3102">
     <span class='ocr_line' id='line_1_61' title="bbox 2021 3027 3675 3102; baseline 0 -19"><span class='ocrx_word' id='word_1_485' title='bbox 2021 3044 2163 3083; x_wconf 87' lang='lat' dir='ltr'><strong><em>num</em></strong></span> <span class='ocrx_word' id='word_1_486' title='bbox 2189 3030 2512 3085; x_wconf 86' lang='lat' dir='ltr'><strong><em>surrexisse</em></strong></span> <span class='ocrx_word' id='word_1_487' title='bbox 2532 3030 2708 3102; x_wconf 84' lang='lat' dir='ltr'><strong><em>(Joan.</em></strong></span> <span class='ocrx_word' id='word_1_488' title='bbox 2760 3032 2877 3097; x_wconf 83' lang='lat' dir='ltr'><strong><em>xx),</em></strong></span> <span class='ocrx_word' id='word_1_489' title='bbox 2922 3033 2979 3084; x_wconf 91' lang='lat' dir='ltr'><strong><em>et</em></strong></span> <span class='ocrx_word' id='word_1_490' title='bbox 3018 3027 3283 3100; x_wconf 86' lang='lat' dir='ltr'><strong><em>loquitur</em></strong></span> <span class='ocrx_word' id='word_1_491' title='bbox 3312 3029 3371 3083; x_wconf 88' lang='lat' dir='ltr'><strong><em>in</em></strong></span> <span class='ocrx_word' id='word_1_492' title='bbox 3408 3027 3675 3085; x_wconf 73' lang='lat' dir='ltr'><strong><em>Pssimo:</em></strong></span> 
     </span>
    </p>
   </div>
   <div class='ocr_carea' id='block_1_62' title="bbox 2019 3117 3678 3189">
    <p class='ocr_par' dir='ltr' id='par_1_62' title="bbox 2019 3117 3678 3189">
     <span class='ocr_line' id='line_1_62' title="bbox 2019 3117 3678 3189; baseline -0.001 -16"><span class='ocrx_word' id='word_1_493' title='bbox 2019 3119 2271 3173; x_wconf 86' lang='lat' dir='ltr'><strong><em>Narrabo</em></strong></span> <span class='ocrx_word' id='word_1_494' title='bbox 2298 3134 2497 3173; x_wconf 88' lang='lat' dir='ltr'><strong><em>nomen</em></strong></span> <span class='ocrx_word' id='word_1_495' title='bbox 2527 3122 2684 3173; x_wconf 88' lang='lat' dir='ltr'><strong><em>tuum</em></strong></span> <span class='ocrx_word' id='word_1_496' title='bbox 2710 3119 2982 3189; x_wconf 77' lang='lat' dir='ltr'><strong><em>fratribus</em></strong></span> <span class='ocrx_word' id='word_1_497' title='bbox 3006 3119 3164 3184; x_wconf 83' lang='lat' dir='ltr'><strong><em>meis,</em></strong></span> <span class='ocrx_word' id='word_1_498' title='bbox 3196 3118 3257 3171; x_wconf 91' lang='lat' dir='ltr'><strong><em>in</em></strong></span> <span class='ocrx_word' id='word_1_499' title='bbox 3278 3117 3466 3173; x_wconf 82' lang='lat' dir='ltr'><strong><em>medio</em></strong></span> <span class='ocrx_word' id='word_1_500' title='bbox 3494 3119 3678 3173; x_wconf 65' lang='lat' dir='ltr'><strong><em>Emic-</em></strong></span> 
     </span>
    </p>
   </div>
   <div class='ocr_carea' id='block_1_63' title="bbox 2019 3205 3675 3279">
    <p class='ocr_par' dir='ltr' id='par_1_63' title="bbox 2019 3205 3675 3279">
     <span class='ocr_line' id='line_1_63' title="bbox 2019 3205 3675 3279; baseline 0.001 -18"><span class='ocrx_word' id='word_1_501' title='bbox 2019 3207 2123 3263; x_wconf 73' lang='lat' dir='ltr'><strong><em>site</em></strong></span> <span class='ocrx_word' id='word_1_502' title='bbox 2150 3208 2388 3263; x_wconf 87' lang='lat' dir='ltr'><strong><em>cantabo</em></strong></span> <span class='ocrx_word' id='word_1_503' title='bbox 2417 3208 2520 3263; x_wconf 75' lang='lat' dir='ltr'><strong><em>tibi</em></strong></span> <span class='ocrx_word' id='word_1_504' title='bbox 2548 3208 2660 3279; x_wconf 87' lang='lat' dir='ltr'><strong><em>(Ps.</em></strong></span> <span class='ocrx_word' id='word_1_505' title='bbox 2703 3224 2818 3274; x_wconf 71' lang='lat' dir='ltr'><strong><em>xm,</em></strong></span> <span class='ocrx_word' id='word_1_506' title='bbox 2838 3208 2952 3279; x_wconf 85' lang='lat'><strong><em>23).</em></strong></span> <span class='ocrx_word' id='word_1_507' title='bbox 2991 3205 3382 3262; x_wconf 82' lang='lat' dir='ltr'><strong><em>Deseruerant</em></strong></span> <span class='ocrx_word' id='word_1_508' title='bbox 3404 3223 3551 3279; x_wconf 83' lang='lat' dir='ltr'><strong><em>ergo</em></strong></span> <span class='ocrx_word' id='word_1_509' title='bbox 3568 3207 3675 3262; x_wconf 85' lang='lat' dir='ltr'><strong><em>Ju-</em></strong></span> 
     </span>
    </p>
   </div>
   <div class='ocr_carea' id='block_1_64' title="bbox 270 3268 3678 3367">
    <p class='ocr_par' dir='ltr' id='par_1_64' title="bbox 270 3268 3678 3367">
     <span class='ocr_line' id='line_1_64' title="bbox 270 3268 3678 3367; baseline 0 -17"><span class='ocrx_word' id='word_1_510' title='bbox 270 3308 363 3350; x_wconf 88' lang='lat' dir='ltr'><strong><em>res</em></strong></span> <span class='ocrx_word' id='word_1_511' title='bbox 380 3291 393 3348; x_wconf 90' lang='lat' dir='ltr'><strong><em>l</em></strong></span> <span class='ocrx_word' id='word_1_512' title='bbox 408 3295 835 3366; x_wconf 82' lang='lat' dir='ltr'><strong><em>Transgressus</em></strong></span> <span class='ocrx_word' id='word_1_513' title='bbox 855 3296 944 3349; x_wconf 92' lang='lat' dir='ltr'><strong><em>est</em></strong></span> <span class='ocrx_word' id='word_1_514' title='bbox 961 3292 1270 3364; x_wconf 69' lang='lat' dir='ltr'><strong><em>Juda(bsec</em></strong></span> <span class='ocrx_word' id='word_1_515' title='bbox 1290 3292 1448 3348; x_wconf 91' lang='lat' dir='ltr'><strong><em>enim</em></strong></span> <span class='ocrx_word' id='word_1_516' title='bbox 1467 3291 1659 3347; x_wconf 88' lang='lat' dir='ltr'><strong><em>tribus</em></strong></span> <span class='ocrx_word' id='word_1_517' title='bbox 1681 3306 1913 3347; x_wconf 87' lang='lat' dir='ltr'><strong><em>reversa</em></strong></span> <span class='ocrx_word' id='word_1_518' title='bbox 1938 3268 1983 3335; x_wconf 67' lang='grc' dir='ltr'>ο</span> <span class='ocrx_word' id='word_1_519' title='bbox 2024 3295 2130 3350; x_wconf 70' lang='lat' dir='ltr'><strong><em>daai</em></strong></span> <span class='ocrx_word' id='word_1_520' title='bbox 2153 3296 2391 3351; x_wconf 81' lang='lat' dir='ltr'>fratrem</span> <span class='ocrx_word' id='word_1_521' title='bbox 2414 3268 2612 3365; x_wconf 81' lang='lat' dir='ltr'><strong><em>suum,</em></strong></span> <span class='ocrx_word' id='word_1_522' title='bbox 2632 3301 2689 3352; x_wconf 90' lang='lat' dir='ltr'><strong><em>et</em></strong></span> <span class='ocrx_word' id='word_1_523' title='bbox 2708 3268 3244 3353; x_wconf 83' lang='lat' dir='ltr'><strong><em>contaminaverunt</em></strong></span> <span class='ocrx_word' id='word_1_524' title='bbox 3283 3268 3522 3367; x_wconf 73' lang='lat' dir='ltr'><strong><em>pactum</em></strong></span> <span class='ocrx_word' id='word_1_525' title='bbox 3558 3312 3678 3367; x_wconf 83' lang='lat' dir='ltr'><strong><em>pa-</em></strong></span> 
     </span>
    </p>
   </div>
   <div class='ocr_carea' id='block_1_65' title="bbox 270 3380 1912 3456">
    <p class='ocr_par' dir='ltr' id='par_1_65' title="bbox 270 3380 1912 3456">
     <span class='ocr_line' id='line_1_65' title="bbox 270 3380 1912 3456; baseline -0.002 -17"><span class='ocrx_word' id='word_1_526' title='bbox 270 3384 450 3439; x_wconf 89' lang='lat' dir='ltr'><strong><em>estde</em></strong></span> <span class='ocrx_word' id='word_1_527' title='bbox 468 3382 761 3456; x_wconf 84' lang='lat' dir='ltr'><strong><em>Babylone</em></strong></span> <span class='ocrx_word' id='word_1_528' title='bbox 781 3398 915 3438; x_wconf 90' lang='lat' dir='ltr'><strong><em>cum</em></strong></span> <span class='ocrx_word' id='word_1_529' title='bbox 938 3380 1340 3438; x_wconf 86' lang='lat' dir='ltr'><strong><em>sacerdotibus</em></strong></span> <span class='ocrx_word' id='word_1_530' title='bbox 1385 3397 1451 3436; x_wconf 89' lang='lat' dir='ltr'><strong><em>ac</em></strong></span> <span class='ocrx_word' id='word_1_531' title='bbox 1498 3380 1732 3451; x_wconf 86' lang='lat' dir='ltr'><strong><em>Levitis,</em></strong></span> <span class='ocrx_word' id='word_1_532' title='bbox 1763 3383 1818 3436; x_wconf 88' lang='lat' dir='ltr'><strong><em>et</em></strong></span> <span class='ocrx_word' id='word_1_533' title='bbox 1849 3396 1912 3435; x_wconf 86' lang='lat' dir='ltr'><strong><em>a-</em></strong></span> 
     </span>
    </p>
   </div>
   <div class='ocr_carea' id='block_1_66' title="bbox 266 3468 1907 3543">
    <p class='ocr_par' dir='ltr' id='par_1_66' title="bbox 266 3468 1907 3543">
     <span class='ocr_line' id='line_1_66' title="bbox 266 3468 1907 3543; baseline -0.002 -16"><span class='ocrx_word' id='word_1_534' title='bbox 266 3472 593 3528; x_wconf 88' lang='lat' dir='ltr'><strong><em>bominatio</em></strong></span> <span class='ocrx_word' id='word_1_535' title='bbox 626 3472 776 3527; x_wconf 89' lang='lat' dir='ltr'><strong><em>facta</em></strong></span> <span class='ocrx_word' id='word_1_536' title='bbox 800 3477 889 3528; x_wconf 86' lang='lat' dir='ltr'><strong><em>est</em></strong></span> <span class='ocrx_word' id='word_1_537' title='bbox 916 3470 976 3526; x_wconf 87' lang='lat' dir='ltr'><strong><em>in</em></strong></span> <span class='ocrx_word' id='word_1_538' title='bbox 1010 3470 1206 3543; x_wconf 89' lang='lat' dir='ltr'><strong><em>Israel,</em></strong></span> <span class='ocrx_word' id='word_1_539' title='bbox 1238 3475 1295 3526; x_wconf 88' lang='lat' dir='ltr'><strong><em>et</em></strong></span> <span class='ocrx_word' id='word_1_540' title='bbox 1325 3470 1383 3525; x_wconf 88' lang='lat' dir='ltr'><strong><em>in</em></strong></span> <span class='ocrx_word' id='word_1_541' title='bbox 1411 3469 1762 3527; x_wconf 89' lang='lat' dir='ltr'><strong><em>Jerusalem.</em></strong></span> <span class='ocrx_word' id='word_1_542' title='bbox 1794 3468 1907 3524; x_wconf 82' lang='lat' dir='ltr'><strong><em>Ne-</em></strong></span> 
     </span>
    </p>
   </div>
   <div class='ocr_carea' id='block_1_67' title="bbox 266 3560 1908 3633">
    <p class='ocr_par' dir='ltr' id='par_1_67' title="bbox 266 3560 1908 3633">
     <span class='ocr_line' id='line_1_67' title="bbox 266 3560 1908 3633; baseline -0.002 -15"><span class='ocrx_word' id='word_1_543' title='bbox 266 3576 564 3633; x_wconf 87' lang='lat' dir='ltr'><strong><em>quaquam</em></strong></span> <span class='ocrx_word' id='word_1_544' title='bbox 587 3561 647 3616; x_wconf 90' lang='lat' dir='ltr'><strong><em>in</em></strong></span> <span class='ocrx_word' id='word_1_545' title='bbox 672 3562 875 3617; x_wconf 89' lang='lat' dir='ltr'><strong><em>decem</em></strong></span> <span class='ocrx_word' id='word_1_546' title='bbox 893 3560 1187 3628; x_wconf 84' lang='lat' dir='ltr'><strong><em>tribubus,</em></strong></span> <span class='ocrx_word' id='word_1_547' title='bbox 1213 3577 1339 3631; x_wconf 68' lang='lat' dir='ltr'><strong><em>qua:</em></strong></span> <span class='ocrx_word' id='word_1_548' title='bbox 1371 3561 1442 3615; x_wconf 89' lang='lat' dir='ltr'><strong><em>ab</em></strong></span> <span class='ocrx_word' id='word_1_549' title='bbox 1468 3560 1719 3633; x_wconf 85' lang='lat' dir='ltr'><strong><em>Assyriis</em></strong></span> <span class='ocrx_word' id='word_1_550' title='bbox 1746 3565 1908 3615; x_wconf 89' lang='lat' dir='ltr'><strong><em>tene-</em></strong></span> 
     </span>
    </p>
   </div>
   <div class='ocr_carea' id='block_1_68' title="bbox 263 3648 1907 3724">
    <p class='ocr_par' dir='ltr' id='par_1_68' title="bbox 263 3648 1907 3724">
     <span class='ocr_line' id='line_1_68' title="bbox 263 3648 1907 3724; baseline -0.002 -17"><span class='ocrx_word' id='word_1_551' title='bbox 263 3650 513 3718; x_wconf 84' lang='lat' dir='ltr'><strong><em>bantur;</em></strong></span> <span class='ocrx_word' id='word_1_552' title='bbox 533 3651 634 3707; x_wconf 83' lang='lat' dir='ltr'><strong><em>sed</em></strong></span> <span class='ocrx_word' id='word_1_553' title='bbox 647 3651 708 3707; x_wconf 91' lang='lat' dir='ltr'><strong><em>in</em></strong></span> <span class='ocrx_word' id='word_1_554' title='bbox 723 3650 818 3707; x_wconf 91' lang='lat' dir='ltr'><strong><em>his</em></strong></span> <span class='ocrx_word' id='word_1_555' title='bbox 833 3650 910 3724; x_wconf 91' lang='lat' dir='ltr'><strong><em>(b)</em></strong></span> <span class='ocrx_word' id='word_1_556' title='bbox 931 3650 1032 3722; x_wconf 91' lang='lat' dir='ltr'><strong><em>qui</em></strong></span> <span class='ocrx_word' id='word_1_557' title='bbox 1051 3651 1121 3705; x_wconf 91' lang='lat' dir='ltr'><strong><em>ad</em></strong></span> <span class='ocrx_word' id='word_1_558' title='bbox 1144 3650 1272 3722; x_wconf 83' lang='lat' dir='ltr'>Cyri</span> <span class='ocrx_word' id='word_1_559' title='bbox 1296 3650 1449 3722; x_wconf 89' lang='lat' dir='ltr'><strong><em>regis</em></strong></span> <span class='ocrx_word' id='word_1_560' title='bbox 1470 3649 1779 3722; x_wconf 89' lang='lat' dir='ltr'><strong><em>imperium</em></strong></span> <span class='ocrx_word' id='word_1_561' title='bbox 1796 3648 1907 3704; x_wconf 90' lang='lat' dir='ltr'><strong><em>sub</em></strong></span> 
     </span>
    </p>
   </div>
   <div class='ocr_carea' id='block_1_69' title="bbox 259 3732 1904 3811">
    <p class='ocr_par' dir='ltr' id='par_1_69' title="bbox 259 3732 1904 3811">
     <span class='ocr_line' id='line_1_69' title="bbox 259 3732 1904 3811; baseline -0.002 -15"><span class='ocrx_word' id='word_1_562' title='bbox 259 3732 574 3797; x_wconf 81' lang='lat' dir='ltr'><strong><em>Zorobabel</em></strong></span> <span class='ocrx_word' id='word_1_563' title='bbox 594 3746 650 3797; x_wconf 84' lang='lat' dir='ltr'><strong><em>et</em></strong></span> <span class='ocrx_word' id='word_1_564' title='bbox 697 3741 861 3808; x_wconf 89' lang='lat' dir='ltr'><strong><em>Ezra,</em></strong></span> <span class='ocrx_word' id='word_1_565' title='bbox 914 3744 971 3795; x_wconf 91' lang='lat' dir='ltr'><strong><em>et</em></strong></span> <span class='ocrx_word' id='word_1_566' title='bbox 1015 3738 1255 3795; x_wconf 88' lang='lat' dir='ltr'><strong><em>Neemia</em></strong></span> <span class='ocrx_word' id='word_1_567' title='bbox 1302 3739 1372 3794; x_wconf 90' lang='lat' dir='ltr'><strong><em>de</em></strong></span> <span class='ocrx_word' id='word_1_568' title='bbox 1419 3737 1739 3811; x_wconf 82' lang='lat' dir='ltr'><strong><em>Babylonia</em></strong></span> <span class='ocrx_word' id='word_1_569' title='bbox 1769 3742 1904 3793; x_wconf 87' lang='lat' dir='ltr'><strong><em>sunt</em></strong></span> 
     </span>
    </p>
   </div>
   <div class='ocr_carea' id='block_1_70' title="bbox 261 3827 1905 3900">
    <p class='ocr_par' dir='ltr' id='par_1_70' title="bbox 261 3827 1905 3900">
     <span class='ocr_line' id='line_1_70' title="bbox 261 3827 1905 3900; baseline -0.001 -16"><span class='ocrx_word' id='word_1_570' title='bbox 261 3830 498 3887; x_wconf 86' lang='lat' dir='ltr'><strong><em>reversi.</em></strong></span> <span class='ocrx_word' id='word_1_571' title='bbox 520 3831 662 3900; x_wconf 84' lang='lat' dir='ltr'><strong><em>Quia</em></strong></span> <span class='ocrx_word' id='word_1_572' title='bbox 682 3830 1080 3885; x_wconf 83' lang='lat' dir='ltr'><strong><em>contaminavit</em></strong></span> <span class='ocrx_word' id='word_1_573' title='bbox 1110 3828 1251 3884; x_wconf 75' lang='lat' dir='ltr'><strong><em>Iuda</em></strong></span> <span class='ocrx_word' id='word_1_574' title='bbox 1296 3829 1788 3899; x_wconf 81' lang='lat' dir='ltr'><strong><em>sanctiﬁcationem</em></strong></span> <span class='ocrx_word' id='word_1_575' title='bbox 1807 3827 1905 3882; x_wconf 88' lang='lat' dir='ltr'><strong><em>Do-</em></strong></span> 
     </span>
    </p>
   </div>
   <div class='ocr_carea' id='block_1_71' title="bbox 257 3916 1904 3991">
    <p class='ocr_par' dir='ltr' id='par_1_71' title="bbox 257 3916 1904 3991">
     <span class='ocr_line' id='line_1_71' title="bbox 257 3916 1904 3991; baseline -0.002 -17"><span class='ocrx_word' id='word_1_576' title='bbox 257 3919 421 3990; x_wconf 74' lang='lat' dir='ltr'><strong><em>mini,</em></strong></span> <span class='ocrx_word' id='word_1_577' title='bbox 452 3936 618 3991; x_wconf 82' lang='lat' dir='ltr'><strong><em>quam</em></strong></span> <span class='ocrx_word' id='word_1_578' title='bbox 651 3920 873 3987; x_wconf 75' lang='lat' dir='ltr'><strong><em>dilexit,</em></strong></span> <span class='ocrx_word' id='word_1_579' title='bbox 900 3927 951 3973; x_wconf 88' lang='lat' dir='ltr'><strong><em>et</em></strong></span> <span class='ocrx_word' id='word_1_580' title='bbox 981 3917 1174 3973; x_wconf 87' lang='lat' dir='ltr'><strong><em>habuit</em></strong></span> <span class='ocrx_word' id='word_1_581' title='bbox 1201 3918 1381 3989; x_wconf 80' lang='lat' dir='ltr'><strong><em>ﬁliam</em></strong></span> <span class='ocrx_word' id='word_1_582' title='bbox 1425 3918 1526 3973; x_wconf 88' lang='lat' dir='ltr'><strong><em>Dei</em></strong></span> <span class='ocrx_word' id='word_1_583' title='bbox 1569 3918 1761 3985; x_wconf 87' lang='lat' dir='ltr'><strong><em>alieni,</em></strong></span> <span class='ocrx_word' id='word_1_584' title='bbox 1793 3916 1904 3971; x_wconf 88' lang='lat' dir='ltr'><strong><em>mi-</em></strong></span> 
     </span>
    </p>
   </div>
   <div class='ocr_carea' id='block_1_72' title="bbox 257 4005 1899 4079">
    <p class='ocr_par' dir='ltr' id='par_1_72' title="bbox 257 4005 1899 4079">
     <span class='ocr_line' id='line_1_72' title="bbox 257 4005 1899 4079; baseline -0.002 -15"><span class='ocrx_word' id='word_1_585' title='bbox 257 4008 473 4065; x_wconf 78' lang='lat' dir='ltr'><strong><em>scendo</em></strong></span> <span class='ocrx_word' id='word_1_586' title='bbox 494 4024 629 4064; x_wconf 90' lang='lat' dir='ltr'><strong><em>cum</em></strong></span> <span class='ocrx_word' id='word_1_587' title='bbox 652 4007 1000 4079; x_wconf 85' lang='lat' dir='ltr'><strong><em>alienigenis</em></strong></span> <span class='ocrx_word' id='word_1_588' title='bbox 1022 4022 1221 4062; x_wconf 90' lang='lat' dir='ltr'><strong><em>semen</em></strong></span> <span class='ocrx_word' id='word_1_589' title='bbox 1248 4005 1446 4072; x_wconf 87' lang='lat' dir='ltr'><strong><em>Israel,</em></strong></span> <span class='ocrx_word' id='word_1_590' title='bbox 1469 4010 1528 4062; x_wconf 90' lang='lat' dir='ltr'><strong><em>et</em></strong></span> <span class='ocrx_word' id='word_1_591' title='bbox 1548 4005 1856 4079; x_wconf 86' lang='lat' dir='ltr'><strong><em>gentilium</em></strong></span> <span class='ocrx_word' id='word_1_592' title='bbox 1885 4021 1899 4073; x_wconf 91' lang='lat'><strong>;</strong></span> 
     </span>
    </p>
   </div>
   <div class='ocr_carea' id='block_1_73' title="bbox 257 4094 1902 4165">
    <p class='ocr_par' dir='ltr' id='par_1_73' title="bbox 257 4094 1902 4165">
     <span class='ocr_line' id='line_1_73' title="bbox 257 4094 1902 4165; baseline -0.002 -13"><span class='ocrx_word' id='word_1_593' title='bbox 257 4095 317 4152; x_wconf 87' lang='lat' dir='ltr'><strong><em>id</em></strong></span> <span class='ocrx_word' id='word_1_594' title='bbox 337 4101 445 4165; x_wconf 86' lang='lat' dir='ltr'><strong><em>est,</em></strong></span> <span class='ocrx_word' id='word_1_595' title='bbox 469 4098 839 4153; x_wconf 88' lang='lat' dir='ltr'><strong><em>ethnicorum</em></strong></span> <span class='ocrx_word' id='word_1_596' title='bbox 862 4095 1036 4161; x_wconf 84' lang='lat' dir='ltr'><strong><em>ﬁlias,</em></strong></span> <span class='ocrx_word' id='word_1_597' title='bbox 1059 4095 1231 4150; x_wconf 89' lang='lat' dir='ltr'><strong><em>idolis</em></strong></span> <span class='ocrx_word' id='word_1_598' title='bbox 1253 4096 1589 4162; x_wconf 89' lang='lat' dir='ltr'><strong><em>servientes,</em></strong></span> <span class='ocrx_word' id='word_1_599' title='bbox 1614 4094 1902 4150; x_wconf 84' lang='lat' dir='ltr'><strong><em>sumendo</em></strong></span> 
     </span>
    </p>
   </div>
   <div class='ocr_carea' id='block_1_74' title="bbox 258 4183 1903 4257">
    <p class='ocr_par' dir='ltr' id='par_1_74' title="bbox 258 4183 1903 4257">
     <span class='ocr_line' id='line_1_74' title="bbox 258 4183 1903 4257; baseline -0.001 -17"><span class='ocrx_word' id='word_1_600' title='bbox 258 4200 489 4240; x_wconf 80' lang='lat' dir='ltr'><strong><em>uxores.</em></strong></span> <span class='ocrx_word' id='word_1_601' title='bbox 522 4186 668 4250; x_wconf 87' lang='lat' dir='ltr'><strong><em>Quia</em></strong></span> <span class='ocrx_word' id='word_1_602' title='bbox 698 4184 878 4257; x_wconf 84' lang='lat' dir='ltr'><strong><em>igitur</em></strong></span> <span class='ocrx_word' id='word_1_603' title='bbox 906 4184 1016 4239; x_wconf 87' lang='lat' dir='ltr'><strong><em>hoc</em></strong></span> <span class='ocrx_word' id='word_1_604' title='bbox 1048 4185 1326 4252; x_wconf 87' lang='lat' dir='ltr'><strong><em>fecerunt,</em></strong></span> <span class='ocrx_word' id='word_1_605' title='bbox 1376 4183 1669 4256; x_wconf 66' lang='lat' dir='ltr'><strong><em>prophetis</em></strong></span> <span class='ocrx_word' id='word_1_606' title='bbox 1701 4185 1772 4239; x_wconf 89' lang='lat' dir='ltr'><strong><em>ad</em></strong></span> <span class='ocrx_word' id='word_1_607' title='bbox 1804 4200 1903 4239; x_wconf 90' lang='lat' dir='ltr'><strong><em>eos</em></strong></span> 
     </span>
    </p>
   </div>
   <div class='ocr_carea' id='block_1_75' title="bbox 258 4272 1898 4345">
    <p class='ocr_par' dir='ltr' id='par_1_75' title="bbox 258 4272 1898 4345">
     <span class='ocr_line' id='line_1_75' title="bbox 258 4272 1898 4345; baseline -0.001 -15"><span class='ocrx_word' id='word_1_608' title='bbox 258 4282 454 4331; x_wconf 75' lang='lat' dir='ltr'><strong><em>sermo</em></strong></span> <span class='ocrx_word' id='word_1_609' title='bbox 475 4272 768 4345; x_wconf 86' lang='lat' dir='ltr'><strong><em>dirigitur,</em></strong></span> <span class='ocrx_word' id='word_1_610' title='bbox 784 4277 840 4328; x_wconf 91' lang='lat' dir='ltr'><strong><em>et</em></strong></span> <span class='ocrx_word' id='word_1_611' title='bbox 860 4290 893 4327; x_wconf 88' lang='lat' dir='ltr'><strong><em>a</em></strong></span> <span class='ocrx_word' id='word_1_612' title='bbox 916 4276 1149 4344; x_wconf 86' lang='lat' dir='ltr'><strong><em>peccato</em></strong></span> <span class='ocrx_word' id='word_1_613' title='bbox 1175 4272 1693 4329; x_wconf 83' lang='lat' dir='ltr'><strong><em>maledictionibus</em></strong></span> <span class='ocrx_word' id='word_1_614' title='bbox 1720 4278 1898 4329; x_wconf 89' lang='lat' dir='ltr'><strong><em>retra-</em></strong></span> 
     </span>
    </p>
   </div>
   <div class='ocr_carea' id='block_1_76' title="bbox 256 4361 1898 4434">
    <p class='ocr_par' dir='ltr' id='par_1_76' title="bbox 256 4361 1898 4434">
     <span class='ocr_line' id='line_1_76' title="bbox 256 4361 1898 4434; baseline -0.001 -15"><span class='ocrx_word' id='word_1_615' title='bbox 256 4362 498 4419; x_wconf 84' lang='lat' dir='ltr'><strong><em>huntur.</em></strong></span> <span class='ocrx_word' id='word_1_616' title='bbox 558 4362 844 4434; x_wconf 85' lang='lat' dir='ltr'><strong><em>Disperdat</em></strong></span> <span class='ocrx_word' id='word_1_617' title='bbox 894 4361 1157 4417; x_wconf 78' lang='lat' dir='ltr'><strong><em>Daminus</em></strong></span> <span class='ocrx_word' id='word_1_618' title='bbox 1209 4363 1390 4417; x_wconf 85' lang='lat' dir='ltr'><strong><em>virum</em></strong></span> <span class='ocrx_word' id='word_1_619' title='bbox 1442 4379 1536 4434; x_wconf 77' lang='lat' dir='ltr'><strong><em>qui</em></strong></span> <span class='ocrx_word' id='word_1_620' title='bbox 1564 4364 1753 4434; x_wconf 80' lang='lat' dir='ltr'><strong><em>fecerit</em></strong></span> <span class='ocrx_word' id='word_1_621' title='bbox 1782 4364 1898 4418; x_wconf 86' lang='lat' dir='ltr'><strong><em>hoc.</em></strong></span> 
     </span>
    </p>
   </div>
   <div class='ocr_carea' id='block_1_77' title="bbox 256 4450 1900 4525">
    <p class='ocr_par' dir='ltr' id='par_1_77' title="bbox 256 4450 1900 4525">
     <span class='ocr_line' id='line_1_77' title="bbox 256 4450 1900 4525; baseline 0 -17"><span class='ocrx_word' id='word_1_622' title='bbox 256 4454 443 4520; x_wconf 82' lang='lat' dir='ltr'><strong><em>Quam</em></strong></span> <span class='ocrx_word' id='word_1_623' title='bbox 465 4451 707 4525; x_wconf 86' lang='lat' dir='ltr'><strong><em>pulchre</em></strong></span> <span class='ocrx_word' id='word_1_624' title='bbox 730 4469 847 4509; x_wconf 88' lang='lat' dir='ltr'><strong><em>non</em></strong></span> <span class='ocrx_word' id='word_1_625' title='bbox 870 4450 1122 4507; x_wconf 88' lang='lat' dir='ltr'><strong><em>abscidit</em></strong></span> <span class='ocrx_word' id='word_1_626' title='bbox 1142 4451 1322 4507; x_wconf 88' lang='lat' dir='ltr'><strong><em>errori</em></strong></span> <span class='ocrx_word' id='word_1_627' title='bbox 1345 4451 1593 4520; x_wconf 88' lang='lat' dir='ltr'><strong><em>veniam,</em></strong></span> <span class='ocrx_word' id='word_1_628' title='bbox 1618 4469 1723 4507; x_wconf 89' lang='lat' dir='ltr'><strong><em>nec</em></strong></span> <span class='ocrx_word' id='word_1_629' title='bbox 1734 4452 1900 4518; x_wconf 87' lang='lat' dir='ltr'><strong><em>dixit,</em></strong></span> 
     </span>
    </p>
   </div>
   <div class='ocr_carea' id='block_1_78' title="bbox 254 4540 1898 4613">
    <p class='ocr_par' dir='ltr' id='par_1_78' title="bbox 254 4540 1898 4613">
     <span class='ocr_line' id='line_1_78' title="bbox 254 4540 1898 4613; baseline -0.001 -16"><span class='ocrx_word' id='word_1_630' title='bbox 254 4542 565 4599; x_wconf 84' lang='lat' dir='ltr'><strong><em>maledicat</em></strong></span> <span class='ocrx_word' id='word_1_631' title='bbox 584 4542 946 4599; x_wconf 78' lang='lat' dir='ltr'><strong><em>Dominus’et</em></strong></span> <span class='ocrx_word' id='word_1_632' title='bbox 965 4542 1065 4613; x_wconf 89' lang='lat' dir='ltr'><strong><em>qui</em></strong></span> <span class='ocrx_word' id='word_1_633' title='bbox 1093 4541 1223 4597; x_wconf 87' lang='lat' dir='ltr'><strong><em>fecit</em></strong></span> <span class='ocrx_word' id='word_1_634' title='bbox 1243 4540 1352 4595; x_wconf 92' lang='lat' dir='ltr'><strong><em>hoc</em></strong></span> <span class='ocrx_word' id='word_1_635' title='bbox 1378 4557 1391 4608; x_wconf 90' lang='lat'><strong>;</strong></span> <span class='ocrx_word' id='word_1_636' title='bbox 1430 4542 1529 4596; x_wconf 92' lang='lat' dir='ltr'><strong><em>sed</em></strong></span> <span class='ocrx_word' id='word_1_637' title='bbox 1552 4541 1655 4613; x_wconf 87' lang='lat' dir='ltr'><strong><em>qui</em></strong></span> <span class='ocrx_word' id='word_1_638' title='bbox 1682 4540 1898 4611; x_wconf 84' lang='lat' dir='ltr'><strong><em>fecerit,</em></strong></span> 
     </span>
    </p>
   </div>
   <div class='ocr_carea' id='block_1_79' title="bbox 2019 3382 3674 3457">
    <p class='ocr_par' dir='ltr' id='par_1_79' title="bbox 2019 3382 3674 3457">
     <span class='ocr_line' id='line_1_79' title="bbox 2019 3382 3674 3457; baseline 0 -18"><span class='ocrx_word' id='word_1_639' title='bbox 2019 3387 2174 3440; x_wconf 87' lang='lat' dir='ltr'><strong><em>trum</em></strong></span> <span class='ocrx_word' id='word_1_640' title='bbox 2198 3401 2461 3456; x_wconf 90' lang='lat' dir='ltr'><strong><em>suorum,</em></strong></span> <span class='ocrx_word' id='word_1_641' title='bbox 2511 3386 2669 3457; x_wconf 88' lang='lat' dir='ltr'><strong><em>quod</em></strong></span> <span class='ocrx_word' id='word_1_642' title='bbox 2718 3384 2871 3441; x_wconf 92' lang='lat' dir='ltr'><strong><em>Deus</em></strong></span> <span class='ocrx_word' id='word_1_643' title='bbox 2920 3384 3217 3456; x_wconf 83' lang='lat' dir='ltr'><strong><em>pepigerat</em></strong></span> <span class='ocrx_word' id='word_1_644' title='bbox 3236 3383 3308 3439; x_wconf 87' lang='lat' dir='ltr'><strong><em>ad</em></strong></span> <span class='ocrx_word' id='word_1_645' title='bbox 3329 3382 3674 3455; x_wconf 74' lang='lat' dir='ltr'><strong><em>Abraham,</em></strong></span> 
     </span>
    </p>
   </div>
   <div class='ocr_carea' id='block_1_80' title="bbox 2020 3470 3679 3545">
    <p class='ocr_par' dir='ltr' id='par_1_80' title="bbox 2020 3470 3679 3545">
     <span class='ocr_line' id='line_1_80' title="bbox 2020 3470 3679 3545; baseline 0 -17"><span class='ocrx_word' id='word_1_646' title='bbox 2020 3474 2200 3543; x_wconf 85' lang='lat' dir='ltr'><strong><em>Isaac,</em></strong></span> <span class='ocrx_word' id='word_1_647' title='bbox 2235 3480 2291 3529; x_wconf 90' lang='lat' dir='ltr'><strong><em>et</em></strong></span> <span class='ocrx_word' id='word_1_648' title='bbox 2317 3474 2520 3545; x_wconf 90' lang='lat' dir='ltr'><strong><em>Jacob,</em></strong></span> <span class='ocrx_word' id='word_1_649' title='bbox 2548 3475 2693 3531; x_wconf 89' lang='lat' dir='ltr'><strong><em>utin</em></strong></span> <span class='ocrx_word' id='word_1_650' title='bbox 2715 3473 2938 3530; x_wconf 87' lang='lat' dir='ltr'><strong><em>semine</em></strong></span> <span class='ocrx_word' id='word_1_651' title='bbox 2952 3489 3184 3542; x_wconf 87' lang='lat' dir='ltr'><strong><em>eorum,</em></strong></span> <span class='ocrx_word' id='word_1_652' title='bbox 3207 3471 3356 3545; x_wconf 86' lang='lat' dir='ltr'><strong><em>quod</em></strong></span> <span class='ocrx_word' id='word_1_653' title='bbox 3380 3470 3679 3544; x_wconf 81' lang='lat' dir='ltr'><strong><em>interpre-</em></strong></span> 
     </span>
    </p>
   </div>
   <div class='ocr_carea' id='block_1_81' title="bbox 2019 3560 3674 3634">
    <p class='ocr_par' dir='ltr' id='par_1_81' title="bbox 2019 3560 3674 3634">
     <span class='ocr_line' id='line_1_81' title="bbox 2019 3560 3674 3634; baseline 0 -17"><span class='ocrx_word' id='word_1_654' title='bbox 2019 3566 2176 3618; x_wconf 82' lang='lat' dir='ltr'><strong><em>tatur</em></strong></span> <span class='ocrx_word' id='word_1_655' title='bbox 2206 3563 2471 3632; x_wconf 83' lang='lat' dir='ltr'><strong><em>Christus,</em></strong></span> <span class='ocrx_word' id='word_1_656' title='bbox 2507 3562 2991 3618; x_wconf 87' lang='lat' dir='ltr'><strong><em>benedicerentur</em></strong></span> <span class='ocrx_word' id='word_1_657' title='bbox 3017 3578 3221 3618; x_wconf 90' lang='lat' dir='ltr'><strong><em>omnes</em></strong></span> <span class='ocrx_word' id='word_1_658' title='bbox 3266 3565 3500 3634; x_wconf 85' lang='lat' dir='ltr'><strong><em>gentes.</em></strong></span> <span class='ocrx_word' id='word_1_659' title='bbox 3536 3560 3674 3617; x_wconf 66' lang='lat' dir='ltr'><strong><em>Hec</em></strong></span> 
     </span>
    </p>
   </div>
   <div class='ocr_carea' id='block_1_82' title="bbox 2014 3649 3670 3725">
    <p class='ocr_par' dir='ltr' id='par_1_82' title="bbox 2014 3649 3670 3725">
     <span class='ocr_line' id='line_1_82' title="bbox 2014 3649 3670 3725; baseline -0.001 -20"><span class='ocrx_word' id='word_1_660' title='bbox 2014 3651 2173 3707; x_wconf 88' lang='lat' dir='ltr'><strong><em>varie</em></strong></span> <span class='ocrx_word' id='word_1_661' title='bbox 2201 3652 2596 3725; x_wconf 90' lang='lat' dir='ltr'><strong><em>suspicantur,</em></strong></span> <span class='ocrx_word' id='word_1_662' title='bbox 2629 3650 2769 3723; x_wconf 89' lang='lat' dir='ltr'><strong><em>quia</em></strong></span> <span class='ocrx_word' id='word_1_663' title='bbox 2788 3656 3005 3707; x_wconf 76' lang='lat' dir='ltr'><strong><em>certain</em></strong></span> <span class='ocrx_word' id='word_1_664' title='bbox 3026 3650 3179 3705; x_wconf 86' lang='lat' dir='ltr'><strong><em>viam</em></strong></span> <span class='ocrx_word' id='word_1_665' title='bbox 3200 3666 3320 3705; x_wconf 90' lang='lat' dir='ltr'><strong><em>non</em></strong></span> <span class='ocrx_word' id='word_1_666' title='bbox 3338 3649 3670 3721; x_wconf 80' lang='lat' dir='ltr'><strong><em>reperiunt.</em></strong></span> 
     </span>
    </p>
   </div>
   <div class='ocr_carea' id='block_1_83' title="bbox 2015 3737 3672 3813">
    <p class='ocr_par' dir='ltr' id='par_1_83' title="bbox 2015 3737 3672 3813">
     <span class='ocr_line' id='line_1_83' title="bbox 2015 3737 3672 3813; baseline -0.001 -18"><span class='ocrx_word' id='word_1_667' title='bbox 2015 3741 2275 3813; x_wconf 91' lang='lat' dir='ltr'><strong><em>Denique</em></strong></span> <span class='ocrx_word' id='word_1_668' title='bbox 2295 3746 2352 3797; x_wconf 89' lang='lat' dir='ltr'><strong><em>et</em></strong></span> <span class='ocrx_word' id='word_1_669' title='bbox 2371 3741 2479 3796; x_wconf 89' lang='lat' dir='ltr'><strong><em>hoc</em></strong></span> <span class='ocrx_word' id='word_1_670' title='bbox 2507 3740 2661 3813; x_wconf 90' lang='lat' dir='ltr'><strong><em>quod</em></strong></span> <span class='ocrx_word' id='word_1_671' title='bbox 2684 3739 2948 3811; x_wconf 87' lang='lat' dir='ltr'><strong><em>sequitur</em></strong></span> <span class='ocrx_word' id='word_1_672' title='bbox 2957 3741 2982 3811; x_wconf 89' lang='lat' dir='ltr'>j</span> <span class='ocrx_word' id='word_1_673' title='bbox 2994 3743 3127 3794; x_wconf 85' lang='lat' dir='ltr'><strong><em>uxta</em></strong></span> <span class='ocrx_word' id='word_1_674' title='bbox 3160 3737 3331 3793; x_wconf 85' lang='lat' dir='ltr'><strong><em>LXX:</em></strong></span> <span class='ocrx_word' id='word_1_675' title='bbox 3370 3738 3672 3794; x_wconf 64' lang='lat' dir='ltr'><strong><em>Dereh&#39;ctas</em></strong></span> 
     </span>
    </p>
   </div>
   <div class='ocr_carea' id='block_1_84' title="bbox 2013 3827 3674 3899">
    <p class='ocr_par' dir='ltr' id='par_1_84' title="bbox 2013 3827 3674 3899">
     <span class='ocr_line' id='line_1_84' title="bbox 2013 3827 3674 3899; baseline -0.001 -15"><span class='ocrx_word' id='word_1_676' title='bbox 2013 3832 2093 3884; x_wconf 85' lang='lat' dir='ltr'><strong><em>est</em></strong></span> <span class='ocrx_word' id='word_1_677' title='bbox 2120 3832 2318 3896; x_wconf 71' lang='lat' dir='ltr'><strong><em>ludas,</em></strong></span> <span class='ocrx_word' id='word_1_678' title='bbox 2349 3839 2400 3886; x_wconf 90' lang='lat' dir='ltr'><strong><em>et</em></strong></span> <span class='ocrx_word' id='word_1_679' title='bbox 2421 3830 2766 3886; x_wconf 86' lang='lat' dir='ltr'><strong><em>abominatio</em></strong></span> <span class='ocrx_word' id='word_1_680' title='bbox 2780 3830 2928 3899; x_wconf 80' lang='lat' dir='ltr'><strong><em>facta</em></strong></span> <span class='ocrx_word' id='word_1_681' title='bbox 2946 3832 3025 3884; x_wconf 88' lang='lat' dir='ltr'><strong><em>est</em></strong></span> <span class='ocrx_word' id='word_1_682' title='bbox 3047 3830 3109 3884; x_wconf 85' lang='lat' dir='ltr'><strong><em>in</em></strong></span> <span class='ocrx_word' id='word_1_683' title='bbox 3128 3827 3322 3893; x_wconf 84' lang='lat' dir='ltr'><strong><em>Israel,</em></strong></span> <span class='ocrx_word' id='word_1_684' title='bbox 3341 3832 3401 3882; x_wconf 80' lang='lat' dir='ltr'><strong><em>et</em></strong></span> <span class='ocrx_word' id='word_1_685' title='bbox 3424 3830 3485 3882; x_wconf 83' lang='lat' dir='ltr'><strong><em>in</em></strong></span> <span class='ocrx_word' id='word_1_686' title='bbox 3501 3828 3674 3883; x_wconf 74' lang='lat' dir='ltr'><strong><em>Jeru-</em></strong></span> 
     </span>
    </p>
   </div>
   <div class='ocr_carea' id='block_1_85' title="bbox 2010 3915 3674 3991">
    <p class='ocr_par' dir='ltr' id='par_1_85' title="bbox 2010 3915 3674 3991">
     <span class='ocr_line' id='line_1_85' title="bbox 2010 3915 3674 3991; baseline -0.002 -17"><span class='ocrx_word' id='word_1_687' title='bbox 2010 3919 2204 3991; x_wconf 89' lang='lat' dir='ltr'><strong><em>salem,</em></strong></span> <span class='ocrx_word' id='word_1_688' title='bbox 2237 3918 2321 3975; x_wconf 90' lang='lat' dir='ltr'><strong><em>sic</em></strong></span> <span class='ocrx_word' id='word_1_689' title='bbox 2351 3919 2721 3975; x_wconf 86' lang='lat' dir='ltr'><strong><em>edisserunt:</em></strong></span> <span class='ocrx_word' id='word_1_690' title='bbox 2758 3922 3025 3973; x_wconf 88' lang='lat' dir='ltr'><strong><em>Desertos</em></strong></span> <span class='ocrx_word' id='word_1_691' title='bbox 3073 3933 3200 3973; x_wconf 84' lang='lat' dir='ltr'><strong><em>esse</em></strong></span> <span class='ocrx_word' id='word_1_692' title='bbox 3227 3915 3495 3983; x_wconf 72' lang='lat' dir='ltr'><strong><em>Judzeos,</em></strong></span> <span class='ocrx_word' id='word_1_693' title='bbox 3530 3917 3674 3987; x_wconf 80' lang='lat' dir='ltr'><strong><em>quia</em></strong></span> 
     </span>
    </p>
   </div>
   <div class='ocr_carea' id='block_1_86' title="bbox 2012 4004 3673 4081">
    <p class='ocr_par' dir='ltr' id='par_1_86' title="bbox 2012 4004 3673 4081">
     <span class='ocr_line' id='line_1_86' title="bbox 2012 4004 3673 4081; baseline -0.002 -18"><span class='ocrx_word' id='word_1_694' title='bbox 2012 4007 2568 4081; x_wconf 90' lang='lat' dir='ltr'><strong><em>blasphemaverunt</em></strong></span> <span class='ocrx_word' id='word_1_695' title='bbox 2604 4007 2917 4063; x_wconf 90' lang='lat' dir='ltr'><strong><em>Dominum</em></strong></span> <span class='ocrx_word' id='word_1_696' title='bbox 2962 4006 3341 4073; x_wconf 84' lang='lat' dir='ltr'><strong><em>Salvatorem,</em></strong></span> <span class='ocrx_word' id='word_1_697' title='bbox 3392 4009 3452 4060; x_wconf 86' lang='lat' dir='ltr'><strong><em>et</em></strong></span> <span class='ocrx_word' id='word_1_698' title='bbox 3480 4004 3673 4061; x_wconf 86' lang='lat' dir='ltr'><strong><em>susti-</em></strong></span> 
     </span>
    </p>
   </div>
   <div class='ocr_carea' id='block_1_87' title="bbox 2012 4094 3669 4170">
    <p class='ocr_par' dir='ltr' id='par_1_87' title="bbox 2012 4094 3669 4170">
     <span class='ocr_line' id='line_1_87' title="bbox 2012 4094 3669 4170; baseline -0.002 -17"><span class='ocrx_word' id='word_1_699' title='bbox 2012 4099 2212 4154; x_wconf 85' lang='lat' dir='ltr'><strong><em>nuisse</em></strong></span> <span class='ocrx_word' id='word_1_700' title='bbox 2244 4098 2398 4170; x_wconf 89' lang='lat' dir='ltr'><strong><em>quod</em></strong></span> <span class='ocrx_word' id='word_1_701' title='bbox 2436 4098 2725 4170; x_wconf 87' lang='lat' dir='ltr'><strong><em>scriptum</em></strong></span> <span class='ocrx_word' id='word_1_702' title='bbox 2748 4101 2874 4152; x_wconf 88' lang='lat' dir='ltr'><strong><em>est:</em></strong></span> <span class='ocrx_word' id='word_1_703' title='bbox 2906 4094 3212 4151; x_wconf 85' lang='lat' dir='ltr'><strong><em>Secundum</em></strong></span> <span class='ocrx_word' id='word_1_704' title='bbox 3243 4094 3669 4150; x_wconf 71' lang='lat' dir='ltr'><strong><em>multitudinem</em></strong></span> 
     </span>
    </p>
   </div>
   <div class='ocr_carea' id='block_1_88' title="bbox 2012 4184 3671 4259">
    <p class='ocr_par' dir='ltr' id='par_1_88' title="bbox 2012 4184 3671 4259">
     <span class='ocr_line' id='line_1_88' title="bbox 2012 4184 3671 4259; baseline -0.003 -17"><span class='ocrx_word' id='word_1_705' title='bbox 2012 4188 2360 4259; x_wconf 85' lang='lat' dir='ltr'><strong><em>impietatum</em></strong></span> <span class='ocrx_word' id='word_1_706' title='bbox 2404 4203 2595 4243; x_wconf 86' lang='lat' dir='ltr'><strong><em>eorum</em></strong></span> <span class='ocrx_word' id='word_1_707' title='bbox 2639 4187 2847 4258; x_wconf 68' lang='lat' dir='ltr'><strong><em>expelle</em></strong></span> <span class='ocrx_word' id='word_1_708' title='bbox 2892 4186 3265 4256; x_wconf 84' lang='lat' dir='ltr'><strong><em>eos,quoniam</em></strong></span> <span class='ocrx_word' id='word_1_709' title='bbox 3293 4184 3671 4238; x_wconf 70' lang='lat' dir='ltr'><strong><em>irritaverant</em></strong></span> 
     </span>
    </p>
   </div>
   <div class='ocr_carea' id='block_1_89' title="bbox 2008 4272 3671 4349">
    <p class='ocr_par' dir='ltr' id='par_1_89' title="bbox 2008 4272 3671 4349">
     <span class='ocr_line' id='line_1_89' title="bbox 2008 4272 3671 4349; baseline -0.002 -17"><span class='ocrx_word' id='word_1_710' title='bbox 2008 4280 2082 4344; x_wconf 86' lang='lat' dir='ltr'><strong><em>te,</em></strong></span> <span class='ocrx_word' id='word_1_711' title='bbox 2112 4278 2340 4333; x_wconf 89' lang='lat' dir='ltr'><strong><em>Domine</em></strong></span> <span class='ocrx_word' id='word_1_712' title='bbox 2370 4278 2482 4349; x_wconf 88' lang='lat' dir='ltr'><strong><em>(Ps.</em></strong></span> <span class='ocrx_word' id='word_1_713' title='bbox 2512 4293 2570 4349; x_wconf 80' lang='grc' dir='ltr'><strong><em>ν,</em></strong></span> <span class='ocrx_word' id='word_1_714' title='bbox 2606 4276 2716 4349; x_wconf 76' lang='lat' dir='ltr'><strong><em>ll),</em></strong></span> <span class='ocrx_word' id='word_1_715' title='bbox 2751 4278 2816 4332; x_wconf 88' lang='lat' dir='ltr'><strong><em>ut</em></strong></span> <span class='ocrx_word' id='word_1_716' title='bbox 2842 4275 2902 4330; x_wconf 88' lang='lat' dir='ltr'><strong><em>in</em></strong></span> <span class='ocrx_word' id='word_1_717' title='bbox 2929 4279 3171 4330; x_wconf 89' lang='lat' dir='ltr'><strong><em>cunctas</em></strong></span> <span class='ocrx_word' id='word_1_718' title='bbox 3200 4272 3545 4344; x_wconf 82' lang='lat' dir='ltr'><strong><em>provincias</em></strong></span> <span class='ocrx_word' id='word_1_719' title='bbox 3574 4288 3671 4328; x_wconf 61' lang='grc' dir='ltr'><strong><em>νεα</em></strong></span> 
     </span>
    </p>
   </div>
   <div class='ocr_carea' id='block_1_90' title="bbox 2010 4362 3667 4439">
    <p class='ocr_par' dir='ltr' id='par_1_90' title="bbox 2010 4362 3667 4439">
     <span class='ocr_line' id='line_1_90' title="bbox 2010 4362 3667 4439; baseline -0.004 -17"><span class='ocrx_word' id='word_1_720' title='bbox 2010 4365 2089 4439; x_wconf 89' lang='lat' dir='ltr'><strong><em>gi,</em></strong></span> <span class='ocrx_word' id='word_1_721' title='bbox 2124 4372 2181 4422; x_wconf 92' lang='lat' dir='ltr'><strong><em>et</em></strong></span> <span class='ocrx_word' id='word_1_722' title='bbox 2200 4366 2432 4439; x_wconf 87' lang='lat' dir='ltr'><strong><em>profugi</em></strong></span> <span class='ocrx_word' id='word_1_723' title='bbox 2460 4369 2895 4439; x_wconf 89' lang='lat' dir='ltr'><strong><em>spargerentur.</em></strong></span> <span class='ocrx_word' id='word_1_724' title='bbox 2920 4362 3485 4420; x_wconf 83' lang='lat' dir='ltr'><strong><em>Contaminaverunt</em></strong></span> <span class='ocrx_word' id='word_1_725' title='bbox 3505 4362 3667 4418; x_wconf 86' lang='lat' dir='ltr'><strong><em>enim</em></strong></span> 
     </span>
    </p>
   </div>
   <div class='ocr_carea' id='block_1_91' title="bbox 2011 4450 3668 4528">
    <p class='ocr_par' dir='ltr' id='par_1_91' title="bbox 2011 4450 3668 4528">
     <span class='ocr_line' id='line_1_91' title="bbox 2011 4450 3668 4528; baseline -0.002 -18"><span class='ocrx_word' id='word_1_726' title='bbox 2011 4460 2213 4511; x_wconf 87' lang='lat' dir='ltr'><strong><em>sancta</em></strong></span> <span class='ocrx_word' id='word_1_727' title='bbox 2242 4455 2494 4521; x_wconf 85' lang='lat' dir='ltr'><strong><em>Domini,</em></strong></span> <span class='ocrx_word' id='word_1_728' title='bbox 2531 4472 2635 4528; x_wconf 90' lang='lat' dir='ltr'><strong><em>pro</em></strong></span> <span class='ocrx_word' id='word_1_729' title='bbox 2668 4455 2764 4510; x_wconf 92' lang='lat' dir='ltr'><strong><em>Dei</em></strong></span> <span class='ocrx_word' id='word_1_730' title='bbox 2799 4453 2917 4510; x_wconf 83' lang='lat' dir='ltr'><strong><em>ﬁlio</em></strong></span> <span class='ocrx_word' id='word_1_731' title='bbox 2964 4450 3295 4525; x_wconf 86' lang='lat' dir='ltr'><strong><em>diligentes,</em></strong></span> <span class='ocrx_word' id='word_1_732' title='bbox 3329 4456 3390 4507; x_wconf 87' lang='lat' dir='ltr'><strong><em>et</em></strong></span> <span class='ocrx_word' id='word_1_733' title='bbox 3424 4451 3668 4507; x_wconf 72' lang='lat' dir='ltr'><strong><em>adiuve-</em></strong></span> 
     </span>
    </p>
   </div>
   <div class='ocr_carea' id='block_1_92' title="bbox 2010 4541 3667 4613">
    <p class='ocr_par' dir='ltr' id='par_1_92' title="bbox 2010 4541 3667 4613">
     <span class='ocr_line' id='line_1_92' title="bbox 2010 4541 3667 4613; baseline -0.002 -15"><span class='ocrx_word' id='word_1_734' title='bbox 2010 4543 2237 4598; x_wconf 86' lang='lat' dir='ltr'><strong><em>nientes</em></strong></span> <span class='ocrx_word' id='word_1_735' title='bbox 2268 4544 2378 4600; x_wconf 89' lang='lat' dir='ltr'><strong><em>sibi</em></strong></span> <span class='ocrx_word' id='word_1_736' title='bbox 2400 4545 2540 4600; x_wconf 88' lang='lat' dir='ltr'><strong><em>deos</em></strong></span> <span class='ocrx_word' id='word_1_737' title='bbox 2577 4543 2797 4599; x_wconf 88' lang='lat' dir='ltr'><strong><em>alienos</em></strong></span> <span class='ocrx_word' id='word_1_738' title='bbox 2824 4559 2837 4598; x_wconf 94' lang='lat'><strong><em>:</em></strong></span> <span class='ocrx_word' id='word_1_739' title='bbox 2890 4543 2998 4612; x_wconf 82' lang='lat' dir='ltr'><strong><em>Qui</em></strong></span> <span class='ocrx_word' id='word_1_740' title='bbox 3025 4543 3170 4597; x_wconf 87' lang='lat' dir='ltr'><strong><em>enim</em></strong></span> <span class='ocrx_word' id='word_1_741' title='bbox 3202 4557 3313 4597; x_wconf 86' lang='lat' dir='ltr'><strong><em>non</em></strong></span> <span class='ocrx_word' id='word_1_742' title='bbox 3340 4542 3551 4613; x_wconf 75' lang='lat' dir='ltr'><strong><em>recipit</em></strong></span> <span class='ocrx_word' id='word_1_743' title='bbox 3576 4541 3667 4595; x_wconf 74' lang='lat' dir='ltr'><strong><em>Fi-</em></strong></span> 
     </span>
    </p>
   </div>
   <div class='ocr_carea' id='block_1_93' title="bbox 252 4629 3665 4705">
    <p class='ocr_par' dir='ltr' id='par_1_93' title="bbox 252 4629 3665 4705">
     <span class='ocr_line' id='line_1_93' title="bbox 252 4629 3665 4705; baseline -0.002 -17"><span class='ocrx_word' id='word_1_744' title='bbox 252 4631 315 4688; x_wconf 83' lang='lat' dir='ltr'><strong><em>ln</em></strong></span> <span class='ocrx_word' id='word_1_745' title='bbox 344 4633 611 4688; x_wconf 86' lang='lat' dir='ltr'><strong><em>futurum</em></strong></span> <span class='ocrx_word' id='word_1_746' title='bbox 639 4633 888 4688; x_wconf 89' lang='lat' dir='ltr'><strong><em>tendens</em></strong></span> <span class='ocrx_word' id='word_1_747' title='bbox 919 4629 1408 4698; x_wconf 84' lang='lat' dir='ltr'><strong><em>maledictionem,</em></strong></span> <span class='ocrx_word' id='word_1_748' title='bbox 1469 4636 1535 4686; x_wconf 93' lang='lat' dir='ltr'><strong><em>ut</em></strong></span> <span class='ocrx_word' id='word_1_749' title='bbox 1565 4635 1895 4702; x_wconf 83' lang='lat' dir='ltr'><strong><em>peccatores</em></strong></span> <span class='ocrx_word' id='word_1_750' title='bbox 1926 4636 1974 4701; x_wconf 77' lang='grc' dir='ltr'><strong>Β</strong></span> <span class='ocrx_word' id='word_1_751' title='bbox 2006 4634 2164 4700; x_wconf 88' lang='lat' dir='ltr'><strong><em>lium,</em></strong></span> <span class='ocrx_word' id='word_1_752' title='bbox 2196 4648 2307 4689; x_wconf 86' lang='lat' dir='ltr'><strong><em>non</em></strong></span> <span class='ocrx_word' id='word_1_753' title='bbox 2336 4635 2529 4705; x_wconf 87' lang='lat' dir='ltr'><strong><em>recipit</em></strong></span> <span class='ocrx_word' id='word_1_754' title='bbox 2558 4637 2801 4699; x_wconf 86' lang='lat' dir='ltr'><strong><em>Patrem,</em></strong></span> <span class='ocrx_word' id='word_1_755' title='bbox 2827 4634 2921 4704; x_wconf 87' lang='lat' dir='ltr'><strong><em>qui</em></strong></span> <span class='ocrx_word' id='word_1_756' title='bbox 2936 4633 3087 4686; x_wconf 86' lang='lat' dir='ltr'><strong><em>misit</em></strong></span> <span class='ocrx_word' id='word_1_757' title='bbox 3105 4647 3230 4686; x_wconf 86' lang='lat' dir='ltr'><strong><em>eum</em></strong></span> <span class='ocrx_word' id='word_1_758' title='bbox 3257 4631 3414 4701; x_wconf 85' lang='lat' dir='ltr'><strong><em>(Luc.</em></strong></span> <span class='ocrx_word' id='word_1_759' title='bbox 3440 4647 3523 4701; x_wconf 77' lang='lat' dir='ltr'><strong><em>Ix,</em></strong></span> <span class='ocrx_word' id='word_1_760' title='bbox 3550 4630 3665 4699; x_wconf 70' lang='grc'><strong><em>43).</em></strong></span> 
     </span>
    </p>
   </div>
   <div class='ocr_carea' id='block_1_94' title="bbox 251 4718 3668 4794">
    <p class='ocr_par' dir='ltr' id='par_1_94' title="bbox 251 4718 3668 4794">
     <span class='ocr_line' id='line_1_94' title="bbox 251 4718 3668 4794; baseline -0.001 -16"><span class='ocrx_word' id='word_1_761' title='bbox 251 4722 324 4778; x_wconf 82' lang='lat' dir='ltr'><strong><em>ad</em></strong></span> <span class='ocrx_word' id='word_1_762' title='bbox 355 4721 758 4794; x_wconf 64' lang='lat' dir='ltr'><strong><em>paenitentiam</em></strong></span> <span class='ocrx_word' id='word_1_763' title='bbox 788 4723 1076 4793; x_wconf 89' lang='lat' dir='ltr'><strong><em>provocet.</em></strong></span> <span class='ocrx_word' id='word_1_764' title='bbox 1113 4721 1438 4791; x_wconf 86' lang='lat' dir='ltr'><strong><em>Doctorem,</em></strong></span> <span class='ocrx_word' id='word_1_765' title='bbox 1472 4719 1684 4791; x_wconf 89' lang='lat' dir='ltr'><strong><em>inquit,</em></strong></span> <span class='ocrx_word' id='word_1_766' title='bbox 1720 4724 1894 4793; x_wconf 86' lang='lat' dir='ltr'><strong><em>atque</em></strong></span> <span class='ocrx_word' id='word_1_767' title='bbox 2003 4725 2069 4777; x_wconf 84' lang='lat' dir='ltr'><strong><em>Et</em></strong></span> <span class='ocrx_word' id='word_1_768' title='bbox 2091 4723 2305 4779; x_wconf 89' lang='lat' dir='ltr'><strong><em>idcirco</em></strong></span> <span class='ocrx_word' id='word_1_769' title='bbox 2324 4722 2464 4794; x_wconf 88' lang='lat' dir='ltr'><strong><em>quia</em></strong></span> <span class='ocrx_word' id='word_1_770' title='bbox 2478 4722 2588 4778; x_wconf 90' lang='lat' dir='ltr'><strong><em>hoc</em></strong></span> <span class='ocrx_word' id='word_1_771' title='bbox 2611 4722 2891 4793; x_wconf 87' lang='lat' dir='ltr'><strong><em>fecerunt,</em></strong></span> <span class='ocrx_word' id='word_1_772' title='bbox 2918 4719 3141 4776; x_wconf 87' lang='lat' dir='ltr'><strong><em>tamdiu</em></strong></span> <span class='ocrx_word' id='word_1_773' title='bbox 3163 4718 3459 4791; x_wconf 77' lang='lat' dir='ltr'><strong><em>dispar-ire</em></strong></span> <span class='ocrx_word' id='word_1_774' title='bbox 3478 4719 3668 4775; x_wconf 81' lang='lat' dir='ltr'><strong><em>donec</em></strong></span> 
     </span>
    </p>
   </div>
   <div class='ocr_carea' id='block_1_95' title="bbox 249 4806 3667 4884">
    <p class='ocr_par' dir='ltr' id='par_1_95' title="bbox 249 4806 3667 4884">
     <span class='ocr_line' id='line_1_95' title="bbox 249 4806 3667 4884; baseline -0.001 -17"><span class='ocrx_word' id='word_1_775' title='bbox 249 4810 604 4884; x_wconf 83' lang='lat' dir='ltr'><strong><em>discipulum</em></strong></span> <span class='ocrx_word' id='word_1_776' title='bbox 627 4812 697 4867; x_wconf 90' lang='lat' dir='ltr'><strong><em>de</em></strong></span> <span class='ocrx_word' id='word_1_777' title='bbox 726 4809 1120 4866; x_wconf 85' lang='lat' dir='ltr'><strong><em>tabernaculis</em></strong></span> <span class='ocrx_word' id='word_1_778' title='bbox 1138 4809 1339 4874; x_wconf 87' lang='lat' dir='ltr'><strong><em>Jacob,</em></strong></span> <span class='ocrx_word' id='word_1_779' title='bbox 1368 4810 1486 4865; x_wconf 90' lang='lat' dir='ltr'><strong><em>sive</em></strong></span> <span class='ocrx_word' id='word_1_780' title='bbox 1506 4808 1601 4865; x_wconf 89' lang='lat' dir='ltr'><strong><em>ille</em></strong></span> <span class='ocrx_word' id='word_1_781' title='bbox 1622 4810 1894 4866; x_wconf 89' lang='lat' dir='ltr'><strong><em>sacerdos</em></strong></span> <span class='ocrx_word' id='word_1_782' title='bbox 2002 4811 2413 4881; x_wconf 76' lang='lat' dir='ltr'><strong><em>humiliantur,</em></strong></span> <span class='ocrx_word' id='word_1_783' title='bbox 2437 4811 2528 4867; x_wconf 90' lang='lat' dir='ltr'><strong><em>vel</em></strong></span> <span class='ocrx_word' id='word_1_784' title='bbox 2544 4810 2894 4884; x_wconf 86' lang='lat' dir='ltr'><strong><em>captivitatis</em></strong></span> <span class='ocrx_word' id='word_1_785' title='bbox 2912 4810 3148 4882; x_wconf 86' lang='lat' dir='ltr'><strong><em>injuria,</em></strong></span> <span class='ocrx_word' id='word_1_786' title='bbox 3163 4806 3337 4864; x_wconf 90' lang='lat' dir='ltr'><strong><em>velob</em></strong></span> <span class='ocrx_word' id='word_1_787' title='bbox 3358 4808 3667 4864; x_wconf 78' lang='lat' dir='ltr'><strong><em>conscien-</em></strong></span> 
     </span>
    </p>
   </div>
   <div class='ocr_carea' id='block_1_96' title="bbox 245 4895 3660 4972">
    <p class='ocr_par' dir='ltr' id='par_1_96' title="bbox 245 4895 3660 4972">
     <span class='ocr_line' id='line_1_96' title="bbox 245 4895 3660 4972; baseline -0.002 -15"><span class='ocrx_word' id='word_1_788' title='bbox 245 4896 345 4969; x_wconf 77' lang='lat' dir='ltr'><strong><em>sit,</em></strong></span> <span class='ocrx_word' id='word_1_789' title='bbox 378 4901 497 4956; x_wconf 86' lang='lat' dir='ltr'><strong><em>sive</em></strong></span> <span class='ocrx_word' id='word_1_790' title='bbox 527 4900 736 4969; x_wconf 89' lang='lat' dir='ltr'><strong><em>laicus,</em></strong></span> <span class='ocrx_word' id='word_1_791' title='bbox 770 4915 889 4954; x_wconf 88' lang='lat' dir='ltr'><strong><em>una</em></strong></span> <span class='ocrx_word' id='word_1_792' title='bbox 920 4897 1328 4954; x_wconf 87' lang='lat' dir='ltr'><strong><em>maledictione</em></strong></span> <span class='ocrx_word' id='word_1_793' title='bbox 1360 4898 1659 4966; x_wconf 89' lang='lat' dir='ltr'><strong><em>ferientur,</em></strong></span> <span class='ocrx_word' id='word_1_794' title='bbox 1687 4903 1745 4954; x_wconf 91' lang='lat' dir='ltr'><strong><em>et</em></strong></span> <span class='ocrx_word' id='word_1_795' title='bbox 1775 4915 1891 4954; x_wconf 87' lang='lat' dir='ltr'><strong><em>non</em></strong></span> <span class='ocrx_word' id='word_1_796' title='bbox 2002 4901 2147 4956; x_wconf 87' lang='lat' dir='ltr'><strong><em>tiam</em></strong></span> <span class='ocrx_word' id='word_1_797' title='bbox 2180 4906 2551 4972; x_wconf 89' lang='lat' dir='ltr'><strong><em>peccatorum</em></strong></span> <span class='ocrx_word' id='word_1_798' title='bbox 2581 4918 2594 4956; x_wconf 91' lang='lat'><strong><em>:</em></strong></span> <span class='ocrx_word' id='word_1_799' title='bbox 2648 4905 2702 4956; x_wconf 87' lang='lat' dir='ltr'><strong><em>ct</em></strong></span> <span class='ocrx_word' id='word_1_800' title='bbox 2735 4899 3116 4972; x_wconf 75' lang='lat' dir='ltr'><strong><em>projieiantur</em></strong></span> <span class='ocrx_word' id='word_1_801' title='bbox 3145 4898 3215 4952; x_wconf 87' lang='lat' dir='ltr'><strong><em>de</em></strong></span> <span class='ocrx_word' id='word_1_802' title='bbox 3246 4895 3660 4953; x_wconf 81' lang='lat' dir='ltr'><strong><em>tabernaculis</em></strong></span> 
     </span>
    </p>
   </div>
   <div class='ocr_carea' id='block_1_97' title="bbox 245 4985 3658 5062">
    <p class='ocr_par' dir='ltr' id='par_1_97' title="bbox 245 4985 3658 5062">
     <span class='ocr_line' id='line_1_97' title="bbox 245 4985 3658 5062; baseline -0.002 -15"><span class='ocrx_word' id='word_1_803' title='bbox 245 4990 359 5047; x_wconf 84' lang='lat' dir='ltr'><strong><em>erit</em></strong></span> <span class='ocrx_word' id='word_1_804' title='bbox 386 4991 445 5046; x_wconf 89' lang='lat' dir='ltr'><strong><em>in</em></strong></span> <span class='ocrx_word' id='word_1_805' title='bbox 474 4990 560 5046; x_wconf 84' lang='lat' dir='ltr'><strong><em>eis</em></strong></span> <span class='ocrx_word' id='word_1_806' title='bbox 592 5005 772 5062; x_wconf 67' lang='lat' dir='ltr'><strong><em>pmnae</em></strong></span> <span class='ocrx_word' id='word_1_807' title='bbox 806 4987 1135 5052; x_wconf 84' lang='lat' dir='ltr'><strong><em>diversitas,</em></strong></span> <span class='ocrx_word' id='word_1_808' title='bbox 1166 4986 1225 5040; x_wconf 90' lang='lat' dir='ltr'><strong><em>in</em></strong></span> <span class='ocrx_word' id='word_1_809' title='bbox 1258 4986 1475 5059; x_wconf 87' lang='lat' dir='ltr'><strong><em>quibus</em></strong></span> <span class='ocrx_word' id='word_1_810' title='bbox 1499 4992 1734 5059; x_wconf 86' lang='lat' dir='ltr'><strong><em>peccata</em></strong></span> <span class='ocrx_word' id='word_1_811' title='bbox 1755 4994 1894 5044; x_wconf 89' lang='lat' dir='ltr'><strong><em>sunt</em></strong></span> <span class='ocrx_word' id='word_1_812' title='bbox 1999 4990 2196 5059; x_wconf 79' lang='lat' dir='ltr'><strong><em>Jacob,</em></strong></span> <span class='ocrx_word' id='word_1_813' title='bbox 2220 4992 2595 5046; x_wconf 67' lang='lat' dir='ltr'><strong><em>utdestructo</em></strong></span> <span class='ocrx_word' id='word_1_814' title='bbox 2614 4989 3041 5062; x_wconf 82' lang='lat' dir='ltr'><strong><em>templo,atque</em></strong></span> <span class='ocrx_word' id='word_1_815' title='bbox 3060 4985 3248 5054; x_wconf 86' lang='lat' dir='ltr'><strong><em>altari,</em></strong></span> <span class='ocrx_word' id='word_1_816' title='bbox 3274 5002 3658 5059; x_wconf 81' lang='lat' dir='ltr'><strong><em>nequaquam</em></strong></span> 
     </span>
    </p>
   </div>
   <div class='ocr_carea' id='block_1_98' title="bbox 244 5072 3658 5153">
    <p class='ocr_par' dir='ltr' id='par_1_98' title="bbox 244 5072 3658 5153">
     <span class='ocr_line' id='line_1_98' title="bbox 244 5072 3658 5153; baseline -0.001 -18"><span class='ocrx_word' id='word_1_817' title='bbox 244 5079 425 5153; x_wconf 79' lang='lat' dir='ltr'><strong><em>paria.</em></strong></span> <span class='ocrx_word' id='word_1_818' title='bbox 460 5080 532 5135; x_wconf 88' lang='lat' dir='ltr'><strong><em>Et</em></strong></span> <span class='ocrx_word' id='word_1_819' title='bbox 558 5072 899 5135; x_wconf 73' lang='lat' dir='ltr'><strong><em>olferentem</em></strong></span> <span class='ocrx_word' id='word_1_820' title='bbox 941 5092 1162 5132; x_wconf 89' lang='lat' dir='ltr'><strong><em>manus</em></strong></span> <span class='ocrx_word' id='word_1_821' title='bbox 1197 5074 1438 5132; x_wconf 90' lang='lat' dir='ltr'><strong><em>Domino</em></strong></span> <span class='ocrx_word' id='word_1_822' title='bbox 1488 5078 1847 5132; x_wconf 86' lang='lat' dir='ltr'><strong><em>exercituum</em></strong></span> <span class='ocrx_word' id='word_1_823' title='bbox 1874 5094 1886 5131; x_wconf 92' lang='lat'><strong><em>:</em></strong></span> <span class='ocrx_word' id='word_1_824' title='bbox 2000 5081 2154 5151; x_wconf 89' lang='lat' dir='ltr'><strong><em>apud</em></strong></span> <span class='ocrx_word' id='word_1_825' title='bbox 2178 5095 2276 5136; x_wconf 90' lang='lat' dir='ltr'><strong><em>eos</em></strong></span> <span class='ocrx_word' id='word_1_826' title='bbox 2301 5080 2620 5136; x_wconf 71' lang='lat' dir='ltr'><strong><em>offerantur</em></strong></span> <span class='ocrx_word' id='word_1_827' title='bbox 2640 5078 2844 5135; x_wconf 70' lang='lat' dir='ltr'><strong><em>hostiae</em></strong></span> <span class='ocrx_word' id='word_1_828' title='bbox 2869 5079 2975 5136; x_wconf 79' lang='lat' dir='ltr'><strong><em>lAl.</em></strong></span> <span class='ocrx_word' id='word_1_829' title='bbox 3004 5075 3227 5148; x_wconf 64' lang='lat' dir='ltr'><strong><em>bestiae]</em></strong></span> <span class='ocrx_word' id='word_1_830' title='bbox 3253 5076 3373 5131; x_wconf 84' lang='lat' dir='ltr'><strong><em>Nec</em></strong></span> <span class='ocrx_word' id='word_1_831' title='bbox 3417 5076 3536 5132; x_wconf 80' lang='lat' dir='ltr'><strong><em>hac</em></strong></span> <span class='ocrx_word' id='word_1_832' title='bbox 3560 5091 3658 5130; x_wconf 77' lang='lat' dir='ltr'><strong><em>ex-</em></strong></span> 
     </span>
    </p>
   </div>
   <div class='ocr_carea' id='block_1_99' title="bbox 243 5166 1885 5240">
    <p class='ocr_par' dir='ltr' id='par_1_99' title="bbox 243 5166 1885 5240">
     <span class='ocr_line' id='line_1_99' title="bbox 243 5166 1885 5240; baseline -0.001 -15"><span class='ocrx_word' id='word_1_833' title='bbox 243 5169 615 5237; x_wconf 85' lang='lat' dir='ltr'><strong><em>subauditur,</em></strong></span> <span class='ocrx_word' id='word_1_834' title='bbox 641 5166 943 5240; x_wconf 87' lang='lat' dir='ltr'><strong><em>disperdat</em></strong></span> <span class='ocrx_word' id='word_1_835' title='bbox 966 5166 1246 5221; x_wconf 89' lang='lat' dir='ltr'><strong><em>Dominus</em></strong></span> <span class='ocrx_word' id='word_1_836' title='bbox 1259 5171 1316 5221; x_wconf 91' lang='lat' dir='ltr'>et</span> <span class='ocrx_word' id='word_1_837' title='bbox 1335 5180 1493 5238; x_wconf 89' lang='lat' dir='ltr'><strong><em>eum,</em></strong></span> <span class='ocrx_word' id='word_1_838' title='bbox 1529 5167 1629 5238; x_wconf 90' lang='lat' dir='ltr'><strong><em>qui</em></strong></span> <span class='ocrx_word' id='word_1_839' title='bbox 1655 5184 1756 5238; x_wconf 85' lang='lat' dir='ltr'><strong><em>pro</em></strong></span> <span class='ocrx_word' id='word_1_840' title='bbox 1780 5167 1885 5223; x_wconf 90' lang='lat' dir='ltr'><strong><em>hu-</em></strong></span> 
     </span>
    </p>
   </div>
   <div class='ocr_carea' id='block_1_100' title="bbox 234 5253 1886 5331">
    <p class='ocr_par' dir='ltr' id='par_1_100' title="bbox 234 5253 1886 5331">
     <span class='ocr_line' id='line_1_100' title="bbox 234 5253 1886 5331; baseline -0.004 -15"><span class='ocrx_word' id='word_1_841' title='bbox 234 5257 569 5331; x_wconf 74' lang='lat' dir='ltr'><strong><em>juscemodi</em></strong></span> <span class='ocrx_word' id='word_1_842' title='bbox 599 5256 939 5313; x_wconf 87' lang='lat' dir='ltr'><strong><em>hominibus</em></strong></span> <span class='ocrx_word' id='word_1_843' title='bbox 968 5253 1217 5310; x_wconf 73' lang='lat' dir='ltr'><strong><em>voluerit</em></strong></span> <span class='ocrx_word' id='word_1_844' title='bbox 1247 5254 1319 5310; x_wconf 85' lang='lat' dir='ltr'><strong><em>ad</em></strong></span> <span class='ocrx_word' id='word_1_845' title='bbox 1350 5254 1533 5311; x_wconf 88' lang='lat' dir='ltr'><strong><em>altare</em></strong></span> <span class='ocrx_word' id='word_1_846' title='bbox 1562 5272 1781 5312; x_wconf 89' lang='lat' dir='ltr'><strong><em>munus</em></strong></span> <span class='ocrx_word' id='word_1_847' title='bbox 1802 5257 1886 5312; x_wconf 90' lang='lat' dir='ltr'><strong><em>of-</em></strong></span> 
     </span>
    </p>
   </div>
   <div class='ocr_carea' id='block_1_101' title="bbox 243 5343 1889 5420">
    <p class='ocr_par' dir='ltr' id='par_1_101' title="bbox 243 5343 1889 5420">
     <span class='ocr_line' id='line_1_101' title="bbox 243 5343 1889 5420; baseline -0.001 -17"><span class='ocrx_word' id='word_1_848' title='bbox 243 5348 412 5418; x_wconf 84' lang='lat' dir='ltr'><strong><em>ferre,</em></strong></span> <span class='ocrx_word' id='word_1_849' title='bbox 435 5362 688 5420; x_wconf 86' lang='lat' dir='ltr'><strong><em>quorum</em></strong></span> <span class='ocrx_word' id='word_1_850' title='bbox 717 5346 907 5401; x_wconf 87' lang='lat' dir='ltr'><strong><em>solum</em></strong></span> <span class='ocrx_word' id='word_1_851' title='bbox 929 5343 1251 5401; x_wconf 86' lang='lat' dir='ltr'><strong><em>remedium</em></strong></span> <span class='ocrx_word' id='word_1_852' title='bbox 1278 5349 1388 5412; x_wconf 90' lang='lat' dir='ltr'><strong><em>est,</em></strong></span> <span class='ocrx_word' id='word_1_853' title='bbox 1414 5361 1529 5399; x_wconf 90' lang='lat' dir='ltr'><strong><em>non</em></strong></span> <span class='ocrx_word' id='word_1_854' title='bbox 1553 5346 1740 5401; x_wconf 87' lang='lat' dir='ltr'><strong><em>facere</em></strong></span> <span class='ocrx_word' id='word_1_855' title='bbox 1761 5363 1889 5418; x_wconf 73' lang='lat' dir='ltr'><strong><em>quae</em></strong></span> 
     </span>
    </p>
   </div>
   <div class='ocr_carea' id='block_1_102' title="bbox 243 5432 1888 5507">
    <p class='ocr_par' dir='ltr' id='par_1_102' title="bbox 243 5432 1888 5507">
     <span class='ocr_line' id='line_1_102' title="bbox 243 5432 1888 5507; baseline 0 -16"><span class='ocrx_word' id='word_1_856' title='bbox 243 5437 523 5494; x_wconf 83' lang='lat' dir='ltr'><strong><em>fecerunt.</em></strong></span> <span class='ocrx_word' id='word_1_857' title='bbox 550 5436 798 5501; x_wconf 88' lang='lat' dir='ltr'><strong><em>Quidam</em></strong></span> <span class='ocrx_word' id='word_1_858' title='bbox 819 5434 977 5490; x_wconf 86' lang='lat' dir='ltr'><strong><em>hunc</em></strong></span> <span class='ocrx_word' id='word_1_859' title='bbox 997 5434 1187 5489; x_wconf 89' lang='lat' dir='ltr'><strong><em>locum</em></strong></span> <span class='ocrx_word' id='word_1_860' title='bbox 1213 5449 1329 5489; x_wconf 89' lang='lat' dir='ltr'><strong><em>non</em></strong></span> <span class='ocrx_word' id='word_1_861' title='bbox 1346 5432 1763 5507; x_wconf 83' lang='lat' dir='ltr'><strong><em>intelligentes,</em></strong></span> <span class='ocrx_word' id='word_1_862' title='bbox 1783 5453 1888 5492; x_wconf 89' lang='lat' dir='ltr'><strong><em>nec</em></strong></span> 
     </span>
    </p>
   </div>
   <div class='ocr_carea' id='block_1_103' title="bbox 243 5522 1884 5596">
    <p class='ocr_par' dir='ltr' id='par_1_103' title="bbox 243 5522 1884 5596">
     <span class='ocr_line' id='line_1_103' title="bbox 243 5522 1884 5596; baseline 0 -17"><span class='ocrx_word' id='word_1_863' title='bbox 243 5524 491 5582; x_wconf 81' lang='lat' dir='ltr'><strong><em>scientes</em></strong></span> <span class='ocrx_word' id='word_1_864' title='bbox 518 5525 776 5581; x_wconf 73' lang='lat' dir='ltr'><strong><em>historiis</em></strong></span> <span class='ocrx_word' id='word_1_865' title='bbox 795 5524 1118 5589; x_wconf 82' lang='lat' dir='ltr'><strong><em>veritatem,</em></strong></span> <span class='ocrx_word' id='word_1_866' title='bbox 1160 5522 1217 5577; x_wconf 89' lang='lat' dir='ltr'><strong><em>id</em></strong></span> <span class='ocrx_word' id='word_1_867' title='bbox 1254 5523 1406 5593; x_wconf 90' lang='lat' dir='ltr'><strong><em>quod</em></strong></span> <span class='ocrx_word' id='word_1_868' title='bbox 1433 5524 1546 5578; x_wconf 85' lang='lat' dir='ltr'><strong><em>ait:</em></strong></span> <span class='ocrx_word' id='word_1_869' title='bbox 1574 5525 1763 5580; x_wconf 83' lang='lat' dir='ltr'><strong><em>Nonne</em></strong></span> <span class='ocrx_word' id='word_1_870' title='bbox 1781 5542 1884 5596; x_wconf 88' lang='lat' dir='ltr'><strong><em>pa-</em></strong></span> 
     </span>
    </p>
   </div>
   <div class='ocr_carea' id='block_1_104' title="bbox 312 5664 1497 5737">
    <p class='ocr_par' dir='ltr' id='par_1_104' title="bbox 312 5664 1497 5737">
     <span class='ocr_line' id='line_1_104' title="bbox 312 5664 1497 5737; baseline 0 -18"><span class='ocrx_word' id='word_1_871' title='bbox 312 5664 746 5737; x_wconf 74' lang='lat' dir='ltr'><strong><em>(a)_Unus_ms.,</em></strong></span> <span class='ocrx_word' id='word_1_872' title='bbox 779 5664 961 5719; x_wconf 84' lang='lat' dir='ltr'><strong><em>labore</em></strong></span> <span class='ocrx_word' id='word_1_873' title='bbox 989 5664 1290 5737; x_wconf 62' lang='lat' dir='ltr'><strong><em>confracta?</em></strong></span> <span class='ocrx_word' id='word_1_874' title='bbox 1314 5669 1497 5737; x_wconf 83' lang='lat' dir='ltr'><strong><em>erant.</em></strong></span> 
     </span>
    </p>
   </div>
   <div class='ocr_carea' id='block_1_105' title="bbox 311 5733 1885 5807">
    <p class='ocr_par' dir='ltr' id='par_1_105' title="bbox 311 5733 1885 5807">
     <span class='ocr_line' id='line_1_105' title="bbox 311 5733 1885 5807; baseline 0.003 -17"><span class='ocrx_word' id='word_1_875' title='bbox 311 5734 390 5807; x_wconf 88' lang='lat' dir='ltr'><strong><em>(b)</em></strong></span> <span class='ocrx_word' id='word_1_876' title='bbox 409 5733 568 5791; x_wconf 87' lang='lat' dir='ltr'><strong><em>Idem</em></strong></span> <span class='ocrx_word' id='word_1_877' title='bbox 588 5735 793 5805; x_wconf 80' lang='lat' dir='ltr'><strong><em>Regia.</em></strong></span> <span class='ocrx_word' id='word_1_878' title='bbox 814 5750 921 5790; x_wconf 86' lang='lat' dir='ltr'><strong><em>ms.</em></strong></span> <span class='ocrx_word' id='word_1_879' title='bbox 947 5735 1040 5791; x_wconf 89' lang='lat' dir='ltr'><strong><em>cui</em></strong></span> <span class='ocrx_word' id='word_1_880' title='bbox 1059 5733 1116 5790; x_wconf 86' lang='lat' dir='ltr'><strong><em>et</em></strong></span> <span class='ocrx_word' id='word_1_881' title='bbox 1141 5734 1430 5792; x_wconf 88' lang='lat' dir='ltr'><strong><em>Victorius</em></strong></span> <span class='ocrx_word' id='word_1_882' title='bbox 1455 5736 1770 5807; x_wconf 86' lang='lat' dir='ltr'><strong><em>consentit,</em></strong></span> <span class='ocrx_word' id='word_1_883' title='bbox 1791 5738 1885 5793; x_wconf 87' lang='lat' dir='ltr'><strong><em>sed</em></strong></span> 
     </span>
    </p>
   </div>
   <div class='ocr_carea' id='block_1_106' title="bbox 2000 5164 3661 5241">
    <p class='ocr_par' dir='ltr' id='par_1_106' title="bbox 2000 5164 3661 5241">
     <span class='ocr_line' id='line_1_106' title="bbox 2000 5164 3661 5241; baseline -0.001 -19"><span class='ocrx_word' id='word_1_884' title='bbox 2000 5168 2333 5239; x_wconf 89' lang='lat' dir='ltr'><strong><em>planatione</em></strong></span> <span class='ocrx_word' id='word_1_885' title='bbox 2349 5168 2605 5224; x_wconf 88' lang='lat' dir='ltr'><strong><em>contenti</em></strong></span> <span class='ocrx_word' id='word_1_886' title='bbox 2629 5167 2791 5241; x_wconf 88' lang='lat' dir='ltr'><strong><em>(quia</em></strong></span> <span class='ocrx_word' id='word_1_887' title='bbox 2808 5167 2976 5224; x_wconf 75' lang='lat' dir='ltr'><strong><em>ludas</em></strong></span> <span class='ocrx_word' id='word_1_888' title='bbox 2993 5166 3207 5236; x_wconf 70' lang='lat' dir='ltr'><strong><em>[rc-nm]</em></strong></span> <span class='ocrx_word' id='word_1_889' title='bbox 3225 5164 3661 5237; x_wconf 76' lang='lat' dir='ltr'><strong><em>interpretatur</em></strong></span> 
     </span>
    </p>
   </div>
   <div class='ocr_carea' id='block_1_107' title="bbox 1998 5252 3653 5329">
    <p class='ocr_par' dir='ltr' id='par_1_107' title="bbox 1998 5252 3653 5329">
     <span class='ocr_line' id='line_1_107' title="bbox 1998 5252 3653 5329; baseline -0.002 -16"><span class='ocrx_word' id='word_1_890' title='bbox 1998 5258 2219 5313; x_wconf 87' lang='lat' dir='ltr'><strong><em>Domini</em></strong></span> <span class='ocrx_word' id='word_1_891' title='bbox 2256 5257 2546 5329; x_wconf 81' lang='lat' dir='ltr'><strong><em>confessio)</em></strong></span> <span class='ocrx_word' id='word_1_892' title='bbox 2607 5257 2679 5315; x_wconf 90' lang='lat' dir='ltr'><strong><em>ad</em></strong></span> <span class='ocrx_word' id='word_1_893' title='bbox 2742 5255 3140 5329; x_wconf 74' lang='lat' dir='ltr'><strong><em>pmnitentem,</em></strong></span> <span class='ocrx_word' id='word_1_894' title='bbox 3189 5252 3653 5327; x_wconf 72' lang='lat' dir='ltr'><strong><em>intelligentiam</em></strong></span> 
     </span>
    </p>
   </div>
   <div class='ocr_carea' id='block_1_108' title="bbox 1998 5343 3649 5418">
    <p class='ocr_par' dir='ltr' id='par_1_108' title="bbox 1998 5343 3649 5418">
     <span class='ocr_line' id='line_1_108' title="bbox 1998 5343 3649 5418; baseline -0.002 -15"><span class='ocrx_word' id='word_1_895' title='bbox 1998 5348 2380 5413; x_wconf 78' lang='lat' dir='ltr'><strong><em>transferunt,</em></strong></span> <span class='ocrx_word' id='word_1_896' title='bbox 2403 5347 2504 5418; x_wconf 91' lang='lat' dir='ltr'><strong><em>qui</em></strong></span> <span class='ocrx_word' id='word_1_897' title='bbox 2526 5351 2840 5418; x_wconf 86' lang='lat' dir='ltr'><strong><em>postquam</em></strong></span> <span class='ocrx_word' id='word_1_898' title='bbox 2868 5344 3181 5399; x_wconf 89' lang='lat' dir='ltr'><strong><em>Dominum</em></strong></span> <span class='ocrx_word' id='word_1_899' title='bbox 3206 5343 3525 5399; x_wconf 83' lang='lat' dir='ltr'><strong><em>confessas</em></strong></span> <span class='ocrx_word' id='word_1_900' title='bbox 3546 5347 3649 5399; x_wconf 72' lang='lat' dir='ltr'><strong><em>est.</em></strong></span> 
     </span>
    </p>
   </div>
   <div class='ocr_carea' id='block_1_109' title="bbox 1997 5430 3641 5509">
    <p class='ocr_par' dir='ltr' id='par_1_109' title="bbox 1997 5430 3641 5509">
     <span class='ocr_line' id='line_1_109' title="bbox 1997 5430 3641 5509; baseline -0.004 -17"><span class='ocrx_word' id='word_1_901' title='bbox 1997 5436 2147 5494; x_wconf 69' lang='lat'><strong><em>905</em></strong></span> <span class='ocrx_word' id='word_1_902' title='bbox 2175 5437 2224 5492; x_wconf 89' lang='lat' dir='ltr'><strong><em>si</em></strong></span> <span class='ocrx_word' id='word_1_903' title='bbox 2247 5436 2585 5509; x_wconf 90' lang='lat' dir='ltr'><strong><em>peccaverit,</em></strong></span> <span class='ocrx_word' id='word_1_904' title='bbox 2616 5432 3111 5491; x_wconf 85' lang='lat' dir='ltr'><strong><em>abominationem</em></strong></span> <span class='ocrx_word' id='word_1_905' title='bbox 3159 5432 3299 5487; x_wconf 83' lang='lat' dir='ltr'><strong><em>facit</em></strong></span> <span class='ocrx_word' id='word_1_906' title='bbox 3336 5432 3405 5487; x_wconf 87' lang='lat' dir='ltr'><strong><em>in</em></strong></span> <span class='ocrx_word' id='word_1_907' title='bbox 3450 5430 3641 5495; x_wconf 75' lang='lat' dir='ltr'><strong><em>Israel,</em></strong></span> 
     </span>
    </p>
   </div>
   <div class='ocr_carea' id='block_1_110' title="bbox 1997 5521 3637 5592">
    <p class='ocr_par' dir='ltr' id='par_1_110' title="bbox 1997 5521 3637 5592">
     <span class='ocr_line' id='line_1_110' title="bbox 1997 5521 3637 5592; baseline -0.004 -11"><span class='ocrx_word' id='word_1_908' title='bbox 1997 5525 2133 5581; x_wconf 89' lang='lat' dir='ltr'><strong><em>etin</em></strong></span> <span class='ocrx_word' id='word_1_909' title='bbox 2155 5523 2505 5591; x_wconf 85' lang='lat' dir='ltr'><strong><em>Jerusalem,</em></strong></span> <span class='ocrx_word' id='word_1_910' title='bbox 2525 5524 2584 5579; x_wconf 90' lang='lat' dir='ltr'><strong><em>in</em></strong></span> <span class='ocrx_word' id='word_1_911' title='bbox 2627 5541 2805 5580; x_wconf 90' lang='lat' dir='ltr'><strong><em>sensu</em></strong></span> <span class='ocrx_word' id='word_1_912' title='bbox 2827 5524 3054 5579; x_wconf 84' lang='lat' dir='ltr'><strong><em>vidente</em></strong></span> <span class='ocrx_word' id='word_1_913' title='bbox 3078 5527 3281 5592; x_wconf 89' lang='lat' dir='ltr'><strong><em>Deum,</em></strong></span> <span class='ocrx_word' id='word_1_914' title='bbox 3305 5526 3366 5577; x_wconf 89' lang='lat' dir='ltr'><strong><em>et</em></strong></span> <span class='ocrx_word' id='word_1_915' title='bbox 3386 5521 3452 5577; x_wconf 85' lang='lat' dir='ltr'><strong><em>in</em></strong></span> <span class='ocrx_word' id='word_1_916' title='bbox 3469 5522 3637 5577; x_wconf 72' lang='lat' dir='ltr'><strong><em>visio-</em></strong></span> 
     </span>
    </p>
   </div>
   <div class='ocr_carea' id='block_1_111' title="bbox 1996 5668 3547 5741">
    <p class='ocr_par' dir='ltr' id='par_1_111' title="bbox 1996 5668 3547 5741">
     <span class='ocr_line' id='line_1_111' title="bbox 1996 5668 3547 5741; baseline -0.006 -16"><span class='ocrx_word' id='word_1_917' title='bbox 1996 5671 2057 5725; x_wconf 87' lang='lat' dir='ltr'><strong><em>in</em></strong></span> <span class='ocrx_word' id='word_1_918' title='bbox 2086 5668 2172 5725; x_wconf 87' lang='lat' dir='ltr'><strong><em>his</em></strong></span> <span class='ocrx_word' id='word_1_919' title='bbox 2201 5683 2326 5741; x_wconf 63' lang='lat' dir='ltr'><strong><em>quae</em></strong></span> <span class='ocrx_word' id='word_1_920' title='bbox 2355 5668 2531 5741; x_wconf 83' lang='lat' dir='ltr'><strong><em>Cyri;</em></strong></span> <span class='ocrx_word' id='word_1_921' title='bbox 2563 5670 2622 5723; x_wconf 91' lang='lat' dir='ltr'><strong><em>et</em></strong></span> <span class='ocrx_word' id='word_1_922' title='bbox 2650 5668 3091 5738; x_wconf 81' lang='lat' dir='ltr'><strong><em>consequenter,</em></strong></span> <span class='ocrx_word' id='word_1_923' title='bbox 3124 5671 3251 5719; x_wconf 83' lang='lat' dir='ltr'><strong><em>sunt</em></strong></span> <span class='ocrx_word' id='word_1_924' title='bbox 3279 5678 3547 5721; x_wconf 58' lang='lat' dir='ltr'><strong><em>reversa.</em></strong></span> 
     </span>
    </p>
   </div>
  </div>
