4034 6196
444 310 599 376 1563

1679 307 1747 370 S.
1792 299 2104 369 EUSEBII
2147 300 2591 371 HIERONYMI

3617 317 3734 383 {564

441 447 710 504 lmtemur
729 461 864 500 cum
885 457 1063 501 uxore
1091 441 1494 501 adolescentia
1517 446 1746 499 nostrae.
1779 445 1912 498 Haec
1943 457 2089 496 uxor
2116 438 2174 505 Α
2201 442 2508 514 Evangelio
2525 445 2674 512 (Luc.
2699 443 2812 516 xvr)
2840 444 3086 502 Lazarus
3110 443 3334 519 legitur,
3381 446 3470 520 qui
3496 457 3602 507 ante
3625 452 3732 510 iores

440 534 690 609 impellit
709 534 966 590 etiamin
1013 533 1279 590 credulos
1309 533 1530 589 dicere:
1589 538 1732 588 Deus
1777 531 2000 604 iudicet,
2033 534 2085 585 et

439 623 984 696 Deusvideat(.ludic.
1005 641 1103 690 vn,
1139 624 1226 695 43)
1249 643 1266 678 :
1295 628 1353 678 et
1385 623 1498 694 ipsi
1555 626 1764 677 cuncta
1813 621 1963 676 inter
1992 637 2084 676 me

437 719 493 772 et
521 720 578 771 te
599 713 976 785 dijudicanda
1008 712 1299 785 permitto,
1333 713 1403 768 de
1434 729 1549 783 qua
1604 716 1660 767 et
1707 711 2084 766 Ecclesiastes

436 805 700 877 loquitur
725 821 736 860 :
763 808 831 860 Et
859 805 978 858 vive
1005 805 1176 858 vitam
1206 819 1330 858 cum
1358 803 1596 858 muliere
1651 818 1817 872 quam
1839 801 2087 855 dilexisti

435 895 688 952 omnibus
708 894 909 950 diebus
930 893 1007 962 (a)
1036 894 1297 947 vanitatis
1321 893 1554 963 tuaz,qui
1583 891 1687 945 tibi
1705 891 1820 944 dati
1839 898 1967 944 sunt
1987 889 2084 944 sub

432 985 547 1040 sole
579 982 750 1055 (Eccl.
796 1000 870 1048 1x,
903 981 1116 1052 9).Haec
1139 999 1284 1036 uxor
1303 981 1603 1036 residuum
1628 979 1869 1051 spiritus
1903 978 2083 1034 nostri

433 1077 542 1137 est,
575 1071 714 1142 quia
748 1076 944 1126 nostro
976 1086 1208 1142 semper
1238 1070 1436 1125 sensui
1469 1069 1812 1141 copulatur:
1877 1085 2001 1139 quae
2035 1067 2082 1122 si

435 1161 665 1218 recedat
694 1178 728 1214 a
762 1160 950 1228 nobis,
980 1159 1180 1216 statim
1221 1159 1573 1214 offendimus
1630 1159 1814 1213 Deum
1843 1158 1997 1212 968
2030 1162 2086 1212 et

434 1250 622 1322 operit
653 1266 758 1304 nos
782 1255 982 1304 nostra
1003 1249 1293 1320 impietas.
1319 1247 1480 1304 Unde
1503 1265 1739 1303 rursum
1762 1247 2081 1319 ingeritur:

431 1338 694 1396 custodite
731 1339 996 1406 spiritum
1027 1347 1265 1394 vestrum
1315 1337 1514 1408 (Galat.
1546 1339 1645 1407 v1),
1703 1354 1818 1393 non
1849 1351 2084 1392 carnem

432 1429 493 1484 in
520 1445 638 1500 qua
669 1428 768 1499 qui
801 1431 959 1489 sunt,
991 1428 1106 1482 Deo
1138 1427 1363 1499 placere
1394 1444 1507 1482 non
1541 1430 1930 1498 possunt,non
1955 1425 2085 1479 ani-

433 1511 591 1572 mam
623 1517 930 1572 :Animalis
950 1515 1104 1572 enim
1125 1517 1280 1572 homo
1295 1533 1405 1572 non
1436 1517 1633 1586 recipit
1657 1531 1740 1582 ea,
1775 1530 1899 1586 quae
1917 1514 2082 1585 spiri-

433 1615 518 1663 tus
538 1609 667 1662 sunt
698 1606 742 1676 (l
771 1609 896 1661 Cor.
947 1624 1008 1673 ιι,
1044 1606 1161 1676 lli);
1194 1606 1293 1660 sed
1345 1605 1622 1676 spiritum
1650 1624 1662 1660 :
1687 1606 1822 1674 quia
1849 1605 2086 1675 spiritus

431 1696 744 1768 interpellat
794 1711 896 1766 pro
939 1694 1098 1750 nobis
1148 1695 1442 1766 gemitibus
1500 1693 1872 1765 ineffabilibus
1910 1694 2082 1764 (Rom.

431 1803 552 1856 VIII,
589 1785 699 1856 16).

502 1873 686 1946 (Vers.
724 1874 834 1944 l7.)
865 1872 1142 1928 Laborare
1161 1873 1369 1942 fecistis
1397 1873 1689 1928 Dominum
1719 1871 1780 1926 in
1809 1873 2079 1925 sermoni-

432 1963 529 2019 bus
559 1963 770 2031 vestris,
804 1965 853 2017 et
881 1961 1101 2016 dixistis
1124 1979 1142 2016 :
1169 1961 1230 2014 in
1256 1977 1358 2032 quo
1384 1977 1506 2016 eum
1525 1961 1753 2031 fecimus
1787 1959 2038 2014 laborare
2055 1959 2083 2013 ‘l

432 2055 496 2108 In
525 2067 584 2107 eo
611 2050 752 2122 quod
771 2050 990 2104 dicitis:
1023 2051 1200 2104 omnis
1229 2050 1326 2120 qui
1351 2051 1490 2120 facit
1518 2050 1750 2115 malum,
1805 2049 1972 2104 bonus
2002 2057 2083 2103 est

431 2142 493 2196 in
519 2143 802 2210 conspectu
829 2139 1069 2206 Domini,
1099 2145 1151 2192 et
1177 2138 1313 2193 tales
1341 2139 1394 2192 ei
1409 2139 1626 2209 placent
1651 2155 1669 2192 :
1697 2141 1791 2193 aut
1811 2142 1955 2193 certe
1985 2138 2083 2192 ubi

429 2237 508 2285 est
528 2230 666 2284 Deus
687 2225 888 2292 iudicii
909 2227 938 2280 ‘I
967 2225 1146 2281 LXX:
1183 2227 1291 2295 Qui
1314 2229 1650 2296 prouocastis
1699 2228 1992 2282 Dominum
2021 2228 2081 2281 in

429 2317 771 2374 sermonibus
787 2317 977 2371 vestris
997 2334 1018 2370 :
1034 2323 1084 2371 et
1104 2315 1348 2383 dixistis,
1373 2317 1433 2370 in
1453 2333 1555 2387 quo
1570 2317 1986 2388 provocavimus
2001 2315 2080 2387 (b)

431 2414 484 2463 te
504 2411 529 2461 .9
555 2410 623 2462 In
651 2421 711 2462 eo
742 2404 884 2477 quod
912 2405 1112 2475 dicitis,
1141 2407 1318 2460 omnis
1347 2406 1442 2478 qui
1468 2407 1605 2476 facit
1647 2406 1878 2472 malum,
1913 2407 2083 2461 bonus

428 2500 506 2553 est
526 2497 587 2551 in
609 2499 895 2566 conspectu
920 2494 1155 2562 Domini,
1179 2496 1230 2550 et
1251 2496 1308 2549 in
1332 2494 1418 2549 his
1437 2495 1546 2550 sibi
1564 2495 1855 2566 complacet
1876 2515 1894 2562 ,-
1917 2503 1967 2550 et
1987 2494 2084 2549 ubi

429 2594 510 2642 est
531 2584 1138 2656 Deusjustitiw‘lHunc
1159 2583 1351 2639 locum
1370 2583 2081 2656 pleniusseptuagesimus

433 2675 728 2732 secundus
743 2672 1008 2745 psalmus
1033 2672 1565 2745 exsequitur;cujus
1596 2672 1949 2744 principium
1963 2677 2080 2728 est:

435 2765 612 2832 Quam
644 2762 814 2818 bonus
840 2761 1010 2817 Israel
1040 2763 1181 2817 Deus
1212 2761 1297 2816 his
1317 2763 1418 2833 qui
1439 2764 1580 2816 recto
1599 2765 1729 2816 sunt
1756 2761 1953 2817 corde!
1981 2763 2086 2817 Mei

434 2855 619 2906 autem
647 2866 786 2922 pene
813 2852 948 2905 moti
975 2858 1103 2905 sunt
1127 2850 1292 2921 pedes
1317 2867 1329 2904 :
1359 2866 1500 2920 pene
1528 2851 1686 2921 effusi
1712 2859 1840 2905 sunt
1869 2867 2087 2919 gressus

432 2942 577 2997 mei:
607 2941 748 3009 Quia
770 2940 980 2995 uelatus
1007 2955 1130 2993 sum
1157 2954 1321 3011 super
1346 2940 1574 3009 iniquis,
1604 2955 1794 3010 pacem
1840 2944 2083 3010 peccato-

434 3046 564 3086 rum
580 3029 771 3085 videns
793 3046 812 3084 :
844 3029 986 3097 Quia
1013 3044 1124 3084 non
1153 3032 1229 3084 est
1258 3032 1530 3100 respectus
1586 3031 1753 3084 morti
1797 3044 2005 3093 eorum,
2036 3033 2089 3084 et

2194 531 2392 587 divitis
2409 533 2560 588 969
2580 536 2908 605 purpurati,
2959 534 3316 591 desiderabat
3343 537 3511 606 micis,
3539 557 3640 612 quae
3663 545 3731 598 ab-

2186 620 2474 692 jiciuntur
2503 623 2575 677 de
2604 639 2943 679 mensarum
2976 623 3257 695 reliquiis,
3285 625 3498 698 inOpem
3540 631 3733 688 animam

2195 715 2523 766 sustentare
2551 729 2564 778 ;
2597 712 2833 767 divitem
2865 729 2996 769 vero
3029 718 3195 768 tantae
3227 715 3452 771 feritatis
3479 720 3735 775 etcrudeli-

2192 798 2357 864 tatis,
2387 804 2450 854 ut
2481 817 2594 855 non
2617 800 2964 856 misereatur
2986 801 3156 857 homo
3188 803 3595 876 bominis,cujus
3610 809 3736 863 etiam

2193 905 2406 944 canum
2440 889 2643 962 lingua
2673 891 3005 955 miseretur,
3038 909 3152 946 non
3184 892 3544 964 intelligentes
3567 902 3737 968 tempus

2186 978 2418 1050 judicii,
2441 996 2544 1034 nec
2576 997 2711 1034 vera
2741 981 2894 1035 bona
2919 980 3018 1036 illa
3047 997 3195 1046 esse,
3214 998 3334 1052 qum
3364 990 3601 1054 perpetua
3623 992 3737 1052 sunt,

2193 1068 2423 1122 dicunt:
2449 1068 2580 1124 Mali
2599 1069 2646 1123 ei
2672 1069 2922 1140 placent,
2948 1079 3001 1125 et
3020 1071 3114 1124 ubi
3131 1075 3207 1126 est
3227 1071 3584 1143 Deusjudicii?

2264 1159 2419 1230 (Cap.
2435 1158 2526 1214 (ll.
2543 1188 2611 1202 —
2625 1159 2783 1216 Vers.
2802 1161 2995 1230 l)Ecce
3015 1177 3108 1229 ego
3124 1160 3278 1216 mitto
3294 1160 3605 1230 (ALmittam)
3621 1181 3740 1234 ange-

2195 1249 2310 1302 lum
2326 1256 2582 1314 meum,et
2585 1249 2923 1320 praeparabit
2937 1251 3082 1304 viam
3093 1253 3220 1304 ante
3226 1251 3414 1328 faciem
3425 1267 3603 1306 meam:
3618 1257 3741 1306 etsta-

2195 1337 2295 1392 tim
2308 1354 2406 1392 ven
2415 1339 2490 1393 iet
2501 1337 2572 1392 ad
2582 1340 2847 1409 templum
2857 1355 3020 1394 suum
3033 1338 3338 1395 dominator
3348 1356 3487 1412 quem
3497 1357 3570 1395 vos
3595 1345 3743 1412 quatri-

2193 1429 2344 1492 tis,et
2354 1429 2578 1498 angelus
2590 1430 2902 1483 testamenti
2915 1445 3075 1499 quem
3091 1445 3179 1483 vos
3198 1429 3374 1484 vultis.
3405 1428 3544 1484 LXX:
3557 1432 3665 1484 Ecce
3679 1446 3743 1500 ego

2193 1518 2411 1570 mittam
2424 1517 2684 1587 angelum
2705 1522 2963 1586 meum,et
2977 1519 3319 1589 praeparabit
3336 1520 3471 1573 viam
3483 1522 3588 1572 ante
3598 1521 3744 1587 faciem

2193 1621 2396 1661 meam:
2416 1607 2658 1661 etsubito
2676 1623 2772 1662 ven
2781 1609 2856 1663 iet
2873 1607 2943 1661 ad
2958 1608 3223 1678 templum
3233 1623 3387 1662 suum
3402 1608 3622 1662 Dominus
3634 1624 3745 1680 quem

2192 1711 2281 1750 vos
2314 1697 2586 1766 queritis,
2614 1700 2664 1750 et
2689 1696 2916 1767 angelus
2929 1697 3171 1766 justitiee
3195 1712 3351 1766 quem
3377 1713 3460 1750 vos
3485 1697 3633 1751 vultis.
3663 1700 3744 1750 Hoc

2111 1811 2160 1878 B
2193 1783 2610 1856 interpretatus
2641 1788 2730 1839 est
2757 1785 3045 1840 Dominus
3077 1785 3137 1840 in
3168 1784 3463 1857 Evangelio
3489 1785 3550 1840 de
3587 1787 3744 1839 Joanne

2189 1874 2473 1945 Baptista,
2505 1874 2706 1929 dicens
2733 1889 2745 1929 :
2781 1876 2884 1930 Iste
2911 1880 2993 1930 est
3023 1875 3091 1929 de
3122 1891 3226 1946 quo
3255 1876 3497 1945 scriptum
3537 1884 3634 1928 est:
3658 1876 3746 1929 Ecce

2187 1978 2282 2031 ego
2295 1964 2363 2033 (c)
2383 1965 2600 2019 mittam
2615 1964 2873 2034 angelum
2887 1979 3071 2019 meum
3091 1967 3221 2018 ante
3230 1965 3421 2034 faciem
3432 1971 3575 2028 tuam,
3587 1966 3626 2016 et
3647 1979 3745 2034 pra-

2184 2055 2406 2124 parabit
2436 2055 2590 2107 viam
2643 2056 2797 2107 tuam
2829 2069 3012 2108 coram
3070 2069 3158 2107 me
3189 2053 3385 2124 (Matth.
3440 2070 3511 2119 χι,
3549 2053 3647 2121 1Ο);
3676 2067 3746 2106 nec

2188 2143 2409 2198 eisdem
2432 2158 2579 2196 usus
2600 2145 2688 2196 est
2710 2141 2924 2208 verbis,
2959 2158 3087 2213 quae
3123 2141 3259 2197 LXX
3289 2142 3593 2212 interpretes
3614 2144 3746 2193 trans-

2188 2229 2470 2286 tulerunt.
2505 2229 2735 2285 Marcus
2767 2246 3002 2301 quoque
3033 2228 3388 2302 evangelista
3429 2230 3530 2285 duo
3557 2227 3747 2282 testimo-

2187 2318 2286 2376 nia
2307 2318 2624 2385 Malachiae,
2658 2323 2714 2373 et
2735 2317 2894 2373 Isaiae
2918 2320 3028 2374 sub
3052 2319 3233 2374 unius
3264 2317 3530 2390 prophetae
3555 2329 3749 2372 sermone

2190 2413 2500 2464 contexens
2522 2407 2604 2462 ita
2651 2424 2894 2463 exorsus
2938 2412 3068 2463 est:
3125 2410 3355 2464 Initium
3404 2409 3644 2478 Evangelii
3661 2408 3747 2462 Iesu

2194 2497 2413 2567 Christi,
2445 2498 2588 2552 sicut
2624 2499 2895 2568 scriptum
2953 2500 3030 2552 est
3076 2501 3140 2553 in
3195 2500 3336 2554 Isaia
3385 2496 3635 2568 propheta:
3661 2497 3748 2548 Ecce

2189 2603 2284 2659 ego
2312 2588 2472 2642 mitto
2502 2587 2763 2655 angelum
2789 2602 2966 2642 meum
2994 2591 3128 2642 ante
3148 2589 3353 2658 faciem
3371 2590 3525 2654 tuam,
3553 2587 3628 2657 qui
3641 2599 3749 2656 pre-

2187 2675 2408 2749 parabit
2427 2677 2575 2730 viam
2597 2678 2750 2730 tuam
2781 2675 2964 2745 (Marc.
2991 2693 3029 2742 ι,
3059 2677 3140 2747 2).
3175 2676 3293 2731 Hoc
3342 2674 3464 2730 licet
3483 2674 3636 2730 verbis
3659 2672 3749 2727 aliis

2192 2765 2251 2820 in
2281 2763 2564 2819 Malachia
2593 2763 2866 2835 legimus.
2927 2764 3091 2828 Quod
3131 2768 3322 2820 autem
3381 2762 3642 2836 sequitur:
3679 2763 3752 2815 Vos

2192 2855 2486 2910 clamantis
2511 2855 2569 2908 in
2601 2853 2826 2925 deserto,
2848 2862 3040 2925 parate
3062 2857 3218 2910 viam
3239 2855 3462 2922 Domini,
3485 2859 3623 2907 rectas
3631 2851 3750 2923 facite

2193 2946 2417 3000 semitas
2437 2943 2554 3014 ejus
2577 2943 2727 3014 (lsai.
2761 2960 2850 3013 XL,
2881 2944 2957 3014 3),
2993 2944 3064 2999 ab
3099 2943 3257 2999 Isaia
3287 2943 3544 3016 propheta
3568 2939 3749 2996 dicitur:

2195 3033 2511 3103 statimque
2545 3035 2862 3104 utrumque
2893 3032 3306 3087 testimonium
3336 3033 3403 3087 de
3449 3046 3548 3102 quo
3573 3029 3748 3089 dicatur,

437 3120 846 3189 ﬁrmamentum
867 3119 924 3172 in
940 3118 1115 3188 plaga
1136 3132 1344 3172 eorum.
1369 3121 1436 3170 In
1459 3117 1642 3172 labore
1663 3118 1949 3172 hominum
1977 3133 2086 3172 non
2129 3183 2164 3194 κ
2196 3137 2527 3194 exponens:
2563 3123 2704 3175 Fuit.
2740 3121 2952 3191 inquit,
3008 3123 3252 3178 Joannes
3299 3123 3358 3176 in
3409 3120 3601 3184 deserto,
3626 3115 3751 3187 bapti-

433 3183 584 3272 sunt,
608 3214 801 3261 etcum
830 3183 1141 3259 hominibus
1170 3221 1280 3259 non
1298 3205 1732 3277 ﬂagellabantur
1774 3207 1882 3276 (Ps.
1916 3223 2089 3273 Lxxn,
2122 3183 2165 3250 (ἶ
2197 3183 2411 3278 ιαὲιδβι
2429 3209 2737 3281 praedicans
2759 3183 3086 3281 baptismum
3101 3212 3464 3282 paenitentia,
3493 3211 3542 3263 in
3559 3183 3748 3262 remisit!-

438 3297 462 3350 1
487 3294 658 3368 seqq.)
675 3295 752 3348 Ac
775 3293 986 3349 deinde
1006 3313 1023 3347 :
1042 3297 1094 3347 et
1110 3293 1250 3363 dixi,
1283 3307 1414 3364 ergo
1441 3293 1562 3348 sine
1605 3309 1771 3348 causa
1776 3295 2089 3365 justiﬁcavi

433 3400 526 3440 cor
539 3397 762 3438 meum:
798 3385 849 3436 et
878 3383 991 3437 lavi
1018 3383 1164 3436 inter
1191 3383 1502 3437 innocentes
1532 3399 1730 3436 manus
1779 3399 1942 3438 meas.
1979 3383 2084 3438 Re-

433 3488 642 3529 versus
667 3486 803 3544 ergo
827 3469 1080 3542 populus
1104 3469 1174 3525 de
1194 3469 1506 3543 Babylone,
1541 3475 1598 3525 et
1616 3471 1818 3526 videns
1845 3476 2088 3527 cunctas

434 3562 495 3617 in
527 3559 776 3617 circuitu
811 3559 1097 3628 nationes,
1131 3557 1411 3630 ipsosque
1440 3559 1943 3630 Babylonisidolis
1973 3576 2089 3616 ser-

432 3649 676 3721 vientes,
700 3649 1000 3705 abundare
1030 3647 1270 3715 divitiis,
1302 3647 1495 3721 vigere
1524 3647 2091 3719 corporibus,omnia

436 3757 564 3812 quae
586 3739 741 3795 bona
766 3737 1142 3811 putantur,in
1170 3736 1381 3792 saeculo
1406 3737 1740 3810 possidere;
1769 3755 1965 3794 severo
1987 3737 2088 3809 qui

436 3829 652 3885 habeat
680 3827 786 3898 (Al.
820 3826 1088 3893 habebat]
1124 3825 1394 3881 notitiam
1425 3825 1849 3897 Dei,squalore,
1873 3827 2088 3888 inedia,

437 3917 714 3974 servitute
734 3919 1092 3987 coapertum,
1117 3913 1548 3970 scandalizatur
1569 3919 1624 3969 et
1655 3915 1827 3970 dicit:
1849 3915 1973 3970 Non
2003 3919 2092 3970 est

435 4006 496 4062 in
518 4005 694 4061 rebus
723 4002 1000 4060 humanis
1030 4001 1416 4075 providentia,
1450 4003 1647 4058 omnia
1667 4019 1804 4059 casu
1826 4005 2092 4060 feruntur

437 4095 685 4159 incerto,
715 4109 821 4148 nec
850 4093 951 4148 Dei
973 4091 1197 4163 judicio
1235 4091 1658 4163 gubernantur,
1723 4093 1863 4164 quin
1899 4093 2091 4165 potius

441 4181 597 4237 mala
625 4182 732 4252 [Αἱ.
766 4180 904 4235 mali
935 4183 985 4236 et
1016 4180 1174 4249 boni]
1205 4181 1256 4235 ei
1287 4179 1540 4252 placent,
1574 4186 1631 4237 et
1687 4181 1840 4236 bona
1887 4181 2089 4254 displi-

441 4272 572 4327 cent
596 4288 611 4326 :
643 4272 745 4325 aut
771 4273 924 4324 certe
945 4268 994 4324 si
1019 4268 1173 4324 Deus
1199 4273 1411 4324 cuncta
1435 4269 1737 4342 dijudicat,
1772 4271 1870 4326 ubi
1904 4275 1992 4326 est
2022 4271 2088 4324 il-

441 4358 558 4415 lius
589 4374 824 4431 (equum
847 4357 1509 4428 justumquejudicium
1530 4359 1557 4412 ?
1574 4358 1910 4415 Istiusmodi
1941 4376 2093 4431 quaa-

441 4448 691 4505 stionem
711 4463 876 4502 mens
894 4445 1194 4502 incredula
1215 4447 1547 4502 futurorum
1570 4447 1828 4518 quotidie
1849 4449 2093 4504 suscitat

444 4543 578 4610 Deo,
602 4541 659 4593 et
683 4553 817 4593 cum
837 4535 1044 4592 viderit
1065 4536 1301 4608 iniquos
1325 4541 1612 4608 potentes,
1637 4541 1870 4593 sanctos
1891 4537 2088 4593 humi-

440 4626 527 4683 les
557 4625 688 4682 illos
719 4625 896 4681 rebus
925 4625 1201 4681 omnibus
1231 4625 1491 4696 afﬂuere,
1526 4626 1631 4681 hos
1662 4642 1733 4681 ne
1763 4642 1830 4680 ea
1854 4626 2092 4698 quidem

443 4732 572 4788 quae
593 4715 665 4771 ad
686 4714 906 4770 victum
924 4714 1254 4771 necessaria
1274 4715 1653 4782 sunt,habere
1679 4733 1691 4781 ;
1720 4719 1778 4770 et
1797 4715 2094 4772 interdum

445 4803 643 4861 surdis
664 4803 908 4858 auribus
921 4803 1204 4874 caecisque
1229 4802 1436 4868 oculis,
1457 4807 1514 4858 et
1538 4803 1699 4859 omni
1730 4808 1892 4875 parte
1917 4821 2097 4860 mem-

443 4893 684 4949 brorum
708 4891 1020 4962 ulceribus,
1049 4897 1107 4947 et
1126 4891 1466 4947 infirmitate
1491 4892 2018 4964 depressos,qualis
2036 4895 2095 4949 in

517 5070 593 5142 (a)
615 5067 768 5126 Olim
795 5072 919 5124 erat
936 5067 1363 5142 nativitatis,cui
1389 5068 1507 5142 fere
1536 5067 1789 5124 concinit
1817 5069 1876 5124 in
1899 5071 2096 5142 Graeco

443 5138 723 5198 Aldinum
769 5139 1064 5214 exemplar
1089 5138 1371 5214 ved'm'coq:
1391 5138 1606 5194 Verum
1664 5145 1722 5195 et
1750 5158 1893 5214 mss.
1929 5140 2099 5214 pleri-

448 5229 562 5287 que
585 5228 788 5287 omnes
810 5210 1315 5287 libri',v_anitatis,et
1335 5210 1569 5287 Graecus
1591 5210 1957 5287 emendatioij
1973 5220 2093 5269 tex-

447 5281 547 5370 t'us
572 5281 958 5370 permeenter
985 5281 1245 5355 denique
1259 5283 1533 5370 l'iebrasus
1553 5295 1734 5370 ’ρετ-ι.
1769 5289 1826 5339 et
1845 5284 2099 5359 Vulgata

448 5355 800 5430 impressam
829 5355 1138 5410 lectionem
1171 5356 1438 5430 probant.

522 5427 596 5500 (b)
617 5427 832 5500 Regia.
868 5444 1002 5500 ms.,
1025 5429 1436 5498 provocavimus
1456 5443 1603 5495 eum,
1627 5427 1797 5498 juxta
1813 5427 2097 5500 Graecum,

450 5496 834 5624 ἓῗρὼξῦνᾶἂιεν
862 5496 1040 5565 αὐτοὴ
1074 5515 1177 5570 pro
1200 5515 1316 5570 quo
1336 5502 1555 5566 tamen,
1585 5496 1663 5565 σέ,
1684 5501 1736 5554 te
1765 5499 1995 5570 praefert
2011 5499 2100 5555 Al-

515 5586 627 5624 nus
657 5586 722 5624 co
767 5587 854 5624 ex.

515 5586 627 5624 nus
657 5586 854 5624 οοαθχ.

526 5638 597 5710 (c)
628 5639 814 5696 Mutat
839 5639 1134 5699 Victorius
1164 5655 1234 5698 ex
1262 5640 1391 5714 ipso
1422 5639 1678 5699 Matthtsi
1707 5644 1891 5712 textu,
1921 5647 2097 5717 mitto,

2194 3316 2320 3355 nem
2350 3301 2694 3368 peccatorum
2718 3299 2901 3369 (Marc.
2937 3317 2974 3366 ι,
3008 3301 3085 3366 4).
3119 3300 3238 3355 Sed
3270 3304 3326 3354 et
3347 3295 3654 3370 evangelista
3675 3306 3745 3345 va-

2194 3387 2462 3444 ticinium
2487 3387 2899 3459 prophetarum
2913 3405 2979 3443 su
2989 3387 3328 3460 perJoanne
3340 3381 3750 3458 interpretatisunt

2198 3493 2452 3548 cumque
2474 3476 2532 3529 in
2553 3491 2730 3530 sensu
2753 3475 3148 3543 consentiant,
3184 3477 3243 3531 in
3278 3475 3457 3532 verbis
3484 3470 3750 3538 discrepant.

2198 3558 2305 3612 Pro
2326 3573 2392 3612 eo
2413 3557 2567 3611 enim
2591 3556 2746 3627 quod
2779 3556 2922 3610 LXX
2968 3557 3436 3613 transtulerunt:
3468 3557 3619 3609 Rectus
3640 3550 3753 3620 facile

2197 3648 2425 3702 semitas
2445 3647 2542 3700 Dei
2560 3645 2752 3711 nostri,
2806 3644 3039 3701 Marcus
3071 3646 3377 3717 Lucasque
3405 3643 3661 3698 dixerunt:
3686 3638 3753 3690 Re-

2197 3739 2310 3790 ctas
2328 3736 2497 3805 facite
2516 3736 2738 3788 semitas
2761 3735 2898 3806 ejus.
2921 3733 3181 3790 Joannes
3197 3741 3389 3790 autem
3406 3753 3417 3790 :
3435 3728 3640 3801 Dirigite,
3685 3725 3754 3788 ait.

2196 3825 2345 3879 viam
2374 3823 2701 3878 DominiEx
2733 3839 2848 3894 quo
2879 3823 3262 3895 perspicuum
3297 3827 3397 3888 est,
3453 3815 3759 3892 apostoloth

2199 3911 2585 3986 evangelistas
2616 3917 2674 3966 et
2702 3911 2896 3983 ipsum
2957 3913 3276 3968 Dominum
3335 3911 3642 3968 Salvatorem
3678 3917 3759 3956 non

2202 4001 2745 4072 LXXinterpretum
2777 4001 3190 4057 auctoritatem
3240 4001 3423 4073 sequi,
3452 4014 3552 4071 qua
3579 3993 3760 4049 Hebraei

2199 4089 2414 4163 linguae
2435 4089 2718 4145 habentes
2735 4089 3063 4156 scientiam,
3101 4107 3221 4146 non
3239 4091 3392 4146 910
3413 4087 3663 4158 indigent;
3689 4076 3761 4134 sed

2200 4197 2270 4236 ex
2303 4181 2535 4234 Hebraeo
2558 4179 2873 4234 transferre
2905 4179 3060 4250 quod
3093 4179 3381 4252 legerint:
3414 4193 3515 4232 non
3557 4171 3762 4228 curantes

2200 4269 2272 4324 de
2303 4266 2542 4338 syllabis
2565 4267 2918 4339 punctisque
2930 4268 3243 4324 verborum
3261 4287 3273 4336 ;
3289 4269 3426 4324 dum
3439 4264 3585 4322 modo
3595 4262 3764 4316 senten-

2198 4358 2417 4412 tiarum
2438 4357 2652 4412 veritas
2700 4356 3280 4424 transferatur.Quod
3307 4355 3526 4430 quidem
3541 4349 3649 4407 etin
3671 4344 3762 4419 plu-

2202 4446 2366 4502 ribus
2387 4444 2530 4501 locis
2552 4461 2652 4501 eos
2671 4445 2877 4501 fecisse
2897 4446 3232 4518 docuimus,
3263 4450 3320 4502 et
3349 4444 3576 4500 maxime
3594 4439 3637 4494 in
3653 4430 3764 4491 coli-

2123 4558 2170 4622 D
2201 4535 2305 4591 bro
2331 4535 2431 4606 qui
2464 4552 2497 4590 a
2528 4533 2697 4590 nobis
2725 4534 3044 4606 inscriptus
3076 4540 3184 4603 est,
3216 4536 3283 4592 de
3311 4536 3677 4622 optimogenere

2201 4623 2769 4695 terpretandi,mu1tis
2783 4623 2962 4680 simul
2975 4625 3328 4681 testimoniis
3345 4620 3678 4696 approbatum
3688 4612 3764 4667 est.

2206 4715 2322 4770 Hoc
2341 4729 2476 4786 ergo
2504 4714 2658 4785 quod
2676 4713 2892 4768 dicitur
2915 4730 2927 4768 :
2954 4715 3086 4770 Ecce
3099 4730 3192 4786 ego
3213 4716 3368 4770 mitto
3387 4711 3621 4785 angelum
3636 4713 3766 4757 meum

2204 4807 2257 4860 et
2279 4802 2611 4875 praeparabit
2638 4804 2788 4857 viam
2815 4807 2952 4858 ante
3005 4805 3206 4874 faciem
3258 4819 3447 4873 meam,
3500 4815 3559 4854 ex
3582 4800 3769 4867 persona

2205 4891 2422 4947 Christi
2453 4891 2689 4958 dicitur,
2723 4891 2878 4963 quod
2907 4891 3194 4948 Joannem
3255 4891 3474 4947 miserit
3500 4887 3552 4942 in
3595 4881 3765 4938 deserto

2206 5086 2310 5142 pro
2331 5070 2566 5139 mittam,
2588 5072 2645 5125 et
2664 5069 2761 5140 qui
2775 5071 3140 5141 praeparabit,
3163 5086 3269 5143 pro
3286 5077 3339 5126 et
3351 5057 3657 5143 praeparauit
3675 5051 3769 5143 itif:

2207 5124 2404 5212 nique,
2427 5124 2611 5213 coram
2629 5124 2698 5209 te,
2723 5124 2824 5213 pr'o
2844 5124 3032 5198 coram
3047 5124 3476 5213 delinquis,“
3501 5134 3588 5213 si},
3611 5124 3766 5213 ίίεάείξ]

2208 5193 2347 5270 isse“
2355 5193 2420 5268 et
2426 5193 2564 5288 ita
2575 5193 2710 5268 eis
2723 5193 3249 5288 aestimantes
3255 5193 3305 5269 ἔ
3315 5193 3514 5288 tanta
3528 5193 3766 5288 stage;-

2209 5263 2322 5358 ὲὶὲιζ
2351 5263 2769 5358 gessissem;
2776 5263 3508 5358 szgainis;og§;u‘si'nsq
3525 5279 3654 5332 imus
3669 5263 3765 5358 inti-

2209 5351 2352 5432 ci_as,
2367 5351 2458 5411 ita
2475 5355 2819 5432 in__Ma_ttha3i_
2833 5351 3029 5432 Graeco
3051 5355 3167 5430 legi
3185 5351 3429 5432 ';_verum
3448 5351 3766 5432 HieronYElf"

2209 5410 2270 5484 ὶιί
2302 5410 2445 5483 mss.
2481 5410 2743 5501 nihilqhic
2770 5410 3166 5501 abiimpressoa
3183 5410 3462 5501 r'lectione
3489 5410 3764 5501 ἀίεοορἀεεξ

2209 5516 2384 5570 quam
2405 5499 2638 5554 tametsi
2661 5515 2776 5554 non
2799 5490 3053 5568 moveas,
3083 5500 3226 5558 satis
3247 5497 3474 5556 abunde
3499 5495 3593 5561 est,
3619 5490 3666 5542 in
3689 5490 3762 5553 qu”

2211 5572 2443 5629 differat
2465 5587 2501 5628 a
2529 5570 2935 5644 Septuaginta.
