4034 6196
250 331 410 397 1565

909 333 1661 400 COMMENTARIORUM
1705 333 1785 396 ΙΝ
1828 329 2301 396 MALACHIAM
2338 332 2602 406 LIBER.
2647 333 2818 398 CAP.
2864 333 2978 398 Ill.

3517 330 3678 398 1866

245 465 465 524 Judaazs
496 465 806 540 pradicare
825 467 1188 540 baptismum
1219 467 1666 540 poenitentiaeﬁn
1695 466 1900 523 remis-
1929 467 1985 533 Α
2013 465 2304 537 adulteris,
2337 471 2388 522 et
2413 469 2680 538 prejuris,
2711 470 2764 523 et
2795 470 2892 540 qui
2927 466 3344 524 calumniantur
3369 466 3673 526 mercedem

251 556 480 612 sionem
514 560 907 627 peccatorum.
932 557 1092 622 Quod
1134 561 1329 612 autem
1375 557 1672 628 sequitur:
1705 559 1770 612 Et
1797 564 1906 612 sta-

254 647 358 700 tim
387 647 561 700 veniet
583 644 653 699 ad
673 646 936 717 templum
955 662 1118 700 suum
1143 645 1455 701 dominator
1473 663 1633 718 quem
1650 662 1739 701 vos
1760 661 1909 717 quae-

250 735 401 805 ritis,
434 739 486 789 et
505 735 736 805 angelus
768 737 1077 790 testamenti
1106 751 1264 806 quem
1292 751 1383 790 vos
1412 737 1595 799 vultis,
1640 736 1721 790 ita
1746 735 1816 790 de
1847 751 1909 790 se

253 822 426 895 quasi
447 823 518 878 de
541 823 721 878 altero
742 823 1200 895 loquitur,juxta
1230 825 1713 879 consuetudinem
1747 824 1905 880 Scri-

254 911 902 984 pturarum.Nullisque
925 913 1170 967 dubium
1184 914 1426 985 estquin
1441 913 1778 968 Dominator
1799 913 1907 968 iste

255 1000 515 1057 salvator
544 1001 640 1071 sit,
679 1002 777 1073 qui
827 1002 1061 1057 Creator
1108 1006 1197 1056 est
1245 1003 1530 1072 omnium,
1580 1007 1637 1058 et
1667 1002 1910 1074 angelus

256 1090 684 1156 testamenti,et
706 1089 903 1162 magni
929 1090 1157 1146 consilii
1179 1091 1436 1164 Angelus
1449 1090 1909 1164 appellatur.Alii

254 1195 392 1234 vero
415 1179 525 1234 hoc
543 1179 700 1250 quod
721 1179 935 1234 dicitur
956 1197 968 1235 :
994 1184 1127 1236 Ecce
1154 1197 1250 1248 ego
1272 1183 1429 1235 mitto
1450 1181 1708 1251 angelum
1729 1195 1912 1234 meum

255 1275 312 1323 et
333 1267 670 1338 praparabit
697 1269 844 1322 viam
871 1275 996 1322 ante
1040 1270 1241 1338 faciem
1289 1286 1494 1334 meam,
1547 1285 1615 1323 ex
1665 1285 1914 1340 persona

257 1354 451 1410 Patris
481 1355 700 1409 dictum
735 1360 943 1427 putant
966 1373 979 1412 :
1011 1360 1067 1412 et
1089 1359 1243 1428 quod
1267 1357 1568 1429 sequitur:
1595 1357 1795 1412 Statim
1822 1373 1912 1412 ve-

257 1445 377 1498 niet
403 1443 473 1498 ad
501 1444 769 1515 templum
794 1460 956 1499 suum
984 1445 1294 1501 dominator
1323 1463 1479 1517 quem
1510 1462 1598 1502 vos
1640 1447 1912 1518 quaeritis,

255 1540 312 1589 et
334 1533 562 1603 angelus
576 1535 890 1588 testamenti
908 1550 1065 1604 quem
1087 1550 1176 1590 vos
1196 1535 1384 1602 vultis,
1406 1535 1476 1590 de
1509 1535 1756 1590 Domino
1790 1534 1914 1592 Sal-

255 1624 456 1676 vatore
487 1622 560 1676 ab
589 1638 654 1677 eo
709 1621 934 1677 dictum
979 1622 1334 1695 intelligunt.
1386 1625 1678 1695 Praeparat
1720 1629 1916 1680 autem

259 1710 415 1765 viam
445 1710 725 1775 Joannes,
757 1716 814 1765 et
845 1715 1031 1766 rectas
1063 1711 1200 1766 facit
1231 1713 1476 1768 semitas
1506 1712 1607 1768 Dei
1639 1713 1822 1770 nostri
1857 1713 1916 1768 in

254 1798 532 1901 cordibus
553 1799 938 1901 credentium,
962 1799 1020 1854 in
1034 1801 1264 1901 quibus
1287 1805 1524 1873 propter
1546 1801 1916 1873 pravitatem,
1949 1837 1996 1901 B

255 1891 316 1942 et
335 1885 1010 1958 incredulitatem,!prius
1033 1888 1186 1943 Deus
1209 1889 1509 1945 ambulare
1531 1907 1644 1945 non
1669 1895 1912 1962 poterat.

256 1974 572 2046 Templum
598 1979 794 2030 autem
823 1977 910 2031 vel
935 1976 1252 2032 Ecclesium
1311 1977 1784 2049 interpretantur,
1828 1979 1918 2034 vel

259 2080 750 2135 unumquemque
773 2065 1139 2120 credentium
1157 2066 1214 2120 in
1229 2065 1513 2121 Ecclesia:
1535 2067 1920 2137 AEdi/icamini

259 2153 443 2208 domos
465 2154 804 2223 spirituales,
824 2153 1189 2210 sacerdotium
1208 2163 1486 2210 sanctum:
1512 2157 1918 2228 o/ferentesspi-

259 2241 499 2298 rituales
527 2242 796 2308 victimas,
847 2251 899 2297 et
947 2241 1306 2314 acceptabiles
1352 2245 1460 2298 Deo
1503 2260 1603 2315 per
1633 2244 1917 2300 Christum

257 2335 450 2388 Jesum
480 2331 524 2397 (I
554 2335 703 2385 Petr.
737 2347 799 2396 II,
825 2331 903 2401 5).
951 2331 1060 2386 Eos
1091 2349 1224 2387 vero
1254 2332 1358 2404 qui
1400 2332 1786 2387 crediderint:
1811 2333 1916 2387 Ne-

261 2420 418 2475 scitis
456 2417 596 2489 quod
619 2419 881 2489 templum
923 2421 1022 2474 Dei
1068 2423 1214 2487 estis,
1247 2429 1297 2476 et
1323 2423 1552 2492 spiritus
1583 2423 1680 2476 Dei
1708 2422 1919 2476 habitat

261 2510 324 2562 in
371 2508 522 2563 vobis
567 2511 617 2577 (I
656 2507 776 2563 Cor.
813 2526 895 2578 III,
928 2509 1063 2579 l6)?
1120 2509 1306 2565 Judaei
1335 2510 1441 2565 hoc
1472 2511 1627 2581 quod
1659 2510 1913 2565 dicitur:

261 2599 395 2653 Ecce
419 2613 514 2666 ego
541 2598 706 2653 mitto
735 2599 997 2670 angelum
1027 2615 1228 2668 meum,
1262 2599 1332 2655 de
1364 2598 1490 2654 Elia
1522 2599 1803 2671 propheta
1828 2599 1917 2654 di-

263 2690 426 2742 ctum
448 2685 803 2758 intelligunt,
826 2691 882 2741 et
902 2688 1056 2758 quod
1077 2688 1343 2760 sequitur
1368 2708 1386 2742 :
1414 2688 1821 2744 Statim'veniet
1849 2687 1920 2743 ad

261 2776 526 2847 templum
553 2775 1056 2836 suumdominator
1071 2793 1232 2849 quem
1252 2794 1342 2833 vos
1358 2779 1607 2848 quzritis
1633 2794 1647 2832 :
1668 2786 1719 2833 et
1745 2793 1917 2850 ange-

263 2865 349 2919 lus
380 2866 686 2920 testamenti
713 2881 874 2936 quem
905 2881 996 2920 vos
1026 2867 1216 2934 vultis,
1258 2867 1518 2922 referunt
1554 2863 1917 2937 ἡλειμμὲνον,

261 2953 376 3008 hoc
404 2956 492 3008 est
509 2951 787 3008 Christum
809 2970 1189 3025 suum,quem
1209 2955 1415 3010 dicunt
1435 2955 1644 3010 ultimo
1661 2959 1920 3027 tempore

263 3058 395 3098 esse
414 3045 744 3098 venturum.
763 3041 874 3097 Sed
895 3042 1074 3098 miror
1095 3044 1389 3114 quomodo
1406 3060 1504 3099 eos
1521 3061 1714 3099 rerum
1729 3044 1920 3100 exitus

265 3147 385 3186 non
415 3130 621 3186 doceat
652 3130 975 3186 veritatem.
1012 3131 1174 3195 Quod
1208 3132 1365 3188 enim
1420 3132 1708 3205 templum
1764 3134 1912 3188 971

265 3235 444 3276 suum
459 3218 711 3274 inveniet
723 3219 1238 3292 dominator,quod
1253 3237 1443 3293 usque
1456 3221 1528 3275 ad
1544 3221 1926 3277 fundamenta
1953 3206 1997 3273 C

268 3308 638 3364 destructum
656 3311 766 3375 est,
791 3313 893 3364 aut
923 3308 972 3364 si
1003 3311 1076 3364 ab
1107 3309 1220 3365 alio
1251 3310 1672 3365 exstruendum
1700 3314 1790 3365 est
1818 3327 1921 3366 an-

263 3401 508 3470 tequam
520 3395 784 3453 Christus
803 3397 1091 3463 adveniat,
1116 3395 1256 3469 quid
1279 3397 1543 3454 Christus
1563 3414 1765 3452 eorum
1792 3415 1919 3453 am-

263 3485 422 3558 plius
437 3485 700 3541 facturus
725 3489 976 3554 est,cum
1002 3485 1076 3540 ab
1101 3485 1214 3541 alio
1244 3486 1516 3541 restituta
1539 3486 1872 3541 sintomnia
1891 3486 1920 3540 ?

262 3574 552 3630 Dominus
566 3579 765 3631 noster
779 3574 837 3629 in
857 3573 1358 3646 EvangelioEliam
1377 3575 1919 3646 prophetam,Joan-

261 3679 401 3720 nem
423 3664 743 3735 Baptistam
765 3662 1456 3736 interpretansloquitur:
1481 3664 1541 3720 Si
1569 3664 1732 3718 vultis
1751 3665 1917 3734 scire,

258 3755 382 3824 ipse
410 3757 488 3808 est
513 3754 665 3808 Elias
694 3755 790 3824 qui
845 3761 1110 3808 venturus
1156 3761 1234 3808 est
1264 3753 1413 3824 (Mat.
1445 3769 1522 3818 x1,
1558 3752 1667 3822 13),
1700 3751 1770 3806 de
1801 3768 1916 3822 quo

253 3847 314 3898 et
335 3842 432 3896 hic
454 3841 609 3897 idem
627 3841 910 3914 propheta
929 3857 1104 3913 quem
1121 3857 1277 3897 nunc
1298 3839 1918 3908 disseruimus,scribit

255 3931 317 3986 iu
352 3929 467 3984 ﬁne
484 3948 504 3984 :
528 3931 657 3986 Ecce
684 3946 788 4003 ego
817 3932 977 3985 mitto
1005 3930 1154 3986 vobis
1179 3931 1361 3986 Eliam
1386 3930 1726 4001 prophetam,
1758 3937 1914 3984 ante-

253 4035 422 4092 quam
451 4021 633 4074 veniat
659 4017 775 4074 dies
805 4020 1028 4075 Domini
1055 4036 1290 4090 magnus
1337 4022 1392 4074 et
1434 4018 1718 4074 horribilis
1739 4017 1917 4090 (Infra

255 4125 332 4174 Iv,
360 4108 439 4179 5).
472 4108 773 4172 Quomodo
805 4112 1001 4163 autem
1030 4108 1182 4186 Elias
1205 4109 1460 4164 Joannes
1489 4108 1586 4175 sit,
1620 4107 1783 4162 dedit
1810 4124 1914 4162 no-

256 4196 351 4252 bis
370 4195 524 4252 viam
547 4195 966 4269 intelligentiae,
990 4197 1049 4252 in
1071 4197 1286 4253 virtute
1310 4201 1368 4252 et
1385 4195 1593 4268 spiritu
1612 4195 1745 4251 Elia;
1777 4211 1912 4252 eum

256 4285 491 4342 venisse
521 4278 1012 4342 commemorans.

329 4374 520 4446 (Vers.
548 4375 603 4429 2.
639 4375 830 4446 seqq.)
851 4376 982 4430 Ecce
1010 4376 1180 4440 venit,
1239 4374 1373 4429 dicit
1402 4376 1664 4430 Dominus
1703 4377 1912 4430 exerci-

256 4471 434 4532 tuum,
463 4468 515 4519 et
544 4465 664 4535 quis
691 4465 888 4535 poterit
909 4465 1148 4532 cogitare
1194 4463 1338 4519 diem
1389 4464 1650 4519 adventus
1668 4464 1828 4531 eius?
1849 4465 1913 4519 Et

260 4555 390 4625 quis
409 4553 578 4608 stabit
616 4552 686 4608 ad
716 4552 1009 4608 videndum
1038 4558 1205 4608 eum!
1244 4555 1358 4624 Ipse
1387 4554 1535 4607 enim
1577 4555 1739 4624 quasi
1766 4555 1914 4622 ignis
1941 4576 1989 4641 Β

253 4643 577 4712 conﬂans,et
606 4643 767 4713 quasi
791 4641 958 4697 herba
986 4642 1282 4713 fullonum.
1315 4642 1380 4696 Et
1407 4641 1620 4697 sedebit
1645 4644 1908 4709 conﬂans,

251 4735 306 4788 et
327 4730 640 4787 emundans
657 4732 818 4804 quasi
846 4730 1037 4803 [Vulg.
1074 4735 1225 4786 tacet
1273 4731 1452 4802 quasi]
1503 4738 1812 4799 argentum,
1861 4738 1912 4785 et

246 4819 513 4892 purgabit
531 4819 675 4889 ﬁlios
697 4821 898 4890 Levi,et
918 4820 1123 4874 colabit
1142 4835 1233 4874 eos
1261 4820 1423 4890 quasi
1443 4835 1650 4874 aurum
1671 4827 1721 4873 et
1751 4821 1913 4890 quasi

251 4913 589 4978 argentum;
612 4917 662 4964 et
682 4917 847 4965 erunt
867 4911 1104 4965 Domino
1125 4909 1408 4979 oﬂerentes
1427 4906 1709 4977 sacriﬁcia
1739 4909 1799 4962 in
1819 4909 1911 4979 ju-

250 4999 429 5054 stitia.
454 5002 520 5056 Et
538 4999 776 5070 placebit
800 4999 1025 5054 Domino
1045 4998 1389 5068 sacriﬁcium
1413 4996 1576 5065 Iuda,
1606 5004 1657 5051 et
1686 4997 1907 5052 Jerusa-

257 5083 389 5153 lem,
419 5088 561 5141 sicut
589 5086 703 5142 dies
730 5087 943 5157 saeculi,
973 5091 1024 5142 et
1053 5086 1193 5142 sicut
1222 5087 1362 5140 anni
1392 5086 1635 5156 antiqui.
1665 5085 1732 5139 Et
1760 5100 1907 5140 acce-

250 5174 391 5231 dam
417 5175 493 5230 ad
520 5190 612 5231 vos
637 5173 699 5230 in
717 5175 952 5242 judicio,
983 5183 1035 5231 et
1060 5191 1152 5230 ero
1183 5176 1332 5230 testis
1378 5174 1536 5230 velox
1563 5174 1829 5245 maleﬁcis
1857 5177 1909 5229 et

325 5373 406 5444 (a)
428 5370 632 5444 Regin.
658 5387 792 5439 ms.,
810 5371 1170 5444 lippientibus
1188 5373 1435 5436 oculis,et
1453 5373 1616 5429 caecis
1634 5372 1908 5427 mentibus

249 5445 315 5498 in
334 5459 448 5498 una
477 5444 752 5513 claritate,
786 5447 896 5498 etc.
1177 5461 1182 5464 ·

322 5513 400 5586 (ὁ)
419 5517 486 5570 In
508 5512 872 5586 eodemrms”
895 5517 1208 5572 trahentur.
1231 5512 1544 5586 Victorius,
1569 5512 1786 5586 Alludi,
1813 5514 1907 5586 in-

251 5581 400 5662 quit,
424 5602 554 5662 reor
573 5586 647 5662 ad
672 5585 819 5662 illud
838 5581 1096 5662 Danielis
1115 5604 1200 5662 yil
1225 5602 1238 5640 :
1263 5585 1318 5636 Ὀ
1347 5583 1538 5662 Θρὸνος
1587 5582 1750 5662 αὐτῷ
1772 5581 1906 5662 φλὸξ

248 5653 436 5731 {oper
460 5657 514 5712 οἳ
542 5657 738 5732 τρὸχοι
762 5654 926 5713 αὐτοῦ
945 5661 1055 5734 πῦρ
1075 5655 1300 5736 φλέγονο
1323 5653 1570 5729 πόταμὸς
1600 5653 1906 5729 πυρὸςέἶλέ

2016 558 2365 623 mercenarii,
2396 556 2588 612 viduas
2616 565 2667 612 et
2693 558 2954 629 pupillos,
2987 565 3039 614 et
3068 559 3388 629 opprimunt
3415 559 3664 628 peregri-

2016 661 2178 700 num:
2203 648 2616 702 nectimuerunt
2634 647 2887 712 me,dicit
2900 647 3167 702 Dominus
3185 647 3673 717 exercituumEgo

2019 736 2167 790 enim
2199 735 2484 800 Dominus,
2517 743 2568 790 et
2596 751 2702 790 non
2733 743 2933 790 mutor.
2973 734 3105 789 LXX
3139 751 3151 789 :
3186 735 3320 790 Ecce
3348 737 3528 790 veniet
3558 735 3670 805 [ΑΙ.

2019 826 2188 892 venit]
2199 823 2352 886 ,dicit
2364 826 2624 879 Dominus
2634 826 2997 895 omnipotens,
3031 829 3080 879 el
3098 825 3220 894 quis
3229 825 3521 880 sustinebit
3534 825 3678 881 diem

2023 913 2280 967 introitus
2299 913 2417 983 ejus
2436 912 2464 965 ‘?
2485 917 2579 968 aut
2600 914 2720 984 quis
2740 913 2894 986 ferre
2916 915 3118 983 poterit
3147 917 3209 966 ut
3237 915 3474 982 aspiciat
3504 930 3633 968 eum
3649 913 3678 968 ‘l

2023 1001 2162 1068 Quia
2192 1003 2306 1072 ipse
2334 1002 2649 1069 ingreditur
2676 1003 2837 1072 quasi
2892 1002 3040 1070 ignis
3083 1003 3415 1072 conﬂatorii,
3449 1006 3499 1057 et
3522 1018 3679 1074 quasi

2021 1090 2194 1145 herba
2210 1091 2517 1145 lavantium
2541 1109 2553 1146 :
2580 1099 2630 1146 et
2649 1091 2856 1146 sedebit
2873 1093 3119 1161 con/laus
3139 1098 3190 1145 et
3215 1090 3517 1145 emandans
3537 1092 3680 1146 sicut

2020 1183 2331 1248 argentum,
2357 1187 2408 1234 et
2431 1183 2569 1234 sicut
2599 1195 2822 1245 aurum,
2855 1186 2904 1233 et
2935 1177 3258 1234 emundabit
3280 1179 3423 1248 ﬁlios
3455 1179 3604 1243 Levi,
3629 1181 3679 1232 et

2020 1269 2214 1340 fundet
2233 1285 2325 1324 eos
2345 1270 2493 1324 sicut
2514 1285 2713 1324 aurum
2736 1273 2789 1323 et
2807 1269 2948 1323 sicut
2969 1275 3291 1340 argentum,
3313 1269 3363 1322 et
3381 1270 3544 1322 erunt
3574 1268 3678 1322 Do-

2021 1357 2172 1411 mino
2193 1358 2473 1428 offerentes
2495 1357 2702 1412 hostias
2721 1357 2781 1410 in
2793 1357 3027 1428 justitia
3045 1355 3155 1427 [ΑΙ.
3168 1353 3416 1428 justitia]
3441 1372 3454 1410 :
3487 1359 3537 1410 et
3562 1356 3682 1426 pla-

2023 1446 2161 1502 cebit
2188 1447 2414 1501 Domino
2442 1445 2778 1514 sacriﬁcium
2805 1445 2946 1500 Juda
2973 1450 3026 1500 et
3054 1445 3382 1509 Jerusalem,
3405 1445 3546 1499 sicut
3563 1443 3680 1499 die-

2027 1535 2124 1589 bus
2140 1537 2414 1606 pristinis,
2447 1543 2498 1590 et
2522 1537 2663 1591 sicut
2692 1536 2858 1589 annis
2887 1533 3190 1603 prioribus.
3213 1533 3280 1588 Et
3329 1531 3583 1588 accedam
3612 1531 3683 1587 ad

2026 1639 2115 1679 vos
2147 1626 2206 1678 in
2220 1624 2456 1695 judicio,
2481 1632 2531 1679 et
2551 1639 2642 1678 ero
2663 1624 2810 1678 testis
2829 1623 2990 1678 velox
3004 1637 3170 1691 super
3191 1621 3480 1692 maleﬁcos,
3514 1629 3565 1677 et
3588 1638 3683 1676 su-

2025 1729 2126 1782 per
2145 1712 2440 1782 adulteros,
2470 1716 2521 1769 et
2548 1728 2713 1784 super
2739 1728 2828 1768 eos
2857 1714 2955 1784 qui
2974 1713 3175 1783 jurant
3206 1711 3267 1765 in
3310 1710 3536 1766 nomine
3562 1727 3683 1768 meo

2027 1802 2388 1857 mendaciter.
2416 1803 2481 1856 Et
2502 1803 2598 1873 qui
2625 1800 2891 1873 fraudant
2935 1800 3186 1856 mercede
3214 1801 3604 1868 mercenarios,
3631 1803 3684 1855 et

2026 1892 2341 1962 opprimunt
2358 1907 2460 1961 per
2482 1891 2786 1961 potentiam
2812 1890 3085 1954 viduas,et
3110 1890 3423 1957 percutiunt
3439 1888 3686 1960 pupillos

2025 1985 2080 2035 et
2107 1981 2422 2050 pervertunt
2443 1978 2721 2050 judicium
2746 1977 2984 2044 advena,
3018 1981 3067 2032 et
3096 1979 3192 2049 qui
3217 1993 3329 2032 non
3351 1979 3547 2032 timent
3575 1993 3681 2048 me,

2024 2067 2157 2124 dicit
2191 2069 2452 2124 Dominus
2482 2068 2638 2123 972
2670 2068 3010 2138 omnipotens
3035 2083 3048 2120 :
3082 2066 3345 2136 quoniam
3373 2080 3470 2132 ego
3501 2066 3688 2120 Domi-

2024 2173 2130 2211 nus
2155 2158 2294 2212 Deus
2324 2164 2511 2224 vester,
2533 2164 2715 2211 etnon
2735 2164 2934 2210 mutor.
2960 2155 3150 2226 Supra
3178 2153 3433 2225 legimus
3465 2158 3686 2209 motam

2025 2244 2270 2300 Domino
2301 2243 2682 2316 quaestionem
2715 2245 2788 2298 ab
2820 2243 2913 2298 his
2943 2241 3043 2313 qui
3076 2241 3318 2296 dicunt:
3359 2240 3564 2296 Omnis
3585 2241 3688 2312 qui

2027 2333 2166 2388 facit
2193 2332 2438 2397 malum,
2472 2333 2660 2387 bonus
2690 2335 2780 2386 est
2810 2331 2870 2385 in
2902 2333 3217 2400 conspectu
3243 2327 3497 2396 Domini,
3521 2333 3580 2383 et
3598 2333 3686 2384 ta-

2025 2421 2110 2477 les
2132 2422 2182 2476 ei
2217 2422 2466 2493 placent,
2503 2426 2604 2476 aut
2634 2425 2790 2476 certe
2817 2418 2865 2475 si
2898 2417 3228 2489 displicent,
3262 2417 3363 2472 ubi
3395 2421 3485 2473 est
3531 2417 3686 2474 Deus

2019 2510 2229 2582 judicii
2253 2512 2280 2566 ‘l
2306 2510 2413 2565 hoc
2430 2515 2540 2578 est,
2574 2509 2673 2564 ubi
2705 2513 2795 2564 est
2816 2507 3066 2578 justitiaa
3095 2506 3351 2562 veritas?
3386 2507 3475 2562 Ad
3506 2523 3684 2578 quam

2028 2598 2459 2656 dissolvendam
2481 2597 2712 2654 Domini
2734 2613 2926 2654 sermo
2957 2595 3295 2668 respondit:
3321 2595 3550 2651 Mittam
3581 2612 3685 2651 an-

2027 2687 2222 2760 gelum
2251 2704 2469 2754 meum,
2495 2687 2594 2759 qui
2629 2685 2978 2759 praeparabit
3006 2685 3160 2740 viam
3184 2687 3462 2752 meam,et
3497 2683 3690 2739 veniet

2027 2778 2097 2832 ad
2117 2776 2402 2848 templum
2427 2793 2603 2832 suum
2629 2775 3149 2844 dominatorquem
3169 2789 3272 2828 vos
3289 2771 3687 2843 quaaritis,qui

2019 2866 2202 2937 judex
2223 2871 2312 2921 est
2326 2866 2608 2929 veritatis,
2636 2866 2707 2920 de
2737 2881 2854 2937 quo
2876 2863 3094 2918 dicitur
3113 2861 3174 2916 in
3219 2861 3450 2917 Psalmo
3479 2878 3492 2916 :
3524 2863 3685 2930 Deus,

2018 2955 2298 3027 judicium
2328 2959 2442 3009 tum
2471 2956 2588 3024 regi
2616 2954 2724 3010 da:
2783 2963 2836 3008 et
2865 2953 3135 3020 iustitiam
3190 2955 3344 3006 tuam
3393 2951 3514 3022 ﬁlio
3543 2952 3688 3021 regis

2029 3044 2196 3115 (Psal.
2225 3062 2371 3113 LXXI,
2406 3044 2466 3115 ι).
2498 3045 2621 3100 Non
2649 3045 2800 3099 enim
2827 3044 2996 3097 Pater
3042 3040 3259 3114 judicat
3317 3055 3687 3112 quemquam;

2028 3133 2120 3189 sed
2140 3133 2421 3204 judicium
2449 3147 2607 3188 omne
2637 3131 2786 3186 dedit
2827 3131 2967 3186 Filio
3018 3129 3196 3201 (Joan.
3227 3146 3286 3196 v,
3314 3129 3429 3199 22).
3491 3133 3559 3183 Et
3587 3126 3688 3184 ille

2036 3225 2125 3278 est
2154 3223 2397 3294 angelus
2419 3220 2756 3278 testamenti
2779 3235 2955 3292 quem
2985 3235 3086 3274 vos
3117 3218 3400 3290 quzeritis,
3423 3217 3516 3274 cui
3534 3216 3690 3273 mala

2030 3327 2147 3365 non
2180 3309 2430 3382 placent,
2465 3309 2565 3380 qui
2599 3324 2910 3380 personam
2941 3306 3001 3361 in
3023 3306 3252 3377 judicio
3311 3323 3429 3362 non
3479 3305 3690 3377 accipit

2029 3399 2251 3469 (Coloss.
2278 3415 2361 3467 ιη,
2394 3396 2626 3467 25),qui
2659 3395 2820 3450 nulla
2837 3411 2942 3450 nec
2972 3394 3394 3460 misericordia,
3457 3409 3562 3449 nec
3593 3410 3685 3449 se-
3751 3409 3756 3414 '

2025 3487 2267 3542 veritate
2298 3489 2558 3540 mutatur
2578 3503 2596 3538 :
2631 3485 2799 3540 Calix
2829 3485 2976 3538 enim
2999 3484 3060 3537 in
3088 3499 3264 3537 manu
3291 3482 3515 3537 Domini
3560 3483 3685 3536 vini

2025 3577 2165 3631 meri
2192 3576 2389 3642 plenus
2420 3575 2610 3641 mixto,
2643 3577 2695 3629 et
2726 3573 3020 3627 inclinavit
3053 3588 3126 3626 ea:
3163 3572 3261 3627 hoc
3284 3573 3346 3626 in
3373 3571 3474 3625 hoc
3511 3571 3682 3638 (Psal.

2027 3681 2215 3732 LXXIV,
2243 3665 2320 3736 9),
2349 3664 2406 3718 id
2435 3667 2544 3729 est,
2579 3661 2982 3717 misericordia
3005 3659 3254 3730 justiam
3285 3663 3595 3731 temperat,
3629 3663 3687 3714 et

2017 3753 2252 3824 justitia
2283 3749 2889 3807 misericordiam.lste
2907 3749 3090 3823 igitur
3106 3749 3306 3805 statim
3340 3747 3684 3804 etvelociter

2023 3843 2216 3898 veniet
2248 3842 2319 3897 ad
2350 3840 2638 3912 templum
2671 3857 2780 3896 suu
2800 3856 2884 3904 m,
2916 3839 2975 3894 id
3004 3836 3457 3905 est,Ecclesiam.
3479 3839 3545 3892 Et
3565 3839 3688 3908 quis

2021 3933 2227 4001 poterit
2257 3933 2497 4000 cogitare
2515 3931 2665 3986 diem
2690 3929 2954 3984 adventus
2972 3929 3089 3999 ejus
3109 3927 3137 3982 ‘l
3169 3926 3229 3983 Si
3279 3925 3536 3999 cogitare
3566 3942 3683 3997 prae

2024 4020 2284 4094 potentia
2307 4018 2634 4091 majestatis
2660 4019 2789 4090 ejus
2811 4033 2982 4074 nemo
3003 4020 3214 4089 potest,
3239 4016 3386 4071 ferre
3416 4013 3550 4086 quis
3579 4031 3681 4087 po-

2022 4110 2204 4166 terit?
2227 4111 2295 4164 Et
2312 4109 2446 4181 quis
2468 4109 2648 4164 stabit
2671 4108 2743 4163 ad
2764 4107 3081 4162 videndum
3104 4122 3262 4174 eum,
3287 4104 3396 4160 hoc
3409 4108 3518 4170 est,
3547 4103 3680 4176 quis

2022 4215 2155 4255 eum
2171 4199 2382 4270 poterit
2402 4196 2785 4270 lippientibus
2800 4200 2876 4268 (a)
2889 4202 2946 4251 et
2959 4194 3397 4251 caacutientibus
3411 4191 3596 4249 oculis
3618 4193 3679 4248 in

2023 4305 2134 4344 sua
2153 4287 2414 4344 claritate
2439 4285 2902 4358 conspicere,qui
2923 4288 3013 4341 est
3037 4283 3123 4340 sol
3139 4283 3470 4355 justitizs,et
3489 4281 3550 4337 in
3575 4298 3675 4337 cu-

2012 4378 2116 4450 jus
2139 4377 2349 4450 pennis
2378 4381 2467 4432 est
2487 4375 2711 4432 sanitas
2731 4376 2758 4430 ‘l
2782 4376 2910 4445 Ipse
2931 4372 3122 4429 veniet
3153 4372 3321 4444 quasi
3354 4371 3508 4442 ignis
3539 4387 3677 4424 con-

2022 4467 2192 4534 ﬂans,
2224 4472 2283 4522 et
2313 4466 2480 4538 quasi
2510 4465 2695 4520 herba
2724 4462 3015 4518 fullonum
3048 4460 3282 4532 (In/.2):
3313 4458 3471 4530 Ignis
3518 4457 3675 4512 enim

2022 4555 2080 4610 in
2103 4559 2415 4625 conspectu
2436 4554 2565 4623 ejus
2582 4552 2827 4618 ardebit,
2855 4555 2911 4605 et
2931 4550 2991 4604 in
3023 4547 3270 4602 circuitu
3293 4547 3423 4617 ejus
3453 4549 3675 4617 tempe-

2019 4647 2143 4699 stas
2168 4642 2484 4713 valida(Ps.
2516 4641 2685 4710 xmx).
2719 4640 2880 4694 Tunc
2895 4636 3124 4692 vocabit
3153 4634 3363 4690 cmlum
3396 4635 3673 4706 desuper,

2019 4737 2076 4787 et
2105 4736 2320 4786 terram
2352 4733 2416 4783 ut
2447 4729 2728 4799 dijudicet
2748 4726 3030 4799 populum
3051 4717 3498 4793 Suum,ﬂumina
3519 4723 3672 4794 ignis

2020 4819 2344 4892 (b)trabent
2372 4823 2506 4874 ante
2530 4833 2687 4882 eum,
2723 4821 3054 4890 peccatores
3076 4829 3343 4886 quosque
3359 4810 3668 4867 volventia.

2019 4909 2178 4981 Ignis
2209 4913 2402 4963 autem
2443 4907 2662 4962 dicitur
2691 4906 2998 4971 Dominus,
3035 4909 3093 4960 et
3121 4902 3276 4975 ignis
3316 4915 3671 4956 consumens

2018 4997 2194 5068 (Deut.
2223 5000 2314 5062 1v),
2335 4995 2571 5067 utligna
2591 5000 2812 5060 nostra,
2844 4995 3064 5061 fenum,
3085 4990 3486 5063 stipulamque
3515 5003 3670 5044 com-

2015 5085 2209 5140 burat.
2242 5083 2312 5138 Et
2339 5100 2455 5139 non
2488 5083 2680 5139 solum
2710 5083 2894 5154 ignis;
2920 5081 3020 5138 sed
3051 5085 3107 5136 et
3138 5079 3320 5136 herba
3347 5076 3661 5144 fullonum,

2016 5189 2143 5244 qua:
2177 5171 2454 5228 Hebraice
2483 5187 2688 5228 soarrn
2703 5172 2908 5242 (117113)
2932 5169 3346 5243 appellatur,et
3379 5165 3507 5223 LXX
3528 5163 3664 5217 πὸαν

2016 5391 2104 5425 κεν
2137 5366 2562 5440 ὲκπορευόμενᾳς
2583 5362 2881 5440 ἔμπροσθεν
2896 5364 3077 5421 abnvit.
3101 5367 3348 5440 Thronns
3365 5363 3663 5440 ejus/lam-

2015 5461 2109 5498 ma
2136 5434 2302 5513 ignis,
2317 5434 2464 5513 [tota
2478 5438 2592 5495 eius
2616 5434 2760 5513 ignis
2776 5437 2970 5513 ardens
3001 5455 3030 5513 :_
3045 5439 3267 5513 Flavius
3313 5434 3664 5513 ignis_trahe-

2019 5515 2108 5570 bat
2137 5505 2419 5585 egrediens
2448 5527 2482 5564 a
2508 5505 2658 5579 [acie
2711 5509 2846 5579 ejus.
2909 5509 3186 5585 7_'raheb_at,
3243 5505 3438 5585 inquit
3463 5505 3661 5562 Hiero-

2018 5577 2254 5659 nymus,
2281 5577 2586 5656 peccatores
2615 5577 2871 5653 quosque,
2905 5582 3148 5651 ﬂammis
3177 5595 3264 5636 eos
3292 5577 3588 5636 involvens.
