4034 6196
225 279 384 345 1569

901 283 1655 350 COMMENTARIORUM
1698 285 1778 348 IN
1822 282 2291 349 MALAGHIAM
2334 284 2589 349 LIBER.
2622 287 2794 352 CAP.
2838 284 2948 350 III.

3479 291 3638 355 i570

224 417 466 489 effudere
492 417 645 475 vobis
684 418 1110 477 benedictionem
1156 438 1337 476 meam
1364 438 1533 493 usque
1562 423 1691 477 dum
1722 422 1881 492 safﬁ-
1909 420 1966 487 Α
1998 421 2067 475 ad
2087 421 2357 489 reditum,
2376 426 2438 477 ut
2461 422 2587 495 ipse
2603 438 2835 495 quoque
2849 422 2922 478 ad
2934 422 3260 479 eosredeat.
3283 423 3391 488 Qui
3415 440 3528 481 non
3552 427 3638 483 in-

224 508 355 574 ciat,
384 510 435 563 et
453 506 696 562 dividam
723 507 871 563 vobis
889 510 1053 577 cibos,
1085 518 1137 566 et
1166 526 1275 567 non
1302 510 1612 581 disperdam
1634 511 1876 581 fructum

225 606 389 652 terra:
408 599 622 663 vestrae,
651 601 701 652 et
718 613 829 651 non
860 598 1237 667 infirmabitur
1256 602 1415 654 vinea
1443 605 1620 656 vestra
1645 603 1699 654 in
1718 616 1872 671 agro,

220 686 357 741 dicit
379 687 651 741 Dominus
684 689 1020 757 omnipotens
1045 704 1058 742 :
1090 691 1138 743 et
1162 688 1344 743 beatos
1372 705 1463 744 vos
1479 689 1662 745 dicent
1689 705 1875 744 omnes

218 776 563 845 gentes,quia
575 775 731 829 eritis
746 775 1075 845 vos(a)terra
1092 778 1434 844 voluntaria,
1456 779 1592 834 dicit
1613 780 1877 833 Dominus

220 865 585 935 omnipotens.
615 865 682 919 Et
713 864 771 919 in
821 864 1106 938 principio
1139 866 1421 933 diximus,
1466 867 1710 923 Malachi
1742 885 1877 939 pro—

222 954 461 1026 phetam
494 954 695 1008 Ezram
711 954 1072 1009 sacerdotem
1096 955 1305 1011 debere
1328 955 1611 1028 intelligi;
1646 958 1873 1012 omnia-

220 1058 335 1115 que
367 1058 493 1113 que
524 1040 759 1096 inillius
777 1041 1117 1098 scribuntur
1135 1043 1404 1112 historia,
1429 1045 1487 1100 in
1511 1045 1619 1100 hoc
1646 1063 1877 1117 quoque

221 1129 519 1185 volumine
548 1130 865 1188 contineri:
929 1137 985 1186 et
1018 1149 1176 1187 nunc
1208 1133 1482 1203 dicimus,
1515 1134 1879 1207 temporibus

221 1218 355 1288 ejus
386 1224 444 1274 et
472 1218 719 1275 Neemiaa
742 1220 914 1291 (quos
933 1221 1339 1278 simulvixisse
1363 1224 1741 1278 manifestum
1768 1225 1877 1296 est)

221 1309 439 1365 famem
464 1307 643 1364 fuisse
656 1310 1087 1381 gravissimam,
1104 1316 1160 1366 et
1176 1312 1249 1366 ob
1270 1312 1481 1367 famem
1505 1313 1874 1378 seditionem,

218 1401 277 1452 et
287 1413 577 1470 pauperes
598 1414 793 1453 rerum
817 1400 1163 1456 necessitate
1186 1390 1541 1472 compulsos,
1563 1400 1714 1457 ﬁlios
1737 1418 1877 1458 suos

222 1490 281 1541 et
314 1485 508 1550 Filias,
543 1490 600 1541 et
628 1502 863 1543 omnem
886 1491 1338 1559 possessionem,
1375 1489 1704 1545 universam
1737 1492 1877 1546 sub-

221 1575 507 1630 stantiam
531 1576 882 1632 vendidisse.
908 1577 1421 1650 Deniquedicunt:
1456 1581 1601 1634 Filii
1616 1582 1809 1646 nostri,
1824 1588 1876 1636 et

216 1663 359 1732 filiae
387 1672 593 1721 nostrc'e
620 1665 809 1720 multa:
838 1670 967 1720 sunt
996 1668 1183 1737 nimis,
1206 1668 1543 1738 accipiamus
1566 1685 1674 1739 pro
1694 1672 1869 1739 pretio

219 1768 411 1808 eorum
437 1750 803 1825 frumentum,
832 1761 881 1808 et
898 1753 1245 1810 cvmedamus
1266 1764 1320 1810 et
1349 1758 1616 1811 vivamus.
1636 1758 1702 1812 Et
1718 1767 1875 1813 erant

220 1843 319 1914 qui
336 1841 579 1896 dicerent
603 1858 615 1893 :
648 1841 813 1912 Agros
827 1845 1043 1898 nostros
1063 1848 1113 1898 et
1133 1846 1338 1912 vineas,
1372 1853 1423 1900 et
1442 1845 1627 1900 domos
1657 1849 1875 1902 nostras

223 1945 583 2002 apponamus,
608 1933 660 1984 et
678 1932 1015 2000 accipiamus
1031 1930 1376 2003 frumentum
1398 1933 1456 1987 in
1470 1932 1641 2005 fame.
1666 1935 1731 1989 Et
1757 1936 1871 1989 ira-

226 2025 316 2075 tus
342 2036 483 2085 sum,
515 2018 707 2090 inquit
735 2019 930 2091 Ezras,
949 2021 1118 2075 nimis
1139 2037 1264 2075 cum
1282 2021 1555 2077 audissem
1579 2023 1877 2079 clamorem

225 2124 415 2164 eorum
462 2106 763 2163 secundum
816 2108 975 2164 verba
1008 2107 1155 2165 haec:
1189 2111 1553 2182 cogitavitque
1590 2112 1746 2166 976
1784 2128 1879 2168 cor

224 2214 410 2252 meum
437 2213 666 2263 mecum,
698 2205 749 2252 et
778 2198 1060 2269 increpavi
1100 2200 1392 2269 Optimates
1448 2208 1499 2255 et
1524 2202 1879 2271 magistratus

225 2287 411 2357 (Num.
442 2304 495 2354 v,
525 2286 560 2338 2
581 2292 773 2357 seqq.),
808 2290 864 2341 et
890 2287 1153 2358 reliqua;
1189 2287 1384 2343 Famis
1408 2288 1587 2360 igitur
1621 2298 1881 2361 tempore

227 2392 465 2431 annona
489 2374 855 2442 charissima,
890 2375 1207 2443 intantum,
1233 2382 1295 2432 ut
1315 2394 1452 2432 suos
1472 2376 1621 2433 ﬁlios
1637 2380 1881 2435 vendere

230 2469 596 2537 cogerentur,
657 2470 714 2519 et
744 2464 804 2518 hi
860 2465 961 2536 qui
995 2481 1202 2537 parum
1251 2465 1563 2533 habebant,
1598 2472 1654 2521 et
1685 2468 1786 2538 qui
1815 2468 1875 2523 in

230 2553 443 2609 horrea
470 2553 688 2608 multas
710 2554 909 2625 fruges
940 2558 1373 2626 congesserant,
1401 2572 1502 2626 pro
1530 2557 1878 2612 necessitate

230 2642 321 2699 vel
352 2660 457 2714 pro
486 2643 656 2714 pretii
675 2643 1081 2715 magnitudine
1106 2644 1317 2700 Levitis
1334 2644 1591 2699 decimas
1611 2645 1885 2701 nolebant

228 2732 494 2799 reddere,
526 2730 626 2803 qui
650 2748 765 2787 non
790 2731 1322 2803 habebantpartcm
1343 2733 1401 2787 in
1421 2733 1767 2790 haereditate
1784 2734 1885 2790 Ju-

232 2822 367 2876 deem
394 2847 407 2888 ;
453 2821 553 2876 sed
598 2820 870 2893 primitiae
902 2826 959 2876 et
989 2821 1225 2877 decimas
1258 2827 1424 2877 erant
1452 2822 1759 2879 haereditas
1789 2841 1883 2879 eo-

233 2926 389 2965 rum.
415 2909 576 2973 Quod
608 2926 681 2964 ne
702 2913 939 2981 putetur
953 2915 1220 2965 nostrum
1244 2927 1393 2977 esse,
1421 2928 1709 2983 ponamus
1730 2914 1883 2968 Ezrae

235 2999 669 3055 testimonium:
708 2999 773 3053 Et
801 3015 898 3068 ego
917 3002 1160 3069 cognovi,
1195 2999 1405 3071 inquit,
1430 3003 1690 3072 quoniam
1702 3009 1885 3070 partes

232 3090 551 3145 Levitarum
570 3104 677 3143 non
709 3090 945 3159 fuissent
989 3088 1147 3155 dolat,
1180 3098 1231 3144 et
1257 3091 1487 3160 fugisset
1512 3094 1887 3165 unusquisque

1982 508 2309 582 telligentes
2325 528 2386 567 se
2398 528 2433 567 a
2452 511 2698 568 Domino
2714 512 3050 579 recessisse,
3067 510 3438 584 impudenter
3456 513 3637 571 inter.

1985 606 2228 671 rogant:
2263 602 2322 655 In
2342 617 2442 672 quo
2465 610 2799 657 revertemur
2817 605 2842 654 Σ)
2862 602 2932 657 Et
2958 601 3161 656 dicunt
3181 619 3194 655 :
3221 602 3461 666 Quando
3481 604 3641 661 enim

1985 688 2357 757 recessimus,
2381 695 2445 744 ut
2467 690 2674 746 merito
2696 689 2884 745 redire
2904 706 3187 762 cogamur
3206 689 3532 748 ‘IDsminus
3548 709 3637 749 re-

1986 778 2260 847 spondit:
2294 777 2357 832 Si
2386 779 2573 850 affiget
2604 778 2714 852 [ΑΙ.
2747 779 2948 851 afﬁgit]
2982 778 3139 836 homo
3160 780 3355 847 Deum,
3387 783 3519 852 quia
3546 796 3640 839 vos

1987 865 2257 934 conﬁgitis
2287 870 2410 921 me?
2440 869 2697 923 Verbum
2735 868 3349 940 Hebraicum,(b)quod
3368 870 3645 926 scribitur

1986 971 2233 1009 HAJECBA
2256 957 2507 1041 (mpm),
2530 956 2669 1010 LXX
2687 957 3050 1028 interpretati
3073 961 3212 1011 sunt
3241 960 3294 1013 si
3316 958 3643 1029 supplantat

1988 1059 2089 1113 pro
2110 1060 2225 1115 quo
2247 1043 2483 1114 Aquila,
2507 1050 2563 1099 et
2583 1045 3068 1116 Symmachus,et
3088 1045 3405 1101 Theodotio
3429 1064 3639 1119 posue-

1986 1136 2142 1199 runt,
2174 1135 2225 1187 si
2278 1132 2502 1203 fraudat
2531 1140 2595 1189 ut
2648 1134 2725 1188 sit
2779 1151 3025 1190 sensus:
3092 1134 3152 1189 Si
3184 1135 3420 1191 fraudat
3468 1135 3645 1193 homo

1987 1221 2191 1291 Deum,
2220 1223 2359 1293 quia
2389 1240 2489 1278 vos
2524 1223 2840 1278 fraudastis
2899 1224 3005 1294 [Αι.
3039 1224 3346 1296 fraudatis]
3375 1242 3468 1281 me
3491 1225 3519 1280 ‘I
3579 1227 3648 1281 Et

1986 1326 2182 1363 revera
2210 1311 2535 1366 secundum
2573 1310 2826 1367 historiae
2876 1311 3164 1378 ordinem,
3209 1311 3350 1383 quia
3378 1312 3641 1370 decimas

1987 1402 2043 1452 et
2063 1391 2363 1468 primitias
2413 1399 2625 1454 Levitis
2656 1398 2907 1471 populus
2960 1417 3076 1456 non
3128 1400 3430 1467 reddebat,
3482 1401 3636 1457 977
3686 1394 3691 1399 ’

1987 1485 2247 1556 seipsum
2280 1486 2570 1553 fraudem,
2602 1488 2743 1543 dicit
2771 1488 3076 1554 Dominus,
3131 1488 3445 1559 sustinere,
3470 1490 3645 1561 cujus

1989 1573 2242 1629 ministri
2273 1576 2426 1631 fame
2455 1577 2524 1649 (ο)
2580 1578 2783 1645 coacti,
2826 1583 2883 1632 et
2923 1576 3170 1648 penuria
3223 1576 3510 1649 templum
3541 1578 3647 1634 de-

1986 1664 2293 1719 seruerint.
2327 1665 2382 1720 Si
2414 1666 2572 1720 enim
2601 1682 2704 1738 per
2733 1665 2877 1721 alios
2905 1665 3178 1721 visitatur
3208 1666 3266 1721 in
3301 1683 3555 1736 carcere,
3589 1671 3650 1723 et

1988 1759 2239 1826 aegrotus
2266 1755 2607 1829 suscipitur,
2631 1759 2688 1810 et
2706 1754 2972 1811 esuriens
2994 1754 3315 1827 sitiensque
3340 1755 3539 1811 cibum
3562 1772 3651 1811 ac-

1981 1842 2123 1915 cipit
2152 1848 2326 1913 atque
2376 1847 2629 1914 potatur,
2663 1860 2770 1898 cur
2800 1860 2914 1898 non
2963 1844 3020 1897 in
3053 1842 3340 1899 ministris
3368 1844 3493 1900 suis
3523 1843 3650 1916 ipse

1983 1930 2240 1985 decimas
2270 1930 2537 2001 accipiat,
2568 1936 2625 1987 et
2663 1932 2711 1988 si
2744 1949 2860 1987 non
2892 1932 3126 2000 dentur,
3162 1936 3323 2004 parte
3354 1950 3467 1989 sua
3501 1935 3632 2005 ipse

1986 2019 2287 2091 privetur?
2317 2020 2395 2091 (d)
2429 2020 2545 2074 Hoc
2568 2023 2723 2091 quod
2747 2020 3006 2076 diximus
3038 2037 3300 2087 HAJECBA,
3323 2020 3527 2093 lingua
3555 2025 3652 2095 Sy-

1989 2126 2187 2163 rorum
2246 2114 2302 2163 et
2358 2108 2764 2163 Chaldaeorum
2828 2109 3260 2181 interpretatur,
3325 2110 3379 2164 si
3424 2110 3647 2184 afﬁget:

1992 2198 2144 2253 unde
2174 2202 2229 2252 et
2252 2214 2357 2253 nos
2390 2203 2524 2253 ante
2550 2214 2736 2252 annos
2758 2197 3045 2268 plurimos
3076 2198 3158 2252 ita
3184 2198 3487 2265 vertimus,
3513 2215 3645 2255 ma-

1990 2288 2079 2360 gis
2112 2286 2183 2341 ad
2216 2286 2563 2358 mysterium
2595 2285 2910 2341 Dominicse
2942 2286 3260 2357 passionis,
3301 2288 3360 2342 in
3392 2304 3509 2358 qua
3538 2287 3647 2343 ho-

1992 2376 2182 2432 mines
2235 2375 2649 2430 cruciﬁxerunt
2678 2374 2885 2440 Deum,
2918 2391 3096 2446 quam
3144 2376 3216 2430 ad
3266 2375 3526 2431 decimas
3585 2392 3652 2432 ac

1994 2464 2284 2536 primitias
2316 2464 2383 2534 (ε)
2416 2464 2660 2535 (quibus
2686 2463 2955 2519 visitatur
2976 2464 3035 2517 in
3053 2480 3303 2531 carcere,
3323 2467 3651 2537 etzegrotus
3734 2484 3737 2485 ν

1994 2553 2334 2626 suscipitur,
2366 2559 2423 2608 et
2452 2553 2720 2608 esuriens
2742 2552 3065 2626 sitiensque
3087 2553 3284 2608 cibum
3307 2554 3542 2627 accipit,
3564 2558 3649 2611 at-

1994 2661 2107 2715 que
2156 2646 2412 2714 potatur)
2455 2643 2670 2712 scripta
2731 2641 3062 2697 referentes.
3122 2642 3352 2705 Quaerat
3381 2644 3650 2714 prudens

1993 2732 2174 2788 lector
2202 2732 2497 2802 quomodo
2528 2736 2726 2786 nostra
2756 2731 3155 2802 interpretatio
3196 2748 3330 2787 cum
3388 2731 3480 2788 his
3514 2749 3649 2789 con-

1994 2826 2183 2895 gruat,
2217 2838 2339 2891 quae
2371 2825 2733 2891 sequuntur:
2769 2820 2825 2874 In
2851 2820 3077 2876 decimis
3091 2825 3140 2876 et
3155 2822 3447 2893 primitiis,
3472 2826 3531 2877 et
3556 2822 3647 2877 vi-

1995 2912 2128 2966 deat
2157 2928 2230 2965 an
2264 2908 2559 2982 possimus
2580 2908 2701 2964 haec
2718 2908 2929 2965 dicere:
2949 2911 3010 2966 Ut
3032 2926 3122 2965 me
3142 2908 3455 2982 affigeretis
3475 2913 3648 2967 cruci:

1995 3005 2061 3055 ut
2091 2998 2405 3055 sceleratas
2438 3015 2649 3054 manus
2680 2998 3005 3068 injiceretis
3035 2998 3154 3054 Deo
3182 3005 3395 3071 vestro,
3438 3000 3651 3057 multa-

2003 3106 2135 3143 rum
2167 3093 2298 3142 ante
2330 3105 2525 3142 rerum
2556 3086 2935 3143 meditatione
2975 3087 3219 3156 fecistis,
3250 3088 3649 3144 subtrahendo

233 3179 298 3233 in
324 3178 604 3249 regionem
624 3193 786 3231 suam
813 3176 877 3233 de
906 3178 1126 3248 Levitis,
1159 3186 1209 3232 et
1247 3179 1315 3232 de
1354 3180 1690 3249 cantoribus,
1730 3155 1889 3236 et-da
1920 3155 1963 3222 (οἶ
2005 3177 2262 3233 decimas
2283 3180 2341 3232 et
2368 3176 2682 3248 primitias,
2708 3193 2823 3231 non
2845 3175 2975 3231 dico
2998 3177 3400 3232 sacerdotibus
3433 3176 3579 3233 meis
3596 3182 3655 3235 et

234 3267 323 3321 his
354 3267 449 3337 qui
476 3266 907 3320 ministrabant:
950 3274 1001 3320 et
1044 3282 1127 3336 egi
1158 3283 1391 3321 causam
1427 3267 1721 3324 adversum
1768 3287 1885 3325 ma-

231 3356 521 3427 gistratus,
552 3358 603 3410 et
632 3354 787 3410 dixi:
820 3358 1007 3424 Quare
1036 3355 1474 3427 derelinquimus
1504 3357 1728 3413 domum
1749 3360 1891 3415 Dei?

232 3448 307 3502 Et
336 3446 662 3513 congregavi
686 3460 793 3511 eos,
834 3451 887 3499 et
909 3446 1019 3514 feci
1044 3452 1191 3499 stare
1218 3446 1279 3499 in
1308 3446 1629 3500 stationibus
1656 3450 1790 3502 suis.
1827 3449 1889 3502 Et

234 3534 412 3590 omnis
430 3532 572 3589 Iuda
601 3532 929 3604 apportabat
956 3532 1195 3587 decimas
1224 3532 1515 3603 frumenti.
1549 3536 1669 3588 vini
1704 3544 1757 3591 et
1782 3536 1892 3591 olei

232 3624 297 3678 in
323 3622 542 3692 horrea,
566 3630 618 3677 et
641 3624 1027 3677 constituimus
1047 3636 1212 3693 super
1240 3621 1437 3677 horrea
1465 3623 1765 3678 Selemiam
1792 3640 1888 3679 sa-

233 3711 529 3778 cerdotem,
558 3719 610 3766 et
637 3710 844 3767 Sadoch
875 3712 1114 3766 scribam
1172 3712 1375 3782 (Neem.
1417 3728 1539 3783 x111,
1587 3713 1652 3765 10
1695 3714 1887 3785 seqq.),

234 3808 296 3858 et
327 3805 551 3856 caetera.
593 3800 941 3855 Audivimus
982 3805 1131 3853 Ezraa
1187 3799 1515 3867 historiam,
1567 3818 1722 3857 nunc
1756 3819 1891 3873 pro-

236 3888 424 3963 pheta:
453 3888 630 3944 verba
685 3892 1039 3959 repetamus,
1082 3885 1422 3958 diligentius
1472 3886 1768 3943 intuentes
1817 3906 1890 3945 an

236 3977 544 4052 prophetia
570 3976 936 4048 historiaque
964 3975 1332 4031 concordent.
1366 3977 1607 4041 Quando
1636 3977 1850 4033 dicitur
1874 3995 1888 4034 :

238 4064 617 4121 Revertimini
646 4064 719 4119 ad
753 4080 867 4131 me,
900 4067 957 4118 et
984 4079 1089 4135 ego
1117 4068 1370 4118 revertar
1390 4065 1461 4118 ad
1482 4064 1760 4131 vos,dicit
1782 4066 1891 4122 Do-

236 4155 438 4210 minus
468 4153 860 4225 omnipotens,
892 4169 1040 4224 quos
1070 4151 1336 4207 hortatur
1370 4158 1436 4207 ut
1466 4153 1726 4221 redeant,
1762 4170 1892 4226 per-

238 4243 513 4316 spicuum
529 4248 618 4301 est
631 4259 663 4297 a
679 4241 925 4297 Domino
939 4241 1349 4298 recessisse.Et
1366 4240 1495 4297 vide
1522 4241 1893 4299 clementiam

241 4331 495 4398 Domini,
531 4349 636 4403 par
664 4331 790 4403 pari
840 4330 1210 4403 repromittit,
1244 4334 1311 4385 ut
1358 4330 1417 4385 in
1447 4348 1562 4403 qua
1620 4349 1896 4389 mensura

242 4420 433 4477 mensi
479 4421 715 4485 fuerint,
765 4419 1148 4475 rementiatur
1194 4419 1278 4475 eis
1307 4420 1515 4490 (Matth.
1556 4438 1655 4489 vn,
1694 4422 1764 4493 1).
1825 4424 1895 4478 Et

2000 3265 2234 3330 Levitis,
2268 3265 2368 3319 sed
2402 3263 2570 3329 mihi,
2594 3265 2693 3335 qui
2727 3280 2825 3319 eas
2843 3281 2946 3336 per
2970 3265 3371 3337 Moysenjussi
3395 3266 3522 3322 dari
3542 3267 3654 3339 (At.

2000 3354 2158 3425 dare]
2188 3353 2382 3424 (Exod.
2406 3352 2589 3422 xxm).
2622 3356 2741 3406 Hoc
2764 3352 2835 3406 de
2854 3351 3030 3407 verbo
3054 3368 3172 3406 una
3189 3369 3223 3407 a
3242 3352 3411 3408 nobis
3433 3352 3653 3409 dictum

1999 3444 2096 3509 sit,
2115 3440 2345 3497 lectoris
2360 3438 3012 3511 arbitriointelligentiae
3018 3439 3313 3510 judicium
3327 3440 3657 3512 relinquen-

1998 3532 2196 3591 tibus;
2255 3545 2410 3583 nunc
2450 3543 2771 3599 sequamur
2821 3527 3086 3582 ordinem
3137 3527 3474 3599 prophetiae.
3510 3529 3659 3592 Quia

2001 3618 2145 3675 mihi
2179 3634 2294 3672 non
2324 3615 2665 3671 reddidistis
2695 3615 2955 3671 decimas
2987 3620 3044 3671 et
3093 3615 3407 3688 primitias,
3440 3616 3658 3672 idcirco

2000 3711 2060 3765 in
2092 3709 2245 3762 fame
2272 3709 2329 3760 et
2358 3704 2604 3777 penuria
2634 3703 2929 3759 maledicti
2975 3704 3140 3771 estis,
3172 3708 3229 3759 et
3259 3720 3357 3759 vos
3390 3721 3483 3759 me
3514 3722 3661 3778 sup-

2000 3795 2297 3870 plantatis,
2333 3795 2454 3850 sive
2499 3794 2781 3849 fraudatis
2828 3797 3002 3864 atque
3050 3793 3310 3865 privatis,
3363 3809 3509 3865 gens
3540 3799 3663 3850 tota

2002 3892 2110 3942 Pro
2140 3892 2312 3957 gente,
2366 3901 2492 3955 quae
2524 3882 2582 3937 in
2615 3882 2894 3937 Hebraico
2945 3880 3222 3937 scribitur
3266 3898 3439 3937 AGGOI
3470 3883 3658 3956 (πλη),

2001 3990 2209 4031 annum
2226 3974 2294 4045 (f)
2308 3971 2689 4043 Septuaginta
2702 3971 2713 4024 i
2726 3969 3060 4043 nterpretati
3077 3962 3348 4030 sunté'to;
3360 3987 3465 4043 pro
3483 3965 3653 4033 ἔθνος.

2003 4065 2071 4121 Et
2100 4067 2188 4120 est
2219 4077 2450 4117 sensus.
2485 4060 2628 4115 Ecce
2659 4076 2851 4114 annus
2879 4057 3144 4130 expletus
3178 4062 3286 4125 est,
3333 4062 3390 4115 et
3420 4058 3569 4114 nihil
3600 4059 3659 4116 in

2004 4170 2166 4209 meos
2194 4150 2521 4215 thesauros,
2548 4148 2646 4204 sed
2679 4148 2736 4202 in
2768 4152 2958 4202 vestra
2978 4147 3189 4203 horrea
3210 4149 3620 4220 comportastis
3644 4165 3656 4204 :

2005 4244 2076 4298 Et
2127 4257 2229 4314 pro
2281 4237 2525 4294 decimis
2574 4240 2631 4293 et
2670 4236 2984 4309 primitivis
3034 4237 3141 4308 [ΑΙ.
3178 4236 3503 4312 primitiis],
3531 4255 3660 4311 quis

2003 4348 2179 4404 parva
2230 4331 2415 4399 erant,
2448 4326 2498 4381 si
2538 4343 2572 4381 a
2600 4326 2766 4382 vobis
2798 4326 3099 4393 durentur,
3154 4328 3480 4383 ubertatem
3532 4344 3663 4399 pos-

2004 4418 2338 4476 sessionum
2371 4420 2721 4481 vestrarum,
2749 4419 2805 4470 et
2834 4431 3067 4470 omnem
3094 4414 3333 4486 frugum
3358 4415 3663 4471 abundan-

242 4511 397 4567 sicut
418 4509 479 4565 in
532 4508 780 4565 Levitico
811 4509 1126 4565 scribitur:
1178 4510 1238 4563 Si
1266 4510 1674 4565 ambulaveritis
1701 4510 1771 4566 ad
1798 4527 1885 4567 me
1915 4525 1961 4591 ι)
1988 4511 2133 4578 tiam
2165 4504 2520 4579 perdidistis.
2540 4502 2609 4558 Ut
2634 4508 2830 4559 autem
2871 4502 3093 4567 sciatis,
3117 4519 3209 4558 me
3232 4501 3341 4558 hoc
3362 4503 3655 4591 irascente

235 4600 508 4672 perversi,
531 4602 694 4671 etego
733 4598 1025 4653 ambulabo
1066 4601 1257 4652 contra
1296 4613 1387 4653 vos
1427 4601 1619 4670 furore
1642 4615 1893 4671 perverso

242 4690 389 4762 (Lev.
418 4706 535 4758 xvi,
564 4687 656 4757 27,
689 4690 799 4757 28).
832 4687 923 4743 Sic
964 4691 1021 4742 et
1059 4703 1215 4742 nunc
1240 4686 1523 4759 populum
1555 4688 1895 4746 cohortatur

314 4833 395 4904 (a)
431 4831 575 4887 Hinc
589 4830 1170 4904 quoqueutvoculam
1187 4830 1536 4900 amovimus,
1552 4831 1754 4887 eodem
1779 4849 1889 4888 ms.

243 4902 561 4975 Graecoque
588 4902 751 4959 textu
783 4902 1265 4975 suffragantibus.

315 4994 394 5064 (b)
425 4992 554 5048 Haec
582 4992 779 5061 verba,
811 4992 952 5064 quod
978 4991 1260 5061 scribitur,
1292 4990 1584 5046 Victorius
1614 4995 1784 5047 tacet.

314 5084 388 5153 (ε)
421 5082 624 5155 Regin.
660 5099 794 5149 ms.,
826 5084 974 5152 fame
1002 5080 1242 5153 quotidie
1270 5081 1398 5145 acti,
1430 5084 1482 5135 et
1502 5082 1757 5149 penuria,
1782 5086 1891 5137 etc.

319 5173 398 5242 (ά)
415 5170 677 5241 Idipsum
699 5171 960 5225 invenies
982 5170 1041 5223 in
1060 5169 1270 5242 (Lexico
1286 5168 1664 5242 pentaglotto,
1690 5170 1785 5224 ubi
1810 5187 1898 5225 ra-

242 5243 344 5299 dix
366 5240 487 5330 93p
508 5240 682 5309 ’Caba,
707 5244 826 5299 sive
844 5242 1000 5308 Ceba,
1024 5240 1317 5330 significat
1335 5240 1485 5309 fixit,
1532 5241 1739 5309 infixit,
1761 5257 1894 5330 con-

243 5332 398 5413 fixit,
424 5327 628 5402 aqua.
662 5332 731 5386 Et
759 5331 916 5414 apud
943 5331 1117 5412 Syros
1133 5327 1321 5384 Colos.
1346 5345 1407 5395 ιι,
1425 5338 1614 5416 rumpi
1642 5329 1891 5413 Vecabelt,

244 5402 539 5441 αιηηιηηοι
587 5404 645 5441 m
674 5404 861 5441 "mw:
894 5402 1101 5441 ,ηηιθςη
1131 5415 1403 5441 "uramur
1453 5400 1529 5441 mx-
1577 5418 1690 5441 mm
1714 5418 1891 5441 mnm.

244 5400 560 5475 Signiﬁcat.
582 5404 645 5458 Et
673 5400 861 5485 afficit
892 5400 1031 5457 illud
1046 5403 1105 5456 in
1131 5415 1425 5482 crucesua.
1451 5400 1534 5482 Ex
1552 5400 1559 5416 '
1577 5418 1690 5472 quo
1714 5401 1897 5457 mani-

246 5475 466 5552 festum
506 5479 593 5552 est
630 5478 1071 5552 _Hieronymur_n
1097 5470 1369 5552 calluisse
1403 5469 1688 5552 .linguum
1721 5470 1893 5527 Chal-

246 5546 509 5619 dzeorum
541 5542 1219 5619 et_Syrorum,quidquid
1238 5542 1375 5619 velit
1399 5542 1895 5619 imperitusquze-

248 5617 514 5677 stionum
550 5617 1134 5701 Hieronymianarum
1163 5618 1365 5673 auctor
1401 5629 1681 5691 nuperus.
1706 5617 1893 5676 Mter.

2006 4598 2348 4671 perfectum,
2402 4592 2542 4665 quia
2572 4591 2890 4647 fraudastis
2941 4608 3035 4646 me
3065 4595 3228 4663 parte
3259 4607 3410 4658 mea,
3462 4590 3663 4647 hortor

2001 4704 2124 4757 vos,
2159 4689 2333 4755 atque
2365 4697 2727 4751 commoneo,
2763 4686 2827 4736 ut
2858 4679 3122 4736 inferatis
3152 4679 3413 4736 decimas
3439 4680 3499 4735 in
3522 4680 3658 4736 hor-

2075 4830 2144 4899 (e)
2160 4826 2363 4882 Malim
2382 4823 2587 4895 utique
2606 4823 2679 4899 ad
2703 4823 2968 4899 ejusdem
2983 4822 3300 4899 ms.ﬁden_i,
3323 4821 3516 4877 tribus
3536 4835 3660 4899 ver-

2003 4892 2193 4964 sibus,
2236 4913 2386 4969 quos
2439 4892 2773 4969 parenthesi
2824 4894 3195 4969 inclusimus,
3244 4892 3381 4969 hinc
3427 4893 3658 4969 amotis,

2005 4976 2205 5045 utpote
2246 4963 2346 5040 qui
2378 4963 2661 5046 orationis
2695 4972 2909 5046 rectam
2944 4965 3302 5046 perturbant
3327 4963 3663 5046 _seriem,_vj-

2005 5035 2336 5111 denturque
2357 5040 2594 5111 omnino
2626 5035 2959 5093 scribarum
2984 5053 3178 5111 errore
3199 5035 3443 5111 totidem
3468 5035 3661 5111 verbis

2004 5134 2072 5171 ex
2104 5106 2276 5185 paulo
2306 5110 2589 5185 superiori
2612 5114 2893 5185 (contextu
2920 5108 3169 5185 repetiti,
3196 5108 3469 5185 continuo
3491 5106 3657 5185 legis,

2004 5187 2073 5242 ad
2102 5181 2340 5239 decimas
2369 5181 2421 5236 et
2449 5181 2748 5250 primitias,
2783 5197 2901 5252 quae
2930 5184 3059 5234 sunt
3106 5181 3312 5252 scripta
3341 5181 3656 5252 referentes.

2076 5257 2145 5326 (f)
2178 5254 2386 5326 Liquet
2415 5243 2472 5306 et
2503 5243 3071 5326 Graecorjurilvocum
3111 5243 3290 5326 ἔθνόςζ
3314 5254 3373 5326 et
3398 5243 3542 5326 ἔτᾳς,
3571 5249 3660 5326 si-

2076 5260 2145 5382 ({)
2178 5260 2386 5326 Liquet
2415 5260 2472 5306 et
2503 5260 2835 5307 Graecorum
2865 5268 3071 5306 vocum
3111 5260 3282 5315 ὲυνος,
3314 5260 3373 5305 et
3401 5260 3542 5315 stoc,
3575 5265 3659 5303 sr-

2005 5329 2082 5383 mi
2116 5326 2358 5404 itudine,
2392 5340 2508 5379 non
2540 5323 2667 5395 ipso
2688 5393 2700 5404 _
2722 5322 2857 5377 LXX
2890 5324 3234 5404 interpretes
3264 5320 3442 5404 falsos
3475 5322 3534 5375 in
3568 5321 3659 5374 in-

2004 5396 2392 5474 t_erpretando_
2422 5393 2579 5474 esse,
2605 5393 2703 5474 qui
2736 5405 2861 5453 nm
2894 5393 3141 5474 legerint
3194 5409 3297 5474 pro
3344 5402 3486 5474 11:31,
3532 5408 3660 5474 qua:

2004 5464 2134 5525 duae
2181 5484 2348 5523 voces
2379 5465 2530 5520 inter
2579 5481 2641 5520 se
2672 5466 2929 5534 immane
2960 5464 3268 5534 differunt:
3332 5464 3431 5518 sed
3462 5464 3659 5534 potius

2005 5540 2185 5599 Graeci
2217 5537 2435 5595 codicis
2465 5536 2855 5610 descriptores
2887 5531 3037 5599 ἔθνος
3068 5552 3171 5610 pro
3204 5527 3322 5597 ἔτος
3354 5527 3660 5610 perperam

2003 5611 2297 5693 posuisse.
