4034 6196
506 284 656 350 15Ἷ1
1749 278 1815 341 8.
1859 275 2099 340 EUSEE

2148 275 2172 337 Ι
2215 273 2658 337 HIERONYMI
3636 281 3739 348 {572

505 437 622 486 rea,
658 419 766 474 hoc
797 420 905 484 est,
939 414 999 471 in
1030 409 1339 470 thesauros
1359 409 1585 484 templi,
1603 416 1660 469 et
1688 411 1941 468 habeant
1957 426 2153 466 sacer-
2180 422 2236 487 Α
2267 409 2510 479 loquitur
2566 405 2914 462 audientium
2971 403 3130 476 (Eccl.
3162 405 3298 477 xxv).
3352 405 3550 465 Levabit
3587 430 3743 488 quoque

503 510 668 565 dotes
697 512 873 576 atque
901 503 1132 571 Levitaa,
1169 503 1270 575 qui
1301 501 1447 557 mihi
1480 501 1842 571 ministrant,
1876 499 2034 555 cibos
2060 503 2151 554 :et
2263 496 2462 552 oculos
2493 513 2651 564 suos,
2676 498 2733 550 et
2759 493 2976 549 videbit
3006 495 3276 567 regiones,
3295 498 3528 568 quoniam
3547 502 3742 571 jemalbe

502 596 655 652 978
687 595 927 668 probate
957 609 1072 662 me,
1103 591 1152 648 si
1182 608 1298 646 non
1329 595 1525 647 tantas
1567 589 1797 662 pluvias
1825 589 2150 655 eti‘undero,
2260 590 2402 642 sunt
2429 587 2502 640 ad
2534 584 2869 640 metendum
2929 584 3103 654 (Joan.
3137 587 3244 654 IV):
3299 591 3351 642 et
3379 587 3567 661 colliget
3600 592 3745 649 fructus

503 688 879 741 utcataractse
904 683 1030 738 caeli
1055 685 1265 754 apertae
1284 696 1411 738 esse
1431 681 1762 736 credantur.
1782 681 1848 736 Et
1868 679 2150 752 offundam
2262 675 2322 730 in
2350 675 2534 730 vitam
2563 678 2857 730 aternam.
2906 672 3019 728 Nec
3049 673 3152 729 erit
3197 674 3392 730 sterilis
3427 677 3563 732 vinea
3597 679 3639 734 in
3660 697 3748 753 agro

499 775 648 831 vobis
679 771 1100 829 benedictionem
1128 787 1298 842 usque
1327 769 1397 825 ad
1439 769 1855 824 abundantiam.
1889 769 2148 824 Verbum
2259 763 2639 836 cjus,illequi
2672 763 2815 819 dicit
2833 762 2893 818 in
2924 761 3222 835 Evangelio
3245 781 3256 817 :
3279 765 3375 835 Ego
3399 782 3500 820 sum
3519 769 3616 821 uitis
3635 770 3750 835 (toan,

501 862 824 930 etinsionis,
850 859 1364 932 nomenlargitatis
1385 858 1659 914 ostendit.
1685 859 1790 912 Sed
1817 857 1935 913 ﬁeri
1961 861 2151 929 potest
2259 871 2354 918 xv,
2389 854 2462 926 1).
2495 854 2561 908 Et
2589 853 2688 924 qui
2720 852 2981 924 loquitur
3006 867 3106 924 per
3133 849 3442 924 prophetam
3463 855 3572 925 :Ego
3594 860 3633 911 te
3651 859 3753 928 plan-

501 957 568 1007 ut
597 967 767 1024 agros
795 949 1175 1022 irrigantibus
1206 948 1442 1021 pluviis,
1475 948 1551 1003 sit
1589 948 1826 1019 quidem
1847 945 2148 1013 fertilitas;
2259 945 2370 999 tavi
2399 946 2624 999 vineam
2650 945 3001 1014 frugiferam,
3033 958 3240 998 omnem
3267 959 3433 999 veram
3459 944 3564 1014 (Jer.
3590 962 3635 1015 ιι,
3671 949 3753 1015 21);

501 1057 703 1096 verum
735 1043 836 1094 aut
866 1039 945 1109 (a)
976 1037 1203 1094 locusta
1251 1041 1352 1093 aut
1379 1037 1660 1107 bruchus,
1695 1041 1796 1091 aut
1843 1052 2020 1108 erugo
2051 1040 2152 1092 aut
2259 1036 2318 1089 et
2346 1037 2570 1088 tantam
2603 1037 2728 1104 (per
2748 1030 3101 1087 humilitatis
3129 1031 3523 1092 confessionem.
3548 1038 3591 1088 et
3613 1036 3754 1106 gratia-

501 1146 677 1186 eruca
731 1129 1058 1192 destruant,
1110 1131 1166 1182 et
1224 1125 1452 1181 labores
1509 1125 1816 1181 hominum.
1864 1129 2147 1197 pereant;
2260 1139 2391 1177 rum
2423 1122 2709 1178 actionem
2741 1121 2801 1176 in
2825 1121 3032 1192 Deum,
3065 1121 3758 1195 acmagistrosEcclesieejus)

502 1223 809 1290 propterea
830 1217 1031 1288 jungit
1060 1219 1116 1270 et
1147 1215 1321 1270 dicit:
1350 1217 1416 1270 Et
1444 1214 1733 1287 increpabo
1761 1231 1860 1286 pro
1888 1216 2036 1270 vobis
2057 1215 2148 1271 de-
2259 1211 2677 1267 beatitudinem
2707 1214 3098 1283 consequetur
3125 1215 3186 1265 ut
3215 1227 3398 1266 omnes
3424 1211 3611 1266 beatum
3646 1212 3757 1267 illum

501 1315 800 1372 verentem,
836 1305 1125 1361 locustam
1176 1303 1469 1371 videlicet,
1508 1307 1565 1359 et
1595 1304 1818 1376 reliqua
1847 1321 1973 1376 quae
2004 1304 2151 1358 dixi-
2261 1301 2461 1356 dicant
2489 1304 2711 1372 gentes,
2747 1305 2802 1355 et
2827 1300 2883 1355 in
2916 1301 3210 1371 tenacius
3239 1304 3398 1372 atque
3417 1299 3627 1355 doctrina
3647 1299 3763 1355 habi-

503 1413 673 1453 mus:
732 1401 790 1451 et
842 1409 958 1450 non
1002 1398 1336 1466 corrumpet
1390 1394 1645 1448 fructum
1702 1397 1866 1448 terrae
1923 1397 2149 1448 vestrae.
2263 1394 2387 1444 tare
2417 1389 2770 1454 desiderent,
2829 1388 2925 1460 qui
2981 1387 3146 1443 illum
3184 1388 3241 1444 in
3298 1388 3518 1444 Ecclesia
3563 1389 3765 1444 audierint

501 1485 684 1541 Vinea
714 1493 947 1556 quoque
1005 1482 1273 1554 implebit
1325 1481 1659 1551 toreularia,
1693 1486 1749 1537 et
1787 1485 2006 1537 cunctae
2052 1499 2155 1554 per
2263 1477 2686 1550 disputantem.

503 1574 814 1630 circuitum
862 1572 1132 1627 nationes
1165 1571 1539 1626 mirabuntur
1597 1569 1954 1625 fertilitatem
1988 1574 2154 1627 terrae
2335 1567 2520 1638 (Vers.
2573 1567 2663 1632 43,
2723 1566 2912 1638 seqq.)
2968 1567 3316 1621 Invatuerunt
3359 1581 3501 1636 super
3544 1582 3610 1620 me
3661 1567 3767 1622 verba

501 1667 726 1734 vestrae,
760 1662 1056 1716 intentum
1089 1665 1154 1715 ut
1183 1676 1388 1716 omnes
1436 1660 1495 1714 in
1523 1675 1590 1716 ea
1619 1659 1884 1715 habitare
1929 1661 2154 1716 deside-
2262 1663 2459 1719 vestra,
2489 1656 2623 1710 dicit
2653 1657 2936 1720 Dominus,
2971 1664 3022 1710 et
3068 1655 3318 1710 dixistis:
3354 1655 3471 1724 quid
3497 1654 3626 1709 locuti
3646 1671 3769 1710 sumus

503 1757 652 1820 rent,
686 1755 746 1807 et
772 1747 1134 1806 abundantia
1191 1766 1387 1805 rerum
1419 1749 1683 1804 omnium
1734 1748 1960 1804 cunctis
2009 1765 2154 1821 gen-
2191 1795 2237 1860 Β
2264 1749 2454 1800 contra
2484 1749 2533 1800 te
2553 1745 2580 1799 ‘I
2611 1745 2861 1808 Dixistis,
2893 1761 3066 1800 vanus
3113 1753 3193 1800 est
3221 1745 3310 1815 qui
3334 1746 3482 1798 servit
3513 1744 3610 1810 Deo,
3627 1752 3665 1798 et
3682 1744 3772 1815 quod

504 1842 661 1860 43L--__
699 1839 823 1860 -2L:..
860 1838 1113 1860 ---.....ι-
1175 1838 1335 1860 Α---)
1376 1837 1438 1860 Δ-
1477 1838 1716 1860 .‘I--:_.2_
1767 1837 2155 1860 __!...212:-._--_
2274 1836 2689 1860 ΑωΑΙ..ιμλμΙΑικιι
2776 1835 2903 1860 ’.ριέη
2967 1833 3342 1860 Α..-ι,υ.1;..ἐμ.....
3368 1835 3589 1860 nun-ambu-
3631 1833 3710 1860 Αἱ...
3745 1841 3772 1860 ιι

503 1842 663 1896 tibus
693 1839 824 1895 sitis
853 1838 1139 1910 exemplo.
1175 1838 1338 1901 Quod
1371 1837 1442 1893 de
1472 1838 1718 1893 decimis
1766 1837 2161 1909 primitiisque
2192 1833 2237 1860 υ
2267 1836 2712 1899 emolumentum,
2743 1835 2906 1904 ,quia
2962 1833 3342 1889 custodivimus
3365 1835 3592 1904 praecepta
3628 1833 3774 1902 ejus,tt

505 1929 786 1993 diximus,
817 1944 944 1998 quae
977 1926 1119 1982 olim
1143 1927 1439 1980 dabantur
1468 1943 1502 1981 a
1525 1926 1736 1997 populo
1759 1927 2160 1982 sacerdotibus
2270 1925 2403 1996 quia
2423 1922 2832 1977 ambulavimus
2862 1925 3044 1978 tristes
3069 1939 3253 1978 coram
3284 1924 3488 1978 Domino
3506 1924 3775 1976 exercituum!

503 2034 570 2071 ac
598 2016 828 2080 Levitis,
857 2017 915 2070 in
963 2015 1233 2070 Ecclesia:
1285 2031 1520 2086 quoque
1571 2014 1802 2086 populis
1832 2013 2160 2087 intelligite,
2269 2013 2407 2082 Ergo
2440 2028 2587 2066 nuuc
2615 2013 2794 2067 beatos
2840 2011 3073 2066 dicimus
3121 2019 3432 2082 arrogantes,
3461 2010 3668 2081 siquidem
3689 2010 3773 2064 adi-

504 2105 720 2176 quibus
751 2108 1097 2176 praeceptum
1129 2107 1238 2168 est,
1273 2121 1387 2158 non
1419 2103 1607 2158 solum
1642 2104 1900 2159 decimas
1937 2105 2074 2159 dare
2105 2108 2162 2158 et
2276 2101 2423 2156 ﬁcati
2448 2105 2577 2156 sunt
2603 2102 2866 2172 facientes
2885 2102 3246 2172 impietatem:
3278 2108 3329 2155 et
3345 2103 3631 2155 tentaverunt
3654 2101 3774 2158 Deum.

502 2191 834 2266 primitias;
865 2192 965 2248 sed
1019 2197 1077 2246 et
1119 2193 1366 2248 vendere
1397 2193 1594 2247 omnia
1641 2209 1769 2264 quae
1818 2193 2055 2260 habent,
2105 2197 2163 2248 et
2270 2198 2322 2245 et
2349 2191 2493 2245 salvi
2519 2191 2656 2260 facti
2675 2199 2824 2244 sunt.
2859 2188 3038 2244 LXX:
3077 2190 3403 2260 Ingravastis
3429 2205 3569 2259 super
3589 2202 3654 2241 me
3674 2185 3776 2241 verba

503 2283 641 2337 dare
691 2281 1064 2353 pauperibus,
1117 2285 1172 2336 et
1221 2281 1388 2352 sequi
1440 2281 1750 2337 Dominum
1800 2281 2159 2337 Salvatorem
2269 2287 2470 2346 vestra,
2499 2279 2632 2334 dicit
2661 2279 2944 2334 Dominus.
2969 2279 3033 2332 Et
3058 2278 3294 2348 dixistis,
3328 2280 3384 2333 in
3402 2293 3492 2348 quo
3517 2277 3779 2331 locutisumus

503 2367 710 2443 (Matth.
743 2387 864 2437 xrx,
897 2373 947 2424 et
995 2374 1168 2426 Marc.
1200 2371 1278 2440 x).
1341 2370 1502 2435 Quod
1536 2369 1586 2425 si
1643 2371 1831 2426 facere
1862 2369 2160 2435 nolumus,
2269 2373 2465 2424 contra
2519 2371 2614 2423 te?
2657 2370 2721 2423 Et
2748 2367 2988 2434 dixistis,
3021 2384 3198 2422 vanus
3227 2377 3302 2423 est
3327 2368 3419 2437 qui
3461 2367 3598 2421 servit
3616 2365 3716 2419 Deo:
3750 2366 3781 2416 ά

503 2455 712 2515 saltem
742 2459 1084 2514 Judieorum
1115 2458 1419 2514 imitemur
1437 2458 1774 2525 exordia,ut
1804 2459 2161 2530 pauperibus
2271 2457 2404 2527 quid
2432 2457 2690 2528 amplius,
2714 2458 2845 2528 quia
2869 2457 3261 2512 custodivimus
3274 2455 3627 2525 mandataejus,
3649 2452 3782 2521 aquis

505 2553 734 2620 partem
789 2547 999 2602 demus
1031 2562 1100 2601 ex
1130 2551 1272 2614 toto,
1302 2552 1359 2602 et
1413 2547 1817 2602 sacerdotibus
1849 2564 1914 2602 ac
1947 2546 2161 2604 Levitis
2270 2547 2678 2600 ambulavimus
2706 2547 2974 2617 supplices
3032 2555 3162 2602 ante
3190 2547 3380 2617 [aciem
3417 2544 3597 2599 Domini
3617 2543 3783 2611 omnipo-

507 2635 790 2693 honorem
822 2637 1090 2693 debitum
1139 2636 1495 2691 deferamus.
1548 2635 1707 2692 Unde
1739 2636 1881 2692 dicit
1922 2641 1980 2691 et
2009 2641 2161 2708 Apo-
2271 2637 2560 2690 tentisPEt
2591 2651 2740 2689 nunc
2767 2651 2866 2690 nos
2895 2635 3074 2690 beatos
3130 2635 3358 2690 dicimus
3398 2635 3590 2698 alienos,
3614 2628 3785 2697 stadii-

511 2725 698 2782 stolus
723 2743 736 2782 :
770 2726 987 2781 Honora
1014 2723 1226 2793 viduas,
1245 2741 1366 2794 quae
1393 2741 1514 2780 lJere
1533 2725 1710 2780 vidum
1734 2733 1864 2780 sunt
1886 2725 1932 2796 (Ι
1957 2727 2088 2780 Tim.
2109 2742 2160 2793 v,
2271 2728 2471 2779 cantur
2499 2740 2686 2779 omnes
2717 2727 2812 2794 qui
2839 2723 3063 2794 faciunt
3105 2726 3462 2795 iniquitatem,
3506 2731 3548 2776 et
3570 2721 3787 2774 restiterunt

511 2815 601 2886 3):
655 2819 713 2871 et
745 2816 1149 2886 presbyterum
1201 2813 1419 2886 duplici
1468 2814 1689 2869 honore
1730 2813 2160 2883 honorandum,
2272 2815 2398 2878 Deo,
2431 2821 2482 2868 et
2509 2813 2651 2868 salvi
2669 2815 2806 2882 facti
2835 2816 2981 2868 sunt.
3018 2813 3192 2869 Prius
3221 2814 3465 2868 dixerat:
3509 2805 3788 2865 Leborarele-

511 2903 763 2959 maxime
793 2902 895 2975 qui
926 2901 1152 2958 laborat
1168 2902 1228 2956 in
1257 2903 1433 2958 verbo
1463 2908 1520 2958 et
1550 2903 1816 2958 doctrina
1842 2903 1960 2958 Dei.
1997 2904 2162 2968 Quod
2274 2901 2436 2957 cistis
2455 2902 2769 2956 Dominum
2802 2901 2860 2956 in
2891 2902 3268 2958 sermonibus
3295 2900 3503 2966 vestris,
3529 2902 3581 2952 ut
3617 2891 3788 2960 dixistis,

506 2992 606 3064 qui
637 3007 753 3047 non
790 2990 1008 3057 fecerit,
1032 2991 1216 3046 Deum
1251 2991 1521 3046 fraudare
1546 2996 1602 3046 et
1631 2990 2010 3063 supplantare
2033 3009 2166 3047 con-
2273 2989 2332 3044 in
2367 3007 2482 3062 quo
2513 3007 2647 3046 eum
2682 2990 2924 3046 fecimus
2957 2990 3271 3046 laborare?
3297 2988 3356 3045 In
3385 3005 3445 3045 eo
3472 3003 3582 3043 cum
3604 2983 3714 3040 980
3734 2980 3790 3034 di-

506 3082 777 3149 vincitur,
810 3085 868 3136 et
922 3079 1294 3136 maledicitur
1319 3080 1369 3135 ei
1426 3080 1484 3134 in
1521 3081 1768 3151 penuria
1816 3097 2010 3136 rerum
2044 3098 2164 3136 om-
2275 3080 2517 3136 ceretis:
2550 3079 2754 3136 Omnis
2780 3081 2880 3152 qui
2915 3081 3051 3135 facit
3083 3079 3327 3148 malum,
3359 3080 3526 3134 bonus
3550 3073 3680 3130 estin
3702 3085 3791 3124 con-

513 3169 679 3224 nium
704 3187 717 3224 :
743 3168 925 3239 utqui
943 3184 1114 3239 parce
1142 3168 1371 3237 severit,
1396 3184 1566 3238 parce
1587 3173 1644 3222 et
1660 3173 1838 3224 metat
1864 3187 1876 3224 :
1901 3174 1959 3225 et
1984 3171 2084 3241 qui
2106 3169 2165 3225 in
2199 3159 2241 3224 C
2279 3174 2480 3240 speetu
2516 3169 2762 3238 Domini,
2786 3173 2843 3224 et
2874 3168 3020 3224 tales
3051 3168 3105 3224 ei
3129 3169 3355 3241 placent
3377 3186 3388 3222 :
3407 3171 3495 3222 aut
3510 3169 3629 3221 certe
3652 3159 3720 3216 ubi
3735 3161 3794 3212 est

511 3256 916 3312 benedictione
935 3255 1397 3321 seminaverit,in
1417 3256 2161 3313 benedictionibusfructus
2275 3261 2422 3312 Deus
2447 3257 2656 3327 judicii
2678 3258 2706 3312 ?
2739 3275 2895 3312 nunc
2929 3257 3086 3313 idem
3123 3257 3352 3330 plenius
3383 3255 3591 3327 repetit:
3615 3245 3790 3319 Populus

509 3344 746 3418 colligat
775 3345 1143 3400 abundanter
1171 3344 1240 3414 (Il
1269 3344 1388 3399 Cor.
1424 3362 1499 3411 ix,
1523 3345 1600 3415 6).
1625 3344 1685 3400 Si
1717 3347 1952 3417 quando
1977 3347 2162 3403 fames
2274 3346 2426 3402 enim
2460 3345 2560 3417 qui
2600 3346 2672 3401 de
2701 3346 2993 3417 Babylone
3042 3363 3312 3402 reversus
3339 3345 3603 3401 videbatur
3638 3336 3705 3393 Dei
3726 3333 3794 3388 ha-

510 3439 569 3491 et
615 3434 880 3506 penuria,
914 3438 972 3488 et
1001 3449 1198 3489 rerum
1230 3433 1495 3488 omnium
1553 3440 1782 3506 egestas
1825 3437 2168 3508 opprimunt
2274 3435 2410 3490 bere
2455 3434 2750 3500 notitiam,
2783 3439 2840 3490 et
2889 3436 3202 3492 observare
3253 3435 3452 3506 legem,
3501 3437 3549 3487 et
3573 3425 3794 3495 intelligere

511 3523 834 3580 mundum:
871 3522 1130 3578 sciamus
1161 3522 1270 3577 hoc
1301 3538 1372 3577 ex
1401 3521 1502 3577 Dei
1544 3523 1631 3579 ira
1661 3524 2032 3592 descendere,
2065 3526 2167 3597 qui
2276 3529 2578 3596 peccatum
2625 3540 2820 3592 suum,
2857 3528 2913 3579 et
2961 3541 3065 3596 pro
3098 3527 3337 3596 peccato
3396 3521 3573 3577 otl‘erre
3598 3513 3796 3574 victimas,

510 3613 570 3667 in
601 3611 1035 3684 pauperibus,si
1057 3627 1172 3666 non
1202 3611 1493 3682 accipiant
1523 3611 1976 3684 eleemosynam,
2003 3614 2166 3667 frau-
2277 3613 2534 3668 decimus
2583 3613 2842 3679 reddere,
2901 3613 3213 3670 observare
3246 3613 3553 3676 sabbatum,
3600 3610 3644 3661 et
3665 3605 3799 3657 cetera

514 3701 640 3757 dari
671 3717 734 3756 se
780 3699 1060 3772 loquitur,
1110 3704 1166 3754 et
1194 3717 1303 3755 sua
1339 3700 1603 3768 portione
1631 3702 1736 3768 [Αἰ.
1773 3702 2165 3772 possessione]
2281 3719 2406 3773 quae
2439 3701 2538 3756 Dei
2592 3703 2733 3773 Lege
2765 3706 3050 3773 praecepta
3105 3707 3270 3766 sunt,
3303 3714 3525 3756 cernens
3565 3697 3742 3750 cunctas
3762 3685 3800 3738 in

515 3789 750 3862 privari.
785 3793 1109 3844 Possumus
1129 3789 1387 3844 decimas
1417 3793 1474 3844 et
1495 3789 1784 3860 primitias
1807 3795 1864 3845 et
1889 3790 1972 3846 sic
1995 3791 2171 3846 inter-
2281 3790 2524 3845 circuitu
2576 3789 2841 3846 nationes
2886 3791 3061 3846 rebus
3095 3791 3369 3846 omnibus
3415 3785 3676 3844 abundare.
3701 3773 3802 3832 εθίπ

516 3879 769 3952 pretari:
804 3878 859 3933 Si
894 3877 1025 3950 quis
1055 3877 1260 3934 doctus
1287 3882 1346 3933 et
1376 3877 1643 3933 eruditus
1671 3878 1732 3932 in
1764 3884 1909 3951 Lege
1956 3881 2061 3948 [Αι.
2096 3878 2172 3935 le-
2279 3880 2539 3950 penuria,
2573 3883 2630 3933 et
2659 3879 2831 3949 fame,
2863 3883 2920 3934 et
2959 3879 3200 3934 miseria
3253 3877 3614 3939 constitutum,
3639 3862 3806 3924 scandi?

517 3968 674 4042 gem]
704 3963 832 4035 Dei",
861 3973 1053 4039 potest
1101 3972 1338 4023 caeteros
1398 3966 1648 4037 erudire,
1683 3984 1798 4022 non
1830 3969 2001 4024 debet
2049 3987 2169 4026 suis
2281 3967 2572 4023 lizabatur
2599 3967 2670 4022 ad
2702 3967 2954 4038 singula,
2982 3971 3161 4039 atque
3179 3968 3432 4024 dicebat:
3463 3962 3586 4030 Quid
3602 3955 3810 4042 mibipro-

519 4041 821 4128 assignare
841 4055 1181 4128 prudentiae,
1206 4055 1556 4127 ingenioque
1582 4056 1734 4126 quod
1757 4057 2052 4127 possidet:
2073 4059 2172 4114 sed
2285 4057 2434 4124 dest,
2466 4057 2606 4128 quia
2644 4073 2826 4111 unum
2885 4061 2942 4111 et
2974 4073 3180 4112 verum
3245 4057 3417 4112 Deum
3446 4051 3573 4116 colo,
3597 4041 3814 4103 abomilwr

523 4145 740 4216 gratias
773 4148 906 4217 agat
933 4145 1086 4199 979
1104 4145 1360 4216 primum
1383 4143 1520 4211 Deo,
1541 4144 1640 4216 qui
1663 4150 1872 4200 cuncta
1892 4145 2172 4218 largitur;
2283 4145 2461 4210 idola,
2493 4149 2549 4200 et
2569 4149 2957 4216 compunctus
3012 4144 3371 4202 conscientia
3398 4142 3701 4198 delictorum,
3733 4129 3819 4184 an”

527 4233 736 4287 deinde
765 4232 1166 4287 sacerdotibus
1222 4234 1350 4303 ejus
1382 4249 1448 4288 ac
1509 4233 1829 4306 magistris,
1876 4251 1910 4288 a
1961 4236 2178 4306 quibus
2287 4235 2472 4289 Deum
2495 4232 2907 4289 tristisincedo
2931 4233 3158 4298 ?Quem
3181 4233 3372 4289 locum
3393 4219 3822 4300 utsupradiximns,

530 4321 736 4377 doctus
752 4325 858 4377 est.
883 4320 942 4376 Si
957 4319 1113 4376 enim
1136 4337 1250 4376 non
1263 4321 1446 4393 egerit
1465 4323 1707 4393 gratias,
1736 4323 1836 4378 sed
1862 4324 1973 4378 sibi
1996 4324 2179 4380 scien-
2291 4321 2759 4394 septuagesimus
2790 4327 2848 4377 et
2869 4322 3166 4378 secundus
3187 4322 3454 4377 Psalmus
3475 4315 3665 4391 plenius
3687 4306 3826 4397 latius

526 4410 670 4465 tiam
717 4409 1112 4478 vindicaverit,
1172 4409 1231 4464 in
1289 4410 1535 4481 penuria
1566 4410 1966 4467 maledicatur.
2015 4414 2178 4476 Quod
2293 4427 2407 4482 que
2429 4409 2991 4483 prosequitur.Unde
3013 4401 3828 4483 propheta,quiestmedicusil’"

528 4498 579 4554 si
595 4497 926 4570 intelligens
957 4498 1293 4588 largitorem
1319 4499 1525 4568 Deum,
1549 4504 1606 4554 et
1625 4499 1720 4588 bis
1737 4516 1918 4571 agens
1938 4502 2182 4572 gratias,
2212 4523 2259 4588 Ι)
2293 4481 2544 4566 ritualis,
2573 4499 2842 4554 medetur
2866 4481 3094 4556 cunctis
3117 4481 3476 4562 vulneribus,
3503 4500 3553 4551 et
3576 4490 3711 4588 verba

531 4603 634 4660 per
661 4567 813 4659 quos
840 4605 874 4643 a
905 4588 1020 4643 Deo
1050 4567 1319 4643 eruditus
1362 4592 1468 4653 est,
1504 4567 1902 4642 humiliaverit
1932 4567 2012 4655 se,
2043 4567 2180 4646 etin
2212 4567 2258 4588 υ
2292 4588 2536 4661 phemiie
2567 4587 2625 4642 in
2658 4588 2990 4643 Creatorem
3024 4589 3293 4661 recidere
3320 4587 3653 4646 contestatur,
3677 4578 3719 4630 et
3736 4567 3829 4624 dicit

533 4676 808 4732 horreum
855 4676 953 4732 Dei
1009 4675 1270 4731 intulerit
1326 4676 1508 4744 cibos,
1542 4675 1652 4731 hoc
1709 4682 1817 4741 est,
1867 4677 2180 4749 Scripturze
2290 4657 2358 4733 ex
2387 4694 2639 4748 persona
2696 4676 2833 4732 Dei:
2880 4657 3480 4748 Invalueruntsuper
3509 4687 3586 4728 me
3622 4663 3754 4749 verba
3773 4669 3830 4708 νε-

533 4770 745 4822 sanctaa
766 4764 1046 4821 alimenta
1076 4765 1134 4820 in
1165 4764 1422 4820 Ecclesia
1453 4764 1685 4836 populis
1717 4746 2137 4822 ministraverit
2165 4787 2177 4824 :
2292 4746 2432 4831 stra,
2467 4765 2903 4838 siveingravata
2927 4769 3102 4822 sunt:
3131 4770 3190 4821 et
3221 4746 3555 4834 enim'juxta
3569 4746 3828 4838 Zacharianl.

534 4855 735 4911 statim
767 4855 1103 4926 aperientur
1132 4871 1312 4925 supra
1341 4831 1477 4910 eum
1509 4831 1809 4910 cataractae
1832 4855 1980 4923 caeli,
2009 4862 2066 4911 et
2095 4858 2183 4912 ef-
2292 4854 2580 4928 iniquitas
2611 4831 2774 4910 sedet
2821 4872 2999 4927 super
3032 4854 3325 4911 talentum
3358 4831 3564 4926 plumbi
3603 4838 3742 4916 (Zach.
3773 4831 3828 4897 Vl:

535 4943 815 5000 fundetur
844 4944 1041 5015 pluvia
1070 4942 1417 5016 spiritualis.
1452 4948 1510 4998 et
1541 4943 1843 4998 mandabit
1873 4944 2027 5000 Deus
2075 4963 2182 5001 nu-
2293 4947 2351 4998 et
2379 4944 2534 5014 quod
2557 4947 2756 4998 contra
2785 4943 2969 4998 Deum
2995 4942 3227 5010 dicitur,
3250 4942 3408 5015 gravi
3436 4929 3820 5007 blasphemiarum

537 5033 710 5088 bibus
733 5033 878 5101 suis,
912 5040 977 5088 ut
1008 5031 1215 5104 pluant
1244 5048 1420 5103 super
1450 5049 1585 5086 eum
1617 5033 1885 5102 imbrem,
1911 5038 1968 5088 et
1999 5034 2184 5090 abun-
2296 5032 2448 5087 mole
2477 5031 2844 5104 deprimitur.
2876 5032 2985 5095 Qui
3017 5049 3130 5088 non
3182 5030 3558 5102 intelligentes
3581 5018 3719 5076 verba

536 5121 734 5177 dantia
765 5137 960 5176 rerum
1017 5121 1282 5176 omnium
1334 5120 1683 5192 perfruetur,
1745 5125 1802 5174 et
1858 5121 2185 5194 increpabit
2294 5121 2560 5188 vissima,
2597 5126 2655 5176 et
2695 5120 3122 5192 blasphemiam
3153 5136 3348 5185 suam,
3382 5109 3708 5182 interrogant.
3737 5089 3826 5194 illi"!

536 5211 712 5267 etiam
744 5227 848 5282 pro
877 5227 944 5266 eo
974 5189 1369 5276 devorantem,
1404 5209 1725 5264 contrarias
1757 5210 1979 5266 scilicet
2020 5189 2188 5267 forti-
2299 5210 2476 5266 locuti
2509 5227 2718 5266 sumus
2739 5189 2941 5266 contra
2959 5215 3015 5265 te
3035 5209 3302 5272 ?Quibus
3328 5202 3604 5278 respondit
3621 5189 3826 5282 Dominlli'

536 5270 796 5366 tudines,
826 5305 884 5356 et
912 5299 1078 5355 labor
1123 5299 1310 5371 ipsius
1340 5270 1540 5354 afferet
1589 5297 1861 5370 fructum,
1897 5305 1955 5356 et
1985 5318 2188 5358 conse-
2301 5299 2579 5354 Dixistis:
2612 5299 2810 5354 Vanus
2845 5303 2936 5353 est
2963 5297 3062 5370 qui
3097 5270 3277 5353 servit
3307 5270 3438 5365 Deo,
3457 5297 3510 5349 et
3535 5286 3662 5360 qu°d
3687 5270 3827 5336 “nol”.

539 5394 755 5460 quetur
784 5387 928 5444 illud
961 5387 1118 5460 quod
1149 5370 1434 5459 scriptum
1451 5391 1540 5442 est
1571 5403 1584 5442 :
1613 5386 1810 5442 Beatus
1829 5389 1930 5460 qui
1948 5391 2007 5444 in
2025 5407 2189 5448 aures
2301 5393 2586 5457 mentum,
2623 5387 2762 5458 quia
2782 5387 3208 5443 custodivimus
3231 5387 3508 5458 praecepta
3526 5378 3636 5449 ejus
3656 5370 3734 5428 iln
3755 5370 3831 5435 μηδ

545 5532 690 5686 Imagi.)
721 5531 1036 5663 (galeinius
1067 5532 1183 5590 tere
1222 5536 1279 5590 et
1316 5531 1550 5590 brevius
1599 5531 1658 5591 in
1700 5531 1900 5606 Regia.
1947 5550 2058 5599 ms.
2083 5538 2180 5596 aut
2217 5536 2423 5598 locusta
2450 5533 2653 5604 veniat,
2683 5533 2782 5588 aut
2812 5530 3074 5600 bruchus,
3116 5533 3212 5588 aut
3245 5543 3428 5600 eruca,
3459 5527 3507 5584 et
3533 5519 3706 5580 tabam
3725 5495 3830 5563 Μ·

577 5679 580 5682 .
685 5642 700 5679 ν
831 5644 844 5662 ·

577 5642 700 5679 νηησ,
733 5642 844 5663 νυνι
