4034 6196
403 276 561 343 1578

1662 274 1728 338 S.
1774 272 2086 339 EUSEBII
2128 275 2575 339 HIEBONYMI

3659 272 3798 335 1576

398 412 605 469 Omnis
634 410 735 483 qui
764 408 903 465 facit
932 405 1372 479 malum,bonus
1405 409 1493 464 est
1514 407 1574 463 in
1604 412 1916 481 conspectu
1940 410 2049 465 Do-
2082 412 2133 478 Α
2164 410 2223 465 in
2254 409 2462 483 pennis
2504 409 2650 479 ejus.
2687 406 2870 480 Igitur
2900 408 3232 463 nementote
3258 403 3405 477 legis
3453 403 3630 477 Moysi
3657 407 3796 463 servi

399 501 564 568 mini,
598 505 657 555 et
701 500 848 555 tales
878 497 931 554 ei
963 497 1194 569 placent
1228 516 1240 553 :
1275 501 1332 552 et
1381 514 1569 554 vanus
1619 501 1707 553 est
1748 498 1847 569 qui
1878 498 2055 554 servit
2164 499 2301 563 mei,
2334 515 2509 570 quam
2540 497 2590 553 ei
2624 497 2755 552 dedi
2788 496 2847 551 in
2879 499 3077 552 monte
3105 492 3414 566 0reeh,qui
3444 496 3534 550 est
3564 494 3789 559 Sina,ad

396 592 507 647 Deo
553 594 675 653 :et,
710 588 864 661 quod
914 586 1401 651 emolumentum,
1447 587 1587 659 quia
1629 588 2053 643 custodivimus

396 681 687 751 praecepta
717 678 866 748 ejus,
900 682 957 732 et
1005 675 1440 731 ambulavimus
1489 676 1689 732 tristes
1720 693 1915 732 coram
1948 677 2053 731 Do-

391 766 552 823 mino
598 766 961 821 exercituum
995 764 1144 836 (Sap.
1197 782 1258 835 ιι,
1319 765 1377 818 in
1436 764 1610 835 ﬁn.)?
1642 768 1709 819 Et
1738 765 2048 820 adversum

389 872 593 912 eorum
623 856 798 911 verba
820 853 1133 910 temeraria
1163 852 1341 908 locuti
1364 858 1502 907 sunt
1535 854 1809 908 timentes
1846 854 2047 921 Deum,

390 948 451 1000 et
483 944 893 1016 unusquisque
938 958 1072 997 cum
1123 958 1230 997 suo
1261 941 1526 1012 proximo
1578 941 1955 996 contulerunt
1982 958 2050 996 ea

388 1049 515 1105 qua:
547 1034 618 1088 ad
649 1034 919 1087 timorem
952 1030 1053 1086 Dei
1104 1030 1397 1101 pertinent
1430 1047 1441 1086 :
1475 1030 1723 1085 attendit
1762 1030 2047 1086 Dominus

390 1126 447 1177 et
479 1120 719 1189 audivit,
753 1124 808 1175 et
839 1120 1094 1191 scriptus
1120 1128 1206 1174 est
1236 1119 1386 1173 liber
1416 1120 1783 1174 monumenti
1818 1119 1914 1174 his
1946 1120 2046 1190 qui

388 1210 601 1265 timent
652 1208 991 1274 Dominum,
1024 1212 1082 1263 et
1105 1208 1363 1280 cogitant
1395 1224 1609 1263 nomen
1641 1208 1789 1278 ejus,
1826 1212 1883 1263 et
1911 1225 2045 1264 cum

386 1299 510 1354 dies
538 1297 777 1368 venerit,
814 1297 1024 1353 habere
1067 1312 1130 1351 se
1159 1313 1258 1352 eos
1288 1297 1349 1352 in
1384 1296 1677 1368 peculium
1712 1295 2042 1369 pollicetur,

389 1392 445 1440 et
472 1402 708 1458 parcere
738 1386 821 1441 eis
852 1385 1003 1440 sicut
1061 1384 1247 1456 parcit
1278 1384 1451 1439 homo
1486 1384 1602 1439 lilio
1636 1401 1742 1439 suo
1773 1384 2046 1440 servienti

388 1476 527 1541 sibi,
559 1474 911 1547 pleniusque
945 1474 1283 1540 inculcat,et
1314 1474 1458 1528 dicit
1489 1491 1502 1529 :
1534 1475 1665 1529 Ecce
1696 1473 1811 1530 dies
1840 1475 2043 1543 veniet,

390 1563 447 1617 id
477 1569 586 1633 est,
622 1563 746 1619 dies
780 1562 1012 1633 judicii,
1047 1579 1173 1633 quae
1208 1563 1426 1617 sanctis
1458 1561 1556 1616 lux
1586 1561 1716 1627 erit,
1750 1567 1805 1616 et
1835 1578 2041 1632 pecca-

386 1654 615 1710 toribus
647 1654 932 1719 tenebrze;
966 1656 1023 1708 et
1078 1652 1208 1723 ipsa
1265 1652 1390 1707 dies
1420 1652 1529 1706 erit
1559 1668 1842 1707 succensa
1873 1650 2043 1723 quasi

385 1742 675 1807 caminus,
708 1741 827 1796 sive
857 1739 1144 1810 clibanus,
1195 1745 1257 1794 ut
1285 1756 1491 1795 omnes
1546 1738 1710 1811 impii
1741 1743 2044 1795 vertantur

386 1829 445 1884 in
476 1829 779 1901 stipulam,
813 1833 871 1885 et
901 1828 1117 1884 camini
1150 1833 1482 1884 crementur
1501 1827 1829 1884 ardoribus.
1863 1827 2043 1884 Cum-

386 1934 500 1990 que
521 1935 619 1974 eos
645 1918 1097 1974 inﬂammaverit
1114 1922 1291 1988 atque
1320 1917 1710 1972 combusserit
1725 1934 1841 1972 non
1868 1916 2041 1972 relin-

388 2011 529 2078 quet
558 2008 617 2061 in
648 2007 732 2062 eis
764 2005 946 2062 ullam
977 2005 1233 2060 radicem
1266 2010 1322 2061 et
1357 2022 1595 2076 germen
1629 2004 1886 2060 malitiae.
1921 2005 2042 2061 Hoc

387 2095 457 2149 de
488 2095 687 2166 impiis
718 2094 815 2166 qui
845 2094 905 2148 in
935 2094 1029 2148 die
1052 2093 1262 2162 judicii
1304 2093 1424 2148 sint
1480 2094 1732 2162 passuri.
1764 2093 2039 2148 Econtra-

387 2182 472 2237 rio
495 2182 712 2237 dicitur
738 2181 877 2252 quid
912 2180 1251 2235 timentibus
1286 2198 1496 2236 nomen
1527 2181 1628 2236 Dei
1676 2182 1900 2236 eveniet
1929 2198 1941 2235 :
1977 2182 2044 2237 Et

387 2274 601 2326 orietur
654 2270 805 2325 vobis
861 2270 1176 2325 timentibus
1206 2285 1400 2325 nomen
1447 2286 1628 2324 meum
1657 2271 1736 2325 sol
1755 2271 1992 2341 justitiaz
2021 2288 2041 2324 .-

387 2360 487 2433 qui
520 2360 626 2428 [Αἰ.
660 2358 819 2430 quia]
848 2375 982 2413 vera
1011 2357 1212 2413 omnia
1240 2357 1531 2429 judicabit
1573 2376 1586 2413 :
1640 2363 1698 2413 et
1744 2375 1847 2413 nec
1889 2360 2044 2414 bona

388 2466 494 2504 nec
524 2448 697 2515 mala,
734 2463 838 2503 nec
869 2448 1130 2514 virtutes,
1167 2463 1271 2502 nec
1299 2446 1439 2501 vitia
1466 2445 1644 2502 latere
1667 2447 1937 2517 patietur.
1972 2447 2045 2502 Et

388 2536 611 2593 sanitas
641 2536 752 2592 erit
774 2537 832 2591 in
864 2535 1075 2607 pennis
1105 2535 1328 2606 ejus,ut
1357 2539 1593 2590 sanatos
1627 2552 1727 2606 per
1758 2537 2040 2606 poeniten-

389 2626 534 2682 tiam
558 2631 745 2698 portet
776 2626 833 2679 iu
863 2625 1127 2680 humeris
1157 2624 1548 2695 suis,juxtaid
1571 2625 1722 2694 quod
1757 2625 1815 2679 in
1838 2624 2043 2679 Dente-

388 2714 651 2770 ronomio
681 2714 966 2786 scriptum
988 2718 1078 2768 est
1111 2730 1123 2768 :
1152 2712 1479 2783 lsxpandens
1509 2713 1628 2767 alas
1654 2730 1779 2767 suas
1803 2714 2043 2784 suscepit

390 2820 495 2871 eos,
528 2806 578 2859 et
608 2805 667 2858 in
698 2803 940 2858 humeris
966 2804 1081 2857 suis
1105 2804 1354 2873 portavit
1387 2802 1510 2857 illos
1542 2802 1718 2872 (Deut.
1753 2819 1896 2870 xxxi,
1930 2802 2038 2873 11).

387 2893 548 2949 Tunc
601 2892 975 2966 egredientur
1028 2892 1128 2963 qui
1171 2908 1325 2947 nunc
1371 2890 1582 2946 sazculo
1615 2892 1778 2963 quasi
1814 2908 2042 2947 carcere

389 2987 530 3039 sunt
560 2972 807 3050 inclusi,
853 2986 910 3037 et
967 2980 1178 3036 salient
1237 2980 1404 3052 quasi
1434 2979 1603 3036 vituli
1652 2984 1723 3036 de
1754 2984 2040 3047 armento,

1881 3070 2042 3125 Unde

388 3072 510 3128 sive
580 3071 750 3142 quasi
838 3068 1003 3124 vituli
1083 3069 1153 3125 de
1224 3069 1474 3125 vmculis
1553 3070 1805 3125 liberati.

2074 1789 2121 1852 B

2163 605 2398 644 omnem
2432 586 2608 643 Israel
2641 590 2929 658 praecepta
2966 590 3022 640 et
3074 584 3315 655 judicia.
3352 583 3587 639 Dicente
3618 588 3792 639 autem

2159 677 2433 749 Apostolo
2496 695 2509 735 :
2568 676 2781 731 Scimus
2840 674 2973 745 quia
3033 673 3129 729 lex
3182 672 3490 744 spiritualis
3526 677 3609 727 est
3637 674 3796 740 (Rom.

2159 783 2259 831 vn,
2295 767 2378 835 14)
2416 781 2428 818 :
2464 769 2519 820 et
2548 766 2716 819 beato
2771 762 2948 818 David
3005 781 3025 817 :
3082 762 3275 818 Revela
3329 761 3511 817 oculos
3538 776 3706 825 meos,
3760 765 3802 816 et

2158 854 2505 909 considerabo
2552 852 2839 907 mirabilia
2889 852 2953 907 de
2984 852 3094 923 lege
3157 859 3249 907 tua
3280 852 3393 919 (Ps.
3446 850 3800 917 cxvm,18):

2158 946 2215 997 et
2237 943 2378 1014 quia
2408 940 2791 1014 spiritualiter
2811 957 3016 997 omnes
3045 940 3279 995 caeleste
3302 955 3517 995 manna
3546 938 3804 994 comede-

2158 1031 2381 1096 bant,et
2396 1032 2700 1087 universus
2724 1029 2974 1103 populus
2988 1028 3165 1086 lsrael
3188 1029 3258 1083 de
3270 1028 3473 1083 eadem
3497 1026 3803 1099 spirituali,

2158 1124 2214 1174 et
2242 1126 2523 1192 sequente
2553 1136 2651 1175 eos
2710 1119 2988 1174 bibebant
3021 1123 3204 1190 petra,
3238 1123 3401 1190 petra
3431 1122 3633 1173 autem
3690 1121 3805 1171 erat

2156 1208 2425 1265 Christus
2458 1209 2501 1281 (Ι
2535 1207 2653 1263 Cor.
2684 1225 2766 1278 x,,
2797 1208 2849 1272 3,
2911 1208 2962 1279 4)
2996 1226 3014 1261 :
3047 1207 3148 1279 qui
3178 1206 3425 1261 credunt
3465 1204 3529 1260 in
3560 1205 3802 1271 Christo,

2156 1297 2539 1368 spiritualiter
2568 1297 2782 1352 debent
2811 1295 2957 1368 legis
2978 1300 3264 1368 precepta
3293 1310 3685 1364 servare,quae
3716 1293 3806 1350 de-

2162 1386 2249 1441 dit
2310 1386 2369 1441 in
2420 1403 2566 1441 ones
2604 1386 2808 1457 (una),
2868 1385 3024 1457 quod
3080 1385 3520 1456 interpretatur,
3577 1384 3807 1450 siccitas,

2154 1490 2257 1546 per
2306 1491 2484 1546 quam
2509 1474 2776 1530 omnium
2808 1473 3084 1529 vitiorum
3112 1472 3328 1528 humor
3356 1472 3728 1543 excoquitur,
3756 1477 3808 1528 et

2154 1565 2220 1618 ad
2270 1563 2464 1618 radios
2499 1562 2638 1618 solis
2666 1562 2931 1633 justitiaa,
2965 1562 3228 1617 libidinis
3257 1561 3509 1618 rheuma
3538 1562 3803 1618 siccatur.

2156 1650 2411 1706 Locutus
2439 1654 2528 1706 est
2575 1655 2772 1706 autem
2807 1650 3086 1705 Dominus
3119 1650 3189 1705 ad
3223 1649 3574 1706 universum
3606 1648 3804 1717 Israel,

2155 1740 2256 1811 qui
2288 1757 2464 1795 sensu
2497 1739 2684 1796 cernit
2714 1739 2921 1805 Deum,
2953 1744 3013 1795 et
3056 1739 3127 1794 de
3157 1739 3375 1811 quibus
3407 1738 3465 1793 in
3501 1736 3807 1810 Evangelia

2151 1827 2366 1884 dicitur
2399 1846 2411 1884 :
2437 1830 2593 1884 Beati
2620 1828 2824 1884 mundo
2853 1828 3301 1900 corde,quoniam
3332 1829 3439 1900 ipsi
3466 1828 3645 1885 Deum
3676 1826 3809 1884 vide-

2152 1916 2287 1971 bunt
2319 1917 2487 1984 (Matt.
2522 1934 2575 1983 ν,
2607 1918 2684 1987 8).

2222 2007 2408 2077 (Vers.
2440 2008 2495 2071 5,
2529 2005 2606 2077 6.)
2639 2008 2769 2062 Ecce
2795 2022 2890 2077 ego
2917 2009 3134 2062 mittam
3159 2007 3313 2062 vobis
3353 2008 3540 2061 Etiam
3567 2005 3806 2077 prophe-

2151 2101 2264 2149 tam
2292 2103 2587 2166 antequam
2616 2097 2810 2152 veniat
2851 2095 2965 2150 dies
3010 2096 3232 2150 Domini
3258 2110 3486 2165 magnus
3514 2103 3569 2150 et
3624 2095 3807 2150 horri-

2152 2182 2279 2238 bilis
2303 2199 2316 2237 :
2340 2187 2394 2237 et
2422 2188 2697 2239 convertet
2723 2200 2815 2239 cor
2841 2188 3064 2255 patrum
3092 2184 3174 2240 ad
3200 2185 3419 2253 ﬁlios,et
3448 2199 3544 2239 cor
3569 2183 3807 2250 ﬁliorum

2150 2272 2224 2328 ad
2246 2278 2437 2343 patres
2464 2288 2655 2328 eorum
2676 2291 2695 2328 :
2716 2288 2786 2327 ne
2805 2274 2944 2343 forte
2961 2274 3180 2328 veniam
3199 2276 3249 2327 et
3265 2274 3579 2343 percutiam
3614 2276 3808 2328 terram

2151 2362 2517 2417 anathemate.
2579 2360 2714 2416 LXX
2773 2377 2788 2415 :
2845 2362 2976 2416 Ecce
3031 2376 3125 2432 ego
3179 2362 3411 2415 mittam
3438 2361 3594 2416 vobis
3632 2361 3804 2416 Etiam

2152 2450 2451 2520 Thesbiten,
2505 2458 2800 2522 antequam
2852 2452 3040 2505 veniat
3093 2449 3206 2505 dies
3260 2450 3482 2505 Domini
3529 2466 3733 2521 magna
3760 2454 3807 2506 sl

2149 2540 2387 2595 illustris
2420 2558 2436 2593 :
2469 2541 2564 2610 qui
2591 2547 2857 2594 convertet
2883 2554 2977 2593 cor
3001 2540 3180 2609 patris
3214 2539 3281 2593 ad
3311 2538 3574 2608 ﬁlium,et
3601 2554 3694 2594 cor
3718 2539 3804 2594 ho-

2149 2630 2319 2683 minis
2348 2628 2419 2682 ad
2440 2630 2759 2699 proximum
2784 2644 2974 2694 suum;
2999 2642 3069 2682 ne
3086 2628 3227 2698 forte
3254 2628 3475 2682 veniens
3501 2628 3805 2694 percutiam

2150 2721 2359 2773 terram
2389 2719 2624 2789 penitus.
2652 2716 2787 2772 Post
2817 2716 3248 2790 Moyseu(cujus
3272 2715 3803 2788 mandata(b)spiri-

2150 2804 2389 2862 tualiter
2418 2806 2727 2861 docuimus
2758 2821 2887 2861 esse
2919 2804 3227 2871 servanda)
3271 2802 3455 2858 Eliam
3510 2803 3655 2858 dicit
3682 2819 3804 2859 esse

2152 2893 2506 2948 mittendum
2545 2894 2641 2949 :in
2673 2894 2889 2965 Moyse,
2948 2894 3177 2965 Legem,
3207 2892 3265 2947 in
3299 2891 3441 2959 Elia,
3475 2892 3629 2950 985
3678 2908 3803 2964 pro-

2154 2981 2414 3054 phetiam
2435 2982 3036 3055 significans,dicente
3064 2980 3363 3038 Abraham
3392 2981 3466 3036 ad
3498 2980 3805 3053 quemdam

2151 3069 2391 3127 divitem
2424 3076 2818 3143 purpuratum
2869 3089 2882 3127 :
2939 3071 3150 3126 Habent
3176 3071 3392 3141 Moysen
3422 3078 3471 3127 et
3503 3071 3801 3142 prophetas,

385 3159 701 3231 Apostolus
730 3157 871 3214 dicit
902 3175 915 3213 :
951 3158 1118 3229 Cupio
1149 3159 1399 3223 dissolvi,
1458 3162 1510 3213 et
1562 3174 1677 3212 esse
1723 3175 1848 3213 cum
1880 3160 2037 3214 Chri-
2070 3158 2112 3223 C
2151 3160 2275 3214 illos
2302 3159 2534 3214 audiant
2567 3161 2719 3232 (Luc.
2755 3176 2867 3227 xw,
2898 3160 3012 3231 29).
3051 3160 3118 3214 Et
3165 3158 3448 3214 Dominus
3475 3163 3660 3231 atque
3689 3156 3802 3213 Sal-

389 3253 472 3303 sto
531 3245 773 3318 (Philip.
828 3263 866 3312 1,
924 3247 1037 3317 23),
1098 3249 1160 3300 ut
1217 3246 1550 3316 egrediatur
1605 3251 1661 3301 et
1686 3246 1859 3302 saliat
1890 3247 2044 3302 sicut

391 3334 610 3390 vitulus
688 3334 758 3389 de
814 3334 1067 3390 vinculis
1126 3332 1428 3403 liberatus,
1487 3338 1545 3389 et
1596 3334 1751 3389 sicut
1805 3335 2043 3391 victima

389 3421 765 3480 Domini.Nec
794 3422 903 3478 hoc
923 3421 1131 3477 laetitia
1163 3422 1276 3477 fine
1308 3427 1772 3490 contentus,est;
1802 3423 1901 3478 sed
1926 3422 2040 3477 cal-

390 3512 543 3570 cabit
588 3511 821 3584 impios,
855 3528 989 3566 cum
1026 3510 1241 3566 fuerint
1270 3511 1437 3567 cinis.
1480 3511 1640 3567 Unde
1670 3515 1727 3567 et
1754 3513 1824 3567 ad
1849 3514 2043 3583 justos

390 3602 456 3657 ﬁt
486 3601 874 3674 imprecatio:
923 3601 1062 3656 Deus
1109 3604 1293 3656 autem
1348 3605 1591 3656 conterat
1621 3600 1729 3672 [ΑΙ.
1786 3602 2044 3668 conteret]

388 3691 661 3747 Satanam
688 3691 788 3746 sub
817 3689 1043 3761 pedibus
1073 3691 1267 3745 vestris
1301 3690 1559 3746 velociter
1583 3691 1755 3762 (Rom.
1784 3708 1897 3761 XVI,
1928 3690 2039 3762 20).

387 3779 678 3836 Abraham
710 3778 942 3835 locutus
972 3784 1063 3835 est
1093 3778 1164 3835 ad
1213 3779 1551 3845 Dominum,
1610 3780 2045 3851 comparatione

387 3868 597 3925 divina
623 3868 780 3924 984
820 3868 1144 3939 majestatis
1177 3868 1433 3923 cinerem
1463 3884 1592 3924 esse
1642 3884 1704 3924 se
1736 3868 1993 3923 sentiens
2024 3887 2042 3923 :

386 3960 503 4032 Ego
529 3974 652 4014 sum
682 3966 834 4014 terra
861 3960 912 4013 et
941 3959 1083 4013 cinis
1113 3956 1265 4027 (Gen.
1297 3974 1455 4028 xvm,
1488 3958 1578 4028 27)
1605 3975 1617 4025 ;
1652 3962 1709 4027 et
1739 3961 2046 4029 propterea

387 4046 607 4103 videbit
636 4045 1108 4117 solemjustitiae,
1144 4050 1200 4101 et
1243 4045 1568 4117 requiescet
1612 4046 1765 4100 inter
1821 4046 2044 4101 medios

387 4136 517 4207 ejus
548 4136 753 4203 oleros,
788 4139 964 4205 atque
994 4133 1121 4207 ipso
1146 4138 1414 4206 portante
1454 4134 1526 4190 ad
1558 4133 1818 4189 ccelestia
1846 4133 2041 4190 suble-

386 4222 751 4285 vabitur.0ui
775 4239 906 4277 vero
939 4238 1040 4294 per
1070 4221 1405 4293 superbiam
1426 4222 1573 4277 dixit
1605 4240 1617 4277 :
1652 4224 1861 4278 Ponam
1881 4239 2045 4295 super

388 4309 572 4367 sidera
592 4309 772 4367 sedem
791 4325 1083 4379 meam,ero
1103 4310 1307 4365 similis
1327 4312 1605 4366 Altissimo
1622 4310 1904 4383 '(lsai.x1v,
1930 4313 2043 4382 13),

391 4399 710 4456 deducetur
734 4397 792 4453 in
824 4403 1125 4468 terram,et
1155 4399 1264 4455 erit
1294 4400 1463 4471 quasi
1491 4399 1637 4456 cinis
1669 4401 1778 4455 sub
1812 4406 2035 4456 sancto-

390 4504 521 4545 rum
544 4487 952 4560 pedibus,cum
973 4486 1099 4542 dies
1121 4486 1355 4542 Domini
1377 4487 1674 4543 advenerit
1700 4488 2040 4559 judicantis.

459 4576 645 4648 (Vers.
680 4577 755 4648 4.)
790 4579 1108 4633 Mementote
1154 4576 1291 4647 legis
1332 4576 1500 4647 Moysi
1526 4579 1671 4631 servi
1716 4579 1846 4648 mei,
1879 4594 2047 4648 quam

389 4665 654 4722 mndavi
682 4667 735 4721 ei
762 4668 823 4721 in
852 4664 1008 4735 Oreb,
1043 4664 1113 4720 ad
1141 4680 1358 4720 omnem
1387 4665 1559 4719 Israel
1586 4669 1857 4737 praecepta
1885 4674 1935 4721 et
1950 4667 2043 4738 ju-

389 4756 557 4813 dicia.
582 4754 659 4826 (a)
685 4753 831 4809 LXX
862 4752 1151 4809 similiter.
1184 4753 1216 4809 J
1225 4758 1354 4809 usta
1385 4754 1728 4809 meritorum
1758 4754 1818 4809 in
1848 4754 2045 4811 futuro

392 4844 503 4900 erit
534 4844 857 4914 retributio,
919 4843 1155 4914 quando
1213 4842 1601 4913 superborum
1658 4844 1931 4914 radicem,
1991 4847 2048 4898 et

398 4949 635 5007 germen
657 4933 937 4988 devorans
970 4931 1210 4986 ﬂamma
1239 4924 1546 4986 consumet
1576 4935 1632 4986 et
1662 4932 2048 4998 comburet,et

396 5020 746 5079 timentibus
767 5021 1081 5077 Dominum
1104 5019 1323 5075 orietur
1352 5018 1438 5075 sol
1463 5019 1797 5091 justitize,et
1826 5020 2048 5077 sanitas

470 5184 546 5255 (a)
577 5181 784 5239 Verba.
833 5182 959 5263 LXX:
1008 5182 1294 5248 similiter,
1324 5181 1730 5263 Hquzepas‘sim
1763 5180 1924 5253 alibi,
1952 5182 2048 5263 hic

399 5253 633 5329 quoque
665 5272 808 5311 mss.
832 5254 1099 5310 codicum
1130 5253 1510 5326 suppetiis,ut
1540 5257 1670 5326 pote
1696 5255 2044 5323 necessaria,

399 5326 758 5385 suﬂ‘ecimus.

469 5400 545 5469 (b)
572 5398 834 5477 Gerohu-s
863 5396 1193 5477 duodecimi
1226 5394 1421 5477 singuli
1455 5392 1723 5477 scriptor,
1754 5397 1823 5477 in_
1980 5398 2050 5477 de

398 5467 1138 5543 corruptojicclesiaestatu,
1161 5486 1195 5523 a
1227 5467 1459 5543 Heinsio
1490 5467 1684 5543 editus
1710 5468 1769 5524 in
1805 5467 2045 5524 Miscell.

401 5558 471 5626 ea
498 5538 607 5626 hoc
634 5539 969 5626 Hieronymi
973 5539 1345 5626 'testimonio
1360 5538 1517 5626 quod
1545 5538 1619 5597 ad
1653 5539 1830 5621 tinem
1860 5556 2050 5626 usque

401 5558 471 5625 ex
500 5558 607 5626 ιξοο
634 5558 969 5672 ῃιθιιοηὲωι
999 5558 1517 5622 tesumomqquoa
1545 5558 1619 5597 δια
1653 5558 1830 5621 tinem
1860 5558 2049 5626 usque

397 5612 537 5693 iibri
566 5616 792 5687 recitat,
898 5652 911 5671 .
972 5611 1278 5672 Doctorem
1331 5615 1483 5671 inter
1515 5626 1842 5689 pracipuos
1888 5610 2049 5677 illius

2152 3253 2313 3303 vator
2342 3250 2796 3321 transfiguratus
2832 3249 2893 3304 in
2926 3246 3458 3318 monte,loquentes
3486 3264 3692 3304 secum
3709 3246 3802 3303 ha-

2157 3337 2331 3391 bebat
2362 3336 2598 3408 Moysen
2630 3342 2687 3393 et
2718 3337 2898 3393 Eliam
2933 3336 2994 3391 in
3024 3336 3294 3392 candidis
3323 3336 3709 3408 vestibus,qui
3739 3338 3794 3390 et

2160 3425 2434 3480 dicebant
2467 3426 2519 3481 ei
2549 3443 2677 3498 quae
2705 3442 2991 3499 passurus
3013 3429 3166 3482 esset
3185 3424 3245 3481 in
3265 3422 3600 3482 Jerusalem
3628 3425 3801 3496 (Marc.

2153 3517 2258 3582 1x):
2290 3514 2395 3569 Lex
2417 3515 2573 3570 enim
2592 3520 2648 3570 et
2678 3514 2869 3570 omnis
2894 3514 3313 3587 prophetarum
3344 3513 3565 3571 chorus
3602 3511 3801 3569 Christi

2153 3602 2431 3675 praedicat
2461 3603 2818 3675 passionem.
2870 3603 3055 3675 Igitur
3113 3607 3427 3675 antequam
3458 3602 3662 3659 veniat
3690 3600 3804 3659 dies

2147 3690 2382 3761 judicii,
2414 3695 2472 3745 et
2501 3691 2789 3762 percutiat
2842 3690 3127 3747 Dominus
3156 3695 3372 3746 terram
3418 3692 3803 3759 anathemate,

2153 3778 2273 3834 sive
2301 3778 2561 3847 omnino,
2585 3779 2673 3834 vel
2705 3779 2922 3849 subito,
2956 3784 3021 3834 ut
3050 3780 3197 3837 LXX
3225 3778 3804 3835 transtuleruntzhoc

2153 3867 2309 3923 enim
2339 3867 2631 3940 signiﬁcat
2660 3863 2850 3942 ἁρόήν,
2882 3867 3076 3925 mittet
3107 3869 3392 3925 Dominus
3421 3868 3482 3924 in
3528 3867 3660 3924 Elia
3687 3865 3802 3940 (qui

2152 3949 2588 4027 interpretatur,
2636 3958 2778 4012 Deus
2805 3974 2978 4028 meus,
3014 3963 3072 4013 et
3101 3962 3191 4013 est
3219 3957 3291 4013 de
3321 3957 3537 4029 oppido
3569 3954 3800 4022 Thesbi,

2153 4045 2309 4116 quod
2338 4047 2767 4118 conversionem,
2800 4055 2851 4102 et
2907 4048 3287 4117 paenitentiam
3327 4046 3516 4115 sonat)
3578 4060 3807 4101 omnem

2154 4133 2570 4206 prophetarum
2603 4134 2870 4207 chorum,
2908 4135 3009 4207 qui
3041 4138 3335 4192 convertat
3356 4151 3455 4191 cor
3473 4139 3714 4208 patrum
3738 4132 3807 4190 ad

2152 4221 2324 4289 ﬁlios,
2381 4222 2701 4291 Abraham,
2783 4223 3053 4280 videlicet
3128 4225 3288 4280 Isaac
3346 4228 3401 4279 et
3480 4223 3685 4291 Iacob,
3756 4226 3809 4278 et

2153 4311 2418 4366 omnium
2449 4311 2936 4384 patriarcharum,
2972 4316 3035 4367 ut
3080 4312 3321 4369 credant
3360 4312 3577 4384 posteri
3607 4326 3809 4367 eorum

2153 4400 2213 4453 in
2246 4398 2555 4455 Dominum
2589 4399 2970 4469 Salvatorem,
3028 4400 3089 4456 in
3129 4417 3305 4472 quem
3339 4404 3396 4456 et
3429 4399 3512 4457 illi
3546 4400 3806 4457 credide-

2155 4492 2293 4544 runt
2327 4505 2339 4543 :
2373 4489 2646 4544 Abraham
2674 4492 2824 4546 enim
2858 4490 3018 4546 vidit
3062 4489 3207 4547 diem
3240 4490 3484 4558 Domini,
3508 4498 3563 4546 et
3594 4490 3809 4548 [alatus

2152 4587 2231 4633 est
2279 4578 2455 4649 (Joan.
2490 4595 2610 4648 VIII,
2668 4580 2759 4651 56)
2847 4580 2967 4635 sive
3016 4596 3115 4635 cor
3146 4578 3330 4652 patris
3357 4578 3431 4634 ad
3489 4579 3700 4645 ﬁlium,
3751 4576 3808 4633 id

2156 4670 2264 4736 est,
2297 4666 2452 4722 986
2509 4683 2608 4722 cor
2660 4668 2757 4722 Dei
2778 4668 2883 4724 -ad
2914 4684 3170 4735 omnem,
3231 4666 3333 4739 qui
3364 4667 3644 4740 spiritum
3676 4665 3810 4722 ado-

2154 4754 2371 4827 ptionis
2401 4756 2707 4828 acceperit.
2736 4756 2805 4812 Et
2836 4772 2935 4812 cor
2965 4755 3219 4812 ﬁliorum
3251 4755 3323 4812 ad
3359 4759 3557 4828 patres
3586 4770 3806 4819 eorum,

2156 4848 2221 4899 ut
2250 4844 2433 4899 Judaei
2466 4850 2523 4899 et
2541 4844 2985 4917 Cbristiani,qui
3012 4862 3167 4900 nunc
3188 4845 3340 4900 inter
3371 4861 3432 4899 se
3453 4844 3805 4915 discrepang

2156 4932 2280 5005 pari
2302 4933 2361 4987 in
2392 4933 2687 4988 Christum
2708 4933 2984 5006 religione
3014 4931 3578 4989 consentiant.Unde
3600 4932 3811 4989 dicitur

2156 5024 2228 5078 ad
2251 5021 2675 5094 apostolos,qui
2704 5022 3087 5078 seminarium
3115 5022 3174 5076 in
3196 5021 3486 5098 totoyorhe
3516 5016 3807 5091 Evangelii

2157 5183 2463 5256 sententia:
2488 5188 2809 5256 assertores
2860 5184 3017 5247 facit,
3067 5183 3168 5254 qui
3226 5186 3459 5256 Moysen
3512 5186 3573 5237 et
3630 5178 3805 5235 Elim

2157 5257 2306 5338 duos
2328 5255 2386 5338 in
2404 5255 2504 5338 die
2532 5255 2755 5338 Domini
2779 5256 3117 5338 designatos
3138 5255 3660 5338 testesfutp'rosmt
3679 5263 3802 5338 cum

2155 5326 2512 5399 Antichristo
2536 5325 3405 5399 pugnaturosﬁnterpretantur,
3428 5325 3649 5399 Notum
3675 5334 3800 5377 vero

2198 5345 2512 5382 nucnrlsio
2579 5345 3405 5399 ugnaturosnnterpretantur.
3430 5345 3649 5380 lVOtum
3675 5345 3793 5377 veru

2198 5396 2468 5470 lrerosque
2492 5345 2641 5454 aiios
2674 5399 2870 5455 Patres
2900 5399 2972 5470 de
3001 5397 3126 5470 Elia
3154 5404 3211 5453 et
3230 5397 3427 5454 Enoch
3460 5395 3793 5470 intelligere.

2154 5466 2269 5599 1135i;i
2273 5466 2525 5599 tinterim
2556 5471 2887 5542 specialiter,
2918 5468 3074 5528 haud
3110 5469 3255 5528 bene
3287 5486 3391 5544 pro
3439 5466 3800 5544 spiritualit'

2179 5557 2315 5617 egit.
