4034 6196
294 324 447 397 ηπ

952 323 1340 391 DEFENSIO
1382 322 1435 388 Α
1475 322 1536 388 J.
1580 318 2078 387 MARTIANEO
2121 318 2545 387 ADVERSUS
2589 319 3015 389 GLERIGUM.

3541 324 3701 392 1891

354 462 489 513 atlas
515 453 717 525 habent
744 463 904 525 atque
932 464 1115 525 agant,
1145 459 1289 523 quod
1320 461 1367 525 ei
1387 457 1699 525 recudendo
1726 469 1939 525 operam
1971 458 2024 524 Α
2055 455 2219 525 animi
2247 456 2538 525 perduellis
2566 457 2990 508 criminationem
3017 470 3212 520 magna
3230 457 3404 525 solum
3432 472 3581 525 voce,
3601 475 3704 514 nec

331 538 423 576 are
452 524 697 576 voluerit.
729 524 795 575 At
821 519 867 573 si
896 524 944 573 ei
965 519 1246 581 desiutfne
1269 524 1552 571 universus
1573 520 1786 583 quidem
1811 519 1943 583 ordo

288 588 773 644 Benedictinorum,
795 599 1121 649 quamquam
1152 586 1208 633 in
1239 588 1449 649 eosunt
1470 582 1612 649 nunc
1631 583 1779 649 multi
1804 582 1945 649 docti

286 651 388 700 viri
399 651 655 716 impedire
668 645 865 716 poterit
877 645 1164 716 quo‘minus
1175 645 1859 716 eruditidicantdelendum
1867 646 1947 716 tot

290 707 685 774 manus'criptos
713 707 922 761 codices
956 709 1171 774 essein
1216 709 1463 774 manibus
1485 707 1735 774 hominis,
1770 707 1863 769 qui
1884 707 1947 774 iis

287 778 430 823 recte
464 775 535 821 uti
565 770 783 829 nesciat,
818 787 877 821 ac
912 774 1048 821 male
1081 772 1253 819 facere
1283 771 1484 819 ordinis
1532 770 1829 832 praefectos,
1856 770 1943 831 qui

290 848 474 885 curam
497 834 689 885 edendi
711 844 970 896 Hieronymi
1000 848 1110 883 non
1143 834 1467 882 transferant
1494 835 1560 881 ad
1607 833 1772 881 alium
1803 832 1943 895 peri-

487 916 557 945 ,υ

487 933 500 945 ,
534 916 557 940 ὶ)

290 904 552 1008 “alligatis:
580 957 723 1006 hisce
753 956 968 1005 dotibus
1014 956 1423 1018 pernecessaria
1479 954 1667 1005 editori
1724 968 1944 1018 operum

293 1021 346 1071 S.
378 1021 707 1083 Hieronymi,
734 1020 941 1083 Clerico
972 1017 1337 1083 assentiuntur
1365 1017 1427 1083 ad
1449 1032 1614 1067 unum
1633 1017 1947 1067 omnes.Sed

290 1084 357 1132 iis
382 1081 596 1132 criticus
617 1082 863 1131 editionis
884 1094 1039 1130 nova
1061 1081 1217 1129 debet
1241 1094 1355 1129 esse
1386 1082 1677 1129 instructus
1706 1094 1855 1142 aque
1886 1094 1948 1128 ac

292 1145 466 1195 editor
480 1146 621 1207 ipse:
642 1149 694 1192 et
714 1144 757 1192 si
776 1142 1083 1207 hujusmodi
1106 1144 1303 1192 auxilia
1325 1144 1379 1190 in
1403 1142 1742 1207 objurgatore
1764 1145 1946 1207 nostro

292 1202 585 1257 desiderari
605 1202 1089 1268 possuntfplanum
1112 1207 1212 1254 erit
1236 1212 1394 1267 atque
1415 1202 1757 1261 manifestum
1778 1205 1947 1253 omni-

290 1270 394 1319 bus
425 1268 693 1324 studiosis,
752 1281 861 1316 non
890 1275 1199 1317 Martianzum
1246 1268 1526 1325 editorem,
1584 1268 1673 1315 sed
1732 1274 1948 1317 Clericum

291 1331 751 1395 imperitissimum
782 1330 944 1378 fuisse
974 1330 1212 1395 criticum
1246 1330 1496 1395 editionis
1521 1327 1654 1395 ejus.
1690 1330 1809 1395 liae
1830 1342 1947 1395 non

290 1391 846 1457 longamdesiderant
872 1392 1185 1457 orationem,
1216 1405 1336 1440 cum
1360 1392 1413 1440 in
1444 1393 1660 1457 singulis
1683 1391 1948 1453 capitibus

298 1454 567 1506 nonnulla
597 1454 1038 1504 sufﬁciantnobis
1066 1467 1246 1517 rerum
1281 1455 1543 1517 exempla.

354 1520 395 1567 Ι.
429 1517 735 1580 Implicatus
765 1519 897 1580 adeo
929 1520 1007 1564 est
1039 1530 1099 1580 ac
1129 1516 1276 1564 rudis
1308 1514 1538 1580 Clericus
1566 1516 1621 1564 in
1652 1514 1948 1580 exercendo

291 1578 526 1629 munere
548 1580 703 1641 periti
734 1578 918 1635 critici,
950 1584 1010 1627 ut
1037 1578 1247 1641 ignoret
1305 1578 1358 1626 in
1387 1593 1445 1627 re
1491 1578 1745 1641 prasenti
1775 1578 1944 1639 quod-

287 1655 415 1692 nam
446 1643 516 1691 sit
543 1640 801 1690 auxilium
831 1640 1128 1697 externum,
1162 1641 1433 1701 quodnam
1469 1640 1643 1690 autem
1675 1642 1946 1689 internum

289 1710 342 1754 et
372 1705 608 1753 insitum.
643 1704 805 1756 Vocat
833 1703 974 1766 enim
1003 1702 1262 1751 auxilium
1293 1708 1595 1757 externum.
1652 1703 1794 1766 quod
1855 1716 1950 1766 vo-

287 1780 414 1816 care
446 1766 707 1815 debuerat
736 1766 791 1813 in
823 1765 1054 1814 editione
1076 1778 1296 1827 operum
1327 1765 1379 1813 S.
1405 1765 1729 1828 Hieronymi,
1761 1765 1945 1827 praci-

289 1842 459 1896 puum
492 1833 546 1877 et
574 1829 867 1896 internum,
918 1828 1125 1896 copiam
1169 1828 1421 1876 videlicet
1466 1828 1951 1896 manuscriptorum
1981 1832 2028 1896 Β

285 1890 557 1949 codicum,
588 1903 726 1953 quos
756 1890 1161 2000 editorJieritus
1213 1903 1522 1951 comparare
1576 1891 1735 1938 debet
1792 1895 1950 1952 atque

288 1953 536 2000 conferre
564 1966 685 2000 cum
714 1952 860 2000 libris
910 1964 939 2000 e
982 1952 1084 2000 itis.
1117 1965 1210 2000 seu
1270 1953 1658 2000 antiquioribus
1707 1951 1950 2000 editioni-

288 1953 536 2002 conferre
564 1951 685 2000 cum
714 1952 860 2001 libris
910 1951 1084 2007 editis,
1117 1965 1210 2000 seu
1270 1953 1658 2013 antiquioribus
1707 1951 1951 2000 editioni-

288 2016 410 2064 bus.
442 2016 571 2063 Nam
601 2015 720 2077 quis
749 2015 952 2062 nesciat
980 2013 1043 2061 ad
1078 2013 1470 2077 restitutionem
1502 2015 1759 2063 librorum
1790 2018 1842 2061 et
1871 2014 1952 2077 ina

292 2076 711 2126 stramentorum
732 2077 1090 2138 antiquorum,
1113 2076 1368 2124 auxilium
1390 2078 1717 2138 pracipuum
1734 2081 1784 2124 et
1800 2076 1953 2138 quasi

293 2140 517 2189 interius
547 2138 837 2211 petendum
854 2152 967 2211 esse
983 2140 1048 2186 ab
1071 2139 1380 2211 auctoritate
1400 2152 1461 2185 ac
1483 2139 1585 2186 ﬁde
1598 2138 1949 2211 vetustiorum

292 2200 780 2264 manuscriptorum
810 2201 1083 2264 codicum:
1107 2200 1371 2264 peritiam
1392 2214 1517 2248 vero
1549 2200 1768 2249 editoris
1799 2200 1951 2262 adju-

298 2268 536 2336 mentum
556 2262 668 2312 esse
690 2263 1003 2336 requisitum
1014 2262 1262 2336 quidem,
1286 2262 1376 2311 sed
1385 2268 1659 2336 tamquam
1675 2267 1953 2311 externum

301 2326 588 2388 minusque
619 2324 946 2387 pracipuum
969 2327 991 2372 ?
1011 2324 1162 2381 Quod
1192 2325 1291 2373 hac
1318 2325 1526 2373 ratione
1554 2325 1706 2373 velim
1737 2338 1953 2385 persua-

303 2402 424 2437 sum
453 2387 651 2437 Clerico
677 2393 886 2446 nostro;
918 2400 1101 2435 veram
1132 2400 1325 2449 nempe
1350 2388 1623 2448 procurari
1672 2400 1827 2449 posse
1858 2401 1955 2435 sa-

302 2452 426 2511 pius
452 2450 705 2498 librorum
736 2454 974 2498 veterum
1022 2449 1411 2497 restitutionem
1459 2463 1524 2497 ex
1579 2449 1689 2498 sola
1737 2462 1951 2498 manus-

301 2514 595 2575 criptorum
623 2512 865 2561 codicum
896 2512 1239 2575 contentione
1269 2524 1389 2559 cum
1416 2512 1571 2560 editis
1600 2511 1770 2571 libris;
1794 2524 1953 2575 quam

300 2574 725 2634 indubitabilem,
759 2575 961 2635 absque
990 2574 1081 2622 tali
1106 2574 1278 2635 primo
1307 2574 1524 2635 auxilio,
1554 2574 1719 2622 totius
1749 2574 1954 2624 critico—

298 2650 422 2699 rum
451 2636 644 2685 chorus
674 2636 975 2699 procudere
1000 2649 1113 2699 non?
1140 2640 1336 2699 posset,
1376 2650 1475 2684 nec
1522 2636 1775 2699 consequi
1829 2650 1957 2685 con-

294 2698 525 2762 jectura.
558 2697 734 2762 Discat
789 2697 1013 2761 proinde
1042 2697 1151 2762 _ab’
1195 2698 1396 2746 editore
1425 2697 1715 2762 Hieronynif
1744 2699 1955 2748 criticus

299 2760 552 2824 Clericus,
583 2760 853 2824 quodnam
884 2762 951 2808 sit
974 2760 1057 2809 vel
1087 2761 1380 2819 internum,
1400 2760 1483 2824 vel
1504 2765 1781 2824 externum
1810 2762 1955 2811 auxi-

298 2823 427 2873 lium
459 2823 525 2872 ad
556 2822 941 2873 restitutionem
973 2822 1412 2884 pervetustissimi
1443 2822 1741 2884 Scriptoris.

362 2887 425 2934 ll.
461 2902 488 2932 α
518 2886 715 2934 Vitium
744 2890 824 2934 est
851 2885 1090 2949 solemne
1121 2898 1305 2949 eorum
1349 2886 1545 2949 (inquit
1571 2885 1814 2949 Criticus)
1846 2886 1954 2949 qui

301 2948 554 3010 antiquos
565 2950 848 3011 scriptores
869 2947 1025 2996 edere
1045 2948 1648 3011 aggrediuntur,mirum
1663 2948 1713 2996 in
1737 2947 1953 2996 modum

302 3009 589 3073 scriptores
617 3009 753 3073 quos
782 3009 949 3073 edunt
969 3009 1242 3073 extollere,
1265 3014 1325 3059 ut
1345 3010 1529 3073 eadem
1552 3022 1713 3071 Opera
1741 3024 1958 3072 persua-

300 3072 463 3122 deant
484 3072 665 3122 lectori
686 3086 741 3121 se
757 3072 1095 3121 utilissimum
1116 3072 1348 3121 laborem
1373 3072 1613 3127 subiisse.
1648 3086 1706 3121 ac
1726 3086 1841 3122 esse
1862 3086 1958 3121 cur

298 3136 399 3207 sibi
421 3138 705 3207 propterea
724 3135 904 3206 gratia
921 3138 1163 3207 agantur.
1184 3134 1651 3207 uFateturpostee,
1671 3147 1779 3207 neu
1796 3134 1955 3183 modo

298 3196 547 3265 homines
576 3211 605 3246 e
628 3196 803 3265 trivie,
861 3196 1066 3265 sedet“
1088 3197 1261 3265 virum
1296 3210 1563 3265 summum
1594 3204 1693 3265 lges.
1720 3204 1952 3265 Erasinum
1980 3199 2024 3265 ρ

296 3260 569 3332 praivisse
586 3260 848 3332 monacho
872 3259 1238 3332 benedictino,
1257 3264 1416 3321 atque
1433 3258 1743 3307 immodicas
1763 3259 1950 3307 laudes

294 3322 351 3371 in
382 3329 701 3383 Hieronymum
729 3322 1036 3370 contulisse.

357 3382 411 3432 Si
441 3382 623 3433 vitium
655 3388 737 3432 est
766 3385 1001 3432 solemne
1030 3384 1169 3444 apud
1193 3382 1423 3430 editores
1450 3395 1561 3429 non
1583 3386 1824 3430 amantes
1842 3384 1949 3431 veri

293 3445 534 3508 rectique
564 3445 815 3495 extollere
834 3459 969 3508 quos
990 3444 1176 3501 edunt,
1193 3444 1492 3508 scriptores,
1512 3447 1651 3508 certe
1665 3444 1851 3508 vitium
1873 3449 1953 3508 est

293 3504 586 3571 solemnius
614 3508 756 3571 apud
792 3504 1017 3557 amulos
1046 3511 1100 3554 et
1132 3504 1543 3571 calumniatores
1573 3504 1856 3554 detrahere
1885 3506 1949 3555 de

291 3569 547 3619 laudibus
577 3567 676 3618 seri
722 3574 897 3619 torum
914 3582 1142 3632 quorum
1162 3568 1437 3631 sapientia
1454 3567 1595 3615 fama
1609 3581 1947 3631 nequaquam

292 3646 386 3681 eos
416 3632 658 3681 delectat.
680 3584 873 3681 Berum
894 3645 1079 3681 errans
1103 3634 1182 3678 est
1210 3645 1271 3678 ac
1298 3644 1431 3681 vaga
1451 3628 1737 3681 disnutatio
1766 3630 1947 3679 isthac

292 3646 386 3682 eos
416 3632 658 3681 delectat.
680 3628 873 3681 Verum
894 3628 1079 3681 errans
1103 3634 1182 3678 est
1210 3628 1271 3678 ac
1298 3644 1431 3691 vaga
1451 3628 1737 3691 disputatio
1766 3628 1950 3679 isthac

291 3694 502 3754 Clerici,
524 3708 685 3757 quem
705 3694 830 3744 alibi
853 3695 1011 3743 docui
1031 3693 1315 3742 immodica
1336 3692 1577 3757 e‘onvicia
1591 3692 1948 3757 contulissein

290 3754 636 3818 Hieronymum;
665 3769 748 3804 me
804 3770 928 3806 vero
962 3770 1061 3805 nec
1087 3768 1241 3817 pares
1286 3754 1462 3818 adhuc
1490 3754 1608 3818 ejus
1642 3754 1949 3818 Avirtutibus

289 3814 480 3867 laudes
508 3814 795 3867 addidisse.
827 3819 928 3867 Sed
959 3819 1023 3867 ad
1042 3814 1216 3880 capita
1245 3814 1537 3880 singularia
1566 3814 1863 3880 redeamus,
1896 3821 1949 3866 et

291 3880 575 3930 audiamus
604 3880 733 3942 quid
764 3881 830 3929 de
849 3879 1160 3930 Martianao
1181 3879 1433 3942 loquatur
1450 3879 1685 3927 Joannes
1698 3879 1943 3928 Clericus.

356 3962 381 3985 ιι
414 3942 712 3991 Secundam
731 3943 1135 4005 dotem,iuquit,
1168 3942 1386 4005 editoris
1416 3954 1639 4005 operum
1669 3949 1944 4005 Hieronymi,

288 4003 335 4075 gi
366 4005 488 4075 quis
507 4015 710 4075 quaerat
730 4006 782 4075 i_n
801 4003 1062 4075 Medionii
1074 4004 1234 4075 stylo,
1257 4004 1465 4075 ho_cest,
1486 4003 1732 4065 peritiam
1750 4003 1945 4075 lingua

290 4066 665 4124 Latina,facile
679 4066 1275 4115 animadvertetbonum
1289 4067 1461 4113 virum
1477 4079 1664 4127 parum
1680 4070 1943 4127 versatum

290 4141 407 4192 esse
422 4129 478 4176 in
500 4133 750 4192 veterum
769 4128 1355 4192 scriptorumlectione;
1367 4126 1489 4192 eum
1503 4128 1616 4189 ejus
1629 4126 1816 4192 oratio,
1827 4127 1947 4192 bar-

287 4190 539 4240 barismis
569 4197 791 4249 scatens,
826 4189 1031 4241 nullum
1056 4190 1214 4253 plane
1240 4190 1473 4253 melioris
1503 4189 1765 4238 sermonis
1778 4190 1944 4253 Latini

288 4259 505 4325 gustum
534 4253 738 4325 homini
766 4255 944 4325 inesse
956 4252 1238 4325 ostendat.
1282 4252 1355 4325 Ne
1389 4260 1707 4325 Hieronymum
1729 4252 1941 4313 quidem

288 4314 847 4378 ipsumuimitaturmisi
865 4317 997 4364 iniis
1017 4330 1137 4377 qua
1164 4314 1381 4378 vitanda
1395 4315 1570 4378 potius
1591 4318 1738 4361 sunt:
1754 4328 1939 4376 quem-

288 4377 577 4427 admodum
599 4377 774 4428 facere
795 4378 968 4428 solent
986 4377 1248 4439 discipuli,
1273 4377 1363 4439 qui
1386 4377 1515 4439 vitia
1534 4380 1939 4439 praceptorum,

286 4440 466 4503 potius
488 4454 647 4503 quam
663 4441 902 4500 virtutes,
918 4437 1341 4489 imitanturﬂac
1354 4438 1487 4487 adeo
1505 4437 1785 4503 manifesta
1798 4444 1942 4503 sunt,

287 4500 349 4551 ίιῐ
375 4500 709 4562 Proh—gemam.
742 4511 1085 4553 Commentarios
1114 4515 1174 4550 ac
1195 4507 1340 4549 Notas
1367 4507 1620 4549 Martianxi
1650 4500 1823 4548 obiter
1870 4501 1939 4550 le-

287 4561 540 4627 gentibus
569 4564 712 4613 illico
742 4578 856 4613 sese
888 4565 1135 4625 ingerant
1163 4562 1544 4627 omnibus,_qui
1566 4575 1684 4627 non
1698 4567 1830 4627 sunt
1850 4562 1943 4627 lin-
1971 4561 2019 4626 Β

290 4623 407 4675 'ua
428 4626 627 4675 Latina
647 4640 866 4689 prorsus
895 4623 1142 4689 imperiti.
1172 4626 1237 4673 At
1266 4623 1400 4672 forte
1422 4623 1613 4672 dixerit
1640 4624 1854 4687 aliquis.
1883 4626 1937 4673 in

284 4640 593 4736 huiusmodi
615 4690 824 4736 scrintis
835 4689 1051 4736 minime
1064 4685 1588 4736 nostularisermonis
1600 4686 1933 4736 elegantiam.

326 4688 593 4750 ujusmodi
615 4685 713 4737 scri
720 4690 824 4751 ptis
835 4685 1051 4737 minime
1064 4686 1317 4751 postulari
1329 4685 1588 4751 sermonis
1600 4685 1933 4751 elegantiam,

288 4748 382 4813 aut
401 4750 689 4813 puritatem
707 4748 774 4800 ad
798 4764 1037 4801 normam
1060 4748 1158 4799 avi
1172 4748 1393 4813 Augusti
1415 4748 1824 4813 exactam.Quod
1837 4763 1937 4799 nec

284 4810 675 4875 ipse'difﬁteor,
708 4818 763 4862 at
789 4814 1045 4876 postulari
1075 4810 1590 4876 tamenibarbariem,
1618 4815 1710 4860 aut
1729 4817 1934 4875 gratam

285 4873 402 4924 esse
432 4888 592 4948 nemo
619 4873 832 4948 dixerit,
859 4876 1149 4948 praesrtim
1182 4873 1272 4946 ubi
1298 4887 1361 4947 ea
1390 4887 1497 4922 non
1531 4873 1782 4948 uguntur,
1802 4889 1933 4948 ‘qua

283 4937 503 4986 nonnisi
522 4938 700 4988 verbis
720 4936 1085 4988 ecclesiasticis
1104 4936 1324 4999 exprimi
1347 4936 1646 4998 queant.....
1666 4937 1768 4986 Nec
1788 4936 1933 4987 dicas

282 4999 491 5064 bonum
511 5001 684 5050 virum
705 5000 901 5064 stylum
918 5000 1294 5064 elegantiorem
1316 5011 1430 5047 esse
1450 5002 1810 5064 aspernatum,
1834 5013 1932 5064 nec

281 5061 571 5134 quicquam
603 5061 797 5134 prater
813 5062 1259 5134 perspicuitatem
1294 5064 1551 5133 sectatum
1577 5075 1590 5120 ;
1621 5061 1757 5134 lecta
1786 5063 1931 5134 enim

281 5123 470 5186 quavis
500 5123 721 5187 pagella,
752 5123 1012 5186 intelliges
1038 5124 1319 5187 hominem
1343 5123 1489 5187 omni
1520 5136 1619 5185 Ops
1650 5123 1745 5187 niti
1781 5128 1853 5179 ut.
1886 5125 1930 5172 si

282 5184 397 5234 non
425 5184 693 5246 Ciceronem,
724 5190 779 5236 at
806 5184 948 5236 certe
976 5194 1288 5246 Hieronymum
1308 5184 1562 5243 imitetur,
1592 5184 1683 5232 sed
1715 5185 1927 5235 frustra.

280 5246 436 5311 Legis
455 5250 663 5311 tantum
681 5248 1140 5311 Breviarii'stylum,
1172 5246 1531 5311 iocationibus
1563 5246 1927 5311 Hieronymia-

280 5307 440 5358 nis‘vi
459 5308 515 5357 in
532 5311 825 5360 orationem
848 5307 1085 5369 intrusis,
1106 5307 1333 5357 subinde
1353 5308 1722 5369 incrustatum;
1745 5307 1836 5357 sed
1857 5310 1932 5359 ita

282 5373 483 5426 tamen,
504 5375 565 5419 ut
582 5372 637 5421 in
659 5386 723 5421 eo
748 5372 970 5421 adiﬁcio
991 5371 1157 5420 multo
1169 5370 1289 5432 plus
1306 5370 1373 5418 sit
1391 5370 1505 5427 luti,
1523 5383 1683 5432 quam
1701 5384 1931 5421 marmo—

277 5432 369 5481 ris.
391 5432 594 5495 Deinde
615 5434 877 5484 infelicem
895 5434 1144 5484 Criticum
1164 5432 1930 5495 passim_animadvertis,quod

278 5497 362 5543 est
388 5494 561 5543 Latini
605 5497 869 5545 sermonis
912 5509 1026 5546 non
1053 5492 1182 5544 satis
1235 5492 1525 5543 intellectui
1572 5492 1929 5544 necessarium

279 5556 689 5607 consectarium.
717 5577 741 5601 ι)

338 5617 532 5688 Totum
553 5618 931 5688 disputatienis
936 5618 1134 5688 critica
1147 5619 1306 5680 caput
1317 5616 1516 5688 absque
1532 5615 1638 5688 ulla
1650 5629 1928 5688 a‘rgumen:

276 5679 482 5744 tatione
502 5685 595 5730 aut
622 5678 875 5744 exemplis
892 5680 1198 5744 absolvere,
1213 5678 1329 5727 non
1351 5681 1432 5744 est
1450 5678 1597 5744 periti
1618 5678 1810 5737 critici;
1835 5679 1929 5744 sed

275 5741 477 5806 garruli
497 5746 551 5806 et
568 5743 737 5806 inepti
749 5740 1138 5806 conviciatoris:
1155 5740 1418 5806 generalis
1439 5740 1580 5806 enim
1605 5753 1665 5787 ac
1680 5753 1810 5802 vaga
1821 5740 1928 5789 dis-

316 5805 484 5867 utatio
504 5804 569 5853 de
589 5801 710 5855 mea
730 5805 995 5867 imperitia
1014 5801 1214 5867 lingua
1236 5801 1706 5867 Latina,_urbanus
1723 5801 1932 5867 estma-

298 5863 574 5916 evolorum
589 5863 960 5918 sermunculus
973 5882 985 5918 :
1000 5863 1121 5916 non
1127 5864 1509 5915 demonstratio
1530 5864 1790 5915 sermonis
1809 5865 1930 5914 bar-

277 5904 1739 6010 Eta‘zsm'xza‘éﬁi'manemane“
1746 5904 1928 5989 ἶιιῖῖι

2056 519 2157 567 alia
2181 533 2236 567 re
2267 520 2595 581 probabilem
2627 535 2843 582 prorsus
2873 524 3216 571 contemnere
3242 536 3253 569 :
3286 522 3379 571 sed
3414 523 3704 576 reddamus

2053 582 2310 646 Ciericum
2341 583 2482 631 inter
2509 583 2784 646 imperitos
2814 583 3009 646 lingua
3040 585 3235 633 Latina
3261 599 3273 644 ;
3305 588 3358 633 et
3403 586 3703 639 orationem

2054 644 2171 708 ejus
2197 647 2487 694 scatentem
2522 645 2868 695 barbarismis
2897 644 3103 709 aliquot
3130 650 3377 696 notemus
3424 650 3701 711 exemplis.

2116 707 2269 756 Ridet
2296 720 2395 756 nos
2423 712 2612 769 quast.
2646 710 2721 765 10,
2745 723 2864 769 pag.
2889 711 2978 758 350
3000 713 3051 757 et
3072 712 3179 763 351,
3203 709 3437 759 insulsus
3457 710 3701 769 Criticus,’

2055 771 2179 819 etin
2204 750 2533 818 Latinitalem
2557 750 2725 819 meam
2749 750 3290 821 higverbisinstiltare
3315 772 3505 823 voluit:
3526 750 3703 832 addis,

2054 832 2578 900 non__incipiat__bene
2609 834 2755 900 velle
2776 834 2970 900 enimio
2994 834 3066 882 illi
3101 834 3540 900 Scholiastatqui
3563 836 3704 900 ejus-

2055 894 2199 944 modi
2228 894 2539 960 hominibus
2558 909 2618 960 os
2647 894 2918 960 occludit‘?
2949 910 3071 944 nam
3096 904 3291 960 linguam
3319 894 3534 960 quidem
3563 894 3705 949 οὖσιιι-

2054 964 2154 1006 dere
2183 956 2306 1018 quid
2340 957 2407 1005 sit
2435 958 2633 1013 nescio,
2664 958 2765 1006 nisi
2798 957 2931 1007 forte
2961 956 3559 1018 Benedictinus'noster,
3582 974 3705 1011 cum

2054 1018 2307 1083 loquitur,
2331 1018 2749 1083 soleatilingnam
2765 1034 2854 1068 ore
2867 1021 3124 1078 emittere,
3137 1035 3297 1083 quam
3312 1023 3546 1072 retrahat
3565 1024 3705 1073 clau-

2056 1081 2249 1149 datque
2278 1082 2418 1129 intra
2449 1081 2605 1132 labia.
2624 1096 2758 1149 cum
2790 1087 2977 1149 taceat.
3001 1081 3283 1149 Sedimisso
3307 1084 3446 1146 joco,
3471 1085 3562 1149 qui
3582 1088 3706 1135 Tra-

2056 1144 2243 1208 goedia
2276 1145 2679 1208 nonuconvenit.
2711 1145 2995 1194 audiamus
3022 1145 3254 1208 reliqua:
3289 1144 3313 1191 is

2119 1206 2468 1271 Scurrilisille
2484 1206 2635 1271 lepos
2655 1208 2835 1271 militis
2856 1206 3243 1271 uostriuloriosi
3263 1221 3507 1271 magnam
3519 1222 3628 1270 pra
3650 1224 3706 1260 se

2056 1267 2157 1317 fert
2186 1269 2500 1333 imperitiam
2530 1269 2729 1333 lingua
2762 1270 2977 1319 Latina.
3025 1270 3202 1319 Nescit
3229 1267 3457 1333 quid'sit
3480 1267 3709 1324 occludam

2058 1337 2252 1395 lingu/Im
2266 1346 2285 1395 ,-
2300 1336 2358 1395 _et
2374 1331 2499 1379 dum
2518 1331 2804 1395 tragoedias
2825 1332 2932 1395 agit
2952 1333 3005 1381 in
3027 1333 3201 1393 nugis.
3223 1331 3503 1395 profitetur
3521 1348 3576 1383 se
3597 1347 3708 1384 non

2054 1392 2241 1504 laenis?
2264 1393 2522 1504 glangum,
2546 1394 2700 1457 cujus
2720 1394 2834 1443 hac
2855 1392 2980 1444 sunt
2992 1392 3157 1445 verba
3182 1392 3240 1443 in
3259 1394 3419 1445 Milite
3440 1396 3707 1456 Glorioso,

2090 1470 2117 1503 c
2148 1492 2155 1501 .
2212 1469 2267 1503 er
2297 1492 2326 1504 ..
2454 1471 2467 1504 :

2057 1461 2155 1504 act.
2189 1460 2326 1509 tert.,
2365 1460 2417 1504 10
2454 1471 2467 1505 :

2149 1580 2355 1643 Quippe
2385 1579 2429 1627 si
2457 1580 2721 1643 rescivere
2750 1581 2954 1630 inimici
2984 1581 3268 1630 consilium
3296 1584 3468 1638 tuum,
3499 1583 3613 1642 tibi,

2147 1643 2349 1705 Tuopte
2379 1642 2599 1692 consilio
2628 1643 2921 1714 occludunt
2949 1643 3203 1706 linguam,
3254 1648 3307 1693 et
3335 1646 3712 1714 constringunt

2150 1767 2318 1828 Atque
2351 1766 2534 1816 eadem
2562 1780 2681 1828 qua
2712 1767 2813 1816 illis
2860 1767 3080 1817 voluisti
3132 1768 3328 1823 facere.
3360 1709 3710 1827 Ῑὲιῗέῗιῗιῗείίὺί.

2125 1900 2217 1967 Hie
2235 1903 2315 1949 est
2331 1913 2508 1967 sermo
2525 1913 2675 1967 meus
2693 1900 3391 1967 biarbarismisscateusthie
3406 1903 3576 1967 stylus
3596 1905 3717 1955 Bre-

2060 1963 2212 2011 viarii
2243 1962 2345 2026 mei
2377 1962 2616 2026 Plautini,
2650 1977 2681 2011 o
2709 1963 2925 2021 Clerice,
2961 1964 3053 2026 qui
3077 1963 3400 2026 jocularium
3431 1962 3484 2014 in
3515 1967 3713 2017 malum

2062 2025 2279 2092 penitus
2297 2024 2546 2092 incidisti,
2560 2024 2685 2092 dum
2709 2024 3265 2092 occasionemprabes
3282 2028 3505 2076 notandi
3521 2029 3715 2092 inper-

2062 2090 2281 2148 petuum
2312 2086 2630 2147 imperitiam
2663 2091 2829 2143 tuam.
2862 2102 2923 2136 ac
2953 2086 3248 2137 Latinitatis
3286 2102 3418 2139 mea
3449 2086 3713 2141 excultam

2062 2148 2388 2223 diligentiam
2418 2163 2428 2207 ;
2461 2149 2650 2223 namsi
2672 2149 2836 2223 Musa
2861 2151 3042 2223 Latiue
3072 2150 3438 2223 loquerentur,
3470 2153 3715 2204 Plautino

2063 2210 2309 2259 sermone
2332 2210 2694 2271 loquerentur.
2713 2213 2866 2270 Ergo.
2887 2213 3032 2269 velis,
3047 2210 3418 2269 nolis,constat
3438 2228 3583 2265 nunc
3594 2224 3718 2266 Mar-

2063 2284 2288 2337 τιαηιιινιηηἱ
2318 2276 2467 2337 tuum
2490 2272 2693 2337 bonum
2715 2275 2908 2331 virum,
2932 2275 3102 2337 magis
3122 2288 3237 2323 esse
3262 2280 3529 2326 versatum
3552 2279 3605 2326 in
3627 2292 3716 2328 ve-

2061 2340 2235 2384 terum
2268 2335 2594 2403 Scriptorum
2624 2336 2872 2403 lectione,
2904 2335 3063 2403 quam
3092 2337 3423 2403 sitClericus
3479 2340 3717 2403 ejusdem

2062 2406 2325 2461 Martiana'i
2352 2397 2611 2461 hostisiac
2640 2398 2862 2447 Criticus
2891 2397 3260 2461 calumniator.

2130 2459 2281 2508 Aliud
2314 2459 2731 2527 imperitiasua
2757 2462 3129 2527 subministrat
3174 2465 3547 2527 argumentum
3577 2464 3717 2527 ejus-

2064 2521 2186 2587 dem
2218 2522 2528 2587 quastionis
2560 2526 2616 2587 to
2650 2525 2843 2587 pagina
2872 2524 2983 2579 380,
3014 2523 3141 2572 dum
3172 2521 3278 2572 ait':
3328 2544 3350 2567 ι(
3383 2524 3504 2587 Cap.
3539 2521 3717 2584 x1,'28,

2064 2585 2435 2648 Numerorum.
2458 2585 2534 2648 ita
2558 2585 2769 2634 Latinus
2792 2587 3075 2648 lnterpres,
3099 2591 3314 2636 narrato
3339 2585 3717 2638 afﬂatuEldadi

2064 2650 2115 2695 et
2135 2647 2362 2703 Medadi,
2382 2646 2589 2713 inducit
2607 2648 2825 2713 Josuam
2849 2646 3190 2713 loquentem;
3212 2657 3394 2713 Domipe
3422 2660 3496 2709 mi,
3526 2658 3715 2713 Moyses,

2056 2715 2241 2771 prohibe
2265 2729 2351 2759 eos.
2387 2709 2706 2775 Scbpliastes
2753 2709 3070 2775 Anonymus
3101 2711 3260 2775 habet
3289 2710 3359 2775 ad,
3383 2709 3678 2775 marginem
3704 2728 3716 2763 :

2062 2778 2103 2821 Ιι.
2131 2777 2321 2821 Rcclude
2348 2792 2438 2836 eos.
2485 2772 2558 2820 De
2608 2787 2716 2836 qua
2745 2772 3185 2823 annotatiuncula
3231 2774 3302 2821 ita
3346 2772 3717 2825 Martianaus:

2065 2857 2281 2899 Hebr-uice
2329 2827 2489 2901 DSND
2531 2827 2788 2909 chelaem,
2818 2862 2933 2916 quod
2975 2860 3207 2903 Chuldaus
3238 2862 3385 2907 vertit,
3442 2855 3718 2915 esarinun,

2065 2915 2164 2960 etc.
2223 2919 2355 2979 Nihil
2378 2922 2524 2979 igitur
2569 2921 2727 2965 obstat.
2758 2915 2863 2976 quin
2893 2921 3105 2979 Scholion
3152 2920 3268 2979 illud
3291 2934 3385 2979 nere
3409 2923 3474 2979 sit
3502 2923 3720 2979 Hierony-

2063 2984 2274 3023 mianum.
2305 2974 2427 3022 Sola
2456 2987 2561 3022 vox
2590 2974 2827 3030 recusare,
2861 2990 3020 3025 sensu
3060 2974 3358 3032 claudendi,
3391 2976 3578 3026 debuit
3623 2974 3718 3027 d6-

2065 3049 2183 3101 cere
2216 3036 2535 3101 Monachum
2573 3040 2812 3101 nostrum
2862 3038 3107 3087 Scholion
3154 3049 3261 3085 non
3292 3050 3409 3086 esse
3440 3046 3717 3101 Hieronymi,

2064 3099 2156 3164 qui
2186 3111 2295 3164 non
2328 3098 2398 3146 ita
2416 3098 2647 3164 barbare
2670 3099 3002 3162 loquebatur.
3027 3103 3354 3164 noveratque
3374 3106 3593 3164 meludcijc
3611 3098 3721 3164 'pu-

2063 3160 2175 3208 rius
2206 3160 2549 3226 loquentibus
2575 3174 2691 3209 esse
2719 3160 2905 3226 operire.
2932 3163 3176 3226 Attamen
3199 3162 3255 3210 in
3272 3160 3522 3226 versione
3544 3160 3719 3226 Scrip-

2061 3226 2197 3286 tura
2220 3236 2430 3286 eaivoce
2452 3222 2527 3271 sic
2550 3236 2678 3271 usus
2701 3222 2796 3281 est,
2820 3225 2947 3286 quia
2968 3224 3265 3273 barbariem
3279 3224 3585 3274 vetustioris
3605 3222 3719 3276 ve'r—

2061 3285 2227 3333 sionis
2248 3285 2443 3347 ubique
2466 3298 2577 3333 non
2600 3285 2924 3335 emendavit.
2946 3286 3116 3336 Sedin
3130 3286 3334 3336 scholio
3356 3287 3427 3336 ita
3449 3300 3557 3336 non
3579 3293 3720 3340 esset

2057 3372 2286 3427 locutus,
2315 3372 2612 3432 praesertim
2645 3386 2766 3420 cum
2792 3350 2903 3425 NL):
2926 3374 3265 3438 frequentius
3284 3373 3549 3437 signiﬁcet
3566 3385 3720 3439 prahi-

2060 3442 2178 3504 bets
2203 3445 2360 3504 qui!“
2387 3439 2615 3504 .c’a‘r'crs-

2124 3494 2237 3559 Dixi
2255 3494 2401 3559 aliud
2418 3494 2812 3559 subministrari
2826 3496 2979 3544 nobis
2996 3496 3049 3544 in
3062 3495 3165 3544 hoc
3178 3495 3415 3559 capitulo
3434 3511 3713 3559 argumen-

2058 3560 2171 3605 tum
2202 3554 2495 3620 imperitia
2533 3555 2986 3620 Clericanarsed
3043 3554 3282 3620 intelligo
3339 3554 3712 3620 argumentum

2057 3617 2453 3691 genera‘muita
2482 3617 2766 3691 imperitia
2789 3622 2841 3668 et
2870 3619 3063 3691 indicia
3094 3617 3431 3691 compienum
3456 3635 3468 3668 :
3511 3623 3711 3691 etenim

2059 3679 2322 3742 imperitia
2349 3679 2632 3743 singularis
2653 3686 2733 3730 est
2754 3682 2807 3729 in
2832 3683 3066 3743 qualibet
3085 3681 3303 3742 periodo
3325 3682 3545 3743 hujusce
3574 3683 3713 3733 difﬁ-

2059 3696 2322 3742 imperiua
2349 3696 2632 3739 singmaris
2653 3696 2733 3730 est
2754 3696 2807 3729 ιι]
2832 3696 3066 3743 quannet
3085 3696 3303 3742 perioao
3325 3696 3394 3730 nu
3425 3696 3545 3732 usce
3574 3696 3711 3733 unu-

2057 3744 2286 3792 cultatis.
2328 3745 2375 3789 ιο
2404 3741 2685 3807 Manifesta
2713 3749 2793 3807 est
2822 3758 2980 3807 exeo
3028 3743 3169 3807 quod
3210 3743 3302 3807 ait,
3331 3696 3494 3794 sellam
3526 3759 3711 3796 vocem

2055 3811 2292 3857 recludere.
2325 3817 2484 3852 sensu
2505 3805 2803 3863 claudendi,
2822 3805 3072 3856 debuisse
3094 3805 3416 3854 monachum
3440 3820 3593 3856 suum
3619 3808 3712 3858 do-

2057 3880 2191 3925 cere,
2237 3865 2484 3915 Scholion
2533 3880 2653 3930 non
2692 3882 2807 3916 esse
2828 3877 3124 3930 Hieronymi:
3150 3868 3275 3930 quia
3321 3868 3545 3918 verbum
3579 3870 3711 3921 illud

2010 3944 2021 3953 ι
2054 3935 2290 3996 νεειιιᾴρνρ,
2323 3941 2480 3996 sensu
2505 3929 2807 3996 claudendi,
2824 3944 2945 3996 vere
2959 3935 3037 3979 est
3058 3929 3535 3996 Hieronymianum
3547 3934 3712 3996 etipsi

2055 3991 2283 4055 maxime
2303 3992 2592 4055 proprium.
2606 3993 2661 4040 2°
2676 3994 2888 4042 Probari
2906 3997 3080 4055 potest
3099 3993 3165 4041 de
3184 3991 3490 4055 vetustioris
3514 3991 3711 4047 Latina

2054 4053 2316 4118 versionis
2347 4054 2760 4118 exemplaribus,
2789 4053 3006 4118 aliisque
3036 4054 3492 4105 translationibus.
3517 4060 3571 4107 3°
3592 4059 3710 4107 Evi-

2055 4114 2363 4163 dentissime
2385 4115 2714 4166 demonstrat
2742 4114 2949 4167 nullum
2981 4131 3096 4167 esse
3128 4118 3180 4165 in
3212 4118 3395 4167 critico
3417 4122 3601 4169 nostro
3628 4119 3708 4170 iu-

2055 4134 2363 4163 ueuussime
2385 4134 2714 4166 ueunonsu‘at
2742 4134 2949 4167 nuuum
2981 4134 3096 4167 esse
3129 4134 3180 4165 ID
3212 4134 3395 4167 critico
3417 4134 3601 4169 nostro
3650 4135 3708 4170 u-

2054 4176 2415 4248 dicinmhdum
2433 4179 2619 4248 asserit
2645 4180 3153 4248 Hieronymuspurius
3175 4179 3477 4248 locuturum
3493 4182 3547 4248 in
3559 4134 3712 4232 scho-

2054 4238 2125 4310 iio
2149 4239 2384 4310 quodam
2445 4244 2497 4310 et
2552 4238 3234 4310 an_no_tatiiiueula._qua_m
3292 4243 3348 4291 in
3404 4244 3707 4310 divinarum

2053 4301 2446 4373 scripturarum
2467 4303 2813 4373 translatione
2834 4301 3156 4373 Latina.Tria
3173 4305 3287 4373 hac
3305 4306 3707 4373 mendaciorum

2052 4367 2104 4412 et
2130 4364 2417 4430 imperitia
2440 4378 2653 4427 genera,
2688 4367 2845 4416 rebus
2874 4369 3000 4430 ipsis
3042 4367 3324 4417 manifesta
3374 4382 3520 4418 nunc
3548 4370 3703 4420 facio.

2114 4426 2276 4498 Apud
2302 4426 2682 4498 Hieronymum
2724 4426 3038 4498 usurpatam
3076 4443 3198 4498 esse
3228 4442 3410 4498 vouem
3442 4439 3702 4498 recludere,

2051 4500 2213 4555 sensu
2235 4487 2646 4555 elaudendimon
2662 4492 2829 4555 solum
2849 4487 2902 4540 in
2928 4492 3270 4555 translatione
3284 4491 3588 4555 Scriptura,
3610 4494 3703 4543 sed

2051 4549 2105 4618 in
2126 4550 2527 4618 praefationibus
2540 4553 2648 4618 guis
2665 4557 2721 4618 et
2739 4553 3161 4618 Commentariis,
3180 4549 3701 4618 consequentia'pro-

2050 4611 2181 4662 bant
2200 4614 2519 4679 testimonia.
2544 4614 2855 4679 Prafatione
2881 4617 2935 4666 in
2960 4611 3188 4665 Danielis
3208 4611 3483 4679 propheta
3507 4611 3701 4668 versio-

2050 4687 2176 4723 nem
2208 4689 2269 4723 ex
2301 4676 2544 4733 Hebrao,
2576 4676 2690 4726 hac
2728 4678 2891 4727 habet
2932 4676 3283 4741 Hieronymus
3305 4676 3325 4725 ί
3350 4687 3543 4742 Denique
3560 4693 3605 4730 et
3614 4701 3700 4743 pro

2046 4743 2407 4795 adolescentulus,
2456 4751 2559 4801 post
2612 4746 2882 4797 Quintiliani
2935 4754 2977 4791 et
3035 4747 3174 4790 Tullii
3228 4748 3455 4791 lectionem
3504 4754 3549 4791 et
3570 4752 3699 4804 [lares

2051 4806 2310 4857 rhetoricos,
2368 4821 2463 4849 cum
2510 4822 2573 4851 me
2629 4812 2684 4866 jn
2737 4810 2897 4863 lingua
2947 4811 3076 4866 hujus
3112 4811 3353 4866 pistrinum
3412 4809 3697 4866 reclusissem,

2042 4873 2086 4909 et
2116 4867 2251 4929 multp
2272 4869 2443 4929 διιείσης,
2474 4866 2572 4910 etc.
2619 4863 3129 4913 Commentariorum
3187 4865 3319 4913 libro
3375 4877 3443 4923 γι,
3498 4865 3553 4913 in
3583 4863 3698 4929 cap.

2042 4935 2164 4970 XXIX
2209 4923 2477 4972 Jeremia.
2538 4932 2675 4987 Cujus
2730 4935 2929 4989 ofﬁcium
2978 4939 3043 4977 est
3101 4934 3378 4976 discernendi
3433 4936 3549 4977 inter
3593 4923 3699 4990 ρέο-

2033 4990 2208 5046 phetas.
2238 4994 2312 5046 qui
2340 4993 2521 5047 Spiritu
2544 5001 2697 5038 sancto
2735 4995 2986 5052 loquantur,
3017 4999 3093 5051 qui
3128 4997 3351 5038 contrario
3370 5010 3387 5037 :
3436 5001 3478 5038 et
3531 4997 3701 5040 recludi

2033 5054 2245 5114 jubcatur
2285 5057 2331 5096 in
2376 5069 2610 5108 carcerem,
2645 5063 2689 5099 ut
2748 5060 2964 5101 mendacii
2990 5064 3059 5101 sui
3106 5072 3264 5113 pinnas
3316 5057 3408 5101 luat
3429 5072 3446 5106 ;
3497 5063 3539 5101 et
3560 5073 3700 5114 papu-

2043 5113 2130 5156 lum
2158 5114 2278 5158 ultra
2304 5117 2599 5171 supplantare
2621 5121 2825 5164 desistat.
2858 5115 2920 5163 Et
2953 5116 3143 5163 iterum
3194 5115 3317 5175 post
3345 5126 3550 5175 pauca:
3608 5113 3701 5164 Cur

2039 5189 2168 5218 ausus
2219 5179 2279 5219 sit
2320 5180 2538 5233 propheta
2582 5183 2769 5225 scribere
2826 5187 3070 5230 veritatem,
3120 5188 3166 5226 et
3215 5184 3339 5237 cupit
3390 5194 3484 5225 cum
3527 5183 3698 5227 rech

2040 5260 2229 5295 carcere.
2259 5261 2312 5291 ne
2343 5248 2566 5304 loquatur.
2598 5246 2799 5296 Deinde
2827 5248 2878 5295 in
2903 5260 3016 5309 cap.
3040 5260 3207 5295 XXXII:
3251 5253 3373 5304 Quod
3426 5266 3694 5310 nequaquam

2037 5322 2133 5373 eum
2183 5311 2230 5351 in
2285 5323 2473 5359 carcere.
2514 5315 2610 5373 _sed
2655 5317 2701 5357 in
2767 5316 2980 5373 vestibulo
3031 5316 3207 5373 recludi
3251 5316 3436 5371 jusserit
3486 5320 3690 5373 careeris.

2040 5364 2194 5430 Libro
2220 5376 2432 5427 quoque
2464 5381 2477 5415 ι
2506 5368 3014 5419 Commentariorum
3048 5372 3103 5419 in
3150 5364 3361 5419 Abacue
3418 5370 3690 5430 propheta

2039 5429 2202 5487 caput
2228 5439 2280 5474 ιε
2327 5436 2391 5479 Et
2419 5443 2568 5489 gentes
2610 5438 2758 5482 multa
2790 5439 2963 5482 lassata!
3010 5445 3113 5482 sunt
3157 5453 3206 5482 eo
3231 5429 3432 5493 tempore,
3448 5429 3532 5493 quo
3596 5438 3692 5482 Ves-

2030 5495 2236 5549 passr‘am’
2252 5500 2297 5537 et
2347 5498 2438 5539 Titi
2467 5500 2737 5543 circumdata
2773 5508 2841 5544 est
2868 5502 3151 5547 exercitibus,
3181 5505 3225 5543 et
3271 5500 3331 5542 ad
3378 5500 3493 5541 diem
3539 5499 3693 5543 solem.

2039 5569 2135 5601 nem
2158 5555 2339 5601 Pascha
2368 5562 2602 5613 venientes,
2627 5562 2731 5617 urbe
2759 5565 2887 5617 quasi
2917 5575 3089 5605 carcere
3112 5566 3236 5617 sunt
3277 5560 3477 5603 reclusi:
3501 5566 3547 5603 et
3571 5563 3692 5616 fame

2037 5627 2081 5664 et
2102 5622 2292 5672 penuria
2320 5622 2584 5675 defecerunt.
2634 5616 2818 5665 Videat
2873 5630 3018 5665 nunc
3072 5616 3305 5665 Clericus
3360 5618 3559 5674 noster,
3619 5629 3690 5665 an

2038 5690 2138 5724 vox
2170 5681 2390 5724 ηεσιιιάρνρ
2430 5674 2618 5725 docere
2650 5690 2732 5725 me
2791 5678 3033 5727 debueiit
3079 5677 3314 5740 scholion
3355 5689 3518 5739 supra
3546 5678 3690 5740 posi-

2036 5741 2148 5801 tum
2182 5747 2291 5783 non
2321 5750 2434 5801 esse
2466 5745 2759 5801 Hieronymi;
2787 5744 2838 5788 et
2867 5741 2908 5788 si
2939 5741 2993 5788 in
3015 5752 3071 5788 re
3102 5739 3352 5788 litteraria
3370 5739 3689 5801 potest’eru-

2037 5800 2266 5867 beseerc,
2280 5799 2481 5867 pudeat
2497 5800 2669 5867 ipsum
2680 5802 2915 5867 prepria
2930 5799 3539 5867 imperitia,quod‘rudis
3552 5802 3686 5867 adeo

2036 5862 2194 5912 fuerit
2214 5862 2269 5907 in
2281 5863 2520 5910 veterum
2534 5862 2848 5926 scriptorum
2864 5862 3107 5924 lectione,
3122 5867 3183 5914 nt
3200 5862 3448 5913 nescierit
3462 5863 3686 5926 verbum

2033 5930 2256 5976 recludere
2284 5926 2600 5988 usurpatum
2638 5924 2815 5978 ‘etiam
2844 5939 2958 5978 esse
3012 5926 3155 5991 apud
3206 5926 3476 5978 Justinum
3505 5924 3597 5976 lib.
3626 5937 3683 5975 ιι.
