  <div class='ocr_page' id='page_1' title='image "/cluster/home/n/w/nwhite01/storage/ocr_20150623/25/hvd.32044004972428/011.png"; bbox 0 0 3998 6540; ppageno 0'>
   <div class='ocr_carea' id='block_1_1' title="bbox 533 378 2430 437">
    <p class='ocr_par' dir='ltr' id='par_1_1' title="bbox 533 378 2430 437">
     <span class='ocr_line' id='line_1_1' title="bbox 533 378 2430 437; baseline 0.001 -3"><span class='ocrx_word' id='word_1_1' title='bbox 533 397 585 437; x_wconf 75' lang='grc' dir='ltr'><strong>η</strong></span> <span class='ocrx_word' id='word_1_2' title='bbox 1904 378 2406 436; x_wconf 74' lang='lat' dir='ltr'><strong>PBOLEGOMENA</strong></span> <span class='ocrx_word' id='word_1_3' title='bbox 2418 424 2430 435; x_wconf 89' lang='lat'><strong>.</strong></span> 
     </span>
    </p>
   </div>
   <div class='ocr_carea' id='block_1_2' title="bbox 530 494 3774 580">
    <p class='ocr_par' dir='ltr' id='par_1_2' title="bbox 530 494 3774 580">
     <span class='ocr_line' id='line_1_2' title="bbox 530 494 3774 580; baseline 0.001 -18"><span class='ocrx_word' id='word_1_4' title='bbox 530 498 868 580; x_wconf 88' lang='lat' dir='ltr'><strong>quillitatis</strong></span> <span class='ocrx_word' id='word_1_5' title='bbox 902 504 1152 577; x_wconf 89' lang='lat' dir='ltr'><strong>portum</strong></span> <span class='ocrx_word' id='word_1_6' title='bbox 1185 506 1477 580; x_wconf 90' lang='lat' dir='ltr'><strong>receptus</strong></span> <span class='ocrx_word' id='word_1_7' title='bbox 1515 500 1652 574; x_wconf 89' lang='lat' dir='ltr'><strong>tibi,</strong></span> <span class='ocrx_word' id='word_1_8' title='bbox 1705 500 2105 561; x_wconf 77' lang='lat' dir='ltr'><strong>sanctissime</strong></span> <span class='ocrx_word' id='word_1_9' title='bbox 2142 501 2357 574; x_wconf 81' lang='lat' dir='ltr'><strong>Pater,</strong></span> <span class='ocrx_word' id='word_1_10' title='bbox 2396 499 2459 559; x_wconf 91' lang='lat' dir='ltr'><strong>in</strong></span> <span class='ocrx_word' id='word_1_11' title='bbox 2492 497 3017 579; x_wconf 71' lang='lat' dir='ltr'><strong>totiusEcclesiaa</strong></span> <span class='ocrx_word' id='word_1_12' title='bbox 3053 494 3599 563; x_wconf 75' lang='lat' dir='ltr'><strong>administratione</strong></span> <span class='ocrx_word' id='word_1_13' title='bbox 3630 501 3774 566; x_wconf 83' lang='lat' dir='ltr'><strong>feli-</strong></span> 
     </span>
    </p>
   </div>
   <div class='ocr_carea' id='block_1_3' title="bbox 533 600 3765 684">
    <p class='ocr_par' dir='ltr' id='par_1_3' title="bbox 533 600 3765 684">
     <span class='ocr_line' id='line_1_3' title="bbox 533 600 3765 684; baseline 0 -19"><span class='ocrx_word' id='word_1_14' title='bbox 533 604 786 667; x_wconf 83' lang='lat' dir='ltr'><strong>citatem</strong></span> <span class='ocrx_word' id='word_1_15' title='bbox 814 605 1119 667; x_wconf 91' lang='lat' dir='ltr'><strong>obtineat.</strong></span> <span class='ocrx_word' id='word_1_16' title='bbox 1155 604 1313 667; x_wconf 89' lang='lat' dir='ltr'><strong>Tuis</strong></span> <span class='ocrx_word' id='word_1_17' title='bbox 1351 604 1490 684; x_wconf 91' lang='lat' dir='ltr'><strong>ipse</strong></span> <span class='ocrx_word' id='word_1_18' title='bbox 1531 604 1780 666; x_wconf 82' lang='lat' dir='ltr'><strong>tandem</strong></span> <span class='ocrx_word' id='word_1_19' title='bbox 1815 600 2249 664; x_wconf 84' lang='lat' dir='ltr'><strong>sanctissimis</strong></span> <span class='ocrx_word' id='word_1_20' title='bbox 2269 602 2540 682; x_wconf 89' lang='lat' dir='ltr'><strong>pedibus</strong></span> <span class='ocrx_word' id='word_1_21' title='bbox 2572 602 2945 682; x_wconf 81' lang='lat' dir='ltr'><strong>provolutus</strong></span> <span class='ocrx_word' id='word_1_22' title='bbox 2977 620 3008 665; x_wconf 88' lang='lat' dir='ltr'><strong>a</strong></span> <span class='ocrx_word' id='word_1_23' title='bbox 3036 611 3094 665; x_wconf 91' lang='lat' dir='ltr'><strong>te</strong></span> <span class='ocrx_word' id='word_1_24' title='bbox 3119 602 3279 664; x_wconf 89' lang='lat' dir='ltr'><strong>illud</strong></span> <span class='ocrx_word' id='word_1_25' title='bbox 3312 604 3504 666; x_wconf 83' lang='lat' dir='ltr'><strong>enixe</strong></span> <span class='ocrx_word' id='word_1_26' title='bbox 3528 604 3765 684; x_wconf 84' lang='lat' dir='ltr'><strong>ﬂagito,</strong></span> 
     </span>
    </p>
   </div>
   <div class='ocr_carea' id='block_1_4' title="bbox 531 704 3853 803">
    <p class='ocr_par' dir='ltr' id='par_1_4' title="bbox 531 704 3853 803">
     <span class='ocr_line' id='line_1_4' title="bbox 531 704 3853 803; baseline 0.001 -34"><span class='ocrx_word' id='word_1_27' title='bbox 531 714 603 772; x_wconf 90' lang='lat' dir='ltr'><strong>ut</strong></span> <span class='ocrx_word' id='word_1_28' title='bbox 639 707 825 782; x_wconf 91' lang='lat' dir='ltr'><strong>mihi,</strong></span> <span class='ocrx_word' id='word_1_29' title='bbox 869 708 1216 772; x_wconf 90' lang='lat' dir='ltr'><strong>seminario</strong></span> <span class='ocrx_word' id='word_1_30' title='bbox 1256 726 1421 785; x_wconf 91' lang='lat' dir='ltr'><strong>meo,</strong></span> <span class='ocrx_word' id='word_1_31' title='bbox 1456 709 1702 789; x_wconf 90' lang='lat' dir='ltr'><strong>totique</strong></span> <span class='ocrx_word' id='word_1_32' title='bbox 1732 707 1908 786; x_wconf 89' lang='lat' dir='ltr'><strong>gregi</strong></span> <span class='ocrx_word' id='word_1_33' title='bbox 1941 706 2099 768; x_wconf 89' lang='lat' dir='ltr'><strong>mihi</strong></span> <span class='ocrx_word' id='word_1_34' title='bbox 2132 707 2498 771; x_wconf 90' lang='lat' dir='ltr'><strong>concredito</strong></span> <span class='ocrx_word' id='word_1_35' title='bbox 2520 704 2935 786; x_wconf 78' lang='lat' dir='ltr'><strong>apostolicam</strong></span> <span class='ocrx_word' id='word_1_36' title='bbox 2973 704 3486 768; x_wconf 80' lang='lat' dir='ltr'><strong>benedictionem</strong></span> <span class='ocrx_word' id='word_1_37' title='bbox 3520 710 3766 787; x_wconf 89' lang='lat' dir='ltr'><strong>imper-</strong></span> <span class='ocrx_word' id='word_1_38' title='bbox 3846 796 3853 803; x_wconf 30' lang='lat'>.</span> 
     </span>
    </p>
   </div>
   <div class='ocr_carea' id='block_1_5' title="bbox 526 811 882 875">
    <p class='ocr_par' dir='ltr' id='par_1_5' title="bbox 526 811 882 875">
     <span class='ocr_line' id='line_1_5' title="bbox 526 811 882 875; baseline 0.006 -2"><span class='ocrx_word' id='word_1_39' title='bbox 526 811 670 874; x_wconf 80' lang='lat' dir='ltr'><strong>tias.</strong></span> <span class='ocrx_word' id='word_1_40' title='bbox 702 811 882 875; x_wconf 87' lang='lat' dir='ltr'><strong>Vale.</strong></span> 
     </span>
    </p>
   </div>
   <div class='ocr_carea' id='block_1_6' title="bbox 1674 1157 2600 1251">
    <p class='ocr_par' dir='ltr' id='par_1_6' title="bbox 1674 1157 2600 1251">
     <span class='ocr_line' id='line_1_6' title="bbox 1674 1157 2600 1251; baseline 0 -2"><span class='ocrx_word' id='word_1_41' title='bbox 1674 1158 1821 1249; x_wconf 86' lang='lat' dir='ltr'><strong>AD</strong></span> <span class='ocrx_word' id='word_1_42' title='bbox 1917 1157 2600 1251; x_wconf 79' lang='lat' dir='ltr'><strong>LECTOREM.</strong></span> 
     </span>
    </p>
   </div>
   <div class='ocr_carea' id='block_1_7' title="bbox 1872 1374 2435 1449">
    <p class='ocr_par' dir='ltr' id='par_1_7' title="bbox 1872 1374 2435 1449">
     <span class='ocr_line' id='line_1_7' title="bbox 1872 1374 2435 1449; baseline 0.007 -20"><span class='ocrx_word' id='word_1_43' title='bbox 1872 1374 1991 1445; x_wconf 84' lang='lat' dir='ltr'><strong>(Ed.</strong></span> <span class='ocrx_word' id='word_1_44' title='bbox 2020 1376 2216 1433; x_wconf 82' lang='lat' dir='ltr'><strong>Venet.</strong></span> <span class='ocrx_word' id='word_1_45' title='bbox 2252 1377 2435 1449; x_wconf 67' lang='lat'><strong>1777.)</strong></span> 
     </span>
    </p>
   </div>
   <div class='ocr_carea' id='block_1_8' title="bbox 600 1684 3767 1768">
    <p class='ocr_par' dir='ltr' id='par_1_8' title="bbox 600 1684 3767 1768">
     <span class='ocr_line' id='line_1_8' title="bbox 600 1684 3767 1768; baseline 0.002 -20"><span class='ocrx_word' id='word_1_46' title='bbox 600 1686 748 1748; x_wconf 83' lang='lat' dir='ltr'><strong>Divi</strong></span> <span class='ocrx_word' id='word_1_47' title='bbox 783 1686 1116 1750; x_wconf 85' lang='lat' dir='ltr'><strong>Athanasii</strong></span> <span class='ocrx_word' id='word_1_48' title='bbox 1148 1688 1357 1768; x_wconf 86' lang='lat' dir='ltr'><strong>Opera</strong></span> <span class='ocrx_word' id='word_1_49' title='bbox 1394 1705 1539 1752; x_wconf 91' lang='lat' dir='ltr'><strong>cum</strong></span> <span class='ocrx_word' id='word_1_50' title='bbox 1569 1685 1950 1766; x_wconf 82' lang='lat' dir='ltr'><strong>jampridem</strong></span> <span class='ocrx_word' id='word_1_51' title='bbox 1981 1703 2015 1747; x_wconf 89' lang='lat' dir='ltr'><strong>a</strong></span> <span class='ocrx_word' id='word_1_52' title='bbox 2068 1684 2289 1747; x_wconf 90' lang='lat' dir='ltr'><strong>multis</strong></span> <span class='ocrx_word' id='word_1_53' title='bbox 2337 1684 2809 1759; x_wconf 87' lang='lat' dir='ltr'><strong>desiderentur,</strong></span> <span class='ocrx_word' id='word_1_54' title='bbox 2847 1702 2976 1749; x_wconf 90' lang='lat' dir='ltr'><strong>non</strong></span> <span class='ocrx_word' id='word_1_55' title='bbox 3020 1685 3273 1765; x_wconf 80' lang='lat' dir='ltr'><strong>exiguis</strong></span> <span class='ocrx_word' id='word_1_56' title='bbox 3302 1687 3405 1751; x_wconf 91' lang='lat' dir='ltr'><strong>illa</strong></span> <span class='ocrx_word' id='word_1_57' title='bbox 3439 1688 3767 1754; x_wconf 80' lang='lat' dir='ltr'><strong>laboribus</strong></span> 
     </span>
    </p>
   </div>
   <div class='ocr_carea' id='block_1_9' title="bbox 518 1788 3764 1871">
    <p class='ocr_par' dir='ltr' id='par_1_9' title="bbox 518 1788 3764 1871">
     <span class='ocr_line' id='line_1_9' title="bbox 518 1788 3764 1871; baseline 0.002 -21"><span class='ocrx_word' id='word_1_58' title='bbox 518 1798 578 1850; x_wconf 87' lang='lat' dir='ltr'><strong>et</strong></span> <span class='ocrx_word' id='word_1_59' title='bbox 613 1791 927 1869; x_wconf 89' lang='lat' dir='ltr'><strong>impensis</strong></span> <span class='ocrx_word' id='word_1_60' title='bbox 959 1793 1034 1853; x_wconf 89' lang='lat' dir='ltr'><strong>ad</strong></span> <span class='ocrx_word' id='word_1_61' title='bbox 1070 1794 1395 1871; x_wconf 89' lang='lat' dir='ltr'><strong>publicam</strong></span> <span class='ocrx_word' id='word_1_62' title='bbox 1435 1792 1776 1855; x_wconf 87' lang='lat' dir='ltr'><strong>utilitatem</strong></span> <span class='ocrx_word' id='word_1_63' title='bbox 1811 1797 1871 1851; x_wconf 90' lang='lat' dir='ltr'><strong>et</strong></span> <span class='ocrx_word' id='word_1_64' title='bbox 1907 1790 2313 1851; x_wconf 90' lang='lat' dir='ltr'><strong>commodum</strong></span> <span class='ocrx_word' id='word_1_65' title='bbox 2372 1788 2726 1868; x_wconf 88' lang='lat' dir='ltr'><strong>evulganda</strong></span> <span class='ocrx_word' id='word_1_66' title='bbox 2789 1789 3195 1865; x_wconf 83' lang='lat' dir='ltr'><strong>curavimus,</strong></span> <span class='ocrx_word' id='word_1_67' title='bbox 3240 1792 3616 1870; x_wconf 86' lang='lat' dir='ltr'><strong>eademque,</strong></span> <span class='ocrx_word' id='word_1_68' title='bbox 3651 1797 3764 1858; x_wconf 87' lang='lat' dir='ltr'><strong>be-</strong></span> 
     </span>
    </p>
   </div>
   <div class='ocr_carea' id='block_1_10' title="bbox 519 1894 3762 1977">
    <p class='ocr_par' dir='ltr' id='par_1_10' title="bbox 519 1894 3762 1977">
     <span class='ocr_line' id='line_1_10' title="bbox 519 1894 3762 1977; baseline 0.003 -23"><span class='ocrx_word' id='word_1_69' title='bbox 519 1894 711 1973; x_wconf 89' lang='lat' dir='ltr'><strong>nigne</strong></span> <span class='ocrx_word' id='word_1_70' title='bbox 743 1897 967 1974; x_wconf 91' lang='lat' dir='ltr'><strong>lector,</strong></span> <span class='ocrx_word' id='word_1_71' title='bbox 1003 1897 1121 1958; x_wconf 89' lang='lat' dir='ltr'><strong>tibi</strong></span> <span class='ocrx_word' id='word_1_72' title='bbox 1174 1897 1249 1964; x_wconf 83' lang='lat' dir='ltr'><strong>in</strong></span> <span class='ocrx_word' id='word_1_73' title='bbox 1276 1899 1609 1977; x_wconf 63' lang='lat' dir='ltr'><strong>praesentia</strong></span> <span class='ocrx_word' id='word_1_74' title='bbox 1647 1895 1965 1957; x_wconf 87' lang='lat' dir='ltr'><strong>sistimus.</strong></span> <span class='ocrx_word' id='word_1_75' title='bbox 2007 1894 2276 1955; x_wconf 82' lang='lat' dir='ltr'><strong>Minime</strong></span> <span class='ocrx_word' id='word_1_76' title='bbox 2309 1911 2481 1956; x_wconf 89' lang='lat' dir='ltr'><strong>nunc</strong></span> <span class='ocrx_word' id='word_1_77' title='bbox 2511 1894 2944 1957; x_wconf 81' lang='lat' dir='ltr'><strong>necessarium</strong></span> <span class='ocrx_word' id='word_1_78' title='bbox 3000 1904 3299 1975; x_wconf 84' lang='lat' dir='ltr'><strong>putamus</strong></span> <span class='ocrx_word' id='word_1_79' title='bbox 3343 1898 3639 1976; x_wconf 89' lang='lat' dir='ltr'><strong>pluribus</strong></span> <span class='ocrx_word' id='word_1_80' title='bbox 3695 1902 3762 1963; x_wconf 87' lang='lat' dir='ltr'><strong>id</strong></span> 
     </span>
    </p>
   </div>
   <div class='ocr_carea' id='block_1_11' title="bbox 521 1995 3762 2086">
    <p class='ocr_par' dir='ltr' id='par_1_11' title="bbox 521 1995 3762 2086">
     <span class='ocr_line' id='line_1_11' title="bbox 521 1995 3762 2086; baseline 0.003 -28"><span class='ocrx_word' id='word_1_81' title='bbox 521 1999 856 2062; x_wconf 68' lang='lat' dir='ltr'><strong>ostendere</strong></span> <span class='ocrx_word' id='word_1_82' title='bbox 879 2045 895 2075; x_wconf 89' lang='lat'><strong>,</strong></span> <span class='ocrx_word' id='word_1_83' title='bbox 928 2000 1138 2080; x_wconf 87' lang='lat' dir='ltr'><strong>qualis</strong></span> <span class='ocrx_word' id='word_1_84' title='bbox 1176 2017 1407 2080; x_wconf 88' lang='lat' dir='ltr'><strong>nempe</strong></span> <span class='ocrx_word' id='word_1_85' title='bbox 1442 2005 1858 2079; x_wconf 88' lang='lat' dir='ltr'><strong>quantusque</strong></span> <span class='ocrx_word' id='word_1_86' title='bbox 1890 1996 2281 2060; x_wconf 87' lang='lat' dir='ltr'><strong>Athanasius</strong></span> <span class='ocrx_word' id='word_1_87' title='bbox 2308 1995 2499 2058; x_wconf 90' lang='lat' dir='ltr'><strong>fuerit</strong></span> <span class='ocrx_word' id='word_1_88' title='bbox 2530 1996 2699 2058; x_wconf 90' lang='lat' dir='ltr'><strong>inter</strong></span> <span class='ocrx_word' id='word_1_89' title='bbox 2728 2002 2973 2060; x_wconf 81' lang='lat' dir='ltr'><strong>veteres</strong></span> <span class='ocrx_word' id='word_1_90' title='bbox 3007 1998 3151 2061; x_wconf 91' lang='lat' dir='ltr'><strong>illos</strong></span> <span class='ocrx_word' id='word_1_91' title='bbox 3194 2002 3762 2086; x_wconf 84' lang='lat' dir='ltr'><strong>sanctissimosque</strong></span> 
     </span>
    </p>
   </div>
   <div class='ocr_carea' id='block_1_12' title="bbox 514 2094 3761 2184">
    <p class='ocr_par' dir='ltr' id='par_1_12' title="bbox 514 2094 3761 2184">
     <span class='ocr_line' id='line_1_12' title="bbox 514 2094 3761 2184; baseline 0.002 -22"><span class='ocrx_word' id='word_1_92' title='bbox 514 2100 770 2163; x_wconf 70' lang='lat' dir='ltr'><strong>Graeciae</strong></span> <span class='ocrx_word' id='word_1_93' title='bbox 806 2102 1124 2177; x_wconf 87' lang='lat' dir='ltr'><strong>doctores,</strong></span> <span class='ocrx_word' id='word_1_94' title='bbox 1157 2118 1300 2162; x_wconf 92' lang='lat' dir='ltr'><strong>cum</strong></span> <span class='ocrx_word' id='word_1_95' title='bbox 1343 2101 1639 2162; x_wconf 88' lang='lat' dir='ltr'><strong>unanimi</strong></span> <span class='ocrx_word' id='word_1_96' title='bbox 1692 2115 2018 2162; x_wconf 86' lang='lat' dir='ltr'><strong>consensu</strong></span> <span class='ocrx_word' id='word_1_97' title='bbox 2051 2097 2131 2158; x_wconf 89' lang='lat' dir='ltr'><strong>ab</strong></span> <span class='ocrx_word' id='word_1_98' title='bbox 2162 2096 2463 2159; x_wconf 90' lang='lat' dir='ltr'><strong>omnibus</strong></span> <span class='ocrx_word' id='word_1_99' title='bbox 2503 2094 2643 2175; x_wconf 91' lang='lat' dir='ltr'><strong>ipse</strong></span> <span class='ocrx_word' id='word_1_100' title='bbox 2697 2104 2760 2159; x_wconf 92' lang='lat' dir='ltr'><strong>et</strong></span> <span class='ocrx_word' id='word_1_101' title='bbox 2814 2096 3047 2173; x_wconf 90' lang='lat' dir='ltr'><strong>dictus,</strong></span> <span class='ocrx_word' id='word_1_102' title='bbox 3086 2106 3147 2161; x_wconf 93' lang='lat' dir='ltr'><strong>et</strong></span> <span class='ocrx_word' id='word_1_103' title='bbox 3197 2099 3448 2163; x_wconf 88' lang='lat' dir='ltr'><strong>habitus</strong></span> <span class='ocrx_word' id='word_1_104' title='bbox 3486 2105 3761 2184; x_wconf 85' lang='lat' dir='ltr'><strong>Magnus</strong></span> 
     </span>
    </p>
   </div>
   <div class='ocr_carea' id='block_1_13' title="bbox 512 2197 3762 2277">
    <p class='ocr_par' dir='ltr' id='par_1_13' title="bbox 512 2197 3762 2277">
     <span class='ocr_line' id='line_1_13' title="bbox 512 2197 3762 2277; baseline 0.003 -17"><span class='ocrx_word' id='word_1_105' title='bbox 512 2200 619 2261; x_wconf 89' lang='lat' dir='ltr'><strong>sit.</strong></span> <span class='ocrx_word' id='word_1_106' title='bbox 656 2199 845 2262; x_wconf 90' lang='lat' dir='ltr'><strong>Illum</strong></span> <span class='ocrx_word' id='word_1_107' title='bbox 876 2210 1046 2264; x_wconf 89' lang='lat' dir='ltr'><strong>certe</strong></span> <span class='ocrx_word' id='word_1_108' title='bbox 1081 2204 1294 2264; x_wconf 89' lang='lat' dir='ltr'><strong>Patres</strong></span> <span class='ocrx_word' id='word_1_109' title='bbox 1320 2202 1610 2266; x_wconf 82' lang='lat' dir='ltr'><strong>certatim</strong></span> <span class='ocrx_word' id='word_1_110' title='bbox 1645 2199 1926 2271; x_wconf 89' lang='lat' dir='ltr'><strong>laudant,</strong></span> <span class='ocrx_word' id='word_1_111' title='bbox 1959 2215 2030 2259; x_wconf 90' lang='lat' dir='ltr'><strong>ac</strong></span> <span class='ocrx_word' id='word_1_112' title='bbox 2068 2199 2196 2261; x_wconf 87' lang='lat' dir='ltr'><strong>duo</strong></span> <span class='ocrx_word' id='word_1_113' title='bbox 2231 2197 2585 2277; x_wconf 84' lang='lat' dir='ltr'><strong>praesertim</strong></span> <span class='ocrx_word' id='word_1_114' title='bbox 2620 2197 3142 2276; x_wconf 89' lang='lat' dir='ltr'><strong>splendidissima</strong></span> <span class='ocrx_word' id='word_1_115' title='bbox 3177 2200 3511 2265; x_wconf 70' lang='lat' dir='ltr'><strong>Catholicae</strong></span> <span class='ocrx_word' id='word_1_116' title='bbox 3540 2206 3762 2270; x_wconf 87' lang='lat' dir='ltr'><strong>Eccle-</strong></span> 
     </span>
    </p>
   </div>
   <div class='ocr_carea' id='block_1_14' title="bbox 511 2301 3757 2383">
    <p class='ocr_par' dir='ltr' id='par_1_14' title="bbox 511 2301 3757 2383">
     <span class='ocr_line' id='line_1_14' title="bbox 511 2301 3757 2383; baseline 0.002 -20"><span class='ocrx_word' id='word_1_117' title='bbox 511 2302 623 2363; x_wconf 60' lang='lat' dir='ltr'><strong>siae</strong></span> <span class='ocrx_word' id='word_1_118' title='bbox 656 2303 897 2365; x_wconf 83' lang='lat' dir='ltr'><strong>lumina</strong></span> <span class='ocrx_word' id='word_1_119' title='bbox 922 2306 1200 2367; x_wconf 87' lang='lat' dir='ltr'><strong>Basilius</strong></span> <span class='ocrx_word' id='word_1_120' title='bbox 1237 2313 1295 2368; x_wconf 90' lang='lat' dir='ltr'><strong>et</strong></span> <span class='ocrx_word' id='word_1_121' title='bbox 1332 2305 1680 2383; x_wconf 88' lang='lat' dir='ltr'><strong>Gregorius</strong></span> <span class='ocrx_word' id='word_1_122' title='bbox 1742 2303 2188 2367; x_wconf 88' lang='lat' dir='ltr'><strong>Nazianzenus</strong></span> <span class='ocrx_word' id='word_1_123' title='bbox 2220 2309 2288 2364; x_wconf 92' lang='lat' dir='ltr'><strong>ut</strong></span> <span class='ocrx_word' id='word_1_124' title='bbox 2325 2301 2472 2363; x_wconf 87' lang='lat' dir='ltr'><strong>lidei</strong></span> <span class='ocrx_word' id='word_1_125' title='bbox 2522 2301 2893 2380; x_wconf 85' lang='lat' dir='ltr'><strong>magistrum</strong></span> <span class='ocrx_word' id='word_1_126' title='bbox 2942 2311 3353 2379; x_wconf 84' lang='lat' dir='ltr'><strong>venerantur,</strong></span> <span class='ocrx_word' id='word_1_127' title='bbox 3397 2323 3514 2368; x_wconf 90' lang='lat' dir='ltr'><strong>nec</strong></span> <span class='ocrx_word' id='word_1_128' title='bbox 3553 2307 3757 2369; x_wconf 79' lang='lat' dir='ltr'><strong>defuit</strong></span> 
     </span>
    </p>
   </div>
   <div class='ocr_carea' id='block_1_15' title="bbox 509 2402 3752 2487">
    <p class='ocr_par' dir='ltr' id='par_1_15' title="bbox 509 2402 3752 2487">
     <span class='ocr_line' id='line_1_15' title="bbox 509 2402 3752 2487; baseline 0.003 -25"><span class='ocrx_word' id='word_1_129' title='bbox 509 2404 858 2484; x_wconf 90' lang='lat' dir='ltr'><strong>quiipsum</strong></span> <span class='ocrx_word' id='word_1_130' title='bbox 886 2409 1141 2471; x_wconf 67' lang='lat' dir='ltr'><strong>caeteris</strong></span> <span class='ocrx_word' id='word_1_131' title='bbox 1173 2408 1465 2470; x_wconf 89' lang='lat' dir='ltr'><strong>Patribus</strong></span> <span class='ocrx_word' id='word_1_132' title='bbox 1500 2412 1944 2485; x_wconf 85' lang='lat' dir='ltr'><strong>anteponeret.</strong></span> <span class='ocrx_word' id='word_1_133' title='bbox 1975 2406 2143 2467; x_wconf 88' lang='lat' dir='ltr'><strong>Hinc</strong></span> <span class='ocrx_word' id='word_1_134' title='bbox 2176 2404 2460 2467; x_wconf 87' lang='lat' dir='ltr'><strong>maximo</strong></span> <span class='ocrx_word' id='word_1_135' title='bbox 2511 2421 2765 2481; x_wconf 87' lang='lat' dir='ltr'><strong>semper</strong></span> <span class='ocrx_word' id='word_1_136' title='bbox 2802 2402 2865 2464; x_wconf 93' lang='lat' dir='ltr'><strong>in</strong></span> <span class='ocrx_word' id='word_1_137' title='bbox 2892 2403 3137 2467; x_wconf 87' lang='lat' dir='ltr'><strong>honore</strong></span> <span class='ocrx_word' id='word_1_138' title='bbox 3168 2404 3429 2468; x_wconf 87' lang='lat' dir='ltr'><strong>fuerunt</strong></span> <span class='ocrx_word' id='word_1_139' title='bbox 3461 2408 3752 2487; x_wconf 89' lang='lat' dir='ltr'><strong>ejusdem</strong></span> 
     </span>
    </p>
   </div>
   <div class='ocr_carea' id='block_1_16' title="bbox 507 2502 3758 2586">
    <p class='ocr_par' dir='ltr' id='par_1_16' title="bbox 507 2502 3758 2586">
     <span class='ocr_line' id='line_1_16' title="bbox 507 2502 3758 2586; baseline 0.003 -22"><span class='ocrx_word' id='word_1_140' title='bbox 507 2503 740 2581; x_wconf 87' lang='lat' dir='ltr'><strong>Opera,</strong></span> <span class='ocrx_word' id='word_1_141' title='bbox 773 2521 916 2585; x_wconf 66' lang='lat' dir='ltr'><strong>quas</strong></span> <span class='ocrx_word' id='word_1_142' title='bbox 943 2506 1069 2568; x_wconf 91' lang='lat' dir='ltr'><strong>sibi</strong></span> <span class='ocrx_word' id='word_1_143' title='bbox 1102 2506 1313 2568; x_wconf 88' lang='lat' dir='ltr'><strong>adhuc</strong></span> <span class='ocrx_word' id='word_1_144' title='bbox 1344 2520 1689 2583; x_wconf 89' lang='lat' dir='ltr'><strong>superesse</strong></span> <span class='ocrx_word' id='word_1_145' title='bbox 1722 2502 1799 2565; x_wconf 87' lang='lat' dir='ltr'><strong>ad</strong></span> <span class='ocrx_word' id='word_1_146' title='bbox 1839 2502 1943 2564; x_wconf 90' lang='lat' dir='ltr'><strong>sui</strong></span> <span class='ocrx_word' id='word_1_147' title='bbox 1975 2502 2181 2581; x_wconf 89' lang='lat' dir='ltr'><strong>ipsius</strong></span> <span class='ocrx_word' id='word_1_148' title='bbox 2216 2502 2417 2566; x_wconf 91' lang='lat' dir='ltr'><strong>decus</strong></span> <span class='ocrx_word' id='word_1_149' title='bbox 2449 2509 2641 2583; x_wconf 91' lang='lat' dir='ltr'><strong>atque</strong></span> <span class='ocrx_word' id='word_1_150' title='bbox 2674 2502 3039 2581; x_wconf 69' lang='lat' dir='ltr'><strong>praasidium</strong></span> <span class='ocrx_word' id='word_1_151' title='bbox 3075 2503 3488 2568; x_wconf 84' lang='lat' dir='ltr'><strong>vehementer</strong></span> <span class='ocrx_word' id='word_1_152' title='bbox 3517 2510 3758 2586; x_wconf 85' lang='lat' dir='ltr'><strong>gaudet</strong></span> 
     </span>
    </p>
   </div>
   <div class='ocr_carea' id='block_1_17' title="bbox 508 2602 3755 2688">
    <p class='ocr_par' dir='ltr' id='par_1_17' title="bbox 508 2602 3755 2688">
     <span class='ocr_line' id='line_1_17' title="bbox 508 2602 3755 2688; baseline 0.002 -22"><span class='ocrx_word' id='word_1_153' title='bbox 508 2604 869 2670; x_wconf 88' lang='lat' dir='ltr'><strong>Christiana</strong></span> <span class='ocrx_word' id='word_1_154' title='bbox 903 2607 1288 2688; x_wconf 84' lang='lat' dir='ltr'><strong>respublica.</strong></span> <span class='ocrx_word' id='word_1_155' title='bbox 1344 2607 1637 2671; x_wconf 86' lang='lat' dir='ltr'><strong>Meminit</strong></span> <span class='ocrx_word' id='word_1_156' title='bbox 1670 2607 1842 2671; x_wconf 90' lang='lat' dir='ltr'><strong>enim</strong></span> <span class='ocrx_word' id='word_1_157' title='bbox 1876 2605 1983 2666; x_wconf 92' lang='lat' dir='ltr'><strong>illa</strong></span> <span class='ocrx_word' id='word_1_158' title='bbox 2015 2622 2083 2667; x_wconf 90' lang='lat' dir='ltr'><strong>se</strong></span> <span class='ocrx_word' id='word_1_159' title='bbox 2118 2602 2217 2666; x_wconf 90' lang='lat' dir='ltr'><strong>his</strong></span> <span class='ocrx_word' id='word_1_160' title='bbox 2241 2650 2257 2679; x_wconf 91' lang='lat'><strong>,</strong></span> <span class='ocrx_word' id='word_1_161' title='bbox 2306 2604 2502 2667; x_wconf 88' lang='lat' dir='ltr'><strong>veluti</strong></span> <span class='ocrx_word' id='word_1_162' title='bbox 2542 2604 2928 2684; x_wconf 89' lang='lat' dir='ltr'><strong>quibusdam</strong></span> <span class='ocrx_word' id='word_1_163' title='bbox 2986 2607 3178 2668; x_wconf 91' lang='lat' dir='ltr'><strong>armis</strong></span> <span class='ocrx_word' id='word_1_164' title='bbox 3213 2606 3610 2684; x_wconf 89' lang='lat' dir='ltr'><strong>instructam,</strong></span> <span class='ocrx_word' id='word_1_165' title='bbox 3650 2610 3755 2673; x_wconf 92' lang='lat' dir='ltr'><strong>in-</strong></span> 
     </span>
    </p>
   </div>
   <div class='ocr_carea' id='block_1_18' title="bbox 512 2706 3757 2788">
    <p class='ocr_par' dir='ltr' id='par_1_18' title="bbox 512 2706 3757 2788">
     <span class='ocr_line' id='line_1_18' title="bbox 512 2706 3757 2788; baseline 0.002 -18"><span class='ocrx_word' id='word_1_166' title='bbox 512 2710 732 2787; x_wconf 83' lang='lat' dir='ltr'><strong>signes</strong></span> <span class='ocrx_word' id='word_1_167' title='bbox 764 2709 1067 2775; x_wconf 88' lang='lat' dir='ltr'><strong>victorias</strong></span> <span class='ocrx_word' id='word_1_168' title='bbox 1098 2713 1176 2775; x_wconf 93' lang='lat' dir='ltr'><strong>de</strong></span> <span class='ocrx_word' id='word_1_169' title='bbox 1207 2712 1344 2774; x_wconf 90' lang='lat' dir='ltr'><strong>suis</strong></span> <span class='ocrx_word' id='word_1_170' title='bbox 1377 2709 1672 2773; x_wconf 90' lang='lat' dir='ltr'><strong>hostibus</strong></span> <span class='ocrx_word' id='word_1_171' title='bbox 1706 2709 2030 2772; x_wconf 88' lang='lat' dir='ltr'><strong>retulisse.</strong></span> <span class='ocrx_word' id='word_1_172' title='bbox 2055 2707 2351 2771; x_wconf 88' lang='lat' dir='ltr'><strong>Meminit</strong></span> <span class='ocrx_word' id='word_1_173' title='bbox 2376 2706 2477 2767; x_wconf 91' lang='lat' dir='ltr'><strong>his</strong></span> <span class='ocrx_word' id='word_1_174' title='bbox 2514 2707 2868 2769; x_wconf 90' lang='lat' dir='ltr'><strong>convictam</strong></span> <span class='ocrx_word' id='word_1_175' title='bbox 2906 2708 3056 2769; x_wconf 91' lang='lat' dir='ltr'><strong>olim</strong></span> <span class='ocrx_word' id='word_1_176' title='bbox 3088 2708 3291 2772; x_wconf 83' lang='lat' dir='ltr'><strong>fuisse</strong></span> <span class='ocrx_word' id='word_1_177' title='bbox 3325 2711 3757 2788; x_wconf 88' lang='lat' dir='ltr'><strong>perniciosam</strong></span> 
     </span>
    </p>
   </div>
   <div class='ocr_carea' id='block_1_19' title="bbox 512 2806 3758 2886">
    <p class='ocr_par' dir='ltr' id='par_1_19' title="bbox 512 2806 3758 2886">
     <span class='ocr_line' id='line_1_19' title="bbox 512 2806 3758 2886; baseline 0.002 -17"><span class='ocrx_word' id='word_1_178' title='bbox 512 2807 647 2869; x_wconf 84' lang='lat' dir='ltr'><strong>Arii</strong></span> <span class='ocrx_word' id='word_1_179' title='bbox 690 2807 1131 2886; x_wconf 87' lang='lat' dir='ltr'><strong>dialecticam,</strong></span> <span class='ocrx_word' id='word_1_180' title='bbox 1186 2810 1289 2872; x_wconf 91' lang='lat' dir='ltr'><strong>his</strong></span> <span class='ocrx_word' id='word_1_181' title='bbox 1350 2809 1617 2871; x_wconf 88' lang='lat' dir='ltr'><strong>Eusebii</strong></span> <span class='ocrx_word' id='word_1_182' title='bbox 1669 2807 2081 2872; x_wconf 86' lang='lat' dir='ltr'><strong>Caesariensis</strong></span> <span class='ocrx_word' id='word_1_183' title='bbox 2144 2806 2555 2871; x_wconf 91' lang='lat' dir='ltr'><strong>calliditatem</strong></span> <span class='ocrx_word' id='word_1_184' title='bbox 2598 2806 3089 2886; x_wconf 88' lang='lat' dir='ltr'><strong>deprehensam,</strong></span> <span class='ocrx_word' id='word_1_185' title='bbox 3137 2809 3236 2874; x_wconf 89' lang='lat' dir='ltr'><strong>his</strong></span> <span class='ocrx_word' id='word_1_186' title='bbox 3305 2809 3758 2875; x_wconf 87' lang='lat' dir='ltr'><strong>haereticorum</strong></span> 
     </span>
    </p>
   </div>
   <div class='ocr_carea' id='block_1_20' title="bbox 506 2905 3759 2993">
    <p class='ocr_par' dir='ltr' id='par_1_20' title="bbox 506 2905 3759 2993">
     <span class='ocr_line' id='line_1_20' title="bbox 506 2905 3759 2993; baseline 0.002 -24"><span class='ocrx_word' id='word_1_187' title='bbox 506 2910 797 2971; x_wconf 91' lang='lat' dir='ltr'><strong>omnium</strong></span> <span class='ocrx_word' id='word_1_188' title='bbox 845 2910 965 2974; x_wconf 89' lang='lat' dir='ltr'><strong>tela</strong></span> <span class='ocrx_word' id='word_1_189' title='bbox 1002 2910 1297 2990; x_wconf 89' lang='lat' dir='ltr'><strong>depulsa.</strong></span> <span class='ocrx_word' id='word_1_190' title='bbox 1330 2911 1584 2974; x_wconf 92' lang='lat' dir='ltr'><strong>Utinam</strong></span> <span class='ocrx_word' id='word_1_191' title='bbox 1629 2927 1783 2973; x_wconf 89' lang='lat' dir='ltr'><strong>vero</strong></span> <span class='ocrx_word' id='word_1_192' title='bbox 1838 2908 2090 2972; x_wconf 91' lang='lat' dir='ltr'><strong>nullum</strong></span> <span class='ocrx_word' id='word_1_193' title='bbox 2127 2908 2348 2973; x_wconf 89' lang='lat' dir='ltr'><strong>lateret</strong></span> <span class='ocrx_word' id='word_1_194' title='bbox 2382 2905 2589 2971; x_wconf 88' lang='lat' dir='ltr'><strong>adhuc</strong></span> <span class='ocrx_word' id='word_1_195' title='bbox 2636 2926 2715 2970; x_wconf 89' lang='lat' dir='ltr'><strong>ex</strong></span> <span class='ocrx_word' id='word_1_196' title='bbox 2774 2912 2925 2972; x_wconf 90' lang='lat' dir='ltr'><strong>tanti</strong></span> <span class='ocrx_word' id='word_1_197' title='bbox 2963 2913 3253 2977; x_wconf 90' lang='lat' dir='ltr'><strong>Doctoris</strong></span> <span class='ocrx_word' id='word_1_198' title='bbox 3305 2914 3559 2993; x_wconf 89' lang='lat' dir='ltr'><strong>scriptis</strong></span> <span class='ocrx_word' id='word_1_199' title='bbox 3593 2916 3759 2977; x_wconf 89' lang='lat' dir='ltr'><strong>adeo</strong></span> 
     </span>
    </p>
   </div>
   <div class='ocr_carea' id='block_1_21' title="bbox 498 3007 3754 3108">
    <p class='ocr_par' dir='ltr' id='par_1_21' title="bbox 498 3007 3754 3108">
     <span class='ocr_line' id='line_1_21' title="bbox 498 3007 3754 3108; baseline 0.001 -36"><span class='ocrx_word' id='word_1_200' title='bbox 498 3010 834 3108; x_wconf 71' lang='lat' dir='ltr'><strong>pretiosis,</strong></span> <span class='ocrx_word' id='word_1_201' title='bbox 861 3020 927 3075; x_wconf 91' lang='lat' dir='ltr'><strong>ut</strong></span> <span class='ocrx_word' id='word_1_202' title='bbox 959 3013 1013 3073; x_wconf 90' lang='lat' dir='ltr'><strong>si</strong></span> <span class='ocrx_word' id='word_1_203' title='bbox 1045 3011 1202 3091; x_wconf 86' lang='lat' dir='ltr'><strong>quid</strong></span> <span class='ocrx_word' id='word_1_204' title='bbox 1236 3012 1386 3074; x_wconf 85' lang='lat' dir='ltr'><strong>novi</strong></span> <span class='ocrx_word' id='word_1_205' title='bbox 1419 3031 1498 3076; x_wconf 85' lang='lat' dir='ltr'><strong>ex</strong></span> <span class='ocrx_word' id='word_1_206' title='bbox 1528 3011 1759 3075; x_wconf 90' lang='lat' dir='ltr'><strong>iisdem</strong></span> <span class='ocrx_word' id='word_1_207' title='bbox 1788 3026 2010 3072; x_wconf 90' lang='lat' dir='ltr'><strong>rursus</strong></span> <span class='ocrx_word' id='word_1_208' title='bbox 2046 3012 2508 3081; x_wconf 89' lang='lat' dir='ltr'><strong>occurrat,&#39;nec</strong></span> <span class='ocrx_word' id='word_1_209' title='bbox 2540 3007 2661 3070; x_wconf 91' lang='lat' dir='ltr'><strong>alia</strong></span> <span class='ocrx_word' id='word_1_210' title='bbox 2698 3013 2943 3069; x_wconf 87' lang='lat' dir='ltr'><strong>ratione</strong></span> <span class='ocrx_word' id='word_1_211' title='bbox 2971 3011 3212 3072; x_wconf 90' lang='lat' dir='ltr'><strong>servari</strong></span> <span class='ocrx_word' id='word_1_212' title='bbox 3250 3012 3474 3088; x_wconf 87' lang='lat' dir='ltr'><strong>possit,</strong></span> <span class='ocrx_word' id='word_1_213' title='bbox 3505 3012 3570 3073; x_wconf 92' lang='lat' dir='ltr'><strong>id</strong></span> <span class='ocrx_word' id='word_1_214' title='bbox 3603 3029 3754 3075; x_wconf 87' lang='lat' dir='ltr'><strong>eru-</strong></span> 
     </span>
    </p>
   </div>
   <div class='ocr_carea' id='block_1_22' title="bbox 504 3112 3759 3195">
    <p class='ocr_par' dir='ltr' id='par_1_22' title="bbox 504 3112 3759 3195">
     <span class='ocr_line' id='line_1_22' title="bbox 504 3112 3759 3195; baseline -0.001 -20"><span class='ocrx_word' id='word_1_215' title='bbox 504 3113 680 3176; x_wconf 90' lang='lat' dir='ltr'><strong>ditus</strong></span> <span class='ocrx_word' id='word_1_216' title='bbox 711 3114 806 3177; x_wconf 92' lang='lat' dir='ltr'><strong>vir</strong></span> <span class='ocrx_word' id='word_1_217' title='bbox 835 3114 934 3178; x_wconf 89' lang='lat' dir='ltr'><strong>vel</strong></span> <span class='ocrx_word' id='word_1_218' title='bbox 967 3116 1032 3177; x_wconf 91' lang='lat' dir='ltr'><strong>in</strong></span> <span class='ocrx_word' id='word_1_219' title='bbox 1064 3115 1470 3178; x_wconf 85' lang='lat' dir='ltr'><strong>vestimentis</strong></span> <span class='ocrx_word' id='word_1_220' title='bbox 1500 3114 1910 3195; x_wconf 89' lang='lat' dir='ltr'><strong>ipsisjubeat</strong></span> <span class='ocrx_word' id='word_1_221' title='bbox 1944 3112 2240 3176; x_wconf 90' lang='lat' dir='ltr'><strong>inscribi.</strong></span> <span class='ocrx_word' id='word_1_222' title='bbox 2279 3112 2375 3174; x_wconf 85' lang='lat' dir='ltr'><strong>Ad</strong></span> <span class='ocrx_word' id='word_1_223' title='bbox 2410 3113 2782 3193; x_wconf 89' lang='lat' dir='ltr'><strong>hujusmodi</strong></span> <span class='ocrx_word' id='word_1_224' title='bbox 2819 3112 3097 3190; x_wconf 88' lang='lat' dir='ltr'><strong>Operum</strong></span> <span class='ocrx_word' id='word_1_225' title='bbox 3142 3112 3576 3171; x_wconf 89' lang='lat' dir='ltr'><strong>celebritatem</strong></span> <span class='ocrx_word' id='word_1_226' title='bbox 3613 3130 3759 3173; x_wconf 83' lang='lat' dir='ltr'><strong>ma-</strong></span> 
     </span>
    </p>
   </div>
   <div class='ocr_carea' id='block_1_23' title="bbox 502 3212 3759 3301">
    <p class='ocr_par' dir='ltr' id='par_1_23' title="bbox 502 3212 3759 3301">
     <span class='ocr_line' id='line_1_23' title="bbox 502 3212 3759 3301; baseline -0.001 -20"><span class='ocrx_word' id='word_1_227' title='bbox 502 3219 603 3298; x_wconf 94' lang='lat' dir='ltr'><strong>gis</strong></span> <span class='ocrx_word' id='word_1_228' title='bbox 635 3220 1017 3299; x_wconf 89' lang='lat' dir='ltr'><strong>augendam,</strong></span> <span class='ocrx_word' id='word_1_229' title='bbox 1048 3238 1119 3283; x_wconf 89' lang='lat' dir='ltr'><strong>ac</strong></span> <span class='ocrx_word' id='word_1_230' title='bbox 1148 3220 1623 3301; x_wconf 86' lang='lat' dir='ltr'><strong>prOpagandam</strong></span> <span class='ocrx_word' id='word_1_231' title='bbox 1660 3218 2004 3282; x_wconf 88' lang='lat' dir='ltr'><strong>utilitatem</strong></span> <span class='ocrx_word' id='word_1_232' title='bbox 2045 3217 2464 3296; x_wconf 90' lang='lat' dir='ltr'><strong>plurimorum</strong></span> <span class='ocrx_word' id='word_1_233' title='bbox 2502 3215 2784 3275; x_wconf 91' lang='lat' dir='ltr'><strong>virorum</strong></span> <span class='ocrx_word' id='word_1_234' title='bbox 2836 3212 3147 3272; x_wconf 88' lang='lat' dir='ltr'><strong>industria</strong></span> <span class='ocrx_word' id='word_1_235' title='bbox 3183 3213 3599 3289; x_wconf 85' lang='lat' dir='ltr'><strong>conSpiravit,</strong></span> <span class='ocrx_word' id='word_1_236' title='bbox 3639 3217 3759 3295; x_wconf 89' lang='lat' dir='ltr'><strong>qui</strong></span> 
     </span>
    </p>
   </div>
   <div class='ocr_carea' id='block_1_24' title="bbox 506 3306 3760 3397">
    <p class='ocr_par' dir='ltr' id='par_1_24' title="bbox 506 3306 3760 3397">
     <span class='ocr_line' id='line_1_24' title="bbox 506 3306 3760 3397; baseline -0.001 -17"><span class='ocrx_word' id='word_1_237' title='bbox 506 3320 700 3381; x_wconf 86' lang='lat' dir='ltr'><strong>variis</strong></span> <span class='ocrx_word' id='word_1_238' title='bbox 733 3322 1136 3397; x_wconf 88' lang='lat' dir='ltr'><strong>temporibus</strong></span> <span class='ocrx_word' id='word_1_239' title='bbox 1172 3306 1392 3383; x_wconf 81' lang='lat' dir='ltr'><strong>eadem</strong></span> <span class='ocrx_word' id='word_1_240' title='bbox 1444 3322 1635 3382; x_wconf 91' lang='lat' dir='ltr'><strong>modo</strong></span> <span class='ocrx_word' id='word_1_241' title='bbox 1667 3320 1889 3381; x_wconf 87' lang='lat' dir='ltr'><strong>Latine</strong></span> <span class='ocrx_word' id='word_1_242' title='bbox 1925 3325 2193 3385; x_wconf 88' lang='lat' dir='ltr'><strong>tantum,</strong></span> <span class='ocrx_word' id='word_1_243' title='bbox 2226 3316 2419 3376; x_wconf 85' lang='lat' dir='ltr'><strong>modo</strong></span> <span class='ocrx_word' id='word_1_244' title='bbox 2452 3314 2639 3373; x_wconf 89' lang='lat' dir='ltr'><strong>etiam</strong></span> <span class='ocrx_word' id='word_1_245' title='bbox 2676 3313 2892 3373; x_wconf 64' lang='lat' dir='ltr'><strong>Greece</strong></span> <span class='ocrx_word' id='word_1_246' title='bbox 2924 3311 3289 3373; x_wconf 88' lang='lat' dir='ltr'><strong>ediderunt.</strong></span> <span class='ocrx_word' id='word_1_247' title='bbox 3323 3313 3623 3377; x_wconf 84' lang='lat' dir='ltr'><strong>Nondum</strong></span> <span class='ocrx_word' id='word_1_248' title='bbox 3667 3324 3760 3379; x_wconf 82' lang='lat' dir='ltr'><strong>ta-</strong></span> 
     </span>
    </p>
   </div>
   <div class='ocr_carea' id='block_1_25' title="bbox 503 3414 3754 3501">
    <p class='ocr_par' dir='ltr' id='par_1_25' title="bbox 503 3414 3754 3501">
     <span class='ocr_line' id='line_1_25' title="bbox 503 3414 3754 3501; baseline -0.001 -17"><span class='ocrx_word' id='word_1_249' title='bbox 503 3438 654 3484; x_wconf 89' lang='lat' dir='ltr'><strong>men</strong></span> <span class='ocrx_word' id='word_1_250' title='bbox 706 3420 1143 3484; x_wconf 87' lang='lat' dir='ltr'><strong>satisfecerant</strong></span> <span class='ocrx_word' id='word_1_251' title='bbox 1190 3421 1485 3495; x_wconf 88' lang='lat' dir='ltr'><strong>eruditis,</strong></span> <span class='ocrx_word' id='word_1_252' title='bbox 1520 3423 1630 3482; x_wconf 91' lang='lat' dir='ltr'><strong>sed</strong></span> <span class='ocrx_word' id='word_1_253' title='bbox 1688 3436 1849 3481; x_wconf 87' lang='lat' dir='ltr'><strong>nova</strong></span> <span class='ocrx_word' id='word_1_254' title='bbox 1886 3418 2030 3491; x_wconf 92' lang='lat' dir='ltr'><strong>alia,</strong></span> <span class='ocrx_word' id='word_1_255' title='bbox 2072 3416 2423 3495; x_wconf 90' lang='lat' dir='ltr'><strong>eademque</strong></span> <span class='ocrx_word' id='word_1_256' title='bbox 2472 3414 2830 3474; x_wconf 88' lang='lat' dir='ltr'><strong>accuratior</strong></span> <span class='ocrx_word' id='word_1_257' title='bbox 2885 3415 3305 3491; x_wconf 79' lang='lat' dir='ltr'><strong>expetebatur</strong></span> <span class='ocrx_word' id='word_1_258' title='bbox 3348 3418 3569 3493; x_wconf 93' lang='lat' dir='ltr'><strong>editio,</strong></span> <span class='ocrx_word' id='word_1_259' title='bbox 3602 3438 3754 3501; x_wconf 66' lang='lat' dir='ltr'><strong>quas</strong></span> 
     </span>
    </p>
   </div>
   <div class='ocr_carea' id='block_1_26' title="bbox 505 3516 3751 3593">
    <p class='ocr_par' dir='ltr' id='par_1_26' title="bbox 505 3516 3751 3593">
     <span class='ocr_line' id='line_1_26' title="bbox 505 3516 3751 3593; baseline -0.001 -9"><span class='ocrx_word' id='word_1_260' title='bbox 505 3528 713 3585; x_wconf 87' lang='lat' dir='ltr'><strong>errata</strong></span> <span class='ocrx_word' id='word_1_261' title='bbox 744 3530 1035 3585; x_wconf 83' lang='lat' dir='ltr'><strong>veterum</strong></span> <span class='ocrx_word' id='word_1_262' title='bbox 1069 3524 1465 3585; x_wconf 86' lang='lat' dir='ltr'><strong>emendaret.</strong></span> <span class='ocrx_word' id='word_1_263' title='bbox 1505 3523 1686 3583; x_wconf 88' lang='lat' dir='ltr'><strong>Hanc</strong></span> <span class='ocrx_word' id='word_1_264' title='bbox 1716 3518 2221 3583; x_wconf 90' lang='lat' dir='ltr'><strong>concinnandam</strong></span> <span class='ocrx_word' id='word_1_265' title='bbox 2252 3531 2588 3593; x_wconf 83' lang='lat' dir='ltr'><strong>aggressus</strong></span> <span class='ocrx_word' id='word_1_266' title='bbox 2613 3523 2707 3576; x_wconf 91' lang='lat' dir='ltr'><strong>est</strong></span> <span class='ocrx_word' id='word_1_267' title='bbox 2739 3518 2805 3578; x_wconf 89' lang='lat' dir='ltr'><strong>P.</strong></span> <span class='ocrx_word' id='word_1_268' title='bbox 2839 3516 3203 3578; x_wconf 88' lang='lat' dir='ltr'><strong>Bernardus</strong></span> <span class='ocrx_word' id='word_1_269' title='bbox 3227 3518 3308 3581; x_wconf 92' lang='lat' dir='ltr'><strong>de</strong></span> <span class='ocrx_word' id='word_1_270' title='bbox 3331 3519 3751 3583; x_wconf 86' lang='lat' dir='ltr'><strong>Montfaucon</strong></span> 
     </span>
    </p>
   </div>
   <div class='ocr_carea' id='block_1_27' title="bbox 505 3617 3754 3704">
    <p class='ocr_par' dir='ltr' id='par_1_27' title="bbox 505 3617 3754 3704">
     <span class='ocr_line' id='line_1_27' title="bbox 505 3617 3754 3704; baseline 0 -19"><span class='ocrx_word' id='word_1_271' title='bbox 505 3624 699 3686; x_wconf 88' lang='lat' dir='ltr'><strong>totius</strong></span> <span class='ocrx_word' id='word_1_272' title='bbox 730 3624 1135 3704; x_wconf 88' lang='lat' dir='ltr'><strong>antiquitatis</strong></span> <span class='ocrx_word' id='word_1_273' title='bbox 1170 3624 1627 3704; x_wconf 90' lang='lat' dir='ltr'><strong>peritissimus,</strong></span> <span class='ocrx_word' id='word_1_274' title='bbox 1656 3639 1726 3683; x_wconf 91' lang='lat' dir='ltr'><strong>ac</strong></span> <span class='ocrx_word' id='word_1_275' title='bbox 1758 3636 1972 3684; x_wconf 88' lang='lat' dir='ltr'><strong>rerum</strong></span> <span class='ocrx_word' id='word_1_276' title='bbox 2006 3618 2374 3698; x_wconf 85' lang='lat' dir='ltr'><strong>hujusmodi</strong></span> <span class='ocrx_word' id='word_1_277' title='bbox 2411 3617 2868 3692; x_wconf 89' lang='lat' dir='ltr'><strong>sagacissimus</strong></span> <span class='ocrx_word' id='word_1_278' title='bbox 2904 3619 3298 3697; x_wconf 79' lang='lat' dir='ltr'><strong>explorator,</strong></span> <span class='ocrx_word' id='word_1_279' title='bbox 3321 3622 3754 3703; x_wconf 90' lang='lat' dir='ltr'><strong>eamdemque</strong></span> 
     </span>
    </p>
   </div>
   <div class='ocr_carea' id='block_1_28' title="bbox 507 3718 3757 3803">
    <p class='ocr_par' dir='ltr' id='par_1_28' title="bbox 507 3718 3757 3803">
     <span class='ocr_line' id='line_1_28' title="bbox 507 3718 3757 3803; baseline 0.001 -18"><span class='ocrx_word' id='word_1_280' title='bbox 507 3740 763 3789; x_wconf 89' lang='lat' dir='ltr'><strong>summo</strong></span> <span class='ocrx_word' id='word_1_281' title='bbox 797 3743 940 3789; x_wconf 93' lang='lat' dir='ltr'><strong>cum</strong></span> <span class='ocrx_word' id='word_1_282' title='bbox 980 3725 1196 3789; x_wconf 90' lang='lat' dir='ltr'><strong>labore</strong></span> <span class='ocrx_word' id='word_1_283' title='bbox 1235 3745 1307 3789; x_wconf 89' lang='lat' dir='ltr'><strong>ac</strong></span> <span class='ocrx_word' id='word_1_284' title='bbox 1339 3726 1523 3788; x_wconf 90' lang='lat' dir='ltr'><strong>laude</strong></span> <span class='ocrx_word' id='word_1_285' title='bbox 1559 3723 1901 3803; x_wconf 86' lang='lat' dir='ltr'><strong>perfectam</strong></span> <span class='ocrx_word' id='word_1_286' title='bbox 1932 3722 2225 3784; x_wconf 91' lang='lat' dir='ltr'><strong>actribus</strong></span> <span class='ocrx_word' id='word_1_287' title='bbox 2259 3720 2506 3798; x_wconf 88' lang='lat' dir='ltr'><strong>magnis</strong></span> <span class='ocrx_word' id='word_1_288' title='bbox 2539 3718 2980 3783; x_wconf 89' lang='lat' dir='ltr'><strong>voluminibus</strong></span> <span class='ocrx_word' id='word_1_289' title='bbox 3014 3722 3543 3787; x_wconf 78' lang='lat' dir='ltr'><strong>comprehensam</strong></span> <span class='ocrx_word' id='word_1_290' title='bbox 3576 3726 3757 3789; x_wconf 88' lang='lat' dir='ltr'><strong>Pari-</strong></span> 
     </span>
    </p>
   </div>
   <div class='ocr_carea' id='block_1_29' title="bbox 499 3826 1657 3909">
    <p class='ocr_par' dir='ltr' id='par_1_29' title="bbox 499 3826 1657 3909">
     <span class='ocr_line' id='line_1_29' title="bbox 499 3826 1657 3909; baseline -0.003 -17"><span class='ocrx_word' id='word_1_291' title='bbox 499 3829 614 3892; x_wconf 89' lang='lat' dir='ltr'><strong>siis</strong></span> <span class='ocrx_word' id='word_1_292' title='bbox 647 3846 817 3892; x_wconf 90' lang='lat' dir='ltr'><strong>anno</strong></span> <span class='ocrx_word' id='word_1_293' title='bbox 844 3831 999 3892; x_wconf 75' lang='lat'><strong>1698</strong></span> <span class='ocrx_word' id='word_1_294' title='bbox 1034 3830 1268 3907; x_wconf 91' lang='lat' dir='ltr'><strong>publici</strong></span> <span class='ocrx_word' id='word_1_295' title='bbox 1292 3829 1459 3909; x_wconf 90' lang='lat' dir='ltr'><strong>juris</strong></span> <span class='ocrx_word' id='word_1_296' title='bbox 1484 3826 1657 3890; x_wconf 89' lang='lat' dir='ltr'><strong>fecit.</strong></span> 
     </span>
    </p>
   </div>
   <div class='ocr_carea' id='block_1_30' title="bbox 584 3925 3755 4010">
    <p class='ocr_par' dir='ltr' id='par_1_30' title="bbox 584 3925 3755 4010">
     <span class='ocr_line' id='line_1_30' title="bbox 584 3925 3755 4010; baseline 0.001 -17"><span class='ocrx_word' id='word_1_297' title='bbox 584 3930 779 3993; x_wconf 89' lang='lat' dir='ltr'><strong>Multa</strong></span> <span class='ocrx_word' id='word_1_298' title='bbox 831 3938 1135 4010; x_wconf 71' lang='lat' dir='ltr'><strong>praeterea</strong></span> <span class='ocrx_word' id='word_1_299' title='bbox 1172 3930 1294 3994; x_wconf 90' lang='lat' dir='ltr'><strong>alia</strong></span> <span class='ocrx_word' id='word_1_300' title='bbox 1328 3933 1403 3992; x_wconf 85' lang='grc' dir='ltr'><strong>υ.</strong></span> <span class='ocrx_word' id='word_1_301' title='bbox 1439 3927 1778 3992; x_wconf 80' lang='lat' dir='ltr'><strong>Athanasii</strong></span> <span class='ocrx_word' id='word_1_302' title='bbox 1820 3928 2052 4007; x_wconf 90' lang='lat' dir='ltr'><strong>scripta</strong></span> <span class='ocrx_word' id='word_1_303' title='bbox 2084 3926 2330 3991; x_wconf 88' lang='lat' dir='ltr'><strong>detexit</strong></span> <span class='ocrx_word' id='word_1_304' title='bbox 2358 3925 2913 4005; x_wconf 88' lang='lat' dir='ltr'><strong>subsequentibus</strong></span> <span class='ocrx_word' id='word_1_305' title='bbox 2944 3927 3131 3989; x_wconf 89' lang='lat' dir='ltr'><strong>annis</strong></span> <span class='ocrx_word' id='word_1_306' title='bbox 3177 3927 3346 3992; x_wconf 92' lang='lat' dir='ltr'><strong>idem</strong></span> <span class='ocrx_word' id='word_1_307' title='bbox 3378 3932 3445 3994; x_wconf 92' lang='lat' dir='ltr'><strong>P.</strong></span> <span class='ocrx_word' id='word_1_308' title='bbox 3481 3933 3755 3995; x_wconf 80' lang='lat' dir='ltr'><strong>Bernar-</strong></span> 
     </span>
    </p>
   </div>
   <div class='ocr_carea' id='block_1_31' title="bbox 496 4028 3748 4111">
    <p class='ocr_par' dir='ltr' id='par_1_31' title="bbox 496 4028 3748 4111">
     <span class='ocr_line' id='line_1_31' title="bbox 496 4028 3748 4111; baseline 0.001 -17"><span class='ocrx_word' id='word_1_309' title='bbox 496 4032 619 4094; x_wconf 92' lang='lat' dir='ltr'><strong>dus</strong></span> <span class='ocrx_word' id='word_1_310' title='bbox 652 4031 730 4092; x_wconf 90' lang='lat' dir='ltr'><strong>de</strong></span> <span class='ocrx_word' id='word_1_311' title='bbox 766 4031 1204 4105; x_wconf 89' lang='lat' dir='ltr'><strong>Montl&#39;aucon,</strong></span> <span class='ocrx_word' id='word_1_312' title='bbox 1254 4048 1397 4110; x_wconf 64' lang='lat' dir='ltr'><strong>quae</strong></span> <span class='ocrx_word' id='word_1_313' title='bbox 1429 4032 1506 4093; x_wconf 90' lang='lat' dir='ltr'><strong>ab</strong></span> <span class='ocrx_word' id='word_1_314' title='bbox 1541 4030 1768 4094; x_wconf 89' lang='lat' dir='ltr'><strong>eodem</strong></span> <span class='ocrx_word' id='word_1_315' title='bbox 1824 4028 2084 4091; x_wconf 89' lang='lat' dir='ltr'><strong>Parisiis</strong></span> <span class='ocrx_word' id='word_1_316' title='bbox 2146 4028 2213 4090; x_wconf 91' lang='lat' dir='ltr'><strong>in</strong></span> <span class='ocrx_word' id='word_1_317' title='bbox 2265 4028 2472 4092; x_wconf 88' lang='lat' dir='ltr'><strong>lucem</strong></span> <span class='ocrx_word' id='word_1_318' title='bbox 2507 4029 2671 4090; x_wconf 92' lang='lat' dir='ltr'><strong>edita</strong></span> <span class='ocrx_word' id='word_1_319' title='bbox 2723 4043 2894 4089; x_wconf 89' lang='lat' dir='ltr'><strong>anno</strong></span> <span class='ocrx_word' id='word_1_320' title='bbox 2928 4029 3082 4089; x_wconf 85' lang='lat'><strong>1707</strong></span> <span class='ocrx_word' id='word_1_321' title='bbox 3131 4030 3424 4095; x_wconf 88' lang='lat' dir='ltr'><strong>obtinent</strong></span> <span class='ocrx_word' id='word_1_322' title='bbox 3469 4034 3748 4111; x_wconf 90' lang='lat' dir='ltr'><strong>primum</strong></span> 
     </span>
    </p>
   </div>
   <div class='ocr_carea' id='block_1_32' title="bbox 498 4129 3752 4214">
    <p class='ocr_par' dir='ltr' id='par_1_32' title="bbox 498 4129 3752 4214">
     <span class='ocr_line' id='line_1_32' title="bbox 498 4129 3752 4214; baseline 0.002 -23"><span class='ocrx_word' id='word_1_323' title='bbox 498 4130 717 4193; x_wconf 90' lang='lat' dir='ltr'><strong>locum</strong></span> <span class='ocrx_word' id='word_1_324' title='bbox 750 4131 817 4193; x_wconf 92' lang='lat' dir='ltr'><strong>in</strong></span> <span class='ocrx_word' id='word_1_325' title='bbox 857 4130 1187 4194; x_wconf 89' lang='lat' dir='ltr'><strong>volumine</strong></span> <span class='ocrx_word' id='word_1_326' title='bbox 1210 4132 1412 4194; x_wconf 89' lang='lat' dir='ltr'><strong>altero</strong></span> <span class='ocrx_word' id='word_1_327' title='bbox 1439 4150 1517 4193; x_wconf 90' lang='lat' dir='ltr'><strong>ex</strong></span> <span class='ocrx_word' id='word_1_328' title='bbox 1552 4132 1635 4193; x_wconf 91' lang='lat' dir='ltr'><strong>iis</strong></span> <span class='ocrx_word' id='word_1_329' title='bbox 1664 4130 1920 4194; x_wconf 92' lang='lat' dir='ltr'><strong>duobus</strong></span> <span class='ocrx_word' id='word_1_330' title='bbox 1951 4148 2099 4212; x_wconf 76' lang='lat' dir='ltr'><strong>quae</strong></span> <span class='ocrx_word' id='word_1_331' title='bbox 2126 4131 2203 4193; x_wconf 92' lang='lat' dir='ltr'><strong>ab</strong></span> <span class='ocrx_word' id='word_1_332' title='bbox 2236 4132 2378 4211; x_wconf 85' lang='lat' dir='ltr'><strong>ipso</strong></span> <span class='ocrx_word' id='word_1_333' title='bbox 2393 4131 2575 4195; x_wconf 79' lang='lat' dir='ltr'><strong>Nova</strong></span> <span class='ocrx_word' id='word_1_334' title='bbox 2603 4129 2867 4190; x_wconf 78' lang='lat' dir='ltr'><strong>Patrum</strong></span> <span class='ocrx_word' id='word_1_335' title='bbox 2891 4140 2945 4191; x_wconf 80' lang='lat' dir='ltr'><strong>et</strong></span> <span class='ocrx_word' id='word_1_336' title='bbox 2970 4130 3333 4193; x_wconf 72' lang='lat' dir='ltr'><strong>Grmcarum</strong></span> <span class='ocrx_word' id='word_1_337' title='bbox 3362 4136 3752 4214; x_wconf 77' lang='lat' dir='ltr'><strong>scriptorum</strong></span> 
     </span>
    </p>
   </div>
   <div class='ocr_carea' id='block_1_33' title="bbox 499 4232 3748 4316">
    <p class='ocr_par' dir='ltr' id='par_1_33' title="bbox 499 4232 3748 4316">
     <span class='ocr_line' id='line_1_33' title="bbox 499 4232 3748 4316; baseline 0.003 -23"><span class='ocrx_word' id='word_1_338' title='bbox 499 4232 800 4294; x_wconf 78' lang='lat' dir='ltr'><strong>Collectio</strong></span> <span class='ocrx_word' id='word_1_339' title='bbox 832 4234 1306 4297; x_wconf 89' lang='lat' dir='ltr'><strong>inscribuntur.</strong></span> <span class='ocrx_word' id='word_1_340' title='bbox 1339 4235 1550 4315; x_wconf 87' lang='lat' dir='ltr'><strong>Atque</strong></span> <span class='ocrx_word' id='word_1_341' title='bbox 1601 4234 1734 4296; x_wconf 67' lang='lat' dir='ltr'><strong>haec</strong></span> <span class='ocrx_word' id='word_1_342' title='bbox 1778 4236 2099 4314; x_wconf 84' lang='lat' dir='ltr'><strong>appendix</strong></span> <span class='ocrx_word' id='word_1_343' title='bbox 2141 4234 2617 4316; x_wconf 88' lang='lat' dir='ltr'><strong>quodammodo</strong></span> <span class='ocrx_word' id='word_1_344' title='bbox 2655 4232 2784 4294; x_wconf 91' lang='lat' dir='ltr'><strong>dici</strong></span> <span class='ocrx_word' id='word_1_345' title='bbox 2818 4239 3089 4311; x_wconf 89' lang='lat' dir='ltr'><strong>possunt</strong></span> <span class='ocrx_word' id='word_1_346' title='bbox 3124 4240 3185 4295; x_wconf 90' lang='lat' dir='ltr'><strong>et</strong></span> <span class='ocrx_word' id='word_1_347' title='bbox 3231 4234 3748 4305; x_wconf 89' lang='lat' dir='ltr'><strong>additamentum</strong></span> 
     </span>
    </p>
   </div>
   <div class='ocr_carea' id='block_1_34' title="bbox 495 4334 3747 4419">
    <p class='ocr_par' dir='ltr' id='par_1_34' title="bbox 495 4334 3747 4419">
     <span class='ocr_line' id='line_1_34' title="bbox 495 4334 3747 4419; baseline 0.002 -22"><span class='ocrx_word' id='word_1_348' title='bbox 495 4335 802 4397; x_wconf 82' lang='lat' dir='ltr'><strong>editionis</strong></span> <span class='ocrx_word' id='word_1_349' title='bbox 861 4335 1092 4413; x_wconf 76' lang='lat' dir='ltr'><strong>primm</strong></span> <span class='ocrx_word' id='word_1_350' title='bbox 1144 4338 1425 4415; x_wconf 87' lang='lat' dir='ltr'><strong>Operum</strong></span> <span class='ocrx_word' id='word_1_351' title='bbox 1460 4338 1522 4398; x_wconf 92' lang='lat' dir='ltr'><strong>S.</strong></span> <span class='ocrx_word' id='word_1_352' title='bbox 1576 4337 1939 4411; x_wconf 88' lang='lat' dir='ltr'><strong>Athanasii,</strong></span> <span class='ocrx_word' id='word_1_353' title='bbox 1995 4339 2062 4400; x_wconf 90' lang='lat' dir='ltr'><strong>in</strong></span> <span class='ocrx_word' id='word_1_354' title='bbox 2099 4337 2341 4419; x_wconf 90' lang='lat' dir='ltr'><strong>quibus</strong></span> <span class='ocrx_word' id='word_1_355' title='bbox 2391 4335 2698 4398; x_wconf 88' lang='lat' dir='ltr'><strong>eruendis</strong></span> <span class='ocrx_word' id='word_1_356' title='bbox 2749 4352 2820 4396; x_wconf 88' lang='lat' dir='ltr'><strong>ac</strong></span> <span class='ocrx_word' id='word_1_357' title='bbox 2872 4335 3311 4409; x_wconf 89' lang='lat' dir='ltr'><strong>secernendis,</strong></span> <span class='ocrx_word' id='word_1_358' title='bbox 3343 4334 3747 4418; x_wconf 87' lang='lat' dir='ltr'><strong>digerendis,</strong></span> 
     </span>
    </p>
   </div>
   <div class='ocr_carea' id='block_1_35' title="bbox 493 4433 3746 4517">
    <p class='ocr_par' dir='ltr' id='par_1_35' title="bbox 493 4433 3746 4517">
     <span class='ocr_line' id='line_1_35' title="bbox 493 4433 3746 4517; baseline 0.002 -23"><span class='ocrx_word' id='word_1_359' title='bbox 493 4433 908 4512; x_wconf 87' lang='lat' dir='ltr'><strong>castigandis,</strong></span> <span class='ocrx_word' id='word_1_360' title='bbox 946 4435 1351 4498; x_wconf 89' lang='lat' dir='ltr'><strong>illustrandis</strong></span> <span class='ocrx_word' id='word_1_361' title='bbox 1380 4437 1489 4499; x_wconf 91' lang='lat' dir='ltr'><strong>ille</strong></span> <span class='ocrx_word' id='word_1_362' title='bbox 1520 4436 1873 4517; x_wconf 90' lang='lat' dir='ltr'><strong>plurimum</strong></span> <span class='ocrx_word' id='word_1_363' title='bbox 1912 4437 2249 4502; x_wconf 86' lang='lat' dir='ltr'><strong>laboravit.</strong></span> <span class='ocrx_word' id='word_1_364' title='bbox 2288 4437 2516 4516; x_wconf 85' lang='lat' dir='ltr'><strong>Neque</strong></span> <span class='ocrx_word' id='word_1_365' title='bbox 2547 4435 2717 4498; x_wconf 91' lang='lat' dir='ltr'><strong>enim</strong></span> <span class='ocrx_word' id='word_1_366' title='bbox 2752 4434 2962 4497; x_wconf 89' lang='lat' dir='ltr'><strong>solum</strong></span> <span class='ocrx_word' id='word_1_367' title='bbox 3002 4435 3301 4515; x_wconf 91' lang='lat' dir='ltr'><strong>epistolas</strong></span> <span class='ocrx_word' id='word_1_368' title='bbox 3334 4435 3642 4514; x_wconf 89' lang='lat' dir='ltr'><strong>plurimas</strong></span> <span class='ocrx_word' id='word_1_369' title='bbox 3675 4440 3746 4502; x_wconf 87' lang='lat' dir='ltr'><strong>in</strong></span> 
     </span>
    </p>
   </div>
   <div class='ocr_carea' id='block_1_36' title="bbox 484 4525 3747 4619">
    <p class='ocr_par' dir='ltr' id='par_1_36' title="bbox 484 4525 3747 4619">
     <span class='ocr_line' id='line_1_36' title="bbox 484 4525 3747 4619; baseline 0.002 -23"><span class='ocrx_word' id='word_1_370' title='bbox 484 4536 704 4603; x_wconf 61' lang='lat' dir='ltr'><strong>.varias</strong></span> <span class='ocrx_word' id='word_1_371' title='bbox 738 4538 1011 4616; x_wconf 74' lang='lat' dir='ltr'><strong>Europm</strong></span> <span class='ocrx_word' id='word_1_372' title='bbox 1054 4545 1265 4619; x_wconf 90' lang='lat' dir='ltr'><strong>partes</strong></span> <span class='ocrx_word' id='word_1_373' title='bbox 1328 4540 1408 4603; x_wconf 91' lang='lat' dir='ltr'><strong>ad</strong></span> <span class='ocrx_word' id='word_1_374' title='bbox 1468 4525 1635 4605; x_wconf 85' lang='lat' dir='ltr'><strong>nova</strong></span> <span class='ocrx_word' id='word_1_375' title='bbox 1667 4541 2019 4619; x_wconf 86' lang='lat' dir='ltr'><strong>detegenda</strong></span> <span class='ocrx_word' id='word_1_376' title='bbox 2079 4542 2458 4615; x_wconf 89' lang='lat' dir='ltr'><strong>transmisit,</strong></span> <span class='ocrx_word' id='word_1_377' title='bbox 2505 4540 2621 4601; x_wconf 90' lang='lat' dir='ltr'><strong>sed</strong></span> <span class='ocrx_word' id='word_1_378' title='bbox 2675 4540 2867 4602; x_wconf 90' lang='lat' dir='ltr'><strong>etiam</strong></span> <span class='ocrx_word' id='word_1_379' title='bbox 2930 4541 3150 4618; x_wconf 87' lang='lat' dir='ltr'><strong>longas</strong></span> <span class='ocrx_word' id='word_1_380' title='bbox 3199 4541 3747 4618; x_wconf 85' lang='lat' dir='ltr'><strong>peregrinationes</strong></span> 
     </span>
    </p>
   </div>
   <div class='ocr_carea' id='block_1_37' title="bbox 422 4638 3749 4726">
    <p class='ocr_par' dir='ltr' id='par_1_37' title="bbox 422 4638 3749 4726">
     <span class='ocr_line' id='line_1_37' title="bbox 422 4638 3749 4726; baseline 0.003 -29"><span class='ocrx_word' id='word_1_381' title='bbox 422 4646 456 4680; x_wconf 77' lang='grc' dir='ltr'>ἐ</span> <span class='ocrx_word' id='word_1_382' title='bbox 494 4638 804 4717; x_wconf 81' lang='lat' dir='ltr'><strong>suscepit,</strong></span> <span class='ocrx_word' id='word_1_383' title='bbox 849 4639 1116 4703; x_wconf 90' lang='lat' dir='ltr'><strong>Galliam</strong></span> <span class='ocrx_word' id='word_1_384' title='bbox 1156 4651 1218 4705; x_wconf 93' lang='lat' dir='ltr'><strong>et</strong></span> <span class='ocrx_word' id='word_1_385' title='bbox 1244 4643 1491 4706; x_wconf 85' lang='lat' dir='ltr'><strong>Italiam</strong></span> <span class='ocrx_word' id='word_1_386' title='bbox 1526 4647 1924 4726; x_wconf 89' lang='lat' dir='ltr'><strong>peragravit,</strong></span> <span class='ocrx_word' id='word_1_387' title='bbox 1958 4644 2384 4708; x_wconf 88' lang='lat' dir='ltr'><strong>bibliothecas</strong></span> <span class='ocrx_word' id='word_1_388' title='bbox 2412 4643 2757 4723; x_wconf 88' lang='lat' dir='ltr'><strong>utrobique</strong></span> <span class='ocrx_word' id='word_1_389' title='bbox 2789 4644 3127 4717; x_wconf 89' lang='lat' dir='ltr'><strong>lustravit,</strong></span> <span class='ocrx_word' id='word_1_390' title='bbox 3164 4651 3482 4723; x_wconf 88' lang='lat' dir='ltr'><strong>quotquot</strong></span> <span class='ocrx_word' id='word_1_391' title='bbox 3518 4661 3749 4707; x_wconf 89' lang='lat' dir='ltr'><strong>occur-</strong></span> 
     </span>
    </p>
   </div>
   <div class='ocr_carea' id='block_1_38' title="bbox 494 4740 3750 4825">
    <p class='ocr_par' dir='ltr' id='par_1_38' title="bbox 494 4740 3750 4825">
     <span class='ocr_line' id='line_1_38' title="bbox 494 4740 3750 4825; baseline 0.002 -28"><span class='ocrx_word' id='word_1_392' title='bbox 494 4747 718 4800; x_wconf 88' lang='lat' dir='ltr'><strong>rerunt</strong></span> <span class='ocrx_word' id='word_1_393' title='bbox 747 4740 1003 4803; x_wconf 87' lang='lat' dir='ltr'><strong>codices</strong></span> <span class='ocrx_word' id='word_1_394' title='bbox 1037 4743 1544 4821; x_wconf 86' lang='lat' dir='ltr'><strong>diligentissime</strong></span> <span class='ocrx_word' id='word_1_395' title='bbox 1566 4747 1831 4822; x_wconf 89' lang='lat' dir='ltr'><strong>evolvit,</strong></span> <span class='ocrx_word' id='word_1_396' title='bbox 1865 4754 2283 4809; x_wconf 87' lang='lat' dir='ltr'><strong>monumenta</strong></span> <span class='ocrx_word' id='word_1_397' title='bbox 2320 4743 2656 4825; x_wconf 89' lang='lat' dir='ltr'><strong>percurrit,</strong></span> <span class='ocrx_word' id='word_1_398' title='bbox 2692 4743 2949 4823; x_wconf 89' lang='lat' dir='ltr'><strong>aliaque</strong></span> <span class='ocrx_word' id='word_1_399' title='bbox 2994 4743 3284 4822; x_wconf 83' lang='lat' dir='ltr'><strong>perfecit,</strong></span> <span class='ocrx_word' id='word_1_400' title='bbox 3321 4751 3386 4805; x_wconf 91' lang='lat' dir='ltr'><strong>ut</strong></span> <span class='ocrx_word' id='word_1_401' title='bbox 3413 4743 3551 4823; x_wconf 90' lang='lat' dir='ltr'><strong>ipse</strong></span> <span class='ocrx_word' id='word_1_402' title='bbox 3579 4744 3750 4806; x_wconf 85' lang='lat' dir='ltr'><strong>fate—</strong></span> 
     </span>
    </p>
   </div>
   <div class='ocr_carea' id='block_1_39' title="bbox 494 4838 3740 4929">
    <p class='ocr_par' dir='ltr' id='par_1_39' title="bbox 494 4838 3740 4929">
     <span class='ocr_line' id='line_1_39' title="bbox 494 4838 3740 4929; baseline 0.002 -28"><span class='ocrx_word' id='word_1_403' title='bbox 494 4844 596 4901; x_wconf 79' lang='lat' dir='ltr'><strong>tur</strong></span> <span class='ocrx_word' id='word_1_404' title='bbox 633 4838 700 4900; x_wconf 90' lang='lat' dir='ltr'><strong>in</strong></span> <span class='ocrx_word' id='word_1_405' title='bbox 738 4838 1104 4919; x_wconf 80' lang='lat' dir='ltr'><strong>praefatione</strong></span> <span class='ocrx_word' id='word_1_406' title='bbox 1152 4846 1408 4926; x_wconf 89' lang='lat' dir='ltr'><strong>utrique</strong></span> <span class='ocrx_word' id='word_1_407' title='bbox 1441 4849 1710 4911; x_wconf 86' lang='lat' dir='ltr'><strong>editioni</strong></span> <span class='ocrx_word' id='word_1_408' title='bbox 1750 4852 2103 4928; x_wconf 65' lang='lat' dir='ltr'><strong>praemissa.</strong></span> <span class='ocrx_word' id='word_1_409' title='bbox 2150 4851 2283 4911; x_wconf 86' lang='lat' dir='ltr'><strong>Nos</strong></span> <span class='ocrx_word' id='word_1_410' title='bbox 2318 4850 2588 4929; x_wconf 85' lang='lat' dir='ltr'><strong>primam</strong></span> <span class='ocrx_word' id='word_1_411' title='bbox 2635 4847 2983 4909; x_wconf 89' lang='lat' dir='ltr'><strong>editionem</strong></span> <span class='ocrx_word' id='word_1_412' title='bbox 3048 4845 3253 4908; x_wconf 92' lang='lat' dir='ltr'><strong>secuti</strong></span> <span class='ocrx_word' id='word_1_413' title='bbox 3308 4850 3564 4925; x_wconf 83' lang='lat' dir='ltr'><strong>qualem</strong></span> <span class='ocrx_word' id='word_1_414' title='bbox 3599 4846 3740 4923; x_wconf 90' lang='lat' dir='ltr'><strong>ipse</strong></span> 
     </span>
    </p>
   </div>
   <div class='ocr_carea' id='block_1_40' title="bbox 482 4943 3745 5031">
    <p class='ocr_par' dir='ltr' id='par_1_40' title="bbox 482 4943 3745 5031">
     <span class='ocr_line' id='line_1_40' title="bbox 482 4943 3745 5031; baseline 0.003 -30"><span class='ocrx_word' id='word_1_415' title='bbox 482 4943 782 5021; x_wconf 84' lang='lat' dir='ltr'><strong>protulit,</strong></span> <span class='ocrx_word' id='word_1_416' title='bbox 820 4943 1008 5007; x_wconf 89' lang='lat' dir='ltr'><strong>talem</strong></span> <span class='ocrx_word' id='word_1_417' title='bbox 1046 4950 1273 5009; x_wconf 89' lang='lat' dir='ltr'><strong>damus</strong></span> <span class='ocrx_word' id='word_1_418' title='bbox 1309 4971 1325 5011; x_wconf 86' lang='lat'><strong>:</strong></span> <span class='ocrx_word' id='word_1_419' title='bbox 1359 4967 1501 5029; x_wconf 73' lang='lat' dir='ltr'><strong>qua:</strong></span> <span class='ocrx_word' id='word_1_420' title='bbox 1554 4968 1703 5013; x_wconf 90' lang='lat' dir='ltr'><strong>vero</strong></span> <span class='ocrx_word' id='word_1_421' title='bbox 1737 4961 1956 5031; x_wconf 91' lang='lat' dir='ltr'><strong>postea</strong></span> <span class='ocrx_word' id='word_1_422' title='bbox 2012 4955 2252 5028; x_wconf 90' lang='lat' dir='ltr'><strong>edidit,</strong></span> <span class='ocrx_word' id='word_1_423' title='bbox 2298 4971 2370 5015; x_wconf 86' lang='lat' dir='ltr'><strong>ea</strong></span> <span class='ocrx_word' id='word_1_424' title='bbox 2403 4970 2546 5014; x_wconf 89' lang='lat' dir='ltr'><strong>cum</strong></span> <span class='ocrx_word' id='word_1_425' title='bbox 2583 4951 2875 5030; x_wconf 89' lang='lat' dir='ltr'><strong>pluribus</strong></span> <span class='ocrx_word' id='word_1_426' title='bbox 2913 4949 3052 5010; x_wconf 89' lang='lat' dir='ltr'><strong>aliis</strong></span> <span class='ocrx_word' id='word_1_427' title='bbox 3088 4949 3149 5008; x_wconf 89' lang='lat' dir='ltr'><strong>in</strong></span> <span class='ocrx_word' id='word_1_428' title='bbox 3188 4949 3446 5010; x_wconf 89' lang='lat' dir='ltr'><strong>tertium</strong></span> <span class='ocrx_word' id='word_1_429' title='bbox 3501 4956 3745 5010; x_wconf 91' lang='lat' dir='ltr'><strong>tomum</strong></span> 
     </span>
    </p>
   </div>
   <div class='ocr_carea' id='block_1_41' title="bbox 490 5044 3748 5135">
    <p class='ocr_par' dir='ltr' id='par_1_41' title="bbox 490 5044 3748 5135">
     <span class='ocr_line' id='line_1_41' title="bbox 490 5044 3748 5135; baseline 0.002 -29"><span class='ocrx_word' id='word_1_430' title='bbox 490 5044 915 5123; x_wconf 69' lang='lat' dir='ltr'><strong>coniecimus,</strong></span> <span class='ocrx_word' id='word_1_431' title='bbox 948 5050 1119 5129; x_wconf 89' lang='lat' dir='ltr'><strong>quod</strong></span> <span class='ocrx_word' id='word_1_432' title='bbox 1155 5068 1235 5112; x_wconf 90' lang='lat' dir='ltr'><strong>ex</strong></span> <span class='ocrx_word' id='word_1_433' title='bbox 1273 5052 1566 5131; x_wconf 88' lang='lat' dir='ltr'><strong>ejusdem</strong></span> <span class='ocrx_word' id='word_1_434' title='bbox 1604 5055 1979 5134; x_wconf 88' lang='lat' dir='ltr'><strong>praefatione</strong></span> <span class='ocrx_word' id='word_1_435' title='bbox 2012 5073 2359 5134; x_wconf 87' lang='lat' dir='ltr'><strong>cognosces</strong></span> <span class='ocrx_word' id='word_1_436' title='bbox 2394 5056 2500 5135; x_wconf 82' lang='grc' dir='ltr'><strong>(α).</strong></span> <span class='ocrx_word' id='word_1_437' title='bbox 2533 5054 2636 5116; x_wconf 89' lang='lat' dir='ltr'><strong>Sic</strong></span> <span class='ocrx_word' id='word_1_438' title='bbox 2673 5053 2785 5133; x_wconf 92' lang='lat' dir='ltr'><strong>qui</strong></span> <span class='ocrx_word' id='word_1_439' title='bbox 2827 5052 3089 5129; x_wconf 90' lang='lat' dir='ltr'><strong>primam</strong></span> <span class='ocrx_word' id='word_1_440' title='bbox 3148 5050 3481 5130; x_wconf 90' lang='lat' dir='ltr'><strong>postulant</strong></span> <span class='ocrx_word' id='word_1_441' title='bbox 3513 5051 3748 5114; x_wconf 90' lang='lat' dir='ltr'><strong>horum</strong></span> 
     </span>
    </p>
   </div>
   <div class='ocr_carea' id='block_1_42' title="bbox 490 5146 3748 5236">
    <p class='ocr_par' dir='ltr' id='par_1_42' title="bbox 490 5146 3748 5236">
     <span class='ocr_line' id='line_1_42' title="bbox 490 5146 3748 5236; baseline 0.002 -29"><span class='ocrx_word' id='word_1_442' title='bbox 490 5146 772 5225; x_wconf 91' lang='lat' dir='ltr'><strong>Operum</strong></span> <span class='ocrx_word' id='word_1_443' title='bbox 804 5151 1184 5231; x_wconf 90' lang='lat' dir='ltr'><strong>editionem,</strong></span> <span class='ocrx_word' id='word_1_444' title='bbox 1219 5159 1509 5220; x_wconf 88' lang='lat' dir='ltr'><strong>eamdem</strong></span> <span class='ocrx_word' id='word_1_445' title='bbox 1550 5177 1582 5220; x_wconf 90' lang='lat' dir='ltr'><strong>a</strong></span> <span class='ocrx_word' id='word_1_446' title='bbox 1619 5157 1808 5219; x_wconf 87' lang='lat' dir='ltr'><strong>nobis</strong></span> <span class='ocrx_word' id='word_1_447' title='bbox 1847 5158 2107 5231; x_wconf 89' lang='lat' dir='ltr'><strong>habent,</strong></span> <span class='ocrx_word' id='word_1_448' title='bbox 2147 5176 2265 5220; x_wconf 90' lang='lat' dir='ltr'><strong>nec</strong></span> <span class='ocrx_word' id='word_1_449' title='bbox 2295 5156 2464 5230; x_wconf 89' lang='lat' dir='ltr'><strong>aliis,</strong></span> <span class='ocrx_word' id='word_1_450' title='bbox 2507 5174 2650 5236; x_wconf 68' lang='lat' dir='ltr'><strong>quae</strong></span> <span class='ocrx_word' id='word_1_451' title='bbox 2692 5163 2907 5233; x_wconf 84' lang='lat' dir='ltr'><strong>postea</strong></span> <span class='ocrx_word' id='word_1_452' title='bbox 2954 5153 3197 5213; x_wconf 85' lang='lat' dir='ltr'><strong>detecta</strong></span> <span class='ocrx_word' id='word_1_453' title='bbox 3233 5160 3407 5224; x_wconf 92' lang='lat' dir='ltr'><strong>sunt,</strong></span> <span class='ocrx_word' id='word_1_454' title='bbox 3438 5150 3748 5217; x_wconf 87' lang='lat' dir='ltr'><strong>fraudan-</strong></span> 
     </span>
    </p>
   </div>
   <div class='ocr_carea' id='block_1_43' title="bbox 492 5250 3745 5339">
    <p class='ocr_par' dir='ltr' id='par_1_43' title="bbox 492 5250 3745 5339">
     <span class='ocr_line' id='line_1_43' title="bbox 492 5250 3745 5339; baseline 0.003 -28"><span class='ocrx_word' id='word_1_455' title='bbox 492 5261 619 5312; x_wconf 87' lang='lat' dir='ltr'><strong>tur.</strong></span> <span class='ocrx_word' id='word_1_456' title='bbox 651 5250 985 5332; x_wconf 86' lang='lat' dir='ltr'><strong>Quidquid</strong></span> <span class='ocrx_word' id='word_1_457' title='bbox 1025 5256 1267 5320; x_wconf 87' lang='lat' dir='ltr'><strong>interea</strong></span> <span class='ocrx_word' id='word_1_458' title='bbox 1307 5260 1415 5335; x_wconf 90' lang='lat' dir='ltr'><strong>sit,</strong></span> <span class='ocrx_word' id='word_1_459' title='bbox 1450 5259 1573 5323; x_wconf 91' lang='lat' dir='ltr'><strong>hoc</strong></span> <span class='ocrx_word' id='word_1_460' title='bbox 1605 5266 1774 5322; x_wconf 86' lang='lat' dir='ltr'><strong>certe</strong></span> <span class='ocrx_word' id='word_1_461' title='bbox 1836 5261 2052 5322; x_wconf 90' lang='lat' dir='ltr'><strong>testari</strong></span> <span class='ocrx_word' id='word_1_462' title='bbox 2113 5278 2493 5339; x_wconf 86' lang='lat' dir='ltr'><strong>possumus,</strong></span> <span class='ocrx_word' id='word_1_463' title='bbox 2551 5259 2903 5321; x_wconf 82' lang='lat' dir='ltr'><strong>editionem</strong></span> <span class='ocrx_word' id='word_1_464' title='bbox 2940 5256 3102 5318; x_wconf 81' lang='lat' dir='ltr'><strong>lianc</strong></span> <span class='ocrx_word' id='word_1_465' title='bbox 3158 5264 3438 5318; x_wconf 92' lang='lat' dir='ltr'><strong>nostram</strong></span> <span class='ocrx_word' id='word_1_466' title='bbox 3472 5259 3745 5333; x_wconf 90' lang='lat' dir='ltr'><strong>primam</strong></span> 
     </span>
    </p>
   </div>
   <div class='ocr_carea' id='block_1_44' title="bbox 491 5354 3752 5437">
    <p class='ocr_par' dir='ltr' id='par_1_44' title="bbox 491 5354 3752 5437">
     <span class='ocr_line' id='line_1_44' title="bbox 491 5354 3752 5437; baseline 0.002 -23"><span class='ocrx_word' id='word_1_467' title='bbox 491 5370 635 5414; x_wconf 83' lang='lat' dir='ltr'><strong>esse</strong></span> <span class='ocrx_word' id='word_1_468' title='bbox 694 5361 836 5431; x_wconf 91' lang='lat' dir='ltr'><strong>post</strong></span> <span class='ocrx_word' id='word_1_469' title='bbox 868 5354 1294 5421; x_wconf 88' lang='lat' dir='ltr'><strong>Parisiensem</strong></span> <span class='ocrx_word' id='word_1_470' title='bbox 1329 5361 1571 5424; x_wconf 88' lang='lat' dir='ltr'><strong>illam‘a</strong></span> <span class='ocrx_word' id='word_1_471' title='bbox 1624 5362 1696 5421; x_wconf 91' lang='lat' dir='ltr'><strong>B.</strong></span> <span class='ocrx_word' id='word_1_472' title='bbox 1731 5361 1809 5424; x_wconf 89' lang='lat' dir='ltr'><strong>de</strong></span> <span class='ocrx_word' id='word_1_473' title='bbox 1849 5361 2264 5425; x_wconf 80' lang='lat' dir='ltr'><strong>Montfaucon</strong></span> <span class='ocrx_word' id='word_1_474' title='bbox 2315 5363 2789 5433; x_wconf 86' lang='lat' dir='ltr'><strong>concinnatam,</strong></span> <span class='ocrx_word' id='word_1_475' title='bbox 2827 5359 3178 5437; x_wconf 89' lang='lat' dir='ltr'><strong>eademque</strong></span> <span class='ocrx_word' id='word_1_476' title='bbox 3217 5355 3417 5417; x_wconf 91' lang='lat' dir='ltr'><strong>multo</strong></span> <span class='ocrx_word' id='word_1_477' title='bbox 3464 5357 3752 5436; x_wconf 86' lang='lat' dir='ltr'><strong>locuple-</strong></span> 
     </span>
    </p>
   </div>
   <div class='ocr_carea' id='block_1_45' title="bbox 489 5455 3751 5547">
    <p class='ocr_par' dir='ltr' id='par_1_45' title="bbox 489 5455 3751 5547">
     <span class='ocr_line' id='line_1_45' title="bbox 489 5455 3751 5547; baseline 0.002 -32"><span class='ocrx_word' id='word_1_478' title='bbox 489 5455 750 5517; x_wconf 90' lang='lat' dir='ltr'><strong>tiorem.</strong></span> <span class='ocrx_word' id='word_1_479' title='bbox 787 5457 1013 5520; x_wconf 88' lang='lat' dir='ltr'><strong>Adhuc</strong></span> <span class='ocrx_word' id='word_1_480' title='bbox 1048 5460 1681 5528; x_wconf 80' lang='lat' dir='ltr'><strong>fortasselatenta’lia</strong></span> <span class='ocrx_word' id='word_1_481' title='bbox 1710 5467 1773 5529; x_wconf 94' lang='lat' dir='ltr'><strong>S.</strong></span> <span class='ocrx_word' id='word_1_482' title='bbox 1809 5468 2099 5529; x_wconf 88' lang='lat' dir='ltr'><strong>Doctoris</strong></span> <span class='ocrx_word' id='word_1_483' title='bbox 2132 5467 2392 5547; x_wconf 86' lang='lat' dir='ltr'><strong>scripta.</strong></span> <span class='ocrx_word' id='word_1_484' title='bbox 2428 5466 2519 5528; x_wconf 92' lang='lat' dir='ltr'><strong>Ne</strong></span> <span class='ocrx_word' id='word_1_485' title='bbox 2557 5463 2817 5525; x_wconf 89' lang='lat' dir='ltr'><strong>litterati</strong></span> <span class='ocrx_word' id='word_1_486' title='bbox 2854 5462 3073 5525; x_wconf 88' lang='lat' dir='ltr'><strong>eadem</strong></span> <span class='ocrx_word' id='word_1_487' title='bbox 3109 5459 3534 5536; x_wconf 85' lang='lat' dir='ltr'><strong>investigandi</strong></span> <span class='ocrx_word' id='word_1_488' title='bbox 3572 5460 3751 5523; x_wconf 89' lang='lat' dir='ltr'><strong>labo-</strong></span> 
     </span>
    </p>
   </div>
   <div class='ocr_carea' id='block_1_46' title="bbox 491 5556 3748 5643">
    <p class='ocr_par' dir='ltr' id='par_1_46' title="bbox 491 5556 3748 5643">
     <span class='ocr_line' id='line_1_46' title="bbox 491 5556 3748 5643; baseline 0.002 -30"><span class='ocrx_word' id='word_1_489' title='bbox 491 5571 620 5616; x_wconf 91' lang='lat' dir='ltr'><strong>rem</strong></span> <span class='ocrx_word' id='word_1_490' title='bbox 653 5556 925 5635; x_wconf 87' lang='lat' dir='ltr'><strong>fugiant.</strong></span> <span class='ocrx_word' id='word_1_491' title='bbox 961 5561 1252 5635; x_wconf 87' lang='lat' dir='ltr'><strong>lnterim,</strong></span> <span class='ocrx_word' id='word_1_492' title='bbox 1300 5566 1504 5628; x_wconf 92' lang='lat' dir='ltr'><strong>amice</strong></span> <span class='ocrx_word' id='word_1_493' title='bbox 1538 5566 1758 5643; x_wconf 89' lang='lat' dir='ltr'><strong>lector,</strong></span> <span class='ocrx_word' id='word_1_494' title='bbox 1796 5566 2083 5630; x_wconf 89' lang='lat' dir='ltr'><strong>oblatum</strong></span> <span class='ocrx_word' id='word_1_495' title='bbox 2138 5585 2377 5631; x_wconf 90' lang='lat' dir='ltr'><strong>munus</strong></span> <span class='ocrx_word' id='word_1_496' title='bbox 2424 5585 2505 5629; x_wconf 90' lang='lat' dir='ltr'><strong>ne</strong></span> <span class='ocrx_word' id='word_1_497' title='bbox 2545 5581 2852 5643; x_wconf 84' lang='lat' dir='ltr'><strong>respuas,</strong></span> <span class='ocrx_word' id='word_1_498' title='bbox 2890 5579 2962 5625; x_wconf 84' lang='lat' dir='ltr'><strong>ac</strong></span> <span class='ocrx_word' id='word_1_499' title='bbox 3013 5566 3302 5623; x_wconf 90' lang='lat' dir='ltr'><strong>nostrum</strong></span> <span class='ocrx_word' id='word_1_500' title='bbox 3364 5558 3482 5620; x_wconf 87' lang='lat' dir='ltr'><strong>tibi</strong></span> <span class='ocrx_word' id='word_1_501' title='bbox 3542 5559 3748 5623; x_wconf 83' lang='lat' dir='ltr'><strong>inser-</strong></span> 
     </span>
    </p>
   </div>
   <div class='ocr_carea' id='block_1_47' title="bbox 491 5656 2497 5739">
    <p class='ocr_par' dir='ltr' id='par_1_47' title="bbox 491 5656 2497 5739">
     <span class='ocr_line' id='line_1_47' title="bbox 491 5656 2497 5739; baseline 0.006 -19"><span class='ocrx_word' id='word_1_502' title='bbox 491 5656 708 5720; x_wconf 84' lang='lat' dir='ltr'><strong>viendi</strong></span> <span class='ocrx_word' id='word_1_503' title='bbox 746 5659 1142 5727; x_wconf 83' lang='lat' dir='ltr'><strong>desiderium</strong></span> <span class='ocrx_word' id='word_1_504' title='bbox 1172 5665 1494 5736; x_wconf 83' lang='lat' dir='ltr'><strong>benevolo</strong></span> <span class='ocrx_word' id='word_1_505' title='bbox 1525 5673 1742 5737; x_wconf 86' lang='lat' dir='ltr'><strong>animo</strong></span> <span class='ocrx_word' id='word_1_506' title='bbox 1772 5671 1872 5739; x_wconf 82' lang='lat' dir='ltr'><strong>fac</strong></span> <span class='ocrx_word' id='word_1_507' title='bbox 1909 5671 2289 5737; x_wconf 80' lang='lat' dir='ltr'><strong>inﬂammes.</strong></span> <span class='ocrx_word' id='word_1_508' title='bbox 2322 5669 2497 5735; x_wconf 84' lang='lat' dir='ltr'><strong>Vale.</strong></span> 
     </span>
    </p>
   </div>
   <div class='ocr_carea' id='block_1_48' title="bbox 557 5819 1081 5897">
    <p class='ocr_par' dir='ltr' id='par_1_48' title="bbox 557 5819 1081 5897">
     <span class='ocr_line' id='line_1_48' title="bbox 557 5819 1081 5897; baseline 0.015 -20"><span class='ocrx_word' id='word_1_509' title='bbox 557 5819 636 5895; x_wconf 82' lang='grc' dir='ltr'><strong>(ιι)</strong></span> <span class='ocrx_word' id='word_1_510' title='bbox 664 5822 781 5879; x_wconf 84' lang='lat' dir='ltr'><strong>Mox</strong></span> <span class='ocrx_word' id='word_1_511' title='bbox 816 5827 1081 5897; x_wconf 84' lang='lat' dir='ltr'><strong>sequitur.</strong></span> 
     </span>
    </p>
   </div>
  </div>
