3998 6566
1416 483 1795 539 ΡΒᾸΣΡΑἸῚΟ]

1898 486 1920 541 5
1958 487 2062 544 Εἰ).
2105 488 2351 547 VENET.
2788 552 2791 555 ,
3422 514 3497 557 vti

223 633 1793 664 ——-—________________

1803 652 3408 683 Ἣ

1561 810 2198 907 ΡΒλἘΡΑΤῙΟ

1036 991 1373 1049 ΕΒΙΤΙΟΝΙὸ
1410 996 1708 1054 ἻΕΝΕΤᾸΕ
1748 999 1936 1060 TOMO
1974 1003 2231 1063 TERTIO
2250 1011 2324 1080 (ιι)
2364 1008 2712 1074 PRAZFIXA.

226 1277 524 1334 Hactenus
548 1278 626 1332 D.
666 1279 997 1339 Athanasii
1028 1284 1314 1339 editionem
1348 1301 1512 1356 opera
1550 1299 1603 1344 et
1631 1292 1811 1348 studio
1839 1301 1884 1356 Α
1916 1299 2281 1368 typographus
2305 1312 2488 1358 noster
2514 1308 2803 1377 indicavit;
2835 1329 3006 1383 neque
3023 1320 3169 1374 enim
3208 1322 3275 1377 ad
3306 1323 3357 1379 id
3392 1326 3497 1385 fide

174 1374 580 1429 monachorum
622 1374 884 1431 ordinis
922 1377 987 1431 S.
1022 1376 1292 1432 Benedicti
1335 1392 1367 1433 e
1398 1384 1817 1452 congregatione

178 1469 229 1521 S.
261 1466 438 1520 κιαι-ἰ
472 1465 894 1533 adornatam,
922 1484 989 1523 ac
1019 1468 1238 1525 Parisiis
1261 1486 1350 1526 an.
1398 1472 1534 1529 1698
1567 1476 1703 1546 typis
1724 1492 1819 1531 ex-

180 1574 347 1614 cusem
377 1558 655 1613 ﬁdeliter
688 1560 756 1614 in
787 1562 1059 1616 omnibus
1096 1564 1267 1617 secuti
1312 1579 1525 1621 sumus.
1560 1568 1735 1637 Atque
1765 1570 1815 1623 in

181 1651 273 1707 hoc
298 1652 539 1722 quidem
596 1652 688 1707 ita
739 1655 921 1708 nobis
977 1655 1108 1709 nihil
1158 1655 1323 1711 licere
1357 1659 1815 1730 existimavimus,

183 1753 233 1795 ut
260 1742 402 1812 ipsas
431 1741 627 1796 etiam
668 1745 1137 1809 emendationes,
1156 1761 1289 1815 quas
1323 1747 1396 1801 illi
1428 1749 1672 1804 absoluto
1702 1752 1815 1820 iam

185 1836 317 1903 operi
350 1844 813 1905 apposuerunt,
852 1837 976 1892 suis
1005 1838 1136 1893 locis
1163 1840 1402 1895 insertas
1433 1841 1681 1898 exhiberi
1716 1859 1813 1898 no-

187 1925 453 1992 loerimus,
486 1935 559 1982 ut
595 1938 828 1983 nostra
877 1929 999 1984 haec
1034 1930 1306 1986 volumina
1342 1932 1644 2002 legentibus
1686 1935 1814 1990 illud

183 2018 337 2072 etiam
366 2028 685 2090 appareat,
715 2020 873 2088 quid
902 2020 981 2073 illi
1015 2021 1271 2090 primum,
1299 2023 1426 2093 quid
1454 2036 1638 2095 postea
1664 2027 1815 2097 cogi-

184 2110 420 2174 taret-int,
448 2118 510 2165 et
561 2126 649 2165 ne
683 2110 849 2165 viris
887 2111 1219 2168 doctissimis
1255 2129 1373 2169 eam
1424 2115 1637 2172 laudem
1679 2132 1816 2188 quo-

186 2203 453 2256 dammodo
484 2202 921 2271 eriperemus,
960 2218 1078 2272 quae
1120 2220 1189 2259 ex
1238 2206 1634 2274 posterioribus
1666 2210 1814 2266 curis

184 2294 313 2363 (qua
347 2293 762 2363 sapientiores
815 2308 952 2348 esse
1002 2294 1199 2366 solent)
1238 2296 1623 2365 proficiscitur.
1676 2298 1809 2354 Cum

181 2400 299 2443 vero
326 2402 395 2442 ex
420 2402 541 2456 quo
580 2386 814 2441 eadem
854 2385 1030 2441 editio
1063 2385 1381 2443 felicissime
1421 2389 1665 2444 absoluta
1709 2389 1815 2445 fuit

182 2480 243 2535 ad
267 2490 511 2535 nostram
547 2494 763 2550 usque
791 2476 1021 2533 aetatem
1048 2494 1143 2549 per
1180 2480 1479 2538 industrios
1519 2482 1812 2553 antiquita-

182 2574 634 2643 tisindagatores
665 2587 799 2627 non
852 2587 1031 2643 pauca
1074 2571 1132 2627 S.
1172 2572 1423 2629 Doctoris
1462 2586 1805 2631 monumenta

1920 1389 2213 1449 obstrictos
2250 1410 2348 1450 nos
2374 1395 2654 1467 duximus;
2693 1413 2897 1461 etcum
2932 1409 3023 1464 hic
3049 1414 3186 1468 ordo
3213 1430 3279 1469 ex
3316 1420 3492 1474 libero

1920 1480 2178 1552 cujusque
2218 1488 2485 1543 arbitratu
2518 1493 2701 1560 potius
2728 1498 2982 1569 pendeat,
3013 1517 3175 1572 quam
3206 1521 3275 1562 ex
3305 1525 3488 1567 rerum

1920 1572 2158 1642 ipsarum
2195 1584 2594 1650 convenientia,
2626 1602 2750 1641 eum
2777 1589 2994 1647 demum
3030 1599 3368 1663 praetulimus
3396 1605 3493 1671 qui

1918 1666 2091 1734 magis
2121 1670 2330 1727 arrisit.
2362 1673 2499 1740 Quid
2530 1678 2696 1748 igitur
2724 1696 2753 1736 a
2784 1683 2941 1739 nobis
2967 1689 3268 1755 praestitum
3301 1666 3491 1763 fuerit,

1916 1757 2154 1815 breviter
2185 1762 2506 1832 indicemus,
2547 1784 2611 1825 ac
2650 1772 2863 1843 singula
2903 1791 3025 1846 quae
3064 1791 3341 1850 postremo
3385 1757 3488 1842 hoc

1917 1851 2189 1909 volumine
2220 1861 2609 1926 comprehensa
2645 1874 2797 1931 sunt,
2831 1868 2933 1923 sub
2963 1887 3131 1928 unum
3158 1876 3317 1944 quasi
3349 1893 3486 1933 con-
3564 1895 3578 1907 ’

1915 1951 2159 2009 spectum
2192 1946 2356 2017 (quod
2398 1967 2599 2008 munus
2636 1972 2823 2013 eorum
2869 1973 2953 2019 est
2998 1966 3091 2034 qui
3146 1969 3487 2043 praefantur)

1914 2032 2288 2101 subiiciamus.

1984 2122 2022 2177 Ι.
2052 2125 2354 2200 Prin'cipem
2387 2135 2570 2208 itaque
2600 2140 2777 2201 locum
2805 2144 2975 2203 XXII
3001 2151 3486 2211 Animadversioni-

1914 2215 2007 2269 bus
2038 2219 2095 2271 in
2126 2219 2195 2274 D.
2227 2223 2506 2283 Athanasii
2556 2235 2717 2289 vitam
2767 2249 2816 2292 et
2857 2242 3057 2311 scripta
3105 2248 3479 2315 attribuimus,

1914 2323 2047 2377 quas
2076 2314 2258 2368 statim
2282 2319 2515 2389 excipiet
2542 2323 2785 2382 Diatriba
2807 2331 2871 2385 de
2895 2349 3056 2388 causa
3097 2336 3341 2394 Marcelli
3368 2314 3482 2395 An;

1912 2404 2095 2471 cyrani
2130 2419 2150 2458 :
2183 2411 2460 2479 egregium
2515 2426 2805 2489 utrumque
2862 2438 2999 2494 opus
3045 2432 3479 2495 praestantissimi

1912 2494 1971 2550 P.
2020 2496 2430 2569 Montfauconii.
2461 2524 2569 2579 quo
2599 2528 2757 2569 nemo
2786 2517 2839 2571 in
2872 2494 3218 2579 excutiendis
3260 2535 3317 2580 et
3362 2526 3481 2581 illu-

1912 2591 2151 2686 strandis
2203 2594 2263 2649 Β.
2308 2596 2591 2657 Athanasii
2634 2607 2908 2675 operibus,
2952 2625 3016 2666 ac
3051 2613 3213 2671 rebus
3255 2617 3321 2672 ad
3364 2618 3480 2686 ejus

2671 2658 2908 2675 την-πυ.
2952 2658 3015 2666 --
3052 2658 3213 2671 ην..-
3255 2658 3321 2672 ..υ
3365 2658 3480 2686 ηαδ

178 2684 209 2720 ε
232 2667 722 2722 δῖδλίοιίιθεπυω
759 2664 1016 2721 ίθηειιτίδ
1041 2676 1195 2721 “illa
1230 2668 1282 2721 Ῐη
1318 2667 1495 2723 lucem
1528 2670 1800 2737 νθιιετῖηιν
1832 2658 1879 2713 Β
1912 2678 2073 2735 vitam
2102 2690 2157 2739 et
2192 2686 2393 2756 scripta
2431 2693 2830 2760 pertinentibus
2858 2699 3154 2770 impensius
3181 2721 3246 2762 ac
3266 2708 3481 2764 felicius

183 2759 396 2827 plurima
425 2774 572 2816 vero
606 2760 689 2813 ad
721 2757 860 2827 eius
896 2759 1100 2829 scripta
1144 2774 1210 2815 ac
1259 2770 1413 2831 gesta
1459 2762 1803 2829 illustrauda,

176 2868 238 2909 ac
256 2854 431 2921 majus
464 2854 525 2908 in
556 2853 774 2907 lumen
809 2851 1133 2907 collocanda
1168 2854 1233 2908 ab
1264 2854 1649 2911 eruditissimis
1672 2857 1809 2926 \iiris

181 2946 409 3000 subinde
437 2944 668 3000 fuerint
711 2944 1071 3011 eiucubrata,
1100 2945 1221 3001 ideo
1250 2963 1369 3013 nos,
1402 2949 1493 3018 qui
1532 2948 1582 3004 in
1612 2950 1664 3005 id
1692 2958 1807 3003 stu-

184 3039 333 3092 dium
365 3053 533 3094 omne
570 3054 651 3094 ac
698 3038 1060 3107 diligentiam
1108 3039 1491 3109 impendimus,
1525 3051 1584 3096 ut
1617 3053 1803 3097 nostra

186 3130 381 3204 ἱλαροί
416 3141 620 3187 exacte
662 3131 917 3187 omnino
956 3130 1260 3197 elaborata,
1304 3141 1382 3200 et,
1431 3145 1693 3204 quantum
1746 3136 1801 3190 in

192 3192 339 3277 nobis
364 3233 472 3290 est,
496 3224 780 3279 numeris
808 3222 1070 3278 omnibus
1098 3223 1347 3280 absoluta
1373 3228 1624 3298 prodeat,
1648 3244 1800 3297 quae-

194 3328 396 3384 cunque
431 3325 563 3384 post
589 3331 662 3371 ea
702 3324 961 3384 tempora
992 3314 1170 3385 Magni
1195 3318 1482 3374 Athanasii
1517 3322 1718 3392 scripta
1745 3334 1801 3378 et

194 3404 632 3478 ὰπισπασμὰτια
670 3408 906 3477 vulgata
959 3419 1102 3474 sunt,
1140 3412 1551 3468 accuratissime
1573 3416 1799 3486 collegi-

203 3510 331 3560 mus,
376 3508 431 3551 et
472 3498 531 3552 in
589 3514 775 3554 unum
820 3502 981 3569 quasi
1026 3516 1227 3572 corpus
1274 3507 1681 3575 congessimus;
1727 3525 1795 3564 ex

202 3589 530 3644 eruditorum
570 3600 769 3647 autem
806 3594 1088 3662 opusculis
1128 3611 1193 3651 ac
1223 3596 1700 3656 dissertationibus
1725 3617 1794 3658 ea

208 3684 575 3739 tantummodo
619 3684 954 3755 selegimus,
1012 3702 1131 3756 quae
1165 3696 1222 3744 et
1266 3690 1438 3762 magis
1484 3694 1792 3749 necessaria

207 3782 257 3827 et
294 3776 536 3845 gratiora
575 3777 899 3846 legentibus
946 3778 1338 3849 indicavimus,
1384 3799 1454 3838 ne
1508 3786 1552 3838 si
1606 3787 1791 3842 omnia

210 3878 659 3925 coacervaremus
682 3910 699 3934 ,
734 3878 793 3924 et
826 3869 1125 3927 levioribus
1171 3873 1323 3930 locus
1352 3888 1519 3941 esset,
1555 3887 1609 3931 et
1639 3879 1792 3933 volu-

214 3971 326 4012 men
358 3960 538 4029 ipsum
573 3962 632 4015 in
667 3962 898 4017 nimiam
948 3967 1377 4035 magnitudinem
1420 3984 1785 4029 exercsceret.
1816 3993 1859 4052 ο

216 4048 385 4121 Neque
413 4069 551 4109 vero
602 4055 923 4124 huiusmodi
979 4057 1038 4111 S.
1080 4059 1363 4116 Athanasii
1407 4074 1785 4119 monumento-

217 4158 349 4209 rum,
379 4162 499 4216 qua
552 4148 706 4218 typis
750 4148 959 4204 nostris
1008 4151 1404 4219 commisimus,
1453 4154 1791 4211 collectionis

216 4239 413 4293 laudem
468 4241 635 4295 nobis
699 4241 964 4295 tributam
1015 4242 1299 4309 volumus;
1357 4244 1426 4299 iis
1474 4247 1622 4300 enim
1663 4245 1789 4314 jure

215 4331 405 4397 optimo
456 4333 720 4401 debetur,
765 4349 1001 4403 quorum
1057 4334 1306 4390 doctrina
1348 4346 1405 4391 et
1450 4329 1677 4392 conSilio
1732 4337 1786 4392 id

211 4426 573 4492 prastitimus.
635 4427 717 4482 Ea
767 4443 904 4483 vero
948 4428 1087 4494 laus,
1135 4444 1197 4483 ac
1244 4430 1414 4498 gloria
1463 4433 1679 4501 propria
1729 4433 1784 4487 in

211 4517 389 4581 primis
436 4519 604 4575 Joan.
658 4520 984 4591 Hieronymi
1033 4521 1349 4587 Gradouici,
1385 4524 1782 4595 archiepiscopi

209 4606 496 4679 Utinensis,
533 4613 630 4684 qui
663 4614 733 4668 ad
770 4614 1162 4669 ecclesiasticae
1202 4615 1479 4684 dignitatis
1525 4616 1778 4685 amplitu-

206 4700 382 4756 dinem
408 4705 455 4759 in
485 4708 595 4761 hoc
619 4705 903 4777 praecipue
931 4705 1231 4760 studiorum
1265 4721 1546 4761 sacrorum
1581 4722 1783 4776 genere

204 4790 525 4860 singularem
566 4795 872 4865 quamdam
922 4802 978 4848 et
1026 4796 1356 4865 exquisitam
1413 4797 1781 4852 eruditionem

202 4881 449 4953 adiungit.
496 4885 559 4941 In
610 4887 778 4957 huius
810 4886 980 4941 etiam
1010 4889 1327 4942 societatem
1358 4888 1509 4943 venit
1553 4903 1781 4957 congre-

201 4980 421 5042 gationis
449 4979 700 5036 Oratorii
734 4980 1052 5050 presbyter,
1082 4980 1327 5035 Andreas
1374 4980 1623 5045 Galland,
1660 4981 1776 5052 qui,

198 5080 442 5134 quantum
482 5073 695 5137 studio,
740 5071 1021 5134 doctrina,
1051 5072 1255 5127 criticze
1290 5073 1423 5127 artis
1466 5073 1680 5143 peritia,
1714 5089 1778 5128 ac

199 5173 368 5216 rerum
404 5164 926 5219 ecclesiasticarum
973 5163 1283 5232 cognitione
1326 5171 1570 5232 praestat,
1624 5163 1778 5219 Nova

197 5250 401 5309 Patrum
425 5256 773 5311 Bibliotheca
813 5254 885 5308 ab
921 5254 1038 5323 ipso
1072 5254 1307 5310 Venetiis
1344 5257 1488 5310 edita
1519 5256 1653 5311 satis
1694 5257 1775 5311 lu-

1908 2769 2200 2830 insudavit.
2248 2778 2426 2850 Atque
2473 2783 2528 2838 in
2572 2786 2755 2855 priore
2792 2769 3009 2858 quidem
3050 2810 3171 2850 cum
3218 2801 3477 2856 nonnulla

1908 2862 1959 2917 in
1989 2862 2285 2924 Parisiensi
2312 2873 2551 2931 editione
2582 2877 2634 2932 in
2680 2890 2995 2940 transcursu
3022 2888 3223 2957 agitata
3253 2906 3480 2948 accura-

1909 2952 2035 3020 tius,
2067 2968 2125 3010 ut
2162 2958 2277 3027 ipse
2322 2960 2544 3032 fatetur,
2590 2972 2872 3039 excussit;
2922 2986 3032 3031 tum
3058 2952 3357 3052 iprtecipue
3399 2987 3472 3041 cl.

1905 3042 2309 3107 Tillemoutium
2340 3063 2560 3114 strenue
2591 3061 2808 3129 refellit,
2844 3042 3152 3140 ubicunque
3178 3042 3269 3129 ille
3297 3087 3390 3131 aut
3419 3079 3470 3133 in

1902 3149 2172 3208 gestorum
2222 3149 2560 3220 recensione,
2619 3164 2710 3209 aut
2754 3158 2808 3212 in
2863 3169 3165 3231 temporum
3213 3180 3474 3237 supputa-

1904 3229 2048 3286 tione
2089 3234 2195 3290 sibi
2233 3238 2575 3299 adversatur.
2627 3245 2685 3300 ln
2733 3229 3038 3317 posteriore
3086 3270 3217 3311 vero
3258 3274 3371 3312 rem
3415 3263 3468 3314 in

1900 3323 2271 3385 ecclesiastica
2323 3332 2553 3391 historia
2597 3340 3009 3408 perobscuram,
3050 3355 3105 3400 et
3136 3350 3204 3403 ab
3239 3352 3468 3405 eruditis

1902 3431 2093 3487 magna
2118 3421 2420 3480 animorum
2459 3430 2807 3487 contentione
2847 3432 2900 3488 in
2939 3446 3227 3509 utramque
3256 3454 3467 3512 partem
3565 3451 3571 3457 ‘

1900 3506 2177 3577 agitatam,
2224 3513 2294 3569 de
2339 3514 2574 3573 Marcelli
2625 3535 2819 3591 nempe
2866 3506 3155 3597 Ancyrani
3194 3506 3468 3596 doctrina.

1898 3599 2302 3671 disquirendam
2350 3612 2692 3681 aggreditur,
2727 3630 2899 3688 eaque
2945 3620 3123 3687 ali'ert,
3160 3637 3228 3679 ex
3269 3628 3469 3695 quibus

1898 3705 2033 3746 nova
2060 3692 2423 3754 Marcelliauis
2462 3701 2627 3758 rebus
2666 3704 2761 3760 lux
2797 3708 3101 3779 oboriatur,
3130 3724 3189 3769 ut
3231 3692 3315 3771 sin
3363 3721 3472 3773 mi-

1896 3798 1997 3837 nus
2031 3784 2083 3839 in
2109 3787 2380 3854 omnibus,
2417 3791 2470 3847 in
2499 3793 2683 3851 multis
2707 3797 2897 3855 saltem
2930 3806 3248 3872 quaestionis
3277 3810 3466 3865 admo-

1896 3872 2022 3927 dum
2052 3875 2340 3945 implicatae
2374 3880 2663 3941 difﬁcultas
2688 3889 2972 3946 enodetur.

1965 3963 2027 4017 ll.
2057 3963 2243 4037 Neque
2272 3971 2449 4028 minus
2493 3973 2726 4032 obscura
2759 3990 2928 4051 atque
2975 3984 3208 4043 dilhcilis
3236 3994 3467 4059 quaestio

1892 4064 1976 4110 est
2017 4056 2083 4112 de
2112 4073 2276 4127 anno,
2310 4078 2417 4132 quo
2446 4066 2513 4120 D.
2545 4067 2882 4128 Athanasius
2914 4082 3184 4134 tantorum
3216 4056 3463 4138 laborum

1889 4158 1989 4213 pro
2004 4144 2263 4204 Ecclesiae
2289 4152 2522 4210 utilitate
2546 4158 2946 4218 exantlatorum
2969 4170 3189 4235 praemia
3213 4184 3466 4243 receptu-

1890 4253 1985 4293 rus
2015 4252 2047 4293 e
2082 4240 2220 4298 vivis
2252 4248 2507 4302 excessit.
2535 4248 2604 4304 Ut
2631 4252 2775 4307 enim
2804 4255 2870 4311 de
2894 4256 2961 4313 iis
2986 4270 3195 4318 taceam
3225 4265 3317 4334 qui
3340 4240 3467 4333 ejus

1890 4328 2169 4387 interitum
2215 4336 2283 4389 ad
2314 4350 2405 4392 an.
2433 4338 2539 4393 575
2568 4342 2913 4401 referendum
2946 4360 3165 4418 putant,
3207 4328 3457 4410 nonnulli

1888 4426 2067 4494 magni
2099 4428 2337 4484 nominis
2380 4431 2679 4502 scriptores
2707 4444 2762 4490 et
2793 4437 3194 4513 chronographi
3229 4447 3465 4501 sanctis-

1888 4515 2084 4571 simum
2114 4519 2482 4587 patriarcham
2507 4538 2599 4580 an.
2619 4527 2720 4581 571
2749 4530 3051 4587 decessisse
3080 4535 3458 4592 arbitrantur:

1887 4618 2079 4663 contra
2109 4626 2240 4667 vero
2269 4615 2779 4675 ecclesiasticorum‘
2800 4624 3081 4679 annalium
3120 4640 3319 4695 parens
3352 4628 3460 4681 Ba-

1885 4702 2070 4758 ronius
2096 4718 2194 4773 pro
2223 4722 2312 4760 an.
2349 4709 2453 4762 5η
2486 4710 2685 4765 acriter
2708 4724 2911 4781 pugnat
2935 4734 2949 4769 :
2976 4718 3211 4771 maxima
3241 4720 3455 4774 tandem

1884 4794 2218 4850 eruditorum
2261 4813 2386 4866 pars
2421 4799 2742 4870 insequente
2770 4819 2888 4871 an.,
2921 4821 3115 4877 nempe
3144 4809 3269 4877 575,
3298 4825 3454 4867 eum-

1883 4886 2005 4940 dem
2050 4886 2249 4944 obiisse
2292 4893 2591 4948 contendit.
2629 4893 2909 4953 Postrema
2945 4900 3060 4955 hmc
3097 4901 3285 4971 opinio
3327 4917 3453 4958 cum

1874 4975 1987 5047 iam
2016 4978 2176 5051 vulgo
2208 4993 2422 5054 recepta
2447 4996 2611 5054 esset,
2638 4990 2800 5044 totius
2822 4992 3164 5062 antiquitatis
3186 4996 3454 5064 peritissi-
3495 5018 3520 5053 ο

1881 5086 2003 5127 mus
2029 5072 2113 5127 vir
2152 5072 2338 5131 Justus
2379 5076 2738 5146 Fontaninus,
2770 5085 3229 5156 {archiepiscopus
3270 5090 3454 5161 Ancy-

1880 5177 2066 5228 ranus,
2098 5164 2397 5221 Historiam
2444 5170 2756 5227 litterariam
2787 5175 3175 5246 Aquileiensem
3200 5184 3451 5237 conseri-

1880 5255 2038 5319 bens,
2063 5268 2120 5310 ut
2143 5271 2296 5315 certo
2317 5269 2576 5317 statueret
2603 5279 2710 5333 quo
2732 5280 2879 5322 anno
2904 5268 3129 5326 Rufinus
3146 5280 3201 5326 et
3224 5272 3451 5327 Melania

192 5344 416 5402 culcnter
442 5350 726 5405 ostendit.
776 5344 839 5399 ln
886 5345 956 5400 iis
982 5359 1113 5401 vero
1159 5362 1280 5417 quae
1321 5349 1510 5403 horum
1547 5352 1776 5405 consilio
1806 5339 1855 5399 Ι)
1883 5346 1934 5399 in
1963 5347 2254 5420 Egyptum
2300 5367 2502 5408 venere
2550 5357 2762 5426 (eodem
2816 5367 3000 5414 autem
3051 5376 3196 5415 anno
3238 5362 3454 5417 venisse

190 5436 481 5509 collegimus
513 5456 632 5496 non
673 5453 811 5494 eum
856 5437 1104 5493 ordinem
1154 5440 1323 5494 secuti
1370 5456 1581 5523 suemus,
1609 5458 1770 5512 quem

179 5526 231 5582 in
256 5547 341 5589 sua
383 5536 450 5589 ad
503 5548 707 5590 rerum
760 5545 1069 5597 sacrarum,
1099 5531 1370 5602 praecipue
1410 5531 1511 5587 SS.
1544 5532 1766 5589 Patrum

165 5629 432 5685 studiosos
476 5622 893 5683 admonitione
938 5637 1079 5678 anno
1124 5625 1370 5693 proxime
1406 5625 1592 5696 elapso
1622 5627 1766 5681 edita

216 5774 289 5841 (τι)
321 5776 461 5831 Cum
502 5766 833 5849 scriptauin
864 5765 969 5818 hoc
999 5765 1271 5821 volumine
1294 5775 1561 5849 contenta
1588 5767 1768 5837 dispo-

146 5837 411 5901 tulerimus
432 5837 916 5919 juxta—ordinem
948 5849 1140 5916 novum
1176 5852 1214 5919 Ξ
1246 5837 1397 5919 nobis
1439 5838 1765 5919 institutum,

141 5905 493 5985 przefationes
532 5912 741 5968 eidem
776 5905 1036 5961 volumini
1074 5907 1319 5977 przelixas
1350 5908 1451 5963 huc
1490 5910 1768 5964 revocavi-

1880 5453 2112 5508 constat,
2144 5459 2250 5514 quo
2289 5444 2353 5498 D.
2397 5446 2680 5502 Athanasii
2715 5448 2967 5505 interitus
3001 5452 3274 5523 contigit),
3304 5467 3453 5521 qum-

1878 5537 2109 5592 stionem
2158 5539 2226 5592 de
2274 5552 2418 5593 anno
2444 5542 2728 5596 emortuali
2764 5540 2824 5596 S.
2866 5541 3115 5599 Doctoris
3150 5544 3342 5597 iterum
3378 5547 3446 5599 ad

1875 5642 2103 5683 examen
2132 5632 2408 5686 revocavit
2432 5631 2693 5700 peculiari
2725 5632 3110 5689 dissertatione
3139 5633 3205 5689 ad
3240 5634 3445 5690 calcem

1877 5786 2017 5826 mus.
2031 5770 2307 5837 ,Cteterum
2335 5772 2580 5827 ordinem
2613 5789 2808 5827 novum
2841 5788 2963 5827 cum
2992 5775 3157 5838 veter’
3192 5775 3445 5831 collatum

1876 5841 1941 5895 ad
1968 5825 2179 5897 calcem
2202 5842 2331 5897 totni
2364 5840 2430 5895 ιν
2460 5825 2853 5899 exhibebimus.
2896 5843 3047 5897 Eutr.
