3998 6502
489 470 578 508 νιιι

1819 419 2325 481 PROLEGOMENA
2338 457 2353 473 .

490 568 738 623 Historia
765 562 1041 619 litterarii:
1070 557 1417 632 Aquileiensis
1452 551 1683 622 adjecta.
1712 547 1769 603 In
1796 563 1858 601 ea
1890 546 1971 599 vir
2002 552 2054 598 et
2084 557 2127 605 Α
2157 536 2533 596 omittendum.
2570 532 2646 587 Ac
2697 530 2927 602 primum
2977 528 3193 597 quidem
3222 540 3289 580 ex
3338 522 3491 578 hisce
3531 534 3719 575 monu—

486 660 703 733 ingenio
733 669 787 714 et
823 657 1133 713 eruditione
1177 667 1418 707 summus
1448 647 1614 701 multa
1657 655 1828 711 eaque
1872 638 2055 707 gravia

486 770 553 810 ex
600 751 744 806 omni
793 748 963 804 ferme
1018 743 1346 813 antiquitate
1403 734 1709 795 testimonia
1771 728 2055 800 congerit,

488 846 682 918 quibus
710 842 926 896 Baronii
962 840 1200 894 calculos
1232 836 1388 903 longe
1421 826 1867 886 accuratissimos
1891 831 2057 876 caete-

488 942 567 995 ris
601 937 870 992 fideliores
900 934 1167 989 ostendat.
1187 930 1414 984 Gratum
1450 925 1616 995 igitur
1648 918 1938 974 lectoribus
1960 929 2059 969 nos

490 1030 728 1084 facturos
756 1025 1085 1097 putavimus,
1112 1021 1155 1076 si
1185 1027 1301 1089 post
1324 1012 1805 1069 Animadversiones
1840 1024 1902 1063 ac
1929 1006 2060 1059 Din-

492 1124 682 1177 tribam
711 1122 778 1175 cl.
804 1115 1186 1173 Montfauconii
1218 1115 1355 1168 hanc
1382 1122 1598 1181 quoque
1621 1103 2059 1161 dissertationem

494 1215 935 1284 adjungeremus,
974 1219 1033 1263 ut
1072 1208 1126 1262 in
1188 1220 1245 1259 re
1294 1204 1431 1258 adeo
1480 1202 1533 1255 in
1586 1197 1809 1267 ancipiti
1864 1194 2061 1264 posita,

496 1322 594 1375 pro
621 1321 725 1375 qua
756 1317 965 1359 summa
998 1300 1213 1370 ingenia
1246 1297 1388 1353 haud
1427 1294 1668 1363 segniter
1704 1292 1847 1344 inter
1878 1301 1936 1343 se
1970 1287 2064 1341 de-

498 1404 792 1460 certarunt,
826 1393 956 1462 quid
998 1394 1063 1446 ad
1096 1391 1380 1445 veritatem
1413 1385 1673 1440 accedere
1717 1381 1940 1451 propius
1984 1378 2066 1432 vi-

500 1493 740 1554 deretur,
795 1487 995 1541 clarius
1046 1485 1309 1553 dispicere
1350 1496 1412 1535 ac
1459 1480 1777 1548 dignoscere
1823 1481 2063 1543 possent.

500 1581 627 1637 Ilaec
668 1579 922 1633 nimirum
967 1573 1302 1631 solummodo
1332 1588 1399 1626 ex
1431 1570 1765 1625 eruditorum
1814 1566 2067 1621 lucubra-

502 1674 740 1729 tionibus
761 1672 827 1726 ad
852 1670 1075 1739 scripta,
1104 1676 1254 1737 gesta
1282 1664 1602 1732 obitumque
1631 1659 1917 1715 Athanasii
1946 1671 2066 1726 spe-

502 1764 776 1819 ctantibus
805 1760 961 1814 nobis
1010 1758 1238 1824 seligere
1280 1754 1452 1807 visum
1503 1763 1614 1819 est;
1661 1751 1727 1805 de
1770 1750 1843 1804 cl.
1890 1757 2069 1803 autem

505 1854 775 1924 Scipionis
808 1850 1004 1906 .‘llal'feii
1057 1844 1619 1903 animadversionibus
1657 1842 1711 1895 in
1754 1842 1962 1911 insigne
1997 1839 2072 1893 hi-

505 1948 688 2003 storiae
713 1943 1097 2001 ecclesiastica:
1121 1955 1243 1995 saec.
1281 1955 1333 1993 IV
1360 1939 1721 2007 fragmentum
1754 1934 1822 1989 ab
1865 1948 1931 1988 eo
1964 1930 2069 1986 Ve-

507 2054 655 2095 rona:
688 2045 958 2107 repertum
987 2034 1297 2101 editumque
1320 2030 1479 2099 paulo
1509 2028 1647 2083 infra
1674 2028 1937 2083 dicemus.

577 2130 665 2188 Ill.
697 2130 791 2183 llis
822 2130 873 2182 in
900 2136 1238 2182 antecessum
1271 2120 1563 2192 prtemissis
1602 2117 1669 2173 ad
1703 2119 1870 2188 ipsius
1903 2113 2074 2168 Atha-

510 2225 648 2280 nasii
681 2223 855 2293 Opera
887 2220 1227 2282 devenimus,
1257 2229 1378 2284 quae
1410 2228 1549 2267 nunc
1585 2211 1818 2280 primum
1852 2206 2077 2262 collecta

513 2316 657 2388 typis
697 2314 898 2370 nostris
937 2311 1272 2379 evulgamus.
1325 2307 1404 2361 Ex
1452 2306 1555 2371 his,
1594 2317 1713 2372 quze
1747 2302 1921 2371 primo
1961 2299 2081 2354 loco

511 2417 829 2472 occurrunt,
862 2417 1089 2474 quaeque
1133 2399 1373 2456 secundo
1420 2411 1582 2466 supra
1623 2394 1940 2449 vicesimum
1977 2406 2079 2446 nu-

514 2514 665 2556 mero
697 2506 1011 2559 censentur,
1056 2510 1087 2549 e
1128 2491 1577 2549 bibliothecarum
1612 2486 1835 2541 latebris
1872 2485 2083 2554 primus

515 2592 702 2651 eduxit
726 2607 790 2647 ac
826 2589 1024 2661 publici
1050 2587 1189 2658 juris
1216 2584 1346 2639 fecit
1371 2581 1441 2637 cl.
1467 2578 1919 2642 Montfauconius,
1950 2577 2085 2631 duo-

520 2686 623 2742 has
650 2693 839 2740 contra
872 2679 1200 2736 Novatianos
1230 2673 1547 2744 fragmentis
1575 2669 1837 2739 exceptis,
1875 2666 2085 2721 decimo

518 2785 709 2833 octavo
744 2787 966 2827 numero
997 2765 1422 2838 comprehensis,
1455 2777 1574 2833 qua:
1617 2775 1686 2815 ex
1713 2758 1902 2814 codice
1930 2754 2088 2811 LVIII

520 2867 861 2923 hiblimhecac
895 2861 1106 2931 collegii
1153 2858 1287 2915 Novi
1337 2853 1729 2913 Oxoniensium
1766 2850 2089 2922 prodierunt

521 2973 651 3014 cura
705 2972 770 3012 ac
818 2956 1093 3027 diligentia
1138 2950 1297 3007 Joan.
1348 2945 1726 3017 ChristOphori
1774 2942 1955 3000 Wolfii
1988 2940 2087 3012 (a).

520 3052 754 3122 Insignis
790 3049 1055 3119 siquidem
1105 3045 1195 3100 ille
1245 3040 1608 3098 Benediclinae
1646 3035 1861 3091 familiae
1899 3047 2091 3088 mona-

523 3145 678 3209 chus,
732 3152 897 3214 atque
936 3137 1235 3194 indefessus
1283 3131 1623 3203 antiquitatis
1674 3127 2090 3199 pervestigator,

525 3235 771 3292 lustratis
799 3232 1148 3300 excussisque
1189 3242 1399 3285 summa
1428 3242 1559 3282 cura
1604 3239 1666 3278 ac
1696 3222 1876 3277 studio
1906 3219 2093 3275 Gallia:
2118 3251 2160 3309 c

527 3341 581 3386 et
609 3330 770 3384 Italiae
800 3324 1160 3385 bibliothecis,
1190 3327 1458 3390 quotquot
1483 3320 1549 3371 ad
1578 3328 1795 3368 manum
1831 3318 2093 3365 venerunt

527 3422 743 3479 codices
773 3419 992 3481 evolvit,
1029 3426 1084 3470 ut
1118 3415 1163 3468 si
1202 3428 1305 3483 qua
1334 3410 1508 3466 adhuc
1542 3408 1772 3461 laterent
1805 3400 2092 3456 Athanasii

528 3515 729 3583 scripta
758 3511 811 3565 in
846 3508 1017 3562 lucem
1066 3505 1371 3566 emitteret;
1411 3499 1655 3565 tantique
1690 3494 1891 3549 laboris
1917 3506 1979 3546 ac
2007 3505 2096 3545 so-

528 3606 699 3661 Iertiae
725 3602 933 3657 fructus
960 3598 1116 3653 fuere
1150 3609 1268 3665 qua:
1293 3606 1457 3663 supra
1481 3587 1758 3645 innuimus
1795 3599 1981 3654 opera.
2020 3582 2097 3635 Ac

532 3700 897 3767 fragmentum
936 3690 1151 3761 quidem
1202 3701 1269 3743 ex
1307 3680 1637 3739 sermone‘de
1671 3678 1776 3747 ﬁde
1808 3676 1862 3730 in
1906 3672 2098 3727 σοὶειὶ-

533 3761 693 3846 uiuite
726 3785 1054 3843 Bibliotheca
1088 3778 1277 3843 edidit,
1310 3777 1518 3845 reliqua
1546 3785 1676 3825 vero
1724 3769 1777 3824 in
1807 3766 1958 3821 Nova
1992 3761 2100 3817 Pa-

537 3894 676 3937 trum
718 3890 765 3935 ει
809 3870 1470 3945 ετνῑριοηιηιλϐνσεεονκηι
1528 3863 1865 3919 Collectione.
1918 3856 2101 3926 Neque

536 3989 665 4030 vero
691 3972 870 4028 omnia
912 3979 970 4024 ut
1012 3966 1276 4038 genuinos
1303 3956 1633 4021 sanctissimi
1666 3949 1931 4009 antistitis
1961 3948 2101 4001 fetus

538 4064 801 4125 venditat,
831 4062 895 4116 de
921 4058 1166 4129 pluribus
1200 4065 1376 4107 tamen
1408 4047 1544 4103 nihil
1571 4059 1691 4101 esse
1720 4039 2101 4111 ambigendum

542 4156 749 4213 statuit.
783 4152 920 4219 Quid
953 4164 1079 4205 vero
1114 4148 1179 4201 de
1215 4144 1321 4199 illis
1361 4139 1702 4198 sentiendum
1731 4136 1822 4199 sit,
1850 4147 1915 4187 ex
1955 4130 2103 4199 ejus-

543 4252 663 4305 dem
696 4246 1007 4317 prazfatione
1046 4240 1249 4312 potius,
1291 4245 1346 4291 et
1377 4248 1442 4288 ex
1478 4229 1697 4285 Monitis
1725 4224 1949 4294 singulis
1975 4237 2105 4290 ope-
2166 4286 2195 4293 ,τ

544 4342 693 4398 ribus
722 4336 976 4408 praefixis,
1022 4348 1181 4401 quam
1232 4344 1299 4383 ex
1350 4325 1507 4381 nobis
1554 4318 1928 4376 ediscendum.
1960 4313 2107 4367 Nihil

545 4430 688 4483 enim
719 4404 817 4495 pro
855 4440 940 4490 ea,
987 4438 1093 4493 qua
1130 4418 1389 4490 pollebat,
1432 4410 1741 4469 eruditione
1776 4423 1839 4460 ac
1867 4404 2108 4459 doctrina

548 4519 913 4594 prastermisit,
962 4514 1103 4585 quod
1136 4511 1204 4565 ad
1241 4516 1440 4562 rectam
1473 4515 1660 4556 eorum
1697 4494 2107 4566 intelligentiam

547 4626 710 4684 atque
734 4612 994 4682 judicium
1028 4601 1397 4661 necessarium
1422 4596 1715 4650 videretur.

618 4682 710 4761 IV.
735 4706 880 4759 Inter
902 4698 1268 4757 Athanasiana
1296 4704 1447 4757 vero,
1477 4702 1596 4757 qua:
1622 4684 1957 4754 collegimus,
1978 4682 2117 4737 scri-

547 4810 637 4871 pta
687 4812 842 4851 suum
880 4794 1042 4848 etiam
1095 4786 1293 4842 habere
1338 4782 1514 4836 locum
1563 4776 1873 4848 putavimus
1920 4790 2115 4829 monu-

551 4897 730 4942 menta
762 4884 963 4953 aliquot
1002 4874 1368 4934 ecclesiastica
1410 4888 1438 4924 a
1471 4869 1541 4924 cl.
1586 4866 1799 4921 Mafl‘eio
1845 4866 1898 4917 in
1942 4864 2116 4917 lucem

552 4977 747 5041 emissa
800 4983 908 5026 tum
954 4980 1083 5025 tom.
1130 4966 1194 5020 III
1242 4961 1625 5034 opusculorum
1681 4956 1879 5026 quibus
1928 4953 2119 5008 titulus

553 5064 919 5125 Osservazioni
950 5060 1233 5121 letterarie,
1260 5068 1371 5110 tum
1406 5054 1458 5109 in
1488 5053 1594 5105 fine
1625 5047 1740 5116 ejus
1766 5047 1948 5117 operis
1974 5045 2118 5116 quod

554 5158 829 5227 inscripsit
875 5153 1052 5210 Storia
1099 5149 1374 5217 teologica.
1436 5143 1552 5199 Non
1601 5140 1782 5196 omnia
1829 5138 2046 5208 quidem
2092 5153 2120 5190 a

555 5254 748 5321 Magno
776 5245 1077 5303 Athanasio
1106 5240 1413 5309 conscripta
1444 5244 1588 5299 sunt,
1636 5233 1729 5289 sed
1763 5235 1881 5286 dua:
1913 5239 2123 5283 tantum

557 5343 819 5414 epistolae,
865 5352 1092 5409 quarum
1148 5332 1317 5387 altera
1362 5331 1426 5384 ad
1477 5326 1803 5381 Mareoticas
1854 5320 2127 5375 Ecclesias

557 5439 723 5493 missa
750 5433 872 5498 fuit,
922 5431 989 5483 ad
1020 5428 1224 5483 clerum
1262 5424 1431 5479 altera
1466 5418 1894 5477 Alexandrinum
1927 5428 1989 5467 ac
2022 5410 2126 5464 Pa-

557 5528 878 5585 retnbolam.
912 5522 1109 5578 Verum
1140 5534 1262 5572 cum
1294 5534 1359 5572 ex
1391 5517 1495 5570 illis
1534 5525 1771 5583 quoque,
1808 5521 1928 5577 qua)
1961 5502 2132 5556 Atha-

558 5619 768 5675 nasium
805 5624 1084 5669 auctorem
1121 5627 1227 5666 non
1263 5610 1495 5680 jactant,
1533 5596 1637 5658 non
1687 5616 1854 5675 pauca
1891 5582 2131 5663 ejusdem

556 5711 725 5765 vitam
750 5722 815 5763 ac
844 5706 1047 5778 scripta
1075 5702 1294 5774 propius
1327 5701 1622 5769 attingant,
1652 5692 1853 5749 uallum
1884 5686 2135 5741 duximus

633 5886 713 5958 (α)
743 5886 861 5945 Vid.
893 5886 1134 5958 ejusdem
1157 5884 1317 5941 Praef.
1351 5882 1416 5939 ad
1444 5891 1580 5936 tom.
1611 5872 1675 5928 III
1702 5867 1903 5924 Anccd.
1936 5860 2135 5918 Crac.‘

2162 630 2360 685 mentis
2413 625 2730 682 historicum
2792 617 3479 691 quoddam'fragtnentum
3518 620 3601 666 est
3657 613 3722 663 ad

2162 718 2431 775 Meletiani
2483 714 2793 770 schismatis
2843 710 3135 781 primordia
3184 707 3478 777 pertinens,
3527 703 3579 756 in
3613 717 3721 770 quo

2165 815 2299 867 duas
2330 811 2593 865 habemus
2634 804 2887 874 epistolas
2915 814 3167 872 perraras
3197 813 3383 853 eorum
3423 807 3723 864 temporum

2167 903 2441 972 reliquias,
2501 914 2621 967 quae
2667 896 2935 951 Nicmnam
2990 892 3251 963 synodum
3302 894 3716 959 praecesserunt.

2168 995 2424 1064 Sequitur
2451 991 2644 1045 deinde
2680 984 3015 1041 Sardicensis
3047 980 3261 1036 concilii
3308 978 3375 1033 ad
3408 977 3728 1030 Mareoticas

2167 1083 2437 1140 Ecclesias
2468 1077 2717 1149 epistola,
2744 1075 2979 1142 itemque
3018 1070 3081 1125 D.
3109 1066 3389 1123 Athanasii
3426 1065 3567 1126 duae,
3593 1076 3730 1131 quas

2173 1177 2332 1249 paqu
2374 1184 2498 1228 ante
2535 1166 3093 1226 commemoravimus.
3127 1164 3202 1215 Ac
3234 1156 3572 1213 Sardicensis
3607 1153 3728 1233 qni-

2170 1270 2291 1323 dem
2338 1263 2552 1321 concilii
2597 1258 2822 1330 epistola
2879 1269 2943 1309 co
2992 1252 3163 1322 magis
3205 1262 3415 1304 summo
3465 1245 3516 1298 in
3559 1240 3732 1312 pretio

2171 1373 2331 1430 atque
2366 1360 2568 1412 honore
2602 1351 2847 1407 habenda
2878 1356 2985 1414 est,
3018 1344 3184 1415 quod,
3220 1348 3277 1395 ut
3308 1349 3452 1394 recte
3483 1333 3731 1389 animad-

2172 1454 2335 1509 vertit
2361 1445 2721 1511 cl-MafTeius,
2746 1443 2869 1497 licet
2902 1439 3085 1494 multm
3111 1436 3177 1490 ab
3203 1433 3389 1489 eodem
3415 1427 3735 1497 conScripta:

2173 1548 2394 1608 fuerint,
2425 1554 2608 1611 paucae
2644 1534 2931 1591 admodum
2975 1530 3169 1599 injuria
3203 1536 3504 1596 temporum
3536 1520 3602 1575 ad
3637 1532 3735 1572 nos

2174 1643 2571 1712 pervenerunt;
2608 1646 2671 1685 ex
2708 1628 2887 1698 priore
2921 1638 3050 1677 vero
3082 1622 3143 1678 ι).
3182 1615 3486 1678 Athanasii,
3529 1612 3633 1667 etsi
3683 1611 3735 1662 in

2175 1710 2236 1786 ea
2259 1725 2680 1796 subscriptiones
2706 1721 2847 1774 fmde
2874 1714 3071 1770 alicubi
3096 1712 3395 1784 depravatae
3418 1710 3737 1776 appareant,

2176 1818 2558 1889 episcopalium
2611 1824 2788 1868 tamen
2839 1810 3045 1878 aliquot
3095 1804 3458 1860 Eccleslarum
3518 1796 3737 1852 nomina

2104 1887 2481 1973 Bediscimus,
2540 1919 2672 1975 quas
2720 1900 2859 1972 apud
2910 1901 3094 1954 sacros
3145 1893 3484 1967 geographos
3539 1887 3741 1943 frustra

2174 2002 2454 2073 requiras;
2484 1995 2742 2052 nonnulla
2772 1993 2937 2049 etiam
2969 1991 3212 2045 virorum
3259 2001 3320 2041 ac
3371 1984 3612 2037 locorum
3644 1994 3742 2033 no-

2176 2094 2317 2149 mina
2342 2089 2573 2144 nondum
2601 2083 2889 2141 emendata
2918 2089 3079 2135 rectae
3105 2077 3323 2133 lectioni
3357 2072 3741 2135 restituuntur,

2177 2200 2239 2240 ex
2266 2183 2562 2256 posteriore
2593 2179 2804 2233 demum
2847 2172 3240 2243 praecipuarum
3295 2168 3347 2221 in
3389 2163 3623 2219 historia
3649 2176 3745 2216 ec-

2179 2274 2476 2330 clesiastica
2524 2277 2802 2339 gestarum
2851 2278 3035 2317 rerum
3086 2258 3284 2315 veritas
3312 2252 3614 2311 evidentius
3642 2252 3744 2306 de-

2181 2372 2514 2422 monstratur
2560 2359 2879 2424 firmiusque
2928 2351 3219 2408 stabilitur.
3263 2345 3577 2418 Hujusmodi
3634 2354 3745 2398 tres

2182 2455 2435 2528 epistolas
2466 2450 2712 2506 Historia
2742 2444 2996 2516 acephala
3034 2439 3382 2510 consequitur
3407 2438 3471 2490 ad
3503 2435 3748 2490 Athana-

2184 2553 2318 2607 sium
2348 2547 2684 2618 potissimum
2721 2558 2785 2597 ac
2824 2556 2909 2594 res
2940 2532 3332 2592 Alexandrinas
3363 2529 3660 2599 pertinens,
3693 2526 3749 2579 in

2186 2660 2289 2713 qua
2318 2616 2582 2695 nonnulla!
2608 2649 2787 2690 rerum
2826 2627 3173 2702 περιστάσεις
3202 2625 3351 2694 prius
3389 2620 3587 2689 ignota:
3614 2616 3748 2670 affe-

2189 2709 2398 2799 runtur,
2432 2728 2673 2800 quietiam
2721 2725 3055 2794 explicantur
3100 2713 3454 2773 enucleatius,
3497 2709 3743 2779 quaedam

2189 2827 2348 2881 etiam
2392 2822 2548 2875 aliter
2587 2826 2939 2878 enarrantur,
2987 2806 3194 2878 singula
3236 2816 3363 2858 vero
3411 2797 3749 2868 temporibus

2190 2925 2379 2972 exacte
2429 2926 2649 2983 prorsus
2699 2907 2951 2963 distincta
2993 2909 3150 2964 sunt;
3185 2909 3305 2966 qua:
3352 2893 3560 2946 utinam
3594 2902 3750 2942 ama-

2192 3006 2475 3065 nuensium
2526 3002 2729 3056 incuria
2777 3014 2883 3052 non
2916 2992 3189 3049 vitiasset!
3241 2988 3463 3049 Verum,
3491 2979 3634 3051 quod
3673 2987 3758 3031 est

2194 3107 2381 3154 notatu
2427 3092 2696 3165 praecipue
2754 3088 3011 3155 dignum,
3070 3093 3243 3134 annus
3301 3084 3384 3129 est
3438 3068 3761 3125 emortualis

2197 3193 2252 3248 S.
2283 3158 2800 3251 Athanasiipquem,
2830 3177 2875 3230 si
2916 3173 3070 3239 hujus
3101 3166 3341 3223 historia:
3370 3160 3618 3230 scriptori
3655 3158 3761 3213 ha-

2195 3282 2363 3338 benda
2392 3287 2475 3333 est
2504 3275 2660 3335 fides,
2685 3284 2773 3322 an.
2802 3267 2906 3320 575
2941 3261 3235 3317 decessisse
3264 3254 3655 3325 comperimus;
3689 3267 3756 3306 ex

2193 3388 2299 3444 quo
2323 3363 2654 3424 celeberrimi
2683 3353 3068 3413 Montfauconii
3101 3360 3530 3416 czeterorumque
3561 3346 3664 3399 hac
3693 3343 3762 3396 de

2197 3481 2255 3520 re
2284 3459 2562 3517 sententia:
2593 3468 2696 3506 non
2731 3461 2925 3520 parum
2958 3441 3171 3500 roboris
3201 3455 3265 3495 ac
3296 3438 3571 3495 firmitatis
3605 3448 3761 3491 acce-

2195 3556 2292 3612 dit.
2324 3551 2422 3620 Qui
2461 3560 2589 3603 vero
2620 3544 2916 3615 pleniorem
2947 3537 3016 3592 de
3062 3534 3182 3591 istis
3214 3529 3604 3589 ecclesiasticis
3641 3542 3758 3582 mos

2196 3619 2465 3702 tmmentis
2516 3635 2878 3707 cognitionem
2914 3627 3206 3691 desiderat,
3241 3625 3288 3679 is
3318 3622 3477 3694 legat,
3523 3636 3657 3691 quas
3683 3619 3761 3675 si-

2197 3737 2304 3793 mul
2343 3731 2576 3789 edendas
2626 3723 2957 3789 curavimus,
3005 3719 3076 3775 cl.
3134 3716 3405 3787 Scipionis
3458 3712 3656 3767 Maﬂ‘eii
3708 3711 3763 3765 in

2201 3831 2385 3886 eadem
2419 3821 2932 3881 animadversiones,
2982 3827 3075 3869 seu
3122 3811 3300 3881 potius
3350 3804 3763 3868 commentaria,

2202 3924 2253 3976 in
2288 3919 2482 3988 quibus
2523 3913 2701 3970 omnia
2733 3924 2834 3980 pro
2864 3907 3002 3961 mira
3035 3902 3237 3974 ingenii
3268 3901 3351 3956 sui
3384 3898 3643 3953 felicitate
3673 3908 3763 3947 sa-

2202 4013 2406 4086 gaciter
2434 4004 2652 4070 evolvit,
2690 4012 2747 4058 et
2789 3999 3078 4069 quuisitze
3123 3993 3448 4052 eruditionis
3495 3989 3615 4043 luce
3643 4001 3768 4056 per-

2204 4104 2403 4168 fundit,
2432 4102 2561 4172 quin
2591 4098 2754 4154 etiam
2781 4093 2963 4150 obiter
2990 4090 3171 4162 aliqua
3204 4086 3540 4143 eruditorum
3583 4086 3762 4134 errata

2205 4197 2454 4265 castigat.

2276 4334 2342 4389 ν.
2377 4330 2595 4386 Graecus
2633 4336 2846 4394 quoque
2897 4328 3078 4376 textus
3123 4312 3369 4384 Epistula:
3396 4309 3466 4362 ad
3496 4321 3683 4377 papam
3727 4311 3776 4357 et

2210 4429 2405 4484 clerum
2421 4420 2704 4476 Persarum
2722 4411 3215 4487 prretermittendus
3229 4402 3472 4463 nonfuit,
3494 4414 3558 4454 ne
3577 4398 3701 4467 quid
3723 4396 3774 4447 in

2212 4523 2314 4577 hac
2344 4531 2476 4573 nova
2506 4514 2739 4583 Operum
2771 4503 3049 4562 Athanasii
3075 4499 3387 4556 collectione
3416 4494 3645 4546 deesset.
3674 4488 3779 4540 La-

2050 4652 2053 4657 -
2139 4584 2185 4639 Ῑ)
2217 4614 2385 4665 tinum
2422 4577 2568 4677 typis
2607 4600 2922 4657 excudimus
2954 4604 3082 4648 tom.
3111 4589 3177 4653 II,
3210 4602 3330 4658 pag.
3367 4581 3470 4637 649
3494 4596 3510 4645 ;
3536 4577 3782 4633 Graecum

2218 4668 2626 4774 primus'dedit
2669 4693 2739 4748 cl.
2790 4683 3221 4745 Montfauconius
3270 4678 3324 4732 in
3353 4673 3493 4728 Bibl.
3536 4668 3782 4731 Coislin.,

2220 4758 2345 4868 pag.
2377 4788 2664 4858 269,unde
2695 4799 2791 4839 nos
2831 4782 2977 4837 illum
3002 4771 3413 4843 desumpsimus.
3443 4761 3645 4868 De’hac
3672 4758 3787 4859 cpi:

2223 4848 2357 4944 stoila
2390 4881 2523 4938 nihil
2545 4879 2845 4935 addendum
2876 4869 3076 4927 Manilo
3100 4865 3240 4935 quod
3266 4857 3455 4912 Latino
3482 4852 3597 4919 ejus
3614 4848 3786 4903 textui

2224 4972 2556 5033 Benedictini
2592 4964 2839 5029 monachi
2867 4957 3267 5032 prazmiserunt.

2298 5120 2388 5177 Vl.
2413 5120 2605 5175 Exstat
2635 5126 2767 5171 tom.
2796 5109 2906 5175 VII,
2935 5121 3056 5177 pag.
3085 5100 3208 5165 846,
3256 5092 3419 5150 Nam
3448 5086 3792 5143 conciliorum

2231 5214 2591 5277 Collectionis,
2642 5222 2803 5280 quam
2832 5203 3088 5281 Venetus.
3123 5183 3482 5281 typographus
3529 5179 3798 5279 Antonius

2232 5310 2386 5363 Zatta
2436 5268 2598 5359 edere
2648 5268 2840 5370 pergit,
2864 5273 3144 5346 Athanasii
3192 5281 3258 5337 de
3303 5275 3523 5331 Christo
3556 5268 3799 5322 testimo-

2236 5403 2407 5466 niutn,
2434 5360 2772 5464 affertur-que.
2789 5360 3068 5443 a'Leontio
3108 5370 3402 5447 Byzantina
3437 5360 3698 5419 monacho
3746 5361 3799 5412 in

2238 5510 2397 5563 opere
2426 5489 2659 5545 nondum
2695 5484 2836 5540 edito
2878 5485 3056 5531 contra
3090 5465 3430 5525 Nestorianos
3466 5468 3511 5512 et
3537 5454 3806 5509 Eutichia-

3168 5562 3176 5563 κ
3507 5560 3514 5563 .
3630 5544 3773 5563 ne-

2242 5544 2287 5563 ,ι
2313 5544 2393 5549 η-
2427 5544 2435 5545 ,
2474 5544 2479 5545 ,

2240 5603 2353 5641 nos.
2390 5584 2639 5638 Vetustus
2667 5579 2822 5646 hujus
2868 5566 3047 5638 Operis
3083 5562 3248 5617 codex
3281 5560 3589 5610 asservatur
3630 5544 3807 5599 Vene-

2244 5639 2418 5735 tiis‘in
2442 5676 2632 5732 Grazca
2666 5639 2929 5727 DIMarci
2976 5656 3322 5717 bibliotheca.
3351 5647 3429 5704 Ex
3469 5660 3532 5701 eo
3564 5639 3805 5711 quaedam
