3998 6520
1473 395 1861 483 ριιιειτᾼτιοξ

1968 404 1981 457 ι
2017 366 2129 459 Ευ)
2169 407 2416 466 VENET.
3504 442 3558 484 ιι

223 483 521 555 exscripsit,
569 489 821 555 Latine
890 504 1169 573 reddidit,
1199 508 1338 565 notis
1385 510 1678 571 illustravit

1392 517 1678 597 illustravit
1714 517 1783 574 cl.
1809 520 1857 572 vi

1997 538 2164 591 pauca
2204 525 2463 591 dicamus.
2512 526 2733 585 Librum
2769 531 2949 603 itaque
2986 534 3062 590 Ds
3107 538 3274 595 titulis
3318 536 3560 596 Psalm-

220 573 464 668 A‘utouius
493 578 990 657 Bougiovanni,
1031 588 1283 668 misitque
1309 576 1781 668 ad‘doctissimum
1811 611 1891 663 vi-

220 680 304 770 rum
332 666 517 726 loan.
547 675 979 740 Dominicum
1013 689 1683 769 Lisnsi,archiepiscopum
1707 711 1891 770 postea

220 755 535 865 Lllceilsem,
578 773 831 847 quibus
871 764 1092 837 novam
1122 795 1173 839 et
1205 786 1589 856 amplissimam
1628 793 1891 865 concilio-

218 863 305 903 rum
325 852 814 936 Collectionem,
846 875 1032 943 cujus
1070 876 1224 945 paulo
1266 888 1390 933 ante
1420 883 1778 963 meminimus,
1809 887 1893 950 lo-j

216 946 522 1014 mpletaret.
561 954 702 1015 Hoc
751 962 1092 1023 Athanasii
1142 971 1207 1025 de
1256 946 1471 1028 Chrislo
1521 978 1886 1035 testimonium

343 1040 555 1132 ipsum
621 1062 751 1116 εει,
800 1058 977 1123 quod
1031 1060 1085 1114 in
1125 1062 1359 1132 ejusdem
1398 1066 1476 1121 De
1515 1050 1888 1126 Incarnatione

226 1124 507 1233 Verbi-Dei
528 1144 856 1217 opusculo
913 1124 1168 1227 legimus
1191 1153 1328 1209 inter
1353 1138 1706 1233 opera'dub‘ia
1731 1162 1886 1221 initio

222 1229 323 1283 ιυιιι.
347 1219 391 1274 11
425 1224 514 1294 (a)
550 1241 588 1282 ι
628 1219 1586 1323 ηιοηιιριιῑξἼΒθηθαίοιίηἰεἶθίἁιό.
1617 1248 1881 1316 Quoniam

225 1323 324 1365 vero
356 1312 416 1366 in
467 1331 543 1370 eo
592 1324 888 1388 paucula
945 1312 1201 1398 quaedam
1251 1332 1407 1389 aliter
1438 1335 1688 1407 leguntur
1721 1350 1883 1410 atque

225 1404 280 1458 ibi
310 1407 522 1464 editum
561 1411 684 1470 fuit
711 1458 730 1482 ,
769 1433 857 1474 ne
915 1423 1058 1491 quid
1097 1424 1371 1480 videamur
1405 1404 1678 1498 omittere,
1707 1404 1882 1502 placet

228 1498 332 1551 illud
380 1502 491 1557 hoc
543 1504 685 1562 loco
749 1512 1068 1579 proferre.
1106 1516 1241 1569 ΤΟΥ
1271 1518 1596 1574 ΜΕΓΑΛΟΥ
1623 1498 1881 1579 mm-

230 1589 382 1647 ΣΙΟΥ.
431 1594 912 1673 Ὀμολςηοῦμεν
948 1607 1050 1659 καὶ
1091 1604 1225 1662 εἶναι
1258 1611 1417 1665 αὐτὸν
1455 1612 1580 1669 Υἱὸν
1602 1614 1695 1668 τοῦ
1720 1616 1874 1686 Θεοῦ,

231 1685 310 1737 καὶ
333 1686 466 1740 Θεὸν
499 1692 669 1746 κατὰ
712 1696 999 1769 πνεῦμα,
1046 1701 1159 1755 υἱὸν
1185 1702 1469 1782 ἀνθρώπου
1506 1709 1643 1764 κατὰ
1678 1711 1873 1782 σάρκα,

234 1779 283 1828 οὗ
311 1779 397 1831 δύο
428 1780 645 1849 φύσεις
697 1787 808 1841 τὸν
847 1789 960 1843 ἕνα
994 1792 1146 1858 Υἱὸν,
1192 1794 1319 1866 μίαν
1352 1802 1751 1873 προσκυνητὴν,
1781 1805 1875 1859 καὶ

2000 631 2110 667 rum
2146 630 2176 669 a
2216 618 2555 673 sanctissimo
2591 620 2819 685 Doctore
2856 623 3019 682 fuisse
3066 630 3428 701 conscriptum
3461 648 3559 687 nos

1994 707 2241 762 dubitare
2281 726 2384 765 non
2415 711 2542 771 sinit
2565 712 2624 766 Ι).
2650 712 3006 786 Hieronymus
3042 718 3117 774 De
3146 722 3322 791 script.
3368 726 3553 780 eccles.

1993 812 2110 867 cap.
2142 797 2229 853 87.
2265 800 2324 855 S.
2354 802 2638 859 Athanasii
2669 804 2863 871 librum
2917 808 3376 879 interpretationis
3403 813 3554 869 Psal-

1991 902 2199 942 morum
2226 892 2463 962 synodus
2486 908 2699 963 quoque
2726 910 2764 949 ll
2789 894 3001 957 Nicaena
3032 913 3419 975 commemorat
3442 916 3550 962 act.

1990 978 2042 1033 6.
2080 979 2403 1051 Fragmenta
2441 986 2685 1055 quaedam
2733 988 3096 1053 Athanasiaua
3150 992 3555 1063 Expositionum

1989 1072 2043 1124 in
2071 1070 2317 1145 Psalmos
2341 1074 2529 1130 Latina
2563 1078 3013 1151 interpretatione
3062 1085 3357 1147 donaverat
3409 1086 3554 1143 Poli-

1991 1163 2201 1233 tianus;
2235 1167 2475 1235 quaedam
2505 1169 2666 1227 etiam
2706 1172 2893 1235 Daniel
2920 1174 3213 1243 Barbarus,
3239 1187 3292 1233 et
3308 1177 3552 1234 Balthas-

1984 1270 2073 1310 sar
2094 1256 2382 1325 Corderius
2412 1260 2463 1313 in
2489 1260 2703 1318 Catenis
2728 1263 2946 1321 Patrum
2980 1267 3046 1321 ad
3087 1266 3329 1337 Psalmos
3368 1280 3555 1339 protu-

1982 1344 2156 1419 lerant
2182 1365 2195 1413 ;
2227 1348 2417 1426 Petrus
2443 1351 2568 1407 item
2593 1351 2988 1419 Felckmannus
3015 1373 3079 1413 ex
3115 1359 3314 1415 Catena
3350 1360 3552 1416 Nicetm

1983 1434 2312 1497 lleracleotze
2375 1439 2672 1511 fragmenta
2708 1442 3217 1515 commentariorum
3267 1449 3549 1506 Athanasii

1980 1527 2035 1589 in
2066 1525 2302 1599 Psalmos
2335 1532 2699 1604 evolgaverat.
2736 1534 2930 1599 Postea
2962 1541 3350 1607 monachorum
3374 1542 3552 1597 Bene-

1980 1620 2302 1678 dictinorum
2326 1625 2506 1680 studio
2532 1641 2595 1680 ac
2620 1627 2895 1697 diligentia
2917 1630 3292 1699 locupletiores
3315 1635 3368 1689 in
3398 1636 3558 1690 Psal-

1978 1730 2088 1767 mos
2113 1714 2482 1784 Expositiones
2515 1717 2576 1775 D.
2602 1719 2891 1775 Athanasii
2925 1723 3261 1791 prodierunt,
3297 1735 3353 1783 et
3375 1742 3554 1796 quan-

1978 1820 2137 1873 quam
2184 1807 2591 1878 inscriptionem
2642 1827 2746 1866 non
2782 1813 2917 1867 satis
2961 1818 3243 1873 commode
3282 1818 3421 1875 libro
3475 1821 3556 1876 De

242 1870 351 1939 μίαν
370 1874 868 1951 ἁπροσκύνητον,
902 1883 1052 1937 ἀλλὰ
1082 1886 1207 1955 μίαν
1232 1888 1390 1957 φύσιν
1408 1874 1511 1944 ἐοῦ
1542 1894 1677 1965 Θεοῦ
1703 1895 1861 1965 Λόγοι

1977 1870 2144 1951 titulis
2179 1898 2518 1956 Psalmorum
2552 1904 2619 1958 ab
2648 1903 2977 1977 Hieronymo
3004 1907 3223 1965 laudato
3256 1913 3551 1969 convenire

243 1969 753 2038 σεσαρκωμέιην,
808 1976 918 2027 καὶ
949 1969 1444 2053 προσκυνουμένην
1456 1984 1593 2054 μετὰ
1617 1987 1715 2057 τῆς
1746 2004 1876 2060 cap:

250 2057 336 2119 κὸς
378 2060 531 2113 αὖτοῦ
597 2066 718 2135 μιᾷ
788 2072 1200 2141 προσκυνήσει.
1243 2073 1370 2140 Quae
1420 2087 1487 2129 ita
1536 2080 1692 2133 vertit
1744 2057 1870 2136 Ant.

256 2148 605 2219 Bougiovanni
635 2175 651 2209 :
683 2153 969 2212 MAGNI
1004 2162 1439 2221 ATHANASII.
1474 2168 1797 2238 Conﬁtentur
1825 2184 1872 2227 et

254 2242 408 2306 ipsum
430 2260 542 2298 esse
578 2246 687 2301 Dei
725 2248 987 2317 Filium,
1027 2264 1184 2324 atque
1229 2256 1395 2312 Deum
1428 2264 1709 2316 secundum
1746 2264 1871 2332 Spi—

254 2333 477 2399 ritum,et
503 2339 688 2406 ﬁlium
716 2344 974 2399 hominis
1006 2353 1288 2413 secundum
1321 2368 1549 2419 carnem,
1576 2373 1676 2411 non
1700 2370 1872 2415 autem

248 2424 377 2479 duas
411 2440 640 2486 naturas
668 2451 856 2488 unum
884 2434 1122 2501 Filium,
1148 2457 1304 2495 unam
1336 2448 1688 2513 adorandum,
1708 2450 1868 2503 aliam

250 2533 349 2592 non
381 2522 498 2574 item
525 2541 545 2588 ;
575 2526 676 2579 sed
711 2544 894 2583 unum
944 2531 1001 2584 in
1034 2532 1145 2598 ipso
1178 2533 1274 2601 Dei
1315 2534 1475 2592 Verbo
1507 2548 1752 2594 naturam
1781 2542 1869 2596 in-

249 2623 544 2679 caritatam,
583 2627 762 2688 atque
797 2610 912 2674 uno
955 2623 1237 2694 eodemque
1263 2628 1405 2681 cultu
1433 2635 1865 2700 prosequendum.

250 2699 437 2759 Elslat
466 2708 683 2774 pariter
713 2719 863 2765 tom.
895 2711 939 2777 I,
978 2729 1099 2784 pag.
1124 2716 1211 2783 3i,
1237 2699 1724 2790 Catalogicodicum
1755 2744 1871 2780 ma-

248 2796 643 2875 nuscriptorum
661 2801 1018 2877 bibliotheca:
1030 2804 1277 2861 Mediam:
1292 2808 1686 2881 Laurentinum,
1705 2832 1866 2886 quem

248 2883 709 2955 diligentissimus
748 2908 918 2965 aeque
945 2910 1011 2951 ac
1042 2899 1439 2957 eruditissimus
1466 2906 1547 2959 vir
1565 2907 1702 2979 Aug.
1732 2909 1865 2965 Mar.

246 2975 551 3036 Bandinius
566 2983 880 3041 Florentiae
905 2988 1077 3043 edidit
1106 3005 1193 3047 an.
1215 2992 1380 3059 i764;
1405 3004 1600 3063 exstat,
1622 2975 1865 3069 inquam,

248 3070 634 3142 interpretatio
668 3079 820 3133 tituli
853 3080 993 3149 psal.
1031 3098 1235 3151 Lxxvn,
1269 3102 1388 3163 qua:
1416 3087 1592 3159 Magni
1622 3091 1867 3146 Athana-

248 3162 314 3214 sii
342 3179 536 3221 nonten
574 3184 694 3238 prie
719 3184 785 3227 se
806 3171 935 3226 fert.
970 3171 1259 3247 Desumpta
1286 3188 1369 3234 est
1398 3196 1461 3236 ex
1487 3182 1623 3269 plut.
1650 3182 1716 3251 V,
1734 3187 1858 3255 cod.

1979 1988 2121 2042 ultro
2158 1991 2390 2045 fateatur
2420 1992 2871 2061 Montfauconius,
2914 2014 2975 2052 ea
3021 2008 3198 2058 tamen
3254 2002 3546 2072 genuinum

1978 2078 2036 2135 S.
2072 2078 2316 2136 Doctoris
2347 2081 2516 2137 fetum
2562 2098 2854 2143 asseverat.
2897 2090 3094 2145 Verum
3125 2092 3402 2147 enimvero
3439 2110 3545 2150 nou

1946 2170 2264 2227 .defuernnt
2302 2174 2403 2228 viri
2439 2176 2655 2245 eruditi,
2682 2180 2794 2248 qui,
2834 2194 2889 2233 re
2928 2183 3187 2238 attentius
3235 2184 3541 2252 explorata,

1972 2263 2187 2317 easdem
2246 2264 2436 2336 Magno
2493 2266 2789 2324 Athanasio
2849 2270 3246 2339 abjudicarunt.
3299 2275 3540 2330 Tandem

1972 2357 2112 2424 quod
2146 2356 2213 2411 cl.
2249 2356 2677 2414 Montfauconius
2711 2362 2763 2414 in
2806 2360 3133 2418 Praefatione
3174 2366 3239 2418 ad
3283 2381 3445 2435 opera
3481 2366 3540 2421 S.

1970 2448 2254 2502 Athanasii
2288 2449 2355 2503 ab
2390 2464 2448 2504 se
2494 2449 2547 2503 in
2594 2449 2745 2505 Nova
2778 2449 3003 2507 Patrum
3048 2453 3364 2509 Collectione
3390 2457 3543 2512 evul-

1971 2546 2092 2608 gata
2158 2553 2477 2610 persuasum
2532 2540 2632 2596 sibi
2680 2557 2801 2598 esse
2845 2543 3242 2621 afﬁrmaverat,
3280 2549 3539 2603 nimirum

1972 2641 2166 2699 pra‘ter
2198 2644 2283 2693 ea,
2323 2645 2443 2699 quae
2495 2640 2621 2687 tunc
2671 2636 2927 2701 temporis
2966 2637 3016 2690 in
3063 2636 3251 2708 vulgus
3302 2639 3537 2708 primum

1972 2719 2218 2775 mittebat
2266 2718 2325 2776 S.
2357 2721 2599 2777 Doctoris
2651 2724 2884 2793 scripta,
2916 2726 3020 2780 alia
3072 2728 3290 2799 insuper
3339 2732 3539 2788 inedita

1969 2810 2311 2875 delitescere,
2338 2812 2579 2868 eruditus
2629 2814 2711 2868 vir
2755 2814 3004 2873 Nicolaus
3040 2819 3354 2883 Antonellus
3400 2824 3541 2880 inter

1967 2919 2126 2960 manu
2177 2915 2432 2960 exaratos
2481 2906 2821 2977 bibliothecae
2870 2910 3285 2979 Barberinorum
3318 2917 3537 2974 codices

1966 2992 2361 3067 Expositionem
2409 2995 2744 3063 Psalmorum
2773 3038 2788 3066 ,
2835 3000 2947 3063 sive
2999 3002 3193 3059 librum
3248 3004 3325 3061 De
3365 3008 3536 3065 titulis

1969 3085 2324 3159 Paulinorum,
2351 3089 2417 3144 de
2439 3104 2545 3157 quo
2574 3090 2804 3159 agimus,
2830 3090 3063 3148 feliciter
3078 3096 3299 3151 detexit.
3326 3096 3381 3152 1d
3409 3112 3535 3166 ger-

1969 3188 2183 3233 manum
2213 3187 2333 3229 esse
2361 3174 2720 3249 D.At_hanasii
2745 3192 2877 3247 opus
2905 3182 3125 3235 omnino
3156 3199 3260 3239 non
3286 3187 3534 3256 ambigit,

250 3250 395 3316 XN,
430 3257 482 3312 ίη
516 3275 632 3328 quo
668 3261 918 3321 haben“.
940 3272 1133 3335 catena
1163 3245 1517 3342 duorumdaﬁ,
1547 3245 1771 3353 paup,"
1808 3279 1859 3334 ίη
1893 3245 1935 3305 C
1968 3262 2218 3330 idemque
2251 3279 2368 3321 esse
2401 3281 2464 3321 ac
2504 3245 2696 3321 librum
2737 3245 2813 3322 De
2851 3270 3019 3325 titulis
3052 3271 3384 3328 Psalmorum
3409 3245 3532 3330 ait):

254 3334 547 3439 Psalmosi
610 3368 860 3424 cumque
919 3356 1036 3428 ipsa
1092 3334 1256 3415 etiam
1297 3363 1365 3419 ab
1416 3334 1557 3435 edita
1596 3334 1669 3439 (ὁ)
1723 3368 1863 3423 tituli

253 3437 499 3513 ejusdem
542 3445 752 3512 psalmi
783 3448 1238 3521 interpretatione
1272 3452 1518 3524 differat,
1551 3437 1861 3515 hic—saltem

257 3541 385 3596 post
414 3532 750 3593 Bandinium
792 3542 995 3597 merito
1038 3532 1394 3611 recudendam
1424 3552 1750 3618 putavimus.
1786 3552 1860 3608 Ea

256 3634 437 3679 autem
477 3638 564 3683 est
620 3630 980 3701 hujusmodi:
1021 3636 1263 3706 Ψαλμὸς
1303 3638 1400 3700 ρξ’.
1439 3641 1755 3711 Συνέσεως
1781 3644 1860 3711 τῷ

270 3715 473 3786 Ἀσάφ.
525 3722 804 3779 Ἐνταῦθα
831 3724 901 3778 τὰ
925 3726 1025 3797 τῆς
1069 3728 1296 3796 Ἐξόὸου,
1317 3730 1386 3795 τὰ
1412 3735 1518 3787 τῶν
1561 3735 1858 3808 Ἀριθμῶν,

255 3810 356 3861 καὶ
400 3812 466 3864 τὰ
516 3814 617 3867 τοῦ
667 3817 1095 3889 Δευτερονομίον
1137 3820 1324 3891 ψάλλει
1350 3864 1364 3889 ,
1398 3825 1489 3879 τὸν
1526 3826 1582 3880 δὲ
1640 3828 1857 3899 ψαλμὸν

254 3898 377 3968 ᾄδει
405 3903 481 3973 τῷ
528 3906 641 3977 νέῳ
674 3907 815 3973 λαῶ,
844 3911 1125 3982 παραινῶν
1154 3913 1230 3985 τῷ
1270 3916 1417 3988 νόμῳ
1459 3920 1748 3993 προσέχειν
1780 3921 1859 3993 τῷ

259 3990 606 4068 siuna).th
646 4016 659 4028 ο
704 3999 801 4067 τοῦ
850 4000 909 4053 δὲ
953 4003 1183 4071 παλαιοῦ
1217 4006 1323 4062 τῶν
1378 4009 1643 4065 Ἰουδαίων
1679 4013 1855 4083 δήμου

261 4088 606 4161 κατηγορῶν,
624 4090 705 4155 ὡς
738 4091 1077 4164 ἀγνώμονος,
1115 4098 1205 4150 καί
1233 4099 1527 4172 ἀχαριστίᾳ
1556 4101 1653 4167 τὰς
1702 4104 1858 4177 εὐερ-

260 4179 444 4241 γεςίας
462 4181 878 4254 ἁμειψαμένου,
897 4188 1195 4257 παρορμῶν
1226 4190 1281 4242 δὲ
1313 4192 1459 4262 ἡμᾶς
1486 4193 1578 4247 ἐπὶ
1599 4196 1699 4267 τὴν
1728 4196 1855 4250 σύν-

266 4282 375 4319 εςιν
412 4271 515 4325 τῶν
552 4276 980 4347 ἐπιφερομένων
1003 4315 1019 4340 ,
1049 4279 1355 4348 Συνέσεως
1404 4281 1500 4354 τὴν
1546 4286 1856 4360 ἐπιγραφὴν

264 4355 567 4431 ἐποιήσατο.
634 4363 773 4430 Quae
826 4380 929 4420 nos
981 4367 1052 4420 ita
1102 4368 1524 4439 interpretamur
1561 4394 1574 4429 :
1608 4355 1855 4441 Psauttis

264 4462 455 4508 Lxxm.
480 4455 863 4512 lnruuac'ws
881 4457 1077 4514 Asarn.
1107 4460 1276 4532 Refert
1302 4465 1355 4517 in
1377 4464 1475 4519 hoc
1506 4470 1714 4536 psalmo
1739 4490 1856 4542 qua:

1966 3354 2291 3429 Hieronymo
2344 3360 2690 3416 recensitum.
2735 3360 2885 3428 Quod
2946 3372 3003 3417 ut
3057 3364 3158 3431 sibi
3192 3367 3531 3435 persuadeat,

1965 3451 2190 3517 duorum
2228 3450 2664 3509 doctissimorum
2712 3455 2949 3510 virorum
2983 3456 3214 3536 Andrga:
3246 3458 3441 3526 Scotti,
3477 3472 3533 3516 et

1966 3541 2121 3598 Lucae
2138 3543 2395 3599 llolstenii
2424 3548 2746 3603 auctoritate
2768 3550 3037 3620 praecipue
3062 3560 3343 3619 movetur;
3366 3553 3533 3608 multa

1960 3644 2244 3703 praeterea,
2269 3650 2440 3707 eaque
2474 3654 2578 3692 non
2615 3639 2748 3694 levia
2784 3653 3097 3710 argumenta
3127 3640 3304 3708 affert,
3336 3644 3533 3714 quibus

1963 3725 2192 3796 idipsum
2227 3729 2508 3785 manifeste
2537 3731 2791 3799 evincat;
2818 3736 3063 3801 quaedam
3112 3734 3297 3801 etiam,
3332 3751 3449 3805 quae
3479 3739 3531 3792 in

1961 3820 2291 3875 contrariam
2351 3831 2559 3890 partem
2591 3821 2751 3891 objici
2798 3834 3039 3892 possent,
3090 3825 3367 3897 ingeniose
3421 3844 3530 3884 non

1960 3911 2138 3967 minus
2159 3928 2319 3983 quam
2356 3915 2565 3970 erudite
2610 3915 2824 3972 refellit.
2854 3917 3099 3989 Legenda
3128 3922 3352 3977 omnino
3382 3923 3530 3990 ejus-

1959 4004 2079 4059 dem
2098 4004 2370 4074 Praefatio,
2388 4024 2546 4078 quam
2565 4009 2827 4079 operiase
2847 4011 2992 4066 edito
3010 4014 3285 4080 prmmisit,
3306 4013 3392 4068 ubi
3418 4030 3530 4069 rem

1962 4105 2125 4153 totam
2157 4100 2313 4155 docte
2342 4101 2626 4156 admodum
2658 4118 2721 4158 ac
2763 4103 2957 4161 fusiorl
2980 4105 3118 4175 stylo
3164 4107 3527 4175 persequitur.

1961 4189 2091 4248 Utra
2125 4192 2347 4248 istarum
2369 4194 2424 4249 in
2449 4193 2690 4249 Psalmos
2716 4197 3203 4263 interpretationum
3234 4199 3530 4257 Athanasio

1960 4283 2242 4338 tribuenda
2275 4283 2366 4347 sit,
2396 4298 2531 4339 eane
2576 4283 2911 4341 Benedictiui
2962 4287 3229 4349 monachi,
3279 4303 3348 4341 an
3398 4303 3530 4343 vero

1956 4390 2117 4445 quam
2167 4375 2487 4441 Autonellus
2515 4377 2738 4442 detexit,
2780 4378 3004 4433 delinire
3038 4379 3133 4447 ipsi
3177 4394 3274 4433 nos
3301 4394 3406 4434 non
3436 4395 3532 4436 aur

1955 4468 2146 4535 demus
2179 4484 2192 4521 :
2219 4468 2369 4525 litem
2393 4469 2531 4531 hanc
2555 4470 2889 4525 eruditorum
2917 4470 3123 4540 judicio
3170 4471 3527 4527 dirimendam

266 4542 321 4592 in
359 4543 495 4600 libris
542 4546 753 4615 Exodi,
785 4549 1140 4615 Numerorum
1184 4568 1232 4610 et
1279 4556 1672 4615 Deuteronomii
1729 4580 1851 4617 nar-
1878 4587 1928 4645 Β
1958 4558 2329 4628 relinquimus.
2364 4562 2437 4614 De
2466 4562 2566 4615 hoc
2613 4577 2737 4623 uno,
2772 4561 2911 4631 quod
2947 4562 3013 4616 ad
3057 4577 3156 4617 nos
3195 4562 3410 4625 attinet,
3435 4564 3530 4616 ad-

265 4644 458 4699 ταμίαν,
491 4640 775 4707 psalmum
817 4656 939 4694 vero
978 4643 1115 4695 canit
1150 4662 1280 4699 novo
1319 4648 1535 4716 papulo,
1560 4651 1847 4708 admonens

264 4736 320 4775 ut
346 4726 436 4795 legi
468 4731 803 4801 evangelica:
853 4735 1115 4799 attendat.
1153 4734 1283 4789 Cum
1318 4747 1491 4792 autem
1518 4752 1733 4801 veterem
1756 4744 1857 4798 Ju-

260 4816 474 4872 drrorum
518 4822 796 4892 populum
840 4828 1093 4894 tanquam
1126 4825 1456 4893 insipientem
1503 4843 1730 4897 accuset,
1758 4838 1848 4902 qui

257 4905 489 4977 beneﬁcia
529 4913 693 4967 nulla
744 4913 1054 4983 gratiarum
1081 4919 1287 4971 actione
1314 4922 1626 4988 rependerit,
1656 4940 1849 4995 nosque

250 5004 420 5055 excitet
451 5008 522 5059 ad
553 5005 990 5077 intelligentiam
1017 5021 1191 5062 eorum
1232 5026 1351 5078 qua:
1386 5013 1698 5083 a/feruntur,
1731 5018 1847 5074 ideo

244 5089 535 5151 intellectus
560 5096 802 5151 titulum
835 5099 1143 5179 prwposuit.

304 5185 407 5245 ΥΠ.
442 5189 761 5262 Reliquum
818 5187 1044 5240 tandem
1083 5198 1185 5258 est,
1212 5202 1272 5247 ut
1314 5193 1380 5247 de
1407 5191 1849 5264 interpretatione

234 5277 592 5349 Psalinorum,
630 5283 769 5337 sive
814 5278 963 5333 libro
986 5278 1060 5332 De
1092 5283 1255 5338 titulis
1300 5284 1657 5352 Psalmorum,
1685 5304 1845 5358 quem

228 5384 278 5427 ut
308 5379 614 5446 genuinum
651 5375 729 5429 D.
777 5371 1070 5427 Athanasii
1102 5389 1239 5445 Opus
1269 5378 1435 5432 edidit
1462 5378 1713 5436 Nicolaus
1741 5383 1848 5436 An-

223 5470 439 5526 tonellus
466 5470 680 5525 Romae
732 5480 841 5519 an.
891 5462 1052 5529 1746,
1088 5468 1303 5539 quique,
1329 5469 1456 5525 licet
1488 5480 1838 5545 postremam,

210 5563 501 5617 maximam
527 5573 742 5617 tamen
773 5554 1016 5624 hujusce
1037 5558 1316 5616 voluminis
1339 5572 1547 5631 partem
1571 5565 1837 5634 conficiet,

263 5787 337 5857 (α)
381 5788 620 5842 Nostra:
670 5764 1042 5857 regenfjouis
1073 5784 1268 5850 quarti.
1296 5785 1453 5857 Ειηί·2

1957 4650 2253 4703 monendus
2284 4660 2368 4704 est
2399 4651 2585 4713 lector,
2631 4661 2750 4719 post
2786 4652 2991 4705 editum
3039 4667 3231 4721 nempe
3265 4651 3333 4706 ab
3357 4653 3537 4715 Anto-p

1955 4742 2095 4796 nello
2120 4741 2455 4797 Psalmorum
2497 4742 2945 4798 Commentarium
2983 4745 3263 4801 Athanasii
3312 4747 3530 4800 nomine

1952 4834 2263 4905 insignitum
2298 4835 2351 4891 in
2398 4836 2718 4894 bibliotheca
2758 4837 3319 4908 Vaticanarepertum
3363 4838 3531 4894 fuisse

1949 4930 2185 4985 codicem
2227 4930 2366 4987 inter
2408 4931 2684 4986 Palatinos
2726 4949 2779 4985 n.
2832 4930 3027 4999 XLIV,
3069 4934 3120 4988 in
3161 4948 3267 5002 quo
3306 4932 3541 4997 Psalmi,-

1951 5020 2200 5091 idemque
2225 5022 2685 5079 Commentarium
2712 5023 3110 5089 continebatur,
3130 5023 3273 5077 unde
3294 5022 3380 5077 ille
3409 5022 3527 5093 plu-

1952 5113 2117 5168 rimas
2164 5114 2441 5169 variantes
2468 5102 2729 5170 lectiones
2769 5129 2832 5167 ac
2862 5112 3235 5182 supplementa
3268 5112 3523 5182 deprom-

1949 5204 2077 5272 psit,
2127 5219 2298 5274 eaque
2345 5205 2526 5269 omnia
2575 5204 2884 5274 appendicis
2946 5204 3064 5259 loco
3128 5218 3239 5257 suae
3303 5202 3525 5257 editioni

1948 5295 2164 5364 adjecit.
2228 5294 2298 5351 Ut
2346 5297 2509 5365 igitur
2568 5295 2847 5350 Barberini
2905 5309 2968 5349 ac
3024 5295 3269 5351 Vaticani
3322 5293 3524 5347 codicis

1948 5386 2240 5442 identidem
2266 5388 2575 5443 confercndi
2607 5389 2759 5442 labor
2786 5403 2848 5442 ac
2880 5388 3093 5442 tmdium
3128 5386 3311 5440 lectori
3340 5385 3521 5439 immi-

1947 5490 2228 5546 nueretur,
2261 5481 2532 5535 variantes
2567 5480 2824 5551 lectiones
2844 5490 2899 5535 et
2919 5478 3223 5551 addimenta
3247 5477 3361 5545 suis
3386 5475 3520 5531 locis

1950 5571 2297 5637 inseruimus,
2334 5574 2536 5630 codicis
2579 5582 2784 5629 tantum
2820 5572 3029 5659 adjecto
3070 5569 3307 5637 nomine,
3340 5568 3422 5625 vel
3460 5576 3521 5622 ut

259 5844 331 5929 (ἰ)
375 5859 542 5915 Tom.
581 5856 631 5911 ll
669 5844 832 5907 edit.
852 5844 1047 5939 Paris.
1076 5844 1314 5911 diuisos
1335 5866 1389 5912 et
1417 5855 1625 5915 Veneta?
1652 5860 1804 5929 l777,
1842 5870 2036 5918 nostra:
2061 5870 2189 5916 toni.
2225 5859 2305 5914 Ill.
2343 5861 2417 5916 Is.
