3998 6534
549 419 621 459 ΧΠ

1896 401 2433 458 PliOLEGO-MENA.

546 525 747 578 dictum
781 538 842 578 ex
856 523 1019 592 plicat
1052 520 1113 577 S.
1150 523 1368 585 Doctor,
1402 538 1505 576 non
1527 523 1669 591 quod
1704 522 1979 578 inllcietur
2004 522 2121 576 sin-
2160 538 2198 587 Α
2232 532 2295 574 ut
2312 523 2573 592 aﬂirmant
2606 524 2729 594 ipsi,
2758 524 2874 580 Noe
2908 544 3033 583 sane
3057 544 3133 583 rtr
3153 540 3339 599 Justus
3366 528 3651 584 damnatus
3676 530 3795 599 fuit,

547 615 702 685 gulos
737 617 986 672 homines
1015 632 1137 671 cum
1170 616 1379 683 peccati
1433 616 1717 685 originalis
1767 616 2019 671 sordibus
2071 616 2122 669 in

545 710 721 764 lucem
750 709 879 765 edi:
908 724 1028 764 eam
1058 710 1259 781 quippe
1307 711 1397 765 ille
1435 711 1762 765 sententiam
1820 708 2126 764 clarissime

548 800 868 868 profitetur;
922 802 1016 857 sed
1064 817 1188 858 cum
1240 802 1478 858 haeretici
1521 802 1610 857 illo
1639 800 1761 857 Jobi
1820 804 1939 858 loco
1986 802 2123 868 nixi,

548 894 781 948 actualia
814 905 1038 964 peccata
1078 894 1131 950 in
1163 897 1405 966 parvulis
1450 896 1846 951 constituerent
1879 912 1894 949 :
1922 912 1987 951 ex
2023 895 2112 948 ad-

544 1001 704 1042 verso
730 994 977 1059 pugnans
1005 988 1098 1043 ille
1128 1005 1160 1043 a
1198 990 1453 1045 sordibus
1499 989 1667 1044 animi
1711 990 1779 1046 ad
1830 1005 2121 1060 corporeus

545 1080 789 1136 maculas
818 1082 937 1152 ejus
974 1083 1079 1138 loci
1133 1082 1643 1153 interpretationem
1673 1085 1955 1140 transfert.
1983 1082 2120 1150 Quia

543 1187 672 1229 vero
698 1173 849 1228 locus
876 1175 964 1230 ille
992 1175 1300 1242 Athanasii,
1328 1174 1481 1230 initio
1520 1186 1575 1231 et
1605 1175 1712 1231 fine
1739 1176 1980 1241 mutilus,
2010 1191 2118 1230 non

541 1276 711 1321 totam
742 1267 1022 1322 illius‘hac
1049 1266 1117 1322 de
1146 1283 1205 1322 re
1235 1267 1563 1322 sententiam
1603 1268 1883 1338 exprimit,
1917 1268 2014 1322 abs
2061 1281 2120 1321 re

544 1368 689 1416 esset
720 1361 808 1416 his
832 1361 1173 1431 explicandis
1205 1360 1413 1415 diutius
1453 1361 1753 1423 immorari,
1789 1374 1910 1416 cum
1946 1362 2120 1415 maxi-

539 1468 629 1508 me
654 1453 863 1522 peccati
891 1452 1170 1523 originalis
1202 1452 1513 1507 doctrinam
1538 1453 1827 1523 perspicue
1868 1454 2118 1508 Athana-

534 1550 670 1607 stus,
693 1544 1044 1613 siquisquam
1074 1544 1237 1608 alios,
1263 1544 1531 1615 enuntiet.
1576 1543 1667 1601 Sic
1709 1561 1765 1615 p.
1800 1538 1905 1601 866
1936 1564 1949 1600 :
1985 1545 2119 1601 0m—

533 1652 623 1690 nes
654 1637 829 1706 itaque
853 1638 943 1708 qui
976 1653 1042 1691 ex
1086 1638 1291 1692 Adamo
1329 1638 1601 1705 oriuntur,
1646 1640 1701 1692 in
1740 1640 2116 1708 iniquitatibus

532 1732 919 1800 concipiuntur,
945 1734 999 1784 in
1020 1730 1202 1801 proavi
1230 1731 1314 1784 sui
1350 1730 1747 1787 damnationem
1773 1733 1991 1800 collapsi
2007 1748 2027 1789 ε
2062 1742 2116 1788 et

531 1824 658 1877 alibi
696 1825 878 1879 multis
906 1824 959 1878 in
991 1823 1146 1888 locis,
1177 1837 1301 1893 quae
1330 1824 1551 1895 longum
1592 1835 1739 1882 esset
1766 1841 2110 1882 enumerare.

602 1913 891 1979 Singulare
922 1916 1213 1971 admodum
1239 1925 1323 1971 est
1354 1920 1499 1987 quod
1530 1920 1700 1974 habet
1733 1920 1791 1976 S.
1828 1920 2032 1975 Doctor
2056 1921 2107 1975 in

530 2007 645 2060 hare
673 2006 909 2061 Μαιώτιέί
934 2009 1122 2070 verba,
1154 2008 1218 2066 Si
1242 2010 1427 2065 oculus
1469 2020 1591 2066 tuus
1625 2012 1808 2067 dexter
1844 2012 2110 2067 scandali-

527 2110 612 2151 sat
645 2110 714 2163 te,
736 2117 862 2154 erue
879 2117 999 2155 eum
1027 2102 1072 2168 ',
1108 2110 1241 2170 etc.,
1265 2104 1407 2174 quod
1437 2104 1792 2160 Athanasium
1827 2106 1924 2159 arvi
1973 2121 2106 2160 con-

533 2193 723 2247 ditioni
751 2194 994 2263 apprime
1015 2198 1292 2254 convenit.
1319 2197 1411 2252 Ait
1438 2198 1637 2268 quippe
1691 2197 1801 2262 ille,
1843 2196 1975 2253 dieti
2002 2197 2104 2251 hu-

523 2285 610 2356 jus
640 2289 988 2357 expiicationi
1017 2291 1291 2356 insistens,
1313 2290 1373 2346 Si
1410 2291 1694 2361 episc0pus
1718 2299 1772 2345 et
1799 2290 2102 2362 presbyter,

524 2378 617 2444 qui
659 2389 785 2433 sunt
814 2381 1065 2452 corporis
1100 2382 1356 2437 Ecclesiae
1382 2383 1548 2451 oculi,
1590 2382 1676 2438 vel
1725 2385 1768 2439 si
1818 2382 2100 2450 diaconus,

521 2470 609 2538 qui
636 2486 734 2540 pro
768 2488 928 2527 manu
950 2474 1199 2541 habetur,
1227 2485 1323 2529 aut
1342 2475 1560 2531 demum
1588 2476 1858 2542 minister,
1886 2479 1978 2547 qui
2007 2492 2102 2548 pes

531 2576 654 2617 esse
682 2562 1023 2635 intelligitur,
1070 2566 1318 2636 improbe
1359 2576 1669 2633 versentur,
1695 2577 1748 2624 et
1782 2571 1980 2639 populo
2018 2570 2100 2624 la-

528 2666 660 2718 psus
682 2656 900 2710 occasio
928 2656 1060 2723 sint,
1103 2656 1436 2725 abjiciendos
1462 2668 1714 2729 Oportere
1739 2675 1804 2715 ex
1834 2661 2097 2731 Ecclesia,

523 2741 993 2811 gtrzestabilittsqne
1023 2758 1142 2799 esse
1169 2744 1399 2813 abiectis
1430 2746 1541 2802 illis
1587 2756 1888 2805 conventus
1913 2766 2096 2821 agere,

521 2848 681 2899 quam
713 2848 836 2887 cum
870 2834 1007 2904 ipsis
1040 2836 1444 2893 damnationem
1486 2839 1771 2896 incurrere
1807 2859 1820 2896 :
1858 2858 1978 2914 qum
2010 2859 2098 2899 res

514 2940 585 2979 ρο
618 2933 859 2995 tempore
882 2941 985 2982 non
1016 2928 1255 2984 insolens
1279 2940 1421 2987 erat.
1449 2931 1583 2987 Nam
1607 2931 1924 2990 Theodorus
1954 2934 2099 3008 Oxy-

522 3019 695 3074 rinchi
757 3021 1046 3092 episcopus
1079 3025 1148 3079 ab
1190 3024 1428 3098 Georgio
1459 3028 1667 3083 Ariano
1710 3030 2015 3096 ordinatus,
2066 3046 2094 3085 a

526 3108 673 3163 clero
702 3120 756 3164 et
780 3113 981 3182 populo
1006 3115 1250 3184 ahjectus
1269 3128 1372 3175 est.
1407 3117 1710 3176 Ecclesiam
1741 3136 1873 3178 vero
1901 3122 2097 3179 deinde

518 3199 842 3271 interposito
876 3209 1138 3276 temporis
1166 3212 1342 3281 spatio
1388 3213 1652 3284 regebant
1688 3213 1991 3287 presbyteri
2043 3225 2097 3272 et

516 3293 752 3349 diaconi.
818 3295 1195 3369 Similiterque
1259 3303 1528 3377 Georgius
1598 3306 2000 3362 Alexandrinus
2062 3324 2093 3363 a

518 3384 674 3452 plebe
702 3389 892 3455 pulsus
922 3403 1219 3460 narratur;
1283 3395 1528 3466 aliosque
1562 3397 1760 3452 multos
1804 3399 2029 3466 perinde
2063 3414 2092 3452 a

514 3477 708 3546 populo
737 3478 1048 3537 eliminatos
1078 3484 1220 3538 haud
1254 3485 1467 3541 difficile
1489 3495 1634 3543 esset
1655 3502 1955 3544 recensere.
1989 3490 2097 3543 Ve-

513 3586 652 3635 rum,
684 3572 785 3625 etsi
816 3572 1151 3630 Athanasius
1191 3576 1307 3633 haec
1353 3579 1553 3633 monita
1598 3578 1849 3646 dederit,
1880 3582 2093 3635 cavesis

510 3674 668 3731 putes
693 3667 913 3723 licuisse
933 3670 1149 3741 populis
1178 3671 1444 3741 prtesules
1493 3688 1641 3736 suos,
1671 3672 1773 3728 etsi
1806 3682 1990 3728 sontes
2039 3682 2093 3728 et

512 3758 810 3830 improbos,
842 3762 1313 3820 indiscriminatim
1333 3779 1398 3818 ex
1426 3764 1890 3835 Ecclesiapellerc
1923 3782 1936 3817 :
1967 3780 2089 3819 nam

514 3854 565 3906 id
587 3857 837 3911 muneris
888 3858 954 3912 ad
1004 3858 1240 3929 synodos
1270 3859 1648 3927 episc0porum
1680 3858 1982 3929 spectabat.
2020 3849 2091 3910 At

511 3962 633 4000 cum
676 3946 767 4002 illo
788 3962 902 4004 aevo
927 3950 1254 4003 Arianorum
1273 3948 1793 4018 Meletianorumque
1817 3948 2087 4018 protervia

512 4037 693 4091 omnia
718 4039 1045 4106 miscuisset,
1073 4056 1135 4095 ac
1166 4040 1535 4096 ecclesiastica
1561 4040 1949 4111 synodaliaque
1979 4049 2090 4095 sta-

512 4138 626 4183 tuta
651 4132 1052 4200 pessumdaret,
1085 4149 1207 4188 cum
1249 4131 1461 4187 venalia
1502 4133 1685 4187 omnia
1730 4132 2091 4189 conscelerati

519 4222 595 4276 illi
650 4233 1037 4294 proponerent,
1094 4224 1378 4294 episcopos
1455 4224 1777 4293 plerumque
1825 4224 2077 4277 ethnicos

510 4316 867 4384 simoniacos,
901 4320 1143 4388 aliosque
1164 4317 1438 4373 sexcentis
1476 4316 1775 4372 sceleribus
1816 4315 2087 4371 obnoxios

506 4413 859 4480 coeptarent;
895 4420 1002 4465 tum
1029 4412 1240 4467 scilicet
1276 4426 1402 4465 cum
1450 4408 1659 4463 nullum
1704 4424 1733 4463 a
1783 4407 2085 4464 Catholicis

504 4498 823 4571 prmsulibu's
846 4503 1147 4559 subsidium
1175 4502 1381 4574 sperari
1409 4511 1615 4573 posset,
1646 4500 1920 4572 oppressis
1934 4514 2089 4555 nem-

2142 1884 2187 1942 Β

2224 619 2366 688 quod
2393 618 2676 674 derisorem
2708 620 2964 676 Chamum
3000 624 3319 693 judicaverit
3370 634 3417 683 et
3449 625 3793 683 damnaverit.

2226 722 2285 765 ut
2320 723 2451 768 esset
2483 713 2710 784 fratrum
2744 731 2939 771 seruus.
2968 716 3232 772 Nimirum
3261 717 3337 771 illi
3359 719 3609 786 pactione
3639 733 3796 786 poen-

2226 805 2331 860 nite
2363 805 2612 860 homines
2641 806 2978 874 gravissimis
3024 809 3262 877 peccatis
3292 809 3581 877 obnoxios,
3612 812 3795 880 paeni-

2226 899 2410 953 tentim
2443 898 2655 966 legibus
2679 907 2734 952 et
2758 898 3125 955 satisfactione
3149 900 3419 958 immunes
3435 902 3792 958 dimittebant.

2222 993 2378 1058 Quod
2413 992 2631 1048 Arionis
2661 1002 2719 1047 et
2770 991 3073 1049 Meletianis
3101 996 3347 1064 apprime
3392 996 3666 1063 convenit,
3701 998 3791 1066 qui

2221 1086 2626 1142 ecclesiasticos
2654 1086 2792 1141 ritus
2814 1086 3260 1157 pessumdabant,
3286 1089 3423 1144 nihil
3438 1104 3544 1145 non
3558 1100 3795 1160 quaestus

2217 1192 2384 1232 causa
2422 1192 2586 1249 agere
2616 1178 2815 1248 parati.

2291 1268 2348 1324 ln
2379 1269 2529 1330 illud,
2570 1270 2754 1325 Nolite
2776 1279 2962 1326 saneta
3011 1270 3139 1327 dare
3169 1273 3409 1336 canibus,
3453 1290 3618 1344 neque
3667 1275 3795 1329 mit-

2218 1363 2344 1416 tatis
2376 1363 2695 1433 margaritas
2730 1371 2927 1418 vestras
2955 1374 3079 1419 ante
3133 1381 3321 1433 porcos
3350 1366 3393 1430 ⁸,
3426 1366 3541 1421 hac
3572 1366 3801 1437 pulchre

2215 1454 2383 1508 tradit
2409 1455 2741 1512 Athanasius
2766 1473 2781 1511 :
2817 1454 3275 1522 Quemadmodum
3294 1458 3435 1513 enim
3464 1459 3510 1513 si
3530 1459 3649 1528 quis
3673 1476 3797 1527 por-

2216 1562 2335 1598 cum
2361 1562 2389 1599 e
2417 1560 2561 1600 caeno
2590 1547 2855 1613 eduxerit,
2879 1548 2933 1600 id
2968 1548 3070 1602 sibi
3108 1566 3295 1616 porcus
3338 1552 3532 1604 damno
3568 1568 3680 1604 esse
3706 1568 3797 1603 ar-

2218 1639 2481 1704 bitratur;
2516 1640 2595 1693 ita
2627 1640 2674 1693 si
2700 1641 2817 1710 quis
2848 1639 3191 1696 libidinosum
3238 1658 3303 1697 ex
3340 1658 3481 1696 ceno
3511 1642 3792 1708 uoluptatis

2216 1737 2439 1794 avertat,
2473 1731 2518 1783 is
2559 1731 2918 1799 temperantiae
2948 1733 3312 1787 consiliarium
3344 1748 3446 1787 non
3481 1735 3662 1799 amici,
3703 1734 3792 1787 sed

2214 1821 2507 1874 adversarii
2532 1819 2646 1877 loco
2678 1820 2853 1875 liabet.
2888 1821 2972 1877 Nc
3018 1823 3361 1892 projiciamns
3410 1840 3533 1894 ergo
3584 1835 3791 1879 nostras

2216 1913 2756 1969 incontaminatorum
2793 1917 3167 1985 mysteriorum
3206 1919 3523 1987 margaritas
3554 1927 3677 1972 ante
3697 1920 3795 1972 Iw-

2215 2006 2378 2059 mines
2403 2008 2570 2073 porcis
2598 2007 2814 2062 similes.
2862 2009 2928 2062 At
2981 2009 3114 2063 dicet
3168 2010 3450 2079 quispiam,
3503 2009 3792 2064 Sacrorum

2213 2099 2489 2169 participes
2512 2114 2623 2154 esse
2650 2100 2853 2165 volunt,
2885 2112 2934 2156 ct
2966 2111 3089 2155 sunt
3120 2110 3292 2155 tamen
3319 2118 3475 2157 canes
3514 2103 3797 2172 impuden-

2211 2201 2309 2255 tes,
2331 2200 2381 2243 et
2405 2193 2552 2259 porci
2578 2191 2797 2246 salutati
2828 2195 2885 2246 in
2918 2209 3064 2247 ctrno
3108 2193 3406 2261 voluptatis.
3467 2194 3545 2247 Tu
3572 2212 3690 2249 vero
3729 2212 3793 2249 ne

2211 2284 2420 2337 dederis
2448 2300 2467 2338 :
2507 2301 2630 2338 nam
2679 2284 2807 2354 wqri
2845 2301 3050 2355 quoque
3104 2302 3299 2357 aquam
3357 2286 3649 2356 postulant,
3695 2288 3789 2340 sed

2210 2377 2403 2431 medici
2449 2385 2623 2431 vetant
2656 2394 2674 2431 :
2707 2378 2921 2447 tyranni
2949 2379 3149 2447 regiam
3199 2394 3485 2447 purpuram
3516 2391 3788 2448 expetunt,

2211 2469 2302 2522 sed
2319 2468 2462 2521 illius
2486 2468 2746 2532 custodes,
2773 2468 3065 2539 periculum
3090 2470 3436 2533 suspicantes,
3466 2484 3571 2522 non
3600 2486 3793 2523 concep

2209 2561 2355 2615 dunt.
2399 2559 2523 2614 Vide
2543 2576 2665 2630 ergo
2699 2570 2754 2613 tu
2781 2577 3003 2631 quoque,
3032 2560 3273 2628 diacone,
3311 2577 3375 2615 ne
3402 2560 3632 2630 indignis
3659 2579 3791 2626 pur-

2207 2669 2397 2721 puram
2418 2653 2771 2721 impeccabilis
2794 2656 3029 2717 corporis
3054 2656 3285 2722 prwbeas
3305 2692 3320 2717 ,
3346 2669 3409 2707 ne
3435 2654 3631 2708 rationi
3660 2656 3793 2707 red-

2207 2744 2414 2809 dendm,
2443 2761 2546 2797 non
2575 2746 2861 2798 secundum
2906 2744 3168 2799 Romanas
3196 2744 3354 2814 leges,
3376 2742 3465 2797 sed
3492 2745 3785 2798 secundum

2206 2835 2421 2890 Domini
2447 2838 2591 2890 dicta
2613 2838 2875 2911 obnoxius
2905 2838 2998 2891 sis.

2278 2926 2333 2981 ln
2368 2928 2481 2982 lucc
2510 2927 2699 2991 verba,
2724 2925 3012 2997 Propterea
3048 2928 3165 2982 dico
3191 2927 3377 2984 vobis:
3406 2928 3573 2983 Omne
3595 2944 3787 2995 pecca-

2208 3029 2316 3075 tum
2335 3030 2382 3075 et
2410 3020 2733 3089 blasphemia
2757 3021 3052 3075 remittetur
3077 3023 3399 3084 hominibus,
3426 3023 3517 3076 sed
3538 3024 3789 3091 blasphe-

2204 3114 2313 3168 mia
2338 3115 2395 3167 in
2443 3112 2699 3182 Spiritum
2733 3130 2836 3167 non
2864 3115 3162 3167 remittetur
3189 3114 3320 3167 illis.
3366 3113 3436 3167 Et
3486 3115 3788 3183 quicunque

2204 3209 2396 3262 dixerit
2418 3209 2625 3261 verbum
2659 3217 2841 3259 contra
2866 3203 3067 3257 Filium
3106 3204 3353 3267 hominis,
3379 3205 3668 3258 remittetur
3694 3207 3746 3259 ei
3762 3224 3783 3272 ,-

2197 3301 2287 3370 qui
2318 3309 2490 3353 autem
2512 3299 2711 3351 dixerit
2735 3296 2951 3351 verbum
2980 3304 3167 3347 contra
3214 3294 3477 3364 Spiritum
3510 3308 3782 3366 sanctum,

2198 3408 2301 3444 non
2328 3391 2623 3443 remittetur
2644 3390 2717 3453 ei,
2743 3403 2907 3456 neque
2932 3387 2986 3438 in
3014 3387 3111 3439 hoc
3140 3387 3357 3450 steculo,
3386 3403 3549 3455 neque
3590 3390 3646 3443 in
3692 3391 3783 3458 [u-

2197 3491 2314 3535 turo
2353 3481 2376 3512 ⁸
2411 3497 2426 3535 :
2464 3481 2710 3535 eamdem
2744 3477 3066 3547 compendio
3090 3477 3511 3547 explicationem
3543 3480 3782 3549 profert,

2193 3587 2355 3642 qnam
2401 3571 2453 3625 in
2505 3570 2613 3625 line
2668 3568 2900 3639 epistola.-
2944 3567 3080 3620 bad
3135 3568 3477 3637 Serapionem
3531 3569 3780 3639 pluribus

2193 3664 2531 3730 adduxerat;
2566 3663 2641 3716 ita
2685 3672 2746 3716 ut
2782 3660 3085 3716 sententias
3131 3675 3302 3730 prope
3355 3661 3549 3716 iisdem
3593 3664 3784 3719 verbis

2197 3762 2457 3825 usurpet;
2507 3764 2566 3809 ut
2597 3754 2679 3809 vel
2730 3752 2857 3808 inde
2888 3752 3007 3808 hac
3031 3752 3435 3807 Commentaria
3469 3754 3778 3810 certissime

2191 3847 2478 3904 Athanasii
2516 3861 2641 3903 esse
2687 3845 3026 3917 pronuntiet,
3067 3845 3321 3916 quisquis
3348 3846 3464 3900 haec
3518 3856 3776 3901 accurate

2164 3922 2377 3995 'mutuo
2406 3938 2679 3995 conferat.
2702 3937 2800 3993 llic
2823 3938 2914 3992 ille
2940 3936 3253 4008 Origenem,
3287 3946 3344 3991 ut
3370 3938 3630 4002 diximus,
3654 3953 3776 3991 car-

2191 4034 2289 4105 pit,
2314 4032 2457 4103 quod
2486 4046 2769 4102 poenarum
2800 4029 2960 4085 ﬁnem
3002 4030 3239 4099 aliquem
3270 4029 3325 4084 in
3361 4028 3545 4085 futuro
3572 4029 3775 4084 sarculo

2189 4123 2604 4194 praescripserit,
2636 4131 2693 4177 et.
2720 4122 3010 4186 Novatum,
3046 4122 3189 4192 quod
3224 4122 3601 4190 paenitentiam
3632 4123 3775 4193 reje-

2188 4215 2346 4271 cerit.
2375 4214 2579 4270 Caetera
2607 4215 2853 4270 studioso
2889 4213 3081 4269 lectori
3114 4213 3385 4269 mittimus
3413 4213 3772 4283 exploranda.

2261 4304 2392 4361 Vill.
2428 4305 2818 4360 Commentario
2847 4307 2902 4361 in
2935 4305 3134 4359 Lucem
3154 4347 3171 4375 ,
3200 4318 3260 4362 ut
3305 4308 3360 4361 in
3397 4306 3597 4361 Monito
3626 4307 3774 4361 dixi-

2189 4414 2331 4464 mus,
2368 4413 2496 4453 vere
2531 4399 2889 4452 Athanasium
2922 4399 3320 4469 edidisse,ipsa
3356 4413 3442 4453 res
3489 4399 3773 4468 perspicue

2188 4499 2613 4556 commonstrat;
2669 4499 2859 4545 contra
2907 4505 3067 4559 quam
3129 4490 3261 4546 olim
3331 4490 3769 4560 suspicabamur,

502 4608 591 4661 Pe,
610 4594 662 4647 ίη
689 4594 880 4649 exsilio
898 4594 1217 4662 degentibus
1233 4595 1466 4664 sedeque
1483 4593 1672 4658 moris;
1694 4592 1901 4648 ιίρῑιυηι
1918 4606 2087 4663 pop“-
2117 4614 2161 4675 Β
2190 4581 2440 4637 videlicet
2468 4580 2768 4651 fragmenta
2797 4580 2887 4636 illa
2912 4580 3198 4635 Athanasii
3228 4580 3303 4675 in
3318 4578 3543 4675 Lucam,
3570 4595 3691 4675 quae
3714 4581 3769 4634 in

501 4684 567 4737 lis
596 4694 717 4737 erat
734 4684 1037 4754 episcopos,
1055 4687 1145 4754 qui
1169 4685 1416 4753 luporum
1440 4684 1617 4739 instar
1634 4683 1905 4740 Ecclesias
1919 4698 2083 4751 occu-

498 4786 694 4842 pavera
704 4785 783 4838 nt,
816 4775 1017 4843 pellere
1040 4781 1084 4830 si
1105 4785 1346 4846 possent,
1362 4788 1417 4831 et
1432 4774 1686 4831 Ecclesiae
1704 4776 1848 4830 aditu
1867 4789 2077 4830 arcere.

566 4863 624 4918 ln
663 4864 815 4932 illud,
850 4863 1029 4919 Nolite
1048 4865 1315 4934 judicare,
1333 4875 1392 4921 ut
1427 4884 1530 4921 non
1552 4866 1867 4935 judicemini
1894 4866 1939 4933 ³,
1968 4866 2081 4920 hm-

498 4955 791 5011 reticorum
825 4957 910 5012 sui
962 4957 1227 5028 temporis
1260 4958 1709 5013 consuetudinem
1767 4957 1962 5026 carpit.
2001 4955 2076 5009 Ili

498 5063 741 5117 namque,
772 5048 851 5103 sic
881 5047 992 5118 ille,
1022 5064 1115 5118 per
1144 5050 1360 5104 insanos
1405 5046 1562 5120 atque
1609 5049 1932 5117 perniciosos
1962 5062 2069 5116 par-

499 5141 734 5195 nitentia:
770 5143 904 5197 ritus
935 5143 1171 5210 pecunia:
1221 5151 1482 5211 quwstum
1543 5148 1889 5207 aucupantes,
1922 5140 2074 5191 aiunt

499 5247 601 5284 non
632 5231 985 5301 judicandum
1020 5234 1124 5287 sive
1148 5233 1508 5287 damnandum
1530 5248 1640 5285 esse
1664 5246 1802 5294 eum,
1838 5230 1926 5299 qui
1959 5244 2081 5298 pec-

498 5331 617 5374 rata
656 5320 900 5376 mortalia
934 5330 1227 5392 perpetrat;
1261 5322 1335 5375 ait
1362 5320 1551 5391 quippe
1587 5320 1864 5383 Dominus,
1892 5318 2075 5373 Nolite

484 5404 759 5480 judicare,
784 5424 843 5468 ut
865 5426 972 5470 non
997 5412 1332 5484 judic‘emini.
1366 5414 1578 5480 Quodsi
1611 5415 1685 5468 ita
1706 5430 1760 5468 se
1792 5431 1870 5467 res
1899 5415 2072 5479 habet,

567 5575 589 5602 ε
623 5570 810 5629 Matth.
846 5575 1012 5642 v,29.
1089 5575 1328 5631 “Matth.
1364 5591 1458 5642 vn,
1493 5577 1541 5631 t.
1620 5575 1795 5631 ‘ibid.
1829 5576 1882 5634 6.

528 5760 538 5770 θ
567 5690 641 5757 (a)
682 5690 1015 5770 Spoctminis
1056 5696 1196 5770 loco;
1232 5697 1352 5770 haec
1384 5697 1499 5753 sint
1533 5696 1744 5770 (μωρίη
1778 5708 1967 5753 catena
1999 5697 2062 5770 _in

495 5758 702 5814 iiovum
731 5758 1140 5820 TeStamcutmu
1163 5768 1357 5822 Oxoaii
1381 5783 1526 5822 anno
1550 5758 1711 5825 l8“.
1741 5778 1967 5823 curante
1989 5767 2067 5821 δ.-

587 5831 813 5910 Cra_uter
838 5838 1015 5910 edita,
1034 5839 1099 5890 ad
1134 5841 1245 5894 hazc
1273 5856 1393 5910 cap.
1420 5857 1470 5891 γι
1494 5856 1636 5894 vers.
1669 5840 1735 5894 18
1758 5839 1929 5907 Epist.
1962 5839 1977 5890 Ι
2005 5839 2068 5892 ad

496 5903 645 5969 Con,
678 5905 706 5956 ὁ
733 5904 792 5961 δὲ
824 5908 1098 5981 πορνεύων
1148 5914 1228 5974 εἰς
1270 5903 1502 5965 ’.ξδ’ἵδῑον
1550 5911 1706 5981 σῶμα
1744 5903 2069 5982 ἁμαρτάνει,

2189 4675 2399 4731 catenis
2430 4691 2551 4729 cum
2595 4675 2982 4744 manuscriptis
3029 4683 3141 4729 tum
3176 4672 3337 4728 editis
3376 4672 3771 4727 circumferun—

2189 4778 2293 4832 tur,
2326 4782 2392 4822 ex
2425 4768 2588 4823 variis
2619 4768 2681 4825 S.
2715 4767 2983 4837 Doctoris,
3007 4766 3180 4837 iisque
3203 4765 3316 4833 jam
3348 4764 3564 4819 amissis
3593 4765 3771 4834 operi-

2187 4859 2287 4914 bus
2311 4871 2567 4931 excerpta
2598 4862 2785 4917 fuisse.
2813 4860 3029 4916 Etenim
3053 4858 3329 4915 monuisse
3350 4858 3563 4929 juvabit
3592 4859 3645 4912 in
3676 4872 3770 4912 ca-

2186 4955 2326 5009 tenis
2360 4956 2771 5026 manuscriptis,
2803 4955 2895 5010 ubi
2925 4968 3031 5009 non
3067 4968 3133 5008 ex
3154 4953 3319 5024 iustis
3343 4951 3767 5017 commentariis,

2184 5046 2277 5101 sed
2309 5062 2374 5101 ex
2405 5047 2575 5102 variis
2624 5049 2751 5103 hinc
2800 5049 2925 5103 inde
2972 5047 3249 5117 operibus,
3295 5047 3770 5117 interpretationes

2183 5136 2503 5202 adorantur,
2541 5150 2733 5195 notare
2762 5132 2983 5211 semper
3009 5149 3322 5197 catenarum
3352 5140 3670 5196 collectures
3700 5156 3769 5195 ex

2182 5230 2273 5285 tali
2304 5231 2384 5287 vel
2417 5233 2505 5287 tali
2524 5248 2687 5303 opere
2717 5233 2793 5304 (α)
2817 5235 3141 5304 exscriptam
3163 5234 3556 5303 expositionem
3578 5232 3769 5287 fuisse.

2178 5322 2256 5376 Ad
2284 5324 2399 5379 haec
2432 5340 2584 5392 vero,
2615 5326 2704 5381 hic
2744 5324 2905 5381 Lucae
2939 5326 3242 5381 versiculos
3297 5326 3485 5379 ordine
3525 5324 3682 5377 all’ert
3713 5332 3769 5377 et

2178 5416 2411 5487 explicat
2438 5418 2769 5473 Athanasius
2788 5460 2803 5485 ,
2829 5433 2943 5488 quo
2958 5417 3309 5488 perspicuum
3329 5418 3400 5474 sit
3432 5418 3604 5486 ipsum
3650 5416 3767 5487 plc-

1965 5575 1988 5609 ⁵
2019 5576 2204 5636 Matth.
2239 5594 2334 5642 xu,
2365 5578 2453 5642 51,
2483 5577 2571 5630 '52.

2171 5699 2462 5763 leguntur:
2497 5694 2608 5748 Τοῦ
2644 5694 2823 5764 ἁγίου
2865 5695 3241 5748 Ἀθανασίου.
3281 5694 3441 5764 Ἔστι
3467 5690 3762 5764 πρὸς-τού·

2174 5762 2287 5830 τοις
2320 5765 2525 5818 ἅπασιν
2560 5764 2649 5817 κακ
2700 5762 2798 5816 ’τοῦ
2844 5764 2999 5831 ἁγίου
3014 5763 3357 5834 ᾼζΑΘανασίου
3396 5762 3662 5834 ἑρμηνεῖ-α
3706 5764 3765 5812 ἐν

2176 5837 2252 5908 τῷ
2298 5834 2437 5905 Περὶ
2487 5836 2715 5906 capros?
2749 5834 2963 5903 γάμων.
3012 5832 3136 5891 llaec
3177 5844 3393 5900 catena,
3433 5832 3534 5887 nec
3583 5832 3763 5903 plura.

2180 5909 2339 5963 lien.
