3998 6526
1426 394 1930 454 ΡΒΑΞΕΔΤΙΟΝΕΒ
1968 399 2072 454 ΕΙ).
2120 399 2365 459 VENET.

173 507 246 546 nos
269 492 319 547 in
353 492 599 551 Lucam
662 508 1157 565 commentarios
1204 508 1437 577 dedisse,
1481 524 1709 580 quorum
1759 511 1845 567 hic
1874 520 1921 576 Α

178 586 570 655 aliquantulam
611 604 885 662 partem
942 602 1212 669 publicam
1247 600 1494 658 facimus.

234 680 342 748 Ipso
373 681 432 734 in
476 681 706 740 limine
737 690 1047 760 singulari
1081 692 1234 749 modo
1260 695 1626 765 cognationem
1651 695 1713 751 Β.
1737 696 1849 751 Ma-

184 770 258 824 ria
294 770 565 837 Virginis
631 790 791 831 cum
854 780 1150 836 Elizabeta
1196 783 1445 853 explanat
1504 787 1847 843 Athanasius.

191 863 465 932 Cognatam
506 878 749 934 autem,
801 872 919 939 ait,
957 875 1305 930 sanctissima:
1339 876 1571 948 Virginis
1604 879 1850 934 Elizabe-

195 969 277 1009 tum
306 957 450 1011 dixit
489 961 757 1028 angelus
788 1004 806 1030 ,
847 968 971 1020 sive
1019 969 1143 1038 quia
1182 985 1245 1025 ea:
1288 986 1390 1022 uno
1424 970 1700 1040 eodemque
1733 988 1855 1040 pro-

198 1064 273 1103 auo
298 1047 518 1104 Iacobo
545 1063 756 1107 ortum
807 1059 1002 1112 ambat
1035 1063 1305 1123 ducebant,
1338 1061 1445 1117 sive
1463 1063 1585 1131 quia
1617 1072 1737 1116 ante
1756 1067 1854 1116 da-

205 1150 288 1193 tam
312 1139 487 1209 legem
522 1142 766 1210 Aaron,
809 1149 916 1216 qui
949 1165 1018 1202 ea:
1044 1151 1177 1203 tribu
1208 1149 1326 1204 Levi
1356 1161 1500 1217 erat,
1527 1151 1852 1207 Elizabetam

210 1249 405 1286 storem
444 1237 677 1306 accepit
708 1277 728 1301 ,
784 1239 981 1306 ﬁliam
1015 1242 1313 1297 Aminadab
1353 1254 1399 1298 et
1429 1260 1658 1299 sororem
1678 1242 1854 1299 Νασι-

214 1340 400 1387 tamen:
448 1327 604 1379 tribu
636 1327 814 1384 Juda
879 1333 1016 1387 orti.
1059 1335 1324 1403 Siquidem
1363 1336 1446 1389 hic
1493 1337 1634 1405 regia
1688 1339 1854 1392 tribus

218 1413 367 1479 ludo,
400 1431 468 1469 ea:
492 1434 609 1486 qua
662 1422 1046 1476 sanctissima
1090 1424 1240 1493 Virgo
1266 1436 1447 1479 exorta
1486 1437 1583 1489 est,
1622 1429 1857 1482 sacerdo-

282 1598 333 1650 ln
352 1601 772 1669 sequentibus,
809 1620 871 1672 p.
898 1606 998 1671 5i,
1025 1615 1205 1662 contra
1223 1610 1453 1665 Arianos
1476 1612 1585 1681 agit
1602 1612 1691 1681 qui
1715 1613 1856 1668 dicto

228 1690 391 1756 Lucae,
458 1691 699 1749 Scimus
750 1705 808 1750 te
862 1699 992 1768 quis
1037 1700 1129 1765 sis,
1181 1699 1404 1757 Sanctus
1440 1702 1537 1757 Dei
1555 1704 1594 1769 ⁸,
1630 1706 1695 1759 ad
1735 1706 1854 1760 Filii

236 1788 474 1840 deitatem
528 1790 1005 1858 oppugnandam
1053 1793 1429 1849 abolebantur.
1482 1795 1589 1851 llos
1636 1809 1854 1854 sanctus

235 1878 414 1933 Doctor
456 1890 714 1937 strenue
764 1896 875 1950 pro
924 1898 1082 1938 more
1148 1900 1245 1940 suo
1290 1886 1517 1953 refellit,
1566 1890 1856 1957 eademque
1886 1869 1927 1923 Β

238 1970 343 2035 ipsa
371 1980 718 2039 argumenta
755 1988 890 2042 quas
936 1974 993 2027 in
1028 1974 1254 2044 epistola
1287 1978 1353 2031 ad
1390 1979 1668 2049 episcopos
1693 1979 1857 2054 .Egy-

242 2062 309 2128 pti
337 2070 385 2113 et
410 2060 603 2132 Libym
635 2065 993 2132 protulerat,
1023 2067 1116 2121 sed
1150 2067 1237 2121 hic
1270 2068 1629 2137 paucioribus,
1670 2071 1721 2125 in
1747 2089 1860 2127 me-

242 2154 374 2206 dium
402 2155 663 2210 adducit.
705 2154 1019 2225 Tantaque
1049 2167 1131 2211 est
1182 2159 1322 2213 inter
1350 2158 1463 2214 huic
1517 2161 1627 2216 loca
1670 2164 1859 2218 simili-

243 2246 381 2308 tudo,
411 2255 470 2299 ut
495 2247 782 2301 eamdem
822 2249 1121 2319 utrobique
1148 2248 1431 2306 Athanasii
1469 2267 1682 2309 manum
1713 2257 1858 2311 nullo

238 2336 443 2404 negotio
469 2338 882 2393 internoscas.

304 2426 538 2484 Pulchre
600 2429 975 2486 Athanasius
1026 2430 1180 2486 binos
1220 2439 1395 2488 status
1436 2450 1623 2494 eorum
1675 2440 1856 2510 quiin

236 2528 725 2595 peccatisobeunt
748 2528 1048 2600 distinguit
1080 2531 1156 2599 (p.
1186 2530 1315 2602 36):
1358 2530 1584 2586 aliorum
1630 2534 1720 2601 qui
1769 2548 1850 2586 sa.

238 2617 361 2672 tutis
384 2621 620 2688 quidem
655 2620 916 2691 aliquam
941 2621 1355 2679 sollicitudinem
1381 2624 1601 2690 habent,
1626 2624 1718 2679 sed
1747 2640 1859 2695 pra:

238 2711 504 2779 segnitie,
534 2713 810 2782 incuria,
862 2725 962 2770 aut
1009 2716 1496 2786 procrastinatione
1542 2731 1645 2771 non
1679 2718 1858 2772 omnia

239 2804 463 2871 pietatis
498 2808 706 2862 munia
742 2809 1018 2878 implent;
1071 2809 1402 2878 aliorumque
1447 2808 1690 2878 improbe
1734 2824 1858 2865 ver-

238 2897 503 2959 santium.
536 2900 636 2965 qui
665 2901 726 2955 in
755 2914 920 2955 coeno
944 2901 1233 2969 voluptatis
1259 2902 1663 2971 demerguntur,
1690 2916 1860 2970 neque

241 2986 416 3039 ullam
463 2990 683 3045 habent
748 2992 1105 3046 conscientia:
1166 3007 1373 3046 curam.
1441 2991 1718 3047 Prioribus
1765 2992 1861 3057 ait,

243 3092 616 3146 cognatorum
647 3091 713 3136 et
747 3081 1107 3136 familiarium
1153 3082 1410 3137 auxilium
1443 3082 1738 3152 prodesse;
1781 3081 1859 3134 vi-

248 3169 448 3226 delicet
475 3188 575 3229 eos
610 3189 851 3229 suorum
884 3174 1138 3243 precibus
1183 3174 1449 3244 bonisque
1486 3173 1740 3243 operibus
1770 3171 1863 3241 ju-

251 3263 409 3316 γπῑτ
446 3282 583 3319 nam
626 3265 697 3331 ii,
733 3266 938 3337 inquit,
973 3282 1092 3335 qua:
1134 3266 1376 3335 defuncto
1412 3266 1627 3320 deerant
1656 3263 1864 3331 snpple~

260 3355 387 3408 bunt
415 3370 433 3408 :
469 3356 522 3409 ei
554 3370 752 3410 autem
773 3399 792 3422 ,
832 3358 925 3425 qui
959 3358 1242 3425 posteriori
1289 3357 1446 3411 modo
1477 3364 1720 3410 versatus
1759 3363 1864 3419 est,

260 3445 440 3499 nullus
469 3448 724 3511 omnino,
757 3448 857 3513 ait,
885 3450 1119 3518 porriget
1152 3463 1361 3501 manum
1389 3464 1408 3513 ,'
1446 3457 1599 3516 atque
1637 3445 1712 3498 ita
1748 3459 1866 3497 cum

264 3539 370 3603 ipso
395 3552 608 3610 agetur,
644 3551 706 3593 ut
750 3558 914 3611 neque
957 3543 1021 3594 ab
1059 3558 1247 3607 uxore,
1289 3556 1450 3609 neque
1476 3557 1506 3592 a
1547 3538 1703 3605 ﬁliis,
1734 3537 1810 3591 vel
1836 3554 1867 3589 a

270 3616 521 3697 fratribus
547 3674 562 3697 ,
606 3643 705 3686 aut
749 3650 782 3687 a
824 3634 1063 3703 cognatis
1100 3643 1146 3687 et
1189 3632 1374 3685 amicis
1410 3630 1664 3700 juvetur;
1708 3645 1869 3700 neque

271 3721 408 3777 Deus
434 3724 592 3778 illum
623 3724 900 3779 ullatenus
931 3726 1156 3778 curabit.

340 3817 431 3871 IX.
467 3817 776 3871 Homiliam
799 3819 853 3872 in
877 3817 1153 3872 Canticum
1178 3818 1521 3883 canticorum,
1544 3824 1604 3870 ut
1633 3814 1868 3886 spuriam

278 3908 545 3973 dedimus,
587 3910 977 3979 neminemque
1015 3920 1145 3979 puto
1166 3907 1302 3974 fore,
1329 3908 1422 3979 qui
1462 3922 1525 3963 ea
1560 3909 1626 3964 de
1660 3922 1720 3963 re
1743 3901 1871 3963 coa-

284 4002 603 4056 trmersiam
636 4010 878 4058 moveat.

348 4113 414 4168 Χ.
455 4113 649 4169 Sermo
699 4114 763 4166 de
794 4111 1077 4182 patientia,
1129 4111 1267 4183 stylo
1306 4111 1523 4182 quidem
1568 4110 1769 4183 χυδαίῳ
1809 4124 1872 4165 ac

288 4206 608 4261 demissiore
634 4206 984 4275 conscriptus
1012 4213 1115 4270 est,
1147 4219 1321 4274 neque
1350 4214 1528 4258 tamen
1556 4204 1677 4259 ideo
1705 4203 1872 4256 Atha-

286 4300 430 4352 nasio
452 4297 860 4369 abjudicandus
892 4314 908 4350 :
944 4296 1053 4351 imo
1082 4312 1207 4351 vero
1232 4307 1517 4367 postrema:
1540 4296 1869 4350 Arianorum

287 4391 613 4445 carnificinae
678 4390 783 4444 sub
851 4388 1171 4444 Constantio
1233 4389 1523 4453 excitatae,
1579 4387 1867 4455 imaginem

288 4479 497 4545 praefert
525 4496 542 4532 :
574 4495 708 4535 nam
760 4480 850 4534 hic
896 4480 1133 4549 episcopi
1178 4480 1395 4533 sedibus
1428 4478 1604 4547 pulsi,
1638 4477 1871 4546 virgines

3426 420 3525 468 xm

1949 530 2087 569 mam
2117 516 2349 585 plebem,
2381 520 2637 591 virgines,
2659 522 2942 589 mulieres,
2971 523 3162 581 viduas
3185 534 3239 580 et
3268 528 3522 596 parvulos

1948 606 2256 677 alloquitur.
2284 609 2355 664 Et
2387 609 2603 667 aliunde
2659 613 2965 684 fragmenta
3016 616 3104 670 illa
3160 616 3521 685 Epistolarum

1948 697 2212 768 {estalium
2258 701 2573 771 Athanasii,
2624 720 2853 775 quarum
2912 708 3197 764 sinceritas
3241 725 3310 764 ne
3357 712 3529 765 mini-.

1949 804 2089 845 mam
2122 793 2480 862 suspicionem
2537 797 2813 864 admittit,
2860 800 3047 853 eodem
3106 816 3326 870 prorsus
3371 811 3519 866 sunt,

1949 898 2050 939 nec
2100 883 2359 942 Iintatiori
2389 887 2512 959 styli
2538 903 2736 959 genere
2764 893 3095 961 conscripta.
3149 890 3283 946 Cum
3338 905 3527 949 autem.

1948 976 2277 1032 Athanasius
2310 978 2453 1033 haud
2491 979 2652 1034 dubie
2710 980 2895 1049 pulsus
2942 991 2995 1037 et
3046 983 3320 1046 exsulans,
3381 985 3522 1045 hunc

1950 1083 2250 1124 sermonem
2300 1070 2438 1139 plebi
2482 1088 2591 1128 suae
2623 1076 2884 1145 scriptum
2938 1077 3321 1144 transmiserit,
3358 1076 3523 1149 ἐγρά-

1948 1160 2149 1232 ψαμεν,
2180 1176 2350 1232 neque
2376 1178 2612 1235 praesens
2643 1170 2900 1233 oraverit,
2934 1168 3059 1223 hinc
3096 1167 3235 1225 forte
3262 1168 3524 1238 conjicia-

1954 1262 2041 1306 tur
2070 1253 2243 1322 ipsum
2285 1268 2351 1309 ex
2382 1270 2605 1310 numero
2637 1256 2949 1326 Festalium,
2990 1258 3058 1313 ab
3085 1260 3384 1321 Athanasio
3425 1277 3529 1319 ex-

1951 1342 2160 1397 sulante
2189 1343 2499 1411 missarum,
2535 1362 2678 1405 esse.

2021 1452 2112 1507 XI.
2169 1454 2404 1511 Humilia
2448 1458 2502 1512 in
2543 1457 2740 1515 Romae
2799 1460 3113 1515 Palmarum
3173 1477 3355 1532 parem
3400 1479 3523 1518 cum

1953 1544 2204 1613 Epistolis
2254 1549 2526 1617 [estalibus
2578 1553 2984 1607 consonantiam
3046 1553 3305 1620 exhibet,
3362 1550 3526 1623 atque

1953 1639 2086 1693 adeo
2134 1639 2278 1696 illam
2326 1651 2385 1696 ut
2438 1658 2754 1713 germanum
2792 1645 3071 1700 Athanasii
3116 1661 3253 1715 opus
3287 1647 3526 1701 admitti-

1954 1746 2091 1786 mus.
2122 1731 2359 1802 Epistola
2386 1736 2490 1790 alia
2516 1736 2722 1792 festalis
2751 1738 2805 1791 in
2833 1737 3029 1792 Ramos
3054 1741 3175 1792 item
3193 1737 3523 1794 Palmarunv

1956 1822 2069 1879 sive
2099 1826 2179 1888 εἰς
2206 1826 2275 1880 τὰ
2303 1826 2431 1898 βαῖα
2451 1867 2465 1893 ,
2495 1828 2692 1898 scripta
2732 1837 2836 1894 est,
2870 1841 2929 1883 tit
2951 1830 3137 1884 videas
3166 1830 3216 1883 in
3253 1828 3528 1898 fragmen-

1958 1919 2025 1974 tis
2055 1935 2084 1974 a
2113 1920 2307 1977 Cosma
2328 1922 2583 1994 Egyptio
2621 1923 2798 1978 allatis
2829 1923 3085 1991 inferius,
3118 1940 3241 1996 pag.
3269 1925 3334 1980 78
3358 1924 3457 1995 (a).

2025 2035 2137 2091 XII.
2174 2034 2496 2105 Opusculum
2526 2039 2579 2093 in
2607 2036 2804 2091 dictum
2826 2038 3083 2105 Apostoli,
3155 2057 3173 2090 α
3204 2038 3529 2093 Noviltomi-

1953 2142 2069 2181 nem
2098 2140 2303 2195 raptum
2339 2145 2501 2199 usque
2534 2130 2601 2182 ad
2650 2131 2858 2183 tertium
2905 2130 3129 2195 uelum,
3169 2149 3188 2182 ι
3228 2146 3294 2185 ex
3341 2132 3531 2198 vitiato

1955 2218 2150 2290 linguai
2179 2220 2382 2275 Graecae
2416 2237 2512 2276 usu
2550 2221 2691 2276 inter
2715 2223 2898 2292 spuria
2935 2223 3237 2291 ablegatur.

2028 2334 2161 2389 XIII.
2215 2334 2470 2403 Opusculi
2518 2337 2572 2390 in
2612 2338 2808 2391 dictum
2846 2338 3122 2405 Apostoli,
3171 2357 3190 2389 ι
3247 2338 3412 2392 Datus
3455 2348 3528 2393 est

1953 2428 2347 2484 mihistimulus
2372 2429 2578 2497 carnis,
2618 2448 2637 2481 ι
2673 2430 2785 2499 pari
2816 2430 3029 2494 νοθείας
3064 2431 3196 2485 vitio
3228 2430 3458 2487 laborat.

2021 2521 2162 2600 .XIV.
2196 2545 2576 2615 Argumentum
2619 2546 2675 2598 in
2706 2543 2950 2600 Psalmos
2981 2545 3115 2600 nihil
3161 2560 3270 2605 non
3315 2545 3535 2615 praefert

1955 2638 2251 2694 Athanasio
2282 2653 2476 2708 magno
2504 2638 2750 2706 dignum,
2782 2638 2870 2707 qui
2905 2636 3162 2693 nonnulla
3209 2652 3277 2697 ex
3316 2636 3539 2693 Eusebii

1960 2732 2368 2787 commentariis
2405 2740 2687 2785 mutuatus
2721 2730 2950 2784 videtur.

2029 2824 2142 2878 XV.
2196 2823 2565 2893 Supplementa
2614 2824 2668 2876 in
2718 2820 2995 2888 Psalmos,
3052 2837 3117 2881 ex
3168 2821 3538 2888 manuscripto

1958 2915 2313 2970 Ambrosiano
2358 2916 2583 2982 recenti,
2633 2915 2700 2969 ad
2738 2914 2893 2969 ﬁdem
2947 2912 3270 2985 antiquioris
3317 2912 3535 2973 Scorta-

1962 3008 2124 3065 lensis
2149 3020 2368 3063 exarata
2396 3009 2680 3078 prodeunt.
2718 3006 2976 3062 Nimirum
3028 3021 3090 3062 ea
3122 3020 3242 3076 quze
3286 3005 3338 3059 in
3387 3004 3533 3063 edito

1963 3102 2242 3156 Athanasii
2297 3110 2483 3157 nostro
2514 3102 2771 3165 deerant,
2821 3101 2908 3154 hic
2945 3099 3282 3167 supplentur.
3323 3098 3436 3163 Qua
3469 3095 3539 3152 de

1891 3221 1934 3278 α
1968 3210 2025 3249 re
2056 3197 2104 3247 in
2131 3192 2332 3247 honito
2377 3193 2762 3262 supplementis
2788 3191 3007 3259 praeﬁxo
3039 3189 3254 3245 videsis.

2040 3284 2176 3341 XVI.
2218 3283 2592 3354 Fragmentum
2619 3295 2800 3338 contra
2831 3280 3242 3338 Macedonianos
3278 3280 3339 3333 τὸ
3370 3277 3537 3350 δριμὺ

1968 3378 2061 3432 καὶ
2088 3378 2149 3431 τὸ
2180 3376 2487 3448 ἀπέριττον,
2519 3377 2571 3431 id
2611 3385 2715 3437 est.
2758 3391 2879 3429 eam
2925 3373 3191 3429 sermonis
3242 3372 3371 3436 vim,
3418 3383 3539 3438 qua:

1967 3488 2179 3527 omnem
2228 3469 2651 3540 superﬂuitatem
2696 3476 2924 3532 resecet,
2977 3465 3197 3520 exhibet
3232 3484 3246 3519 :
3281 3464 3364 3518 has
3411 3477 3539 3516 vero

1970 3576 2095 3621 sunt
2126 3575 2265 3619 nota:
2292 3573 2349 3619 et
2394 3573 2613 3618 tesserae
2655 3562 2780 3633 styli
2818 3559 3207 3623 Athanasiani,
3263 3566 3321 3610 ut
3354 3556 3543 3609 obser-

1971 3668 2059 3712 vat
2084 3656 2310 3713 Photius
2349 3656 2401 3709 in
2427 3654 2774 3709 Bibliotheca.
2812 3653 2890 3707 Ad
2925 3652 3037 3706 haec
3067 3661 3245 3704 autem
3278 3649 3538 3715 integram

1971 3750 2254 3819 periodum
2315 3746 2498 3811 affert,
2558 3746 2732 3817 qualis
2777 3747 2830 3800 in
2883 3743 3120 3813 Epistula
3167 3742 3235 3795 ad
3279 3742 3541 3808 episcopos

1970 3843 2190 3913 lEgypli
2230 3852 2277 3896 et
2323 3841 2502 3913 Libya:
2540 3841 2757 3911 legitur,
2803 3848 2862 3895 ut
2902 3840 3045 3895 nulla
3099 3836 3335 3892 suboriri
3374 3834 3544 3902 possit

1970 3936 2098 4009 περὶ
2152 3935 2508 4006 γνησιότητος
2561 3933 2901 4003 disceptatio.
2960 3931 3113 3987 Licet
3163 3944 3326 3999 porro
3375 3924 3541 3978 multa

1971 4042 2159 4084 contra
2196 4028 2749 4093 Pneumatomachos,
2798 4026 2912 4080 sive
2956 4020 3369 4079 Macedonianos
3407 4014 3543 4109 seri:

1971 4122 2141 4190 pserit
2182 4119 2531 4185 Athanasius,
2562 4119 2616 4174 in
2667 4118 2733 4173 iis
2772 4132 2893 4187 quae
2934 4121 3226 4185 supersunt
3255 4108 3534 4179 operibus,

1970 4230 2088 4268 eam
2121 4213 2367 4267 hmresim
2401 4212 2514 4279 ille,
2540 4211 2704 4267 tacito
2744 4223 2957 4279 semper
3000 4202 3298 4260 Macedonii
3349 4210 3403 4254 et
3436 4196 3549 4251 Ma-

1972 4305 2387 4359 cedonianorum
2439 4306 2655 4360 nomine
2702 4301 2901 4357 refellit
2932 4318 2947 4354 :
2982 4300 3181 4369 hicque
3232 4302 3443 4350 tantum
3489 4289 3552 4344 ilo

1974 4396 2054 4452 los
2088 4396 2408 4451 nominatim
2438 4396 2774 4467 perstringit.

2048 4485 2205 4541 χνιι.
2236 4486 2559 4558 Fragmenta
2599 4496 2780 4540 contra
2813 4482 3139 4538 Novatianos
3178 4470 3552 4543 ἀποπασμᾶο

289 4580 503 4636 vexatm,
536 4572 695 4641 plebs
727 4570 999 4624 catholica
1029 4570 1301 4639 exagitata
1326 4580 1377 4623 et
1410 4570 1641 4623 abducta
1676 4568 1862 4623 fertur.

1972 4595 2060 4631 τια
2087 4585 2212 4631 sunt
2238 4577 2464 4649 insignis
2489 4576 2761 4643 cujusdam
2788 4583 2975 4628 contra
3002 4570 3220 4625 eosdem
3254 4565 3546 4621 haereticos

291 4658 539 4728 Populum
579 4677 717 4732 ergo
740 4663 808 4717 ad
842 4660 1160 4731 patientiam
1190 4659 1504 4714 cohortatur
1541 4657 1601 4713 S.
1649 4657 1865 4721 Doctor,

290 4766 565 4824 monetque
596 4764 659 4809 ut
687 4753 944 4821 exemplo
974 4758 1266 4819 martyrum
1287 4792 1302 4815 ,
1337 4750 1426 4819 qui
1462 4749 1590 4804 olim
1623 4751 1864 4820 paribus,

288 4829 390 4899 imo
415 4847 798 4917 gravioribus,
832 4842 1015 4897 all'ecti
1045 4843 1300 4896 aerumnis
1334 4840 1546 4896 fortiter
1592 4856 1650 4895 se
1684 4856 1869 4912 gesse-

288 4950 435 5005 rant,
494 4941 742 4997 inflictas
796 4937 1141 4992 calamitates
1193 4935 1446 4991 alacriter
1503 4934 1751 4990 subeant.
1808 4934 1864 4988 lu

286 5031 592 5086 memoriam
660 5038 897 5086 revocat
952 5026 1076 5081 illos
1120 5026 1248 5082 olim
1313 5027 1415 5081 sibi
1468 5025 1867 5081 necessitudine

284 5122 585 5190 conjunctos
614 5121 914 5195 praesules,
943 5119 1303 5190 Paphnutium
1326 5119 1533 5175 scilicet
1563 5128 1618 5175 et
1655 5119 1867 5173 Potam-

280 5226 513 5283 monem,
572 5216 757 5271 tacito
820 5220 1004 5265 tamen
1064 5211 1310 5275 nomine,
1364 5211 1558 5279 quibus
1608 5226 1708 5280 pro
1766 5211 1867 5265 fide

272 5303 463 5364 Christi
512 5309 709 5363 fuerat
758 5304 934 5365 olim,
990 5302 1287 5371 imperante
1315 5302 1647 5366 Maximino,
1682 5302 1868 5357 oculus

265 5402 594 5473 exscuiptus.
625 5400 773 5467 Quae
804 5407 949 5449 sane
984 5393 1163 5447 omnia
1194 5394 1378 5462 operis
1419 5392 1732 5464 γνησιότητι
1775 5409 1870 5462 pa-

260 5495 623 5548 trocinantur.
667 5486 844 5556 Quod
880 5483 926 5538 si
957 5483 1081 5554 styli
1126 5489 1264 5539 ratio
1307 5484 1567 5555 populare
1599 5485 1869 5554 quidpiam

249 5600 313 5639 ac
342 5586 662 5642 demissum
702 5576 1018 5652 praeferat,
1042 5574 1176 5630 nihil
1214 5575 1447 5643 mirum,
1490 5577 1705 5647 quando
1749 5575 1872 5630 inli-

311 5701 498 5758 ‘Luc.
533 5715 621 5763 iv,
665 5696 771 5751 15.

1975 4670 2178 4740 operis,
2220 4673 2365 4737 quod
2409 4669 2463 4723 in
2529 4669 2662 4723 duos
2725 4665 2916 4721 saltem
2972 4663 3141 4717 libros
3198 4657 3547 4713 distributum

1973 4772 2109 4827 erat.
2138 4762 2415 4830 Siquidem
2451 4759 2761 4814 Novatiana:
2798 4765 2961 4811 sectae
2994 4750 3249 4822 reliquias
3278 4747 3344 4802 ad
3380 4758 3552 4814 usque

1971 4854 2257 4908 Athanasii
2294 4862 2507 4909 atatem
2535 4852 2836 4917 devenisse,
2867 4864 2975 4905 non
3016 4842 3186 4901 semel
3234 4842 3288 4896 in
3336 4837 3554 4906 scriptis

1972 4947 2084 5002 suis
2109 4946 2327 5002 denotat
2361 4947 2419 5002 S.
2469 4947 2688 5001 Doctor.
2742 4945 2800 5000 In
2849 4941 3012 5000 tertio
3058 4946 3236 4993 autem
3273 4940 3551 4999 excerpto,

1972 5052 2037 5092 ex
2066 5038 2253 5092 eodem
2275 5078 2291 5104 ,
2324 5046 2382 5090 ut
2407 5036 2656 5101 videtur,
2687 5046 2854 5104 opere
2902 5032 3205 5097 desumpto,
3249 5024 3390 5077 hanc
3448 5033 3555 5072 me-

1971 5139 2179 5183 moratu
2254 5129 2468 5198 dignam
2541 5127 2869 5181 sententiam
2945 5120 3100 5176 eﬂ‘ert
3166 5113 3550 5170 Athanasius:

1975 5219 2419 5285 Quemadmodum
2449 5217 2601 5271 homo
2634 5233 2666 5268 a
2703 5215 2971 5270 sacerdote
3010 5210 3307 5275 baptizatus
3329 5245 3343 5269 ,
3378 5201 3552 5270 Spiri-

1973 5323 2056 5366 tus
2088 5315 2257 5367 sancti
2299 5312 2470 5383 gratia
2519 5310 2886 5369 illuminatur,
2945 5307 3021 5358 ita
3057 5302 3149 5372 qui
3186 5297 3462 5364 conﬁtetur
3493 5293 3550 5344 in

1973 5406 2274 5473 paenitentia
2296 5445 2309 5465 ,
2349 5421 2439 5473 per
2471 5404 2790 5457 sacerdotem
2821 5398 3018 5455 Christi
3062 5392 3235 5466 gratia
3285 5385 3551 5441 remissio-

1975 5506 2091 5543 nem
2119 5490 2328 5555 accipit.

2050 5581 2069 5602 ‘
2102 5578 2284 5635 XVIII.
2316 5580 2596 5637 Accedunt
2624 5580 2681 5634 in
2710 5578 2811 5632 hac
2836 5582 3019 5629 nostra
3056 5568 3293 5624 editione
3312 5566 3418 5621 duo
3443 5557 3559 5614 alia

301 5802 380 5875 (a)
415 5796 562 5853 Vide
602 5789 795 5870 hujus
830 5781 1090 5840 editionis
1134 5792 1261 5839 tom.
1292 5781 1377 5855 -ll,
1424 5790 1542 5853 post
1585 5781 1862 5839 Athanasii
1898 5780 2156 5853 Epistolas
2181 5778 2403 5847 fesm'es.
2440 5777 2595 5831 Eon.
