3998 6526
1248 419 1616 474 ΡΒᾸΞΓΑἹῚΟ
1653 416 1867 474 EDlTlC

1970 416 1996 470 5
2031 413 2525 470 BENEDICTiNzﬁ.
3423 428 3497 467 π

178 521 584 587 censebitur.
627 527 849 601 Quid
883 533 948 594 si
986 534 1242 595 accedat
1274 534 1575 596 Ludovici
1609 534 1848 608 Magni,
1875 531 2048 610 quod
2079 545 2280 592 unum
2327 527 2528 589 instar
2561 527 2848 589 omnium
2886 548 3026 591 esse
3061 529 3284 608 possit,
3311 526 3494 604 judi-

183 629 366 701 cium;
408 631 544 707 qui
586 639 663 692 te
707 634 806 695 ad
839 636 1388 712 praestantissima
1419 636 1702 697 omnium
1739 637 1991 711 negotia
2023 632 2300 707 gerenda
2336 630 2593 709 delegit,
2620 639 2678 690 et
2714 633 2801 691 tui
2837 632 3038 708 gratia
3078 638 3339 702 tantam,
3367 635 3489 690 tam

191 730 567 807 insignibus
614 733 701 794 in
779 736 1279 813 rempublicam
1339 734 1562 795 ciliciis
1611 733 1966 811 prteclaram
2026 729 2356 801 familiam,
2410 729 2717 807 singulari
2769 729 3113 800 beneﬁcio,
3149 730 3492 806 singularis

189 834 448 894 aﬂ‘ectus
491 832 763 894 indice
789 879 810 908 ,
851 835 1053 897 auxit
1088 841 1147 896 et
1178 834 1549 896 exornavit?
1578 832 1740 904 Quid
1775 833 1826 892 si
1859 831 1967 891 illa
2021 830 2251 890 summi
2283 829 2599 890 Pontiﬁcis
2634 845 2743 905 pro
2776 835 2882 888 tua
2913 827 3214 904 dignitate
3246 828 3480 900 studia,

197 935 288 1016 qui
322 934 645 997 delatum
685 955 726 999 a
793 939 1160 1001 Ludovico
1187 938 1414 1013 Magno
1450 935 1854 1005 beneﬁcium,
1889 932 2116 994 lubens
2164 931 2379 992 sanxit
2427 937 2488 991 et
2541 930 2981 991 conﬁrmavit?
3021 931 3253 990 Annon
3287 920 3507 990 virum

199 1039 477 1101 certatim
519 1055 555 1098 a
597 1039 989 1116 supremis
1042 1036 1210 1099 orbis
1247 1035 1643 1115 principibus
1673 1033 1916 1094 cultum
1949 1037 2011 1093 et
2041 1036 2329 1091 ornatum
2358 1029 2504 1107 jure
2534 1047 2604 1091 ac
2637 1029 2863 1090 merito
2896 1028 3242 1090 Athanasio
3279 1035 3496 1088 nostro

205 1149 540 1221 patronum
571 1142 966 1206 ascribere
992 1140 1369 1204 videamur?

272 1243 566 1302 Tantum
597 1241 1028 1313 Doctorem,
1052 1241 1225 1302 orbis
1265 1234 1724 1316 spectaculum,
1762 1232 2104 1312 praesulum
2136 1230 2482 1308 exemplar,
2514 1229 2678 1292 comi
2707 1229 2875 1291 haud
2904 1228 3095 1292 dubie
3123 1228 3500 1307 placidoque

215 1341 380 1401 vultu
413 1349 861 1418 excepturus
897 1359 999 1412 es,
1029 1338 1446 1402 Serenissime
1482 1335 1808 1412 Princeps.
1836 1335 1914 1394 Et
1943 1347 2186 1411 quaaso,
2221 1337 2288 1390 ut
2328 1329 2383 1390 si
2413 1330 2567 1409 quid
2603 1330 2717 1391 tibi
2767 1331 2880 1391 otii
2921 1331 3004 1391 sit
3038 1348 3069 1390 a
3102 1330 3500 1408 quotidianis

219 1440 331 1499 illis
361 1436 551 1498 curis
611 1444 686 1499 et
744 1437 1196 1518 amplissimis
1225 1433 1499 1512 negotiis
1549 1449 1692 1511 qua)
1746 1432 2032 1493 animum
2066 1429 2375 1492 distineat
2424 1436 2645 1501 tuum,
2701 1445 2782 1490 ne
2847 1446 3103 1506 gravere
3167 1428 3501 1492 Athanasii

226 1544 444 1618 scripta
487 1539 834 1611 lustrare,
873 1545 944 1600 et
988 1547 1115 1599 tam
1168 1551 1453 1612 sagacem
1499 1532 1705 1594 virum
1760 1532 2177 1593 consiliorum
2213 1530 2589 1608 participem
2652 1530 3012 1593 admittere.
3045 1531 3392 1594 Enimvero
3424 1535 3502 1594 ab

229 1643 326 1704 illo
361 1640 709 1702 ediscitur
743 1639 946 1719 quod
991 1640 1078 1701 sit
1129 1641 1486 1703 antistitum
1520 1659 1760 1705 munus
1795 1641 1943 1720 :qui
1976 1658 2118 1702 esse
2143 1641 2412 1702 debeant
2451 1639 2520 1700 in
2556 1639 2710 1710 otio,
2733 1639 2847 1720 qui
2879 1640 2945 1700 in
2981 1639 3260 1716 negotio,
3293 1639 3406 1718 qui
3435 1640 3507 1700 in

233 1738 565 1818 periculis,
606 1739 745 1817 qui
782 1739 859 1800 in
898 1737 1371 1800 calamitatibus
1405 1740 1572 1813 vitta,
1608 1740 1721 1819 qui
1756 1757 1898 1801 cum
1931 1739 2324 1819 aequalibus,
2355 1737 2464 1817 qui
2493 1736 2686 1816 plebi,
2719 1739 2832 1817 qui
2863 1739 3165 1801 Ecclesiae
3187 1738 3502 1801 hostibus.

235 1841 447 1902 Omnia
518 1839 807 1916 quippe
877 1854 1203 1911 casuum,
1269 1840 1486 1901 omnia
1541 1839 1967 1901 calamitatum
2029 1855 2262 1915 genera
2312 1857 2615 1901 emensus
2681 1840 3107 1912 Athanasius,
3178 1856 3505 1916 nunquam

240 1940 423 2001 semel
476 1938 752 1999 initum
828 1937 1101 2015 pietatis
1145 1955 1401 1999 cursum
1454 1938 1839 2010 intermisit,
1892 1936 2321 2014 omniumque
2377 1939 2682 2000 virtutum
2744 1955 2886 1999 sese
2945 1938 3265 2016 specimen
3323 1937 3510 1998 obtu-

245 2042 337 2101 lit.
382 2038 582 2099 Nemo
657 2044 774 2098 est
833 2037 953 2113 qui
1004 2037 1122 2099 tibi
1171 2039 1521 2116 sapientius
1570 2038 1836 2101 suadere
1870 2037 2071 2115 possit
2104 2039 2497 2115 Athanasio;
2549 2057 2877 2118 nunquam
2940 2039 3173 2112 labere,
3211 2040 3265 2100 si
3298 2038 3508 2116 ipsum

248 2137 478 2199 audias.

319 2239 458 2298 Haec
496 2236 687 2297 ratio
748 2236 904 2309 tibi,
938 2237 1357 2302 Serenissime
1397 2241 1721 2320 Princeps,
1768 2240 1937 2303 haud
1993 2240 2341 2320 injucunda
2379 2259 2566 2322 spero
2614 2242 2814 2304 fuerit
2862 2241 3269 2306 testiﬁcandae
3321 2238 3513 2301 obse-

243 2339 524 2418 quentia
559 2356 729 2416 erga
759 2345 827 2398 te
872 2346 1111 2400 nostrae
1143 2359 1159 2396 :
1199 2343 1657 2421 Athanasiique
1690 2344 2112 2405 concinnandi
2155 2343 2434 2405 laborem
2471 2361 2586 2406 nos
2619 2343 2949 2421 auSpicato
2989 2357 3324 2419 aggressos
3347 2340 3514 2401 arbi-

244 2437 582 2508 trabimur,
620 2437 684 2497 si
721 2436 1218 2501 lucubrationes
1255 2449 1505 2501 nostras
1533 2443 1594 2501 in
1633 2440 1820 2502 oﬂicii
1855 2439 2118 2518 signum
2154 2442 2398 2504 oblatas
2433 2443 2575 2517 tibi,
2608 2449 2783 2520 grato
2819 2442 3032 2503 animo
3067 2439 3412 2519 acceperis,
3450 2445 3515 2500 et

241 2541 691 2620 patrocinium
727 2549 922 2603 tuum
958 2545 1023 2602 te
1045 2557 1290 2605 summe
1327 2544 1679 2605 colentibus
1704 2545 2088 2622 impenderis

1592 2669 2167 2750 Obsequentissimis
2206 2668 2518 2750 monachis
2548 2667 2685 2750 orti.
2719 2666 2936 2750 Sancti
2962 2663 3282 2726 Benedicti

1824 2750 2324 2826 congregationis
2351 2749 2569 2809 Sancti
2599 2747 2836 2806 Mauri.

253 2900 3502 2926 Μ

1500 3082 2332 3209 PR/EFATIO

805 3344 933 3432 IN
1017 3338 1611 3434 UNIVERSA
1681 3340 1775 3428 S.
1850 3339 2494 3431 ATHANASII
2573 3336 3008 3430 OPERA.

1589 3541 1708 3613 (Ed.
1737 3539 1936 3596 Bened.
1969 3539 2105 3596 1698
2136 3538 2264 3612 [α].)

343 3835 527 3890 Mirari
580 3834 733 3890 subit
800 3848 976 3904 quare
1026 3848 1146 3886 cum
1207 3832 1260 3888 in
1325 3834 1666 3904 antiquorum
1712 3835 1863 3891 libris
1890 3845 1936 3900 Α
1968 3838 2184 3900 tissimi,
2207 3836 2406 3904 scripta
2437 3835 2486 3889 in
2520 3843 2629 3888 tam
2664 3833 2856 3887 misera
2891 3835 3036 3884 sorte
3057 3823 3264 3881 versari
3293 3835 3358 3877 ne
3382 3829 3533 3891 pate-

279 3927 636 3982 emeudandis
683 3938 874 3981 nostro
914 3933 969 3981 et
1000 3926 1272 3994 praeterito
1312 3941 1426 3980 aevo
1476 3936 1623 3982 tanta
1676 3928 1746 3982 sit
1783 3929 1864 3982 in-

289 4018 484 4073 dustria
540 4018 910 4081 desudatum,
954 4018 1337 4072 nonnullorum
1387 4027 1563 4073 tamen
1609 4020 1865 4075 Ecclesia:

288 4107 481 4164 Graecae
514 4109 747 4164 Patrum
795 4123 959 4178 opera
1000 4117 1246 4164 scateant
1290 4110 1519 4176 mendis,
1554 4113 1866 4165 sordescant

289 4202 476 4256 misere
517 4201 730 4270 spuriis
758 4199 1102 4266 intermista;
1130 4210 1184 4254 et
1218 4201 1343 4254 dum
1383 4201 1437 4254 in
1481 4202 1595 4256 dies
1627 4204 1867 4257 erudito-

289 4308 398 4346 rum
447 4293 711 4347 manibus
755 4301 1031 4356 teruntur,
1075 4307 1178 4346 non
1221 4292 1412 4346 sordes
1439 4292 1730 4362 deponant,
1760 4309 1865 4346 non

286 4386 350 4437 ad
396 4386 680 4440 meliorem
741 4383 1107 4438 conditionem
1160 4391 1506 4440 revocentur.
1564 4386 1690 4441 llaec
1736 4402 1868 4440 sane

288 4486 408 4529 sunt
439 4492 562 4544 quae
597 4475 857 4532 stimulos
901 4474 1060 4529 nobis
1098 4473 1444 4540 addiderunt,
1488 4486 1546 4530 ut
1578 4479 1755 4546 quoad
1789 4476 1869 4529 fa-

290 4565 450 4621 cultas
483 4567 653 4626 ferat,
677 4565 937 4619 Patribus
964 4563 1170 4617 Graecis
1197 4579 1417 4618 manum
1457 4565 1867 4633 admoveamus,

291 4661 493 4724 quando
517 4656 849 4728 jamdudum
881 4654 1055 4710 nostri
1089 4653 1314 4709 Latinis.
1345 4655 1501 4709 Prior
1536 4667 1715 4710 autem
1746 4674 1869 4711 sua-

291 4757 376 4815 pte
402 4749 672 4818 dignitate
697 4746 767 4801 ad
803 4745 1110 4814 hujusmodi
1144 4761 1326 4800 curam
1364 4759 1462 4799 nos
1485 4746 1754 4810 evocavit,
1779 4747 1868 4814 qui

287 4837 419 4891 inter
447 4839 708 4893 Ecclesiae
737 4835 945 4891 Graeca:
985 4834 1233 4891 doctores
1284 4837 1487 4904 primas
1536 4844 1702 4901 tenet,
1752 4852 1867 4888 ma-

287 4931 512 4999 gnusille
529 4929 908 4993 Athanasius,
936 4927 1086 4996 cujus
1113 4928 1314 4996 scripta
1347 4927 1582 4982 immane
1609 4936 1868 4996 quantum

289 5029 405 5082 ritio
437 5029 716 5083 laborent.
769 5023 948 5078 Nemo
992 5023 1137 5076 enim
1173 5031 1278 5090 est,
1322 5021 1414 5091 qui
1450 5021 1722 5091 percursis
1756 5020 1870 5089 ejus

282 5124 542 5188 aperibus,
591 5128 650 5175 et
705 5115 1095 5189 perturbatum
1141 5114 1404 5168 librorum
1457 5114 1704 5168 ordinem
1739 5127 1869 5165 con-

1966 3943 2174 3990 remur,
2201 3925 2418 3979 vetabat
2451 3922 2755 3978 recordatio
2799 3920 3041 3973 victoriae
3078 3917 3204 3972 olim
3244 3915 3311 3969 de
3354 3913 3536 3982 perni-

1966 4017 2288 4072 ciosissimis
2317 4015 2571 4068 Ecclesiae
2597 4012 2866 4074 hostibus,
2903 4024 3006 4063 non
3041 4007 3160 4060 aliis
3196 4018 3356 4074 quant
3389 4002 3536 4056 hisce

1969 4104 2090 4158 telis
2130 4113 2318 4172 partae.
2363 4103 2494 4168 Quis
2532 4100 2701 4164 enim,
2735 4101 2780 4154 si
2826 4095 3125 4166 perpendat
3168 4100 3428 4161 quantum
3455 4090 3537 4143 in-

1968 4195 2146 4264 genio,
2190 4203 2449 4263 quantum
2496 4192 2692 4260 peritia
2735 4191 3066 4253 litterarum,
3121 4195 3386 4254 quantum
3429 4182 3534 4235 hu-

1969 4303 2129 4342 mana
2158 4287 2331 4356 gratia
2357 4286 2598 4340 valerent
2621 4283 2943 4353 quibuscum
2971 4278 3300 4333 Athanasius
3323 4274 3540 4328 assidue

1969 4394 2065 4446 per
2111 4388 2279 4432 totam
2317 4377 2482 4430 vitam
2523 4388 2853 4444 congressus
2902 4378 3006 4434 est,
3055 4385 3162 4423 non
3215 4365 3439 4420 maximi
3475 4376 3539 4416 ea

1969 4471 2169 4538 scripta
2217 4469 2400 4533 ducat,
2447 4467 2641 4537 quibus
2687 4466 2722 4519 ii
2768 4461 3054 4532 proﬂigati,
3113 4473 3242 4513 vera
3295 4453 3540 4509 doctrina

1971 4572 2179 4616 asserta
2220 4561 2355 4615 fuit?
2391 4559 2486 4614 llis
2517 4557 2630 4612 Arii
2672 4555 2975 4618 dialectica,
3023 4549 3243 4604 Eusebii
3288 4545 3541 4598 Nicome—

1972 4653 2174 4710 diensis
2210 4650 2482 4705 calliditas
2509 4648 2618 4710 illa,
2649 4658 2850 4714 parque
2880 4639 3134 4696 maximis
3167 4635 3418 4706 gerendis
3453 4649 3542 4687 re-

1970 4748 2070 4801 bus
2099 4743 2410 4813 ingenium;
2449 4740 2534 4793 his
2574 4736 2787 4808 gentilis
2829 4735 2945 4804 ejus
2980 4727 3331 4786 Caesariensis
3359 4725 3541 4780 erudi-

1972 4840 2045 4891 tio
2069 4836 2242 4899 varia,
2262 4832 2532 4887 Theodori
2561 4827 2896 4884 Heracleotm
2923 4836 3205 4880 sacrarum
3234 4818 3539 4872 litterarum

1971 4928 2168 5000 peritia
2202 4925 2484 4982 erroribus
2520 4923 2737 4977 tuendis
2768 4920 3007 4980 addicta,
3049 4914 3135 4968 his
3178 4911 3394 5000 domum
3437 4906 3543 5000 liae-

1973 4995 2267 5074 reticorum
2304 5015 2545 5070 omnium
2576 5013 2682 5068 tela
2711 5011 2933 5079 depulsa
2985 5012 3134 5059 sunt.
3161 4999 3350 5068 Operae
3381 4995 3543 5064 igitur

1972 5111 2203 5180 pretium
2239 5109 2425 5173 fuerit,
2457 5118 2514 5161 ut
2557 5120 2621 5158 ea
2671 5103 2901 5174 pristino
2929 5097 3091 5153 nitori
3129 5092 3413 5148 restituere
3448 5101 3537 5180 cui

276 5215 529 5282 spicatas,
560 5228 767 5285 sparsa
815 5209 949 5262 hinc
984 5219 1038 5261 et
1085 5207 1213 5263 inde
1255 5207 1440 5277 spuria
1480 5205 1624 5260 nulla
1657 5205 1868 5267 νοθείας
1902 5214 1941 5268 Β
1971 5217 2168 5263 remus,
2210 5214 2307 5266 per
2344 5213 2484 5267 quae,
2523 5194 2753 5248 Numine
2789 5193 2862 5246 ita
2908 5188 3243 5260 providente,
3385 5177 3538 5285 υἷειὶ

269 5309 670 5376 signiﬁcatione
705 5304 1005 5365 distincta,
1030 5301 1329 5355 oralionem
1364 5299 1567 5368 passim
1600 5297 1868 5362 vitiatam,

264 5398 509 5467 hiulcam,
540 5401 837 5456 laceram,
868 5390 1218 5445 Homericum
1254 5389 1386 5443 illud
1421 5405 1524 5442 non
1559 5387 1865 5441 exclamet:

251 5496 453 5551 Πολλὰ
490 5496 547 5549 δ’
579 5493 866 5551 ἄναντα,
913 5481 1198 5546 κάταντα,
1239 5477 1627 5565 πάρανζάγτξὶ
1655 5473 1872 5565 adﬂari

1428 5552 1474 5602 τ’
1511 5545 1700 5618 ἦλθον

309 5678 470 5735 Tanti
508 5671 829 5734 Doctoris,
883 5664 1137 5720 omnibus
1179 5675 1326 5718 retro
1375 5661 1586 5717 sacculis
1631 5660 1869 5714 celebra-

301 5797 375 5864 (η)
405 5784 988 5864 Monendus_Lector
1017 5780 1068 5832 in
1100 5788 1241 5833 textu
1277 5788 1331 5864 et
1365 5780 1427 5858 in.
1453 5776 1607 5864 notis
1648 5773 1871 5864 paginas

230 5848 804 5924 retjjn’crihedilii‘ltis
841 5852 1082 5914 V'enctte,
1132 5868 1262 5919 quas
1322 5849 1458 5919 typis
1489 5848 1865 5916 grandioribus

1972 5306 2179 5355 sumus,
2209 5297 2269 5343 ut
2297 5305 2426 5342 sana
2461 5287 2593 5340 ﬁdes
2628 5286 2691 5338 ad
2725 5300 2825 5339 nos
2856 5296 3027 5351 usque
3062 5274 3386 5344 pervenerit.
3421 5269 3534 5355 Qua

1971 5354 2170 5436 autem
2203 5380 2434 5444 ratione,
2463 5378 2590 5446 quid
2621 5384 2800 5430 actum
2830 5375 2922 5437 sit,
2951 5382 3200 5441 quamam
3231 5354 3538 5428 hujusmodi

1972 5473 2171 5538 scripta
2209 5471 2661 5539 complectantur,
2695 5465 2881 5533 paucis
2905 5460 3212 5529 expendere
3242 5453 3396 5520 jubet
3422 5447 3540 5502 ani-

1974 5579 2114 5629 mus,
2148 5577 2269 5616 cum
2303 5561 2367 5613 de
2394 5555 2778 5621 manuscriptis
2807 5569 2871 5608 ac
2902 5551 2966 5605 de
2997 5548 3145 5618 prius
3174 5541 3335 5598 editis
3366 5550 3546 5609 pauca

1974 5651 2415 5725 prtemiserimus.

1978 5765 2360 5830 expressimus.
2399 5762 2552 5814 Eutr.

2045 5820 2114 5906 (ἐν)
2147 5837 2298 5889 Motu.
2330 5833 2489 5885 It’iud.
2525 5830 2595 5892 Ψ,
2632 5840 2769 5881 vers.
2807 5820 2926 5876 HG.
