3998 6536
489 417 578 461 XVI

1253 522 1295 577 l.

496 608 568 667 De
611 608 984 678 manuscriptis
1025 622 1072 664 et
1125 613 1190 667 de
1214 615 1485 737 :elteribus
1524 614 1798 670 Athanasii
1841 634 2056 687 operum

1183 700 1209 737 e
1251 702 1266 737 ι
1295 702 1361 738 ts.

566 786 619 840 1.
645 786 754 843 Res
786 798 869 844 est
898 792 1198 863 explorata,
1231 797 1589 861 Athanasium
1624 806 1771 852 certa
1807 798 2053 871 quaedam

493 886 655 950 opera
703 897 800 937 sua
845 901 1177 957 asservasse,
1221 891 1486 957 lustrasse
1516 908 1641 947 cum
1668 893 1723 949 id
1751 895 1917 965 otium
1950 894 2059 950 fer-

498 982 601 1037 ret,
633 974 697 1028 iis
722 978 967 1045 quaedam
1002 982 1264 1053 adjecisse
1288 984 1459 1038 sicubi
1482 999 1569 1039 res
1592 986 1919 1057 postularet:
1943 990 2060 1049 ani-

498 1065 839 1121 madversum
875 1070 925 1124 id
959 1071 1060 1127 fuit
1088 1074 1138 1127 in
1161 1074 1414 1145 Apologia
1438 1088 1623 1132 contra
1644 1079 1895 1148 Arianos,
1924 1092 1980 1136 et
2006 1082 2057 1137 in

498 1155 636 1209 libro
667 1157 743 1211 De
783 1164 1018 1239 sgnodis,
1042 1174 1097 1219 et
1137 1165 1373 1223 fortasse
1406 1168 1531 1224 aliis
1565 1170 1617 1224 in
1648 1170 1801 1226 libris
1835 1173 2058 1239 factum,

499 1245 601 1300 etsi
630 1245 772 1302 haud
805 1254 970 1308 certis
1002 1255 1144 1310 notis
1191 1258 1522 1327 deprehendi
1564 1271 1752 1331 queat.
1798 1264 2058 1321 Ordinem

500 1349 685 1394 autem
725 1357 973 1412 operum,
1001 1348 1092 1416 qui
1124 1348 1175 1402 in
1204 1350 1480 1421 plerisque
1503 1354 1885 1425 manuscriptis
1916 1356 2057 1412 idem

501 1429 616 1498 ipse
645 1445 945 1502 comparet,
973 1446 1025 1489 ut
1060 1437 1157 1491 luit
1182 1445 1432 1510 superius
1468 1447 1766 1503 recensitus
1793 1449 1893 1519 (a),
1924 1450 2061 1505 mul-

502 1522 570 1583 tis
591 1526 888 1593 secundum
926 1529 1204 1584 Athanasii
1245 1542 1459 1590 aetatem
1502 1537 1684 1592 saeculi
1739 1541 2059 1598 adornatum

501 1613 670 1670 fuisse
711 1616 837 1672 hinc
890 1619 1153 1691 tiquidpm
1182 1636 1291 1691 est,
1328 1629 1473 1698 quod
1511 1630 1678 1687 multa
1707 1633 1796 1688 ille
1826 1636 2065 1706 comple-

501 1712 684 1793 ctatur
721 1711 905 1778 spuria
949 1715 1093 1769 veris
1138 1715 1461 1788 intermista,
1501 1730 1561 1778 ut
1602 1738 1719 1780 sese
1757 1724 1975 1793 dabant,
2010 1737 2064 1784 et

502 1792 614 1851 fors
642 1796 871 1865 ferebat,
894 1803 1043 1859 nulla
1086 1818 1300 1863 servata
1353 1814 1612 1882 temporis
1641 1815 1723 1869 vel
1761 1822 2063 1889 argumenti

505 1888 736 1943 ratione.
768 1890 912 1946 Inter
951 1896 1165 1952 codices
1197 1912 1377 1956 autem
1409 1902 1750 1975 Basiliensis,
1786 1888 1939 1980 cujus
1968 1927 2065 1966 va-

504 1979 615 2033 rias
663 1980 922 2039 lectiones
964 1988 1132 2044 edidit
1176 1990 1370 2050 Petrus
1402 1996 1822 2068 Felckmannus,
1855 1979 2070 2061 caeteris

504 2078 1091 2147 praestat'antiquitate
1142 2092 1197 2138 et
1252 2090 1622 2158 accuratione,
1673 2108 1702 2145 a
1764 2095 2071 2165 Doxopatre

505 2166 739 2231 quodam
771 2178 1048 2237 exaratus,
1073 2174 1287 2230 erudito
1307 2178 1426 2233 viro
1451 2188 1507 2233 et
1532 2183 1598 2235 de
1618 2183 1903 2239 Athanasii
1934 2186 2071 2240 scri-

505 2256 617 2325 ptis
654 2259 791 2312 bene
823 2263 1041 2317 merito.
1082 2263 1182 2320 llic
1212 2268 1623 2337 explanationes
1656 2273 1782 2328 hinc
1825 2275 1947 2329 inde
1983 2278 2073 2331 ad-

500 2346 656 2414 jecit,
691 2352 905 2419 sagacis
938 2365 993 2408 et
1020 2356 1180 2425 periti
1223 2360 1454 2416 hominis
1487 2373 1668 2417 notam
1696 2364 2069 2434 praeferentes.

506 2438 793 2496 Basiliensi
832 2445 1011 2499 codici
1044 2446 1186 2501 haud
1238 2452 1467 2507 multum
1514 2456 1817 2511 concedere
1854 2468 2072 2525 putatur

510 2527 709 2600 Regius
746 2548 972 2589 numero
1002 2536 1164 2602 2284,
1205 2543 1673 2612 septingentorum
1718 2547 1940 2604 circiter
1982 2566 2075 2605 an-

510 2634 721 2685 norum,
752 2626 980 2694 egregia
1014 2638 1173 2695 notae,
1206 2631 1298 2699 qui
1325 2631 1454 2687 olim
1494 2632 1597 2687 fuit
1636 2640 1950 2693 monasterii
1977 2640 2070 2707 τοῦ

509 2714 769 2785 Κυρίζου,
803 2734 924 2772 nam
970 2721 1045 2774 ita
1080 2722 1208 2776 lolio
1241 2725 1450 2793 primo:
1490 2728 1554 2781 Ἡ
1586 2729 1768 2800 βίΰλος
1802 2733 1938 2807 αὕτη
1974 2736 2071 2807 τῆς

510 2803 680 2874 μονῆς
706 2808 803 2877 τῆς
833 2809 1091 2880 Κυρίζου.
1131 2812 1326 2869 Postea
1361 2832 1486 2871 vero
1514 2834 1634 2873 cum
1686 2822 1741 2875 in
1789 2803 1937 2879 alias
1961 2803 2074 2879 mae

512 2902 614 2950 t'tus
663 2899 946 2954 devolutus
998 2914 1162 2969 esset,
1225 2909 1526 2963 recentiore
1568 2911 1885 2969 charactere
1933 2918 2074 2971 scri-

508 2996 657 3057 ptum
705 2988 827 3055 fuit,
860 2993 1047 3064 κτῆμα
1100 2997 1266 3068 μονῆς
1303 2998 1397 3052 τοῦ
1434 3002 1623 3075 κυρίου
1666 3005 1962 3064 Διονυσίου.
1999 3008 2074 3063 De

509 3081 724 3133 caeteris
770 3083 1052 3140 codicibus
1098 3097 1182 3141 sat
1223 3089 1359 3146 alias
1406 3092 1604 3161 agitur.
1638 3093 1736 3151 Est
1766 3111 1928 3166 porro
1963 3116 2077 3155 ma-

1838 408 2372 467 PROLEGOMENA.
2400 479 2413 502 ‘

2084 530 2128 585 Α
2160 523 2226 577 ad
2280 522 2528 578 eumdem
2591 523 2924 593 episcopum,
2978 524 3103 581 huic
3150 526 3299 583 edito
3348 528 3591 597 praeﬁxis
3625 528 3745 600 (ὁ).

2164 614 2349 669 Versio
2399 613 2690 672 Onmiboni
2735 630 2839 671 non
2882 617 3056 683 mala,
3095 633 3215 688 quae
3269 620 3403 676 satis
3461 631 3750 679 accurate

2156 705 2471 771 Gragcorum
2542 707 2861 762 sententiam
2928 708 3146 765 referat.
3206 709 3512 767 Secundum
3577 713 3748 770 hanc

2156 796 2446 852 editionem
2489 797 2788 866 publicatus
2831 809 2913 856 est
2962 799 3249 872 Hagenoae,
3281 817 3422 857 anno
3464 803 3639 869 1519,
3671 802 3751 856 li-

2158 887 2253 942 ber
2279 887 2356 941 De
2397 890 2557 944 variis
2592 891 2986 959 qua’stionibus,
3012 889 3220 951 Joanne
3263 892 3567 948 Reuchlino
3620 891 3751 948 Ca—

2157 985 2356 1057 pnione
2393 982 2709 1053 interprete,
2766 982 3108 1055 idipsumque
3164 1000 3297 1056 opus
3332 985 3517 1051 Roma:
3552 986 3737 1050 item,

2159 1091 2304 1132 anno
2332 1075 2491 1130 1525.

2229 1169 2282 1223 5.
2314 1170 2470 1222 Anno
2506 1164 2662 1231 1520,
2694 1164 2940 1231 Lutetiae,
2975 1167 3113 1238 apud
3153 1166 3415 1224 Joannem
3457 1169 3747 1238 Parvum,

2160 1260 2358 1329 prodiit
2391 1257 2675 1315 Athanasii
2725 1257 2941 1313 nomine
2970 1258 3222 1315 volumen
3253 1277 3443 1326 unum,
3469 1264 3552 1315 cui
3583 1279 3750 1332 pra:-

2159 1351 2265 1408 lixa
2298 1360 2383 1407 est
2423 1350 2650 1420 cpistola
2690 1348 2893 1405 Nicolai
2937 1349 3146 1405 Beraldi
3180 1352 3245 1405 ad
3274 1350 3589 1407 Michaelem
3624 1352 3749 1407 Bo-

2159 1449 2362 1512 detum,
2394 1445 2815 1515 Lingonensium
2844 1445 3179 1515 episcopum.
3224 1444 3320 1501 llic
3348 1458 3550 1511 autem,
3582 1463 3751 1517 prte-

2160 1550 2243 1597 ter
2290 1540 2423 1595 duas
2471 1539 2767 1601 orationes,
2801 1546 2987 1591 contra
3017 1546 3189 1606 gentes
3229 1545 3285 1591 et
3331 1537 3409 1591 De
3457 1537 3749 1592 Incarna-

2162 1633 2319 1695 tione,
2337 1629 2618 1686 Ambrosio
2634 1627 3022 1684 Camaldulensi
3048 1628 3356 1698 interprete,
3388 1630 3591 1699 reliqua
3610 1646 3753 1685 om-

2164 1726 2252 1780 nia
2274 1723 2607 1793 supposititia
2655 1730 2814 1787 sunt;
2849 1720 3125 1785 nimirum,
3163 1720 3535 1776 Commentarii
3559 1722 3756 1777 Theo-

2096 1862 2137 1917 Β
2165 1816 2394 1886 phylacti
2422 1816 2476 1868 in
2503 1812 2765 1882 Epistolas
2796 1809 2968 1877 Pauli,
3004 1811 3298 1880 Disputatio
3325 1823 3509 1869 contra
3538 1814 3755 1869 Arium

2170 1907 2342 1961 Probo
2388 1905 2582 1972 iudice,
2625 1904 2775 1959 Liber
2811 1903 2874 1958 de
2910 1904 3273 1958 exhortatione
3321 1905 3747 1973 monachorum,

2171 1996 2407 2050 Historia
2459 1995 2702 2065 imaginis
2746 1994 3066 2064 Berytensis,
3117 1993 3364 2063 Epistolas
3403 2010 3752 2053 summorum

2168 2086 2472 2154 pontiﬁcum
2520 2087 2589 2139 ad
2638 2084 2919 2155 Egyptios
2963 2085 3253 2155 episcopos,
3301 2083 3630 2150 Quaestiones
3667 2087 3750 2138 ad

2170 2172 2487 2229 Antiochum
2522 2188 2747 2229 numero
2779 2172 3057 2241 pauciores
3089 2188 3248 2241 quam
3289 2188 3429 2229 nunc
3455 2184 3681 2229 exstant
3732 2192 3750 2232 λ

2173 2265 2529 2336 fragmentum
2585 2266 2713 2319 item
2747 2263 2998 2334 Epistolas
3032 2264 3100 2317 ad
3132 2263 3503 2319 Marcellinum
3535 2268 3600 2320 de
3649 2267 3753 2319 in—

2171 2358 2538 2427 terpretatione
2564 2356 2921 2420 Psalmorum,
2972 2352 3088 2409 Vita
3125 2356 3403 2410 Athanasii
3431 2372 3527 2426 per
3567 2357 3752 2412 Joan-

2173 2464 2295 2503 nem
2324 2448 2621 2504 Tortelium
2655 2448 2956 2513 Aretinum,
2985 2448 3070 2503 cui
3108 2448 3453 2517 praemittitur
3486 2448 3748 2519 ejusdem

2172 2540 2395 2597 Tortelii
2423 2539 2648 2610 epistola
2674 2540 2735 2593 ad
2760 2538 3057 2607 Eugenium
3093 2536 3161 2592 iV
3198 2538 3530 2607 pontificem.

2242 2634 2296 2688 4.
2332 2632 2444 2688 Sub
2501 2631 2636 2697 hrcc,
2692 2645 2832 2685 anno
2886 2629 3047 2694 1527,
3110 2626 3416 2683 Desiderius
3471 2628 3748 2683 Erasmus

2172 2744 2295 2785 cum
2350 2728 2401 2783 in
2455 2727 2694 2782 codicem
2753 2724 3049 2789 incidisset,
3082 2721 3365 2778 Athanasii
3417 2736 3521 2776 non
3554 2736 3743 2789 pauca

2173 2820 2637 2890 complectentem,
2674 2831 2733 2871 ea
2774 2816 2964 2870 Latine
2990 2816 3155 2881 dedit,
3192 2815 3445 2868 nimirum
3484 2813 3640 2866 binas
3661 2812 3745 2893 at!

2174 2911 2514 2977 Serapionem
2555 2908 2826 2977 epistolas,
2864 2908 3077 2962 tertiam
3131 2906 3340 2962 scilicet
3366 2915 3420 2960 et
3451 2913 3743 2976 quartam,

2175 3003 2467 3073 Epistolam
2516 3003 2579 3055 de
2604 3001 2824 3054 decretis
2865 2998 3122 3065 A’ictenis,
3153 2997 3457 3067 Apologiam
3484 2998 3547 3048 de
3576 3000 3744 3064 luga,

2176 3105 2385 3167 partem
2428 3089 2695 3159 Apologitc
2742 3099 2925 3142 contra
2980 3088 3246 3151 Arianos,
3290 3085 3367 3138 De
3402 3086 3643 3154 passione
3688 3093 3752 3139 et

513 3168 910 3237 nuscriptorum
931 3175 1084 3240 ordo,
1107 3176 1284 3246 qualis
1304 3179 1479 3249 qualis
1507 3189 2071 3257 est,summoquidem
2102 3196 2142 3253 ρ
2177 3201 2326 3238 cruce
2375 3180 2617 3244 Domini,
2663 3181 2717 3232 in
2754 3179 2884 3231 illud
2915 3193 2934 3231 :
2974 3194 2992 3228 ι
3023 3176 3219 3229 Euntes
3280 3177 3334 3229 in
3386 3177 3554 3229 vicum
3592 3177 3745 3244 quod

509 3273 674 3327 opere
720 3266 1014 3331 notandus,
1058 3277 1167 3323 tum
1212 3270 1315 3326 hoc
1357 3274 1578 3330 nomine
1610 3277 1752 3345 quod
1802 3277 2071 3336 interdum

512 3352 581 3405 ab
630 3352 696 3407 iis
743 3357 1109 3424 scriptoribus
1154 3364 1425 3430 sequioris
1476 3366 1599 3431 teri,
1647 3368 1741 3435 qui
1793 3369 2076 3425 Athanasii

509 3457 675 3512 opera
714 3460 1163 3513 commemorant,
1197 3451 1422 3520 hujusce
1456 3455 1597 3508 ratio
1631 3455 1929 3524 habeatur;
1966 3470 2073 3529 tum

509 3534 674 3589 etiam
720 3548 777 3589 ut
821 3539 1012 3608 nuperi
1052 3543 1338 3610 scriptoris
1382 3542 1666 3600 dillicultas
1717 3548 1943 3617 levetur,
1981 3550 2072 3619 qui

510 3640 632 3678 cum
664 3626 717 3679 in
750 3631 1099 3684 amanuensis
1126 3630 1405 3699 cujusdam
1437 3635 1600 3688 verba
1632 3635 1932 3703 incidisset,
1968 3641 2064 3694 sci-

509 3717 635 3772 licet
666 3736 679 3773 :
718 3720 960 3792 Ἐγράφη
1003 3722 1177 3775 ὀπίσω
1226 3724 1283 3776 ὲν
1328 3723 1405 3795 τῷ
1439 3724 1522 3796 ξη⁹
1546 3726 1709 3797 λόγῳ,
1744 3728 2074 3797 inauspicato

507 3808 641 3863 satis
674 3809 956 3880 legendum
996 3814 1207 3882 putavit
1246 3815 1304 3867 ὲν
1350 3815 1428 3885 τῷ
1480 3815 1740 3888 ξυλλόγῳ,
1783 3818 1836 3872 id
1880 3833 1987 3885 est,
2014 3832 2073 3876 ut

506 3904 939 3959 comminiscitur
981 3905 1094 3972 ille,
1145 3908 1200 3960 in
1249 3907 1551 3962 collectione
1592 3921 2069 3977 monumentorum,

505 4010 668 4063 quam
690 4009 810 4050 esse
837 4005 988 4064 putat
1017 3998 1323 4069 Apalogiam
1350 4012 1531 4053 contra
1554 4001 1799 4055 Arianos.
1820 4004 1887 4057 At
1909 4005 1970 4057 τὸ
1994 4005 2073 4077 ξη¹

506 4099 627 4140 esse
663 4101 951 4141 numerum
987 4088 1077 4154 68,
1125 4090 1350 4151 cuilibet
1391 4091 1716 4148 laterculum
1764 4099 2069 4152 manuscri-

506 4188 725 4247 ptorum
766 4196 795 4233 a
827 4180 985 4239 nobis
1015 4182 1222 4237 editum
1254 4183 1564 4253 inspicienti
1601 4187 1777 4255 palam
1803 4189 1929 4242 erit.

577 4267 631 4321 2.
664 4268 840 4323 Editio
868 4279 1045 4324 autem
1077 4287 1196 4341 quae
1239 4274 1386 4341 prior
1423 4275 1621 4342 prodiit
1679 4280 1733 4328 in
1774 4278 2069 4347 publicum,

504 4367 612 4423 est,
644 4358 696 4413 ni
726 4358 906 4424 fallor,
932 4360 1232 4428 Vicentina,
1263 4377 1406 4417 anno
1431 4362 1590 4429 {482,
1610 4362 1895 4422 Leonardo
1917 4368 2073 4424 Basi-

505 4448 643 4503 lensi
694 4454 1049 4521 typographo.
1099 4453 1173 4508 lbi
1225 4470 1494 4523 perpauca
1551 4457 1834 4514 Athanasii
1901 4475 2069 4529 opera

502 4540 697 4595 Latine
750 4552 993 4610 tantum,
1037 4545 1346 4601 Omnibono
1393 4545 1700 4603 Leouiceno
1749 4552 2067 4624 interprete,

500 4635 870 4701 continentur,
898 4637 1168 4702 videlicet,
1195 4648 1305 4694 tres
1338 4650 1519 4699 contra
1543 4641 1771 4697 Arianos
1796 4648 2068 4704 Orationes

506 4727 636 4781 hinc
663 4728 788 4783 inde
811 4730 1101 4798 dispersae;
1142 4728 1328 4787 Oratio
1374 4745 1558 4789 contra
1583 4744 1763 4804 gentes
1789 4747 1843 4791 et
1874 4739 1948 4792 De
1972 4739 2069 4794 In-

504 4818 843 4883 carnatione;
876 4819 1115 4887 Epistola
1139 4822 1308 4890 prima
1329 4824 1398 4876 ad
1425 4823 1803 4894 Serapionem;
1826 4829 1984 4885 Liber
2005 4836 2069 4886 de

508 4908 880 4965 lncarnatioue
926 4911 1048 4966 Dei‘
1068 4911 1243 4983 Verbi,
1283 4927 1468 4971 contra
1493 4918 1678 4974 Arium
1703 4932 1750 4975 et
1778 4924 2066 4992 Apollina-

507 5002 678 5066 rium;
718 5002 1020 5073 Disputatio
1046 5020 1234 5061 coutra
1262 5009 1450 5062 Arium
1472 5012 1527 5065 in
1573 5015 1776 5083 synodo
1825 5016 2071 5073 Nicaana.

507 5093 669 5148 Praeit
704 5096 949 5166 ejusdem
990 5098 1277 5156 Omniboni
1316 5104 1543 5173 cpistola
1576 5111 1977 5179 nuncupatoria
2005 5112 2073 5167 ad

506 5186 730 5242 Paulum
760 5190 820 5258 ll,
861 5207 1131 5249 summum
1160 5198 1491 5265 pontiﬁcem.
1528 5200 1711 5272 Neque
1734 5212 1911 5260 tamen
1934 5206 2073 5261 idem

506 5277 849 5339 Omnibonus
900 5286 999 5342 has
1039 5287 1447 5347 lucubrationes
1489 5296 1604 5365 ipse
1648 5298 1797 5367 prelo
1831 5298 2072 5365 tradidit,

507 5372 601 5427 sed
644 5375 884 5444 ejusdem
938 5390 1114 5437 morte
1156 5388 1521 5457 praeoccupati
1572 5405 1793 5459 operam
1834 5390 2074 5459 suscepit

508 5465 785 5526 Barnabas
807 5471 1088 5541 Celsanus,
1127 5486 1188 5531 ut
1218 5479 1405 5535 videre
1441 5489 1527 5535 est
1562 5496 1628 5536 ex
1661 5481 1903 5553 epistolis
1925 5481 2070 5535 Petri

508 5554 653 5613 Bruti
681 5565 919 5635 episcopi
957 5566 1306 5628 Catharensis
1326 5573 1393 5627 ad
1419 5572 1726 5643 Celsanum,
1758 5580 1816 5628 et
1861 5572 2071 5628 Celsani

2176 3286 2359 3331 contra
2401 3290 2487 3328 vos
2521 3282 2632 3333 est;
2664 3290 2681 3323 ι
2712 3270 2785 3323 De
2814 3268 3140 3336 virginitate,
3169 3266 3221 3319 in
3253 3266 3384 3318 illud
3410 3280 3429 3320 :
3460 3284 3478 3317 ι
3502 3264 3744 3330 Quicun-

2174 3383 2271 3436 que
2323 3363 2514 3417 dixerit
2570 3359 2799 3420 uerbum,
2831 3376 2848 3407 ι
2875 3366 3005 3417 etc.,
3037 3353 3333 3422 Epistolam
3370 3354 3439 3407 ad
3486 3352 3744 3422 Serapio-

2175 3472 2311 3520 nem,
2339 3469 2458 3524 qua:
2484 3452 2659 3517 prima
2690 3447 2927 3503 omnium
2974 3445 3312 3510 est,initium
3360 3443 3485 3501 libri
3534 3443 3739 3501 Contra

2175 3563 2350 3601 omnes
2394 3545 2639 3598 hwreses.
2682 3541 2746 3595 Et
2795 3538 3029 3601 mireris,
3056 3538 3225 3592 lector
3254 3537 3491 3601 erudite,
3528 3538 3735 3607 praejn-

2173 3634 2401 3688 dicatam
2453 3630 2759 3701 opinionem
2810 3628 3033 3682 Erasmo
3084 3627 3263 3682 lucum
3315 3626 3529 3684 fecisse.
3595 3626 3733 3682 Nam

2173 3725 2299 3793 quia
2345 3721 2698 3776 Athanasium
2754 3720 2893 3775 inter
2933 3718 3245 3773 Graecorum
3303 3718 3737 3788 elegantissimos

2168 3813 2584 3876 numerandum,
2632 3825 2730 3866 nec
2787 3809 3002 3881 injuria,
3055 3808 3430 3874 aestimabant;
3487 3809 3612 3863 hinc
3650 3809 3735 3862 la-

2171 3917 2343 3974 etum,
2400 3915 2460 3960 ut
2506 3904 2781 3975 epistolam
2836 3908 3059 3973 primam
3110 3905 3180 3957 ad
3222 3900 3577 3971 Serapionem,
3607 3915 3729 3971 quze

2172 3997 2517 4068 apertissime
2576 3994 2859 4050 Athanasii
2901 4003 3005 4061 est,
3049 4009 3155 4049 non
3203 3994 3321 4049 sine
3349 3991 3595 4047 convicio
3627 4006 3727 4043 au-

2171 4091 2339 4145 ctoris
2378 4087 2672 4143 Athanasio
2710 4086 3119 4154 abjudicaverit,
3181 4083 3441 4154 quoniam
3477 4081 3730 4137 videlicet

2174 4184 2225 4236 in
2254 4197 2316 4237 ea
2347 4181 2409 4235 τὺ
2432 4178 2647 4234 εὔτονον
2661 4180 3013 4243 desideratur,
3033 4192 3145 4239 non,
3156 4177 3437 4248 scriptoris
3456 4175 3604 4239 vitio,
3633 4175 3729 4230 sed

2172 4273 2297 4344 quia
2321 4274 2389 4327 ab
2414 4272 2570 4327 initio
2596 4271 2661 4325 ad
2688 4270 2892 4326 calcem
2926 4270 3043 4325 loca
3088 4269 3383 4339 Scripturte
3406 4283 3576 4322 sacra:
3610 4283 3735 4336 per-

2172 4378 2335 4438 petuo
2361 4374 2765 4437 congeruntur;
2810 4378 2916 4433 quo
2962 4363 3014 4417 in
3051 4377 3249 4433 genere
3295 4360 3563 4415 scribendi
3620 4358 3733 4413 elo-

2178 4459 2456 4530 quentiam
2505 4459 2875 4527 orationisque
2924 4469 3119 4509 nervos
3168 4463 3437 4520 expetere,
3497 4451 3727 4519 idipsnm

2107 4532 2149 4586 D
2174 4554 2250 4605 sit
2277 4551 2418 4621 quod
2475 4550 2671 4604 nodum
2712 4549 2763 4602 in
2812 4549 2994 4616 scirpo
3021 4560 3286 4614 quaerere.
3310 4542 3423 4597 Non
3465 4542 3552 4597 hic
3591 4556 3732 4596 nntts

2176 4650 2455 4710 comparet
2508 4657 2691 4696 naevus
2746 4641 2800 4695 in
2851 4640 2937 4695 his
2983 4636 3190 4692 Erasmi
3246 4634 3733 4690 lucubrationibus.

2172 4738 2307 4793 Cum
2339 4736 2481 4790 enim
2526 4736 2577 4790 in
2610 4735 3003 4805 Apologeticum
3040 4742 3223 4787 contra
3257 4729 3485 4782 Arianos
3515 4727 3739 4782 incidis-

2173 4840 2276 4895 set,
2308 4830 2397 4884 ubi
2439 4829 2656 4899 triginta
2703 4843 2795 4884 sex
2846 4835 3194 4882 monumenta
3239 4830 3456 4878 exstant
3502 4820 3739 4875 historia:

2174 4922 2566 4978 ecclesiasticae
2590 4919 3080 4989 opportunissima,
3122 4919 3236 4986 [nec
3284 4914 3437 4971 nihili
3466 4915 3593 4968 fecit
3628 4914 3737 4978 ille,
3786 4930 3789 4931 '

2178 5018 2285 5070 imo
2318 5017 2432 5070 haec
2455 5004 2648 5067 elfatus
2672 5021 2755 5066 est
2786 5011 3188 5081 :Sequebantur
3209 5010 3291 5064 hic
3319 5010 3537 5063 diversa:
3566 5007 3739 5060 diver-

2177 5124 2354 5162 sorum
2391 5104 2643 5174 epistolae,
2679 5106 3063 5175 episcOporum,
3099 5104 3419 5175 sgnodorum
3463 5107 3512 5153 et
3547 5099 3741 5158 princi-

2175 5220 2297 5271 pum
2331 5203 2393 5255 de
2439 5202 2572 5255 actis
2608 5201 2856 5254 adversus
2906 5199 3275 5262 Athanasium,
3308 5212 3461 5269 quas,
3489 5194 3739 5264 quoniam

2176 5306 2228 5351 et
2254 5296 2432 5350 multm
2457 5304 2604 5350 erant
2631 5306 2679 5349 et
2708 5294 2947 5361 prolixaz,
2983 5293 3223 5362 quoniam
3269 5292 3427 5345 etiam
3457 5284 3741 5355 suppositi-

2180 5391 2285 5454 tiaz,
2336 5388 2504 5459 piguit
2550 5398 2767 5442 vertere.
2809 5387 2935 5442 Haec
2982 5400 3133 5447 sane,
3158 5394 3465 5453 quanquam
3511 5376 3744 5447 paenitet

2180 5481 2563 5538 inclementius
2584 5479 2731 5533 effari
2756 5480 2809 5533 in
2836 5488 3044 5534 tantum
3069 5479 3267 5538 virum,
3304 5474 3479 5528 minus
3510 5470 3742 5539 peritum

2178 5573 2235 5628 in
2258 5572 2647 5629 ecclesiasticis
2677 5579 2929 5641 arguant.
2965 5571 3120 5623 Anno
3146 5567 3302 5633 l532,
3336 5561 3583 5633 Lugduni
3614 5573 3743 5616 cusa

689 5768 821 5853 Post
858 5772 1202 5836 collationem
1240 5779 1447 5838 ordinis
1486 5781 1687 5838 veteris
1739 5793 1859 5837 cum
1902 5793 2061 5851 novo,
2103 5795 2264 5853 quam
2302 5794 2397 5835 nos
2428 5777 2493 5833 ad
2523 5774 2725 5833 calcem
2758 5772 2885 5830 tomi
2918 5770 2986 5825 iV
3007 5766 3346 5826 exhibemus.
3375 5762 3531 5818 Eutr.

577 5837 650 5903 (ὁ)
687 5839 849 5911 Infra,
883 5859 932 5913 p.
962 5860 1083 5901 XLV.
