3998 6522
1252 386 1615 462 aninmo
1650 403 1987 460 EDITIONIS
2022 403 2521 465 BENEDltLTlNA‘J.

3408 426 3518 468 XVI!

188 514 288 560 sunt
330 517 654 580 quotquot
716 515 790 571 in
872 517 1188 577 Parisiensi
1242 521 1476 577 editione
1544 523 1668 576 anni
1720 522 1858 577 1530
1890 544 1932 601 Α
1962 541 2064 594 que
2105 534 2297 591 marte,
2325 518 2563 581 editores
2609 540 2728 591 sua,
2759 542 2862 581 non
2907 526 3276 582 Athanasiana
3315 527 3518 584 subati-

193 608 409 664 exstant,
449 602 533 657 iis
569 605 828 663 additis
865 626 1011 681 qua:
1052 614 1121 668 ab
1169 614 1391 669 Erasmo
1436 620 1586 668 verita
1617 615 1853 671 fuerant.

253 688 639 749 5.llactenus
675 695 890 766 igitur
925 704 1092 759 valde
1123 703 1449 773 imperfecta:
1478 704 1530 757 in
1558 704 1730 757 lucem
1764 720 1853 759 ve-

204 782 750 841 nerantAtbanasii
776 803 1043 860 operum
1063 793 1441 847 editiones:ac
1475 807 1541 847 ne
1574 792 1725 862 plura
1759 810 1857 862 pu-

204 871 565 942 blicarentur,
614 880 921 947 vetabat,
976 885 1239 949 arbitror,
1279 884 1525 939 codicum
1576 885 1857 941 Athanasii

208 965 610 1036 infrequentia.
664 969 1123 1043 Verum,anno
1167 975 1325 1041 1555,
1373 975 1567 1031 Petrus
1616 974 1857 1032 Nannius

210 1058 631 1128 Alcmarianus,
666 1062 774 1117 vir
807 1063 1025 1122 Graece
1052 1067 1361 1137 Latineque
1390 1067 1620 1136 peritus,
1647 1082 1857 1122 summa

217 1166 329 1206 cura
350 1161 408 1206 et
436 1153 643 1209 studio
671 1154 1010 1214 Athanasii
1040 1172 1200 1228 opera
1235 1157 1404 1211 multo
1429 1157 1667 1211 auctiora
1695 1172 1857 1226 quant

222 1252 327 1298 ante
392 1243 612 1299 Latina
682 1247 867 1317 fecit,
936 1260 996 1305 et
1064 1250 1289 1307 Basileze
1338 1250 1544 1305 edenda
1597 1248 1858 1313 tradidit;

226 1348 461 1406 opusque
525 1347 730 1393 totum
787 1357 866 1396 ex
925 1341 1148 1397 ofﬁcina
1197 1341 1534 1397 Frobeniana
1580 1341 1632 1395 in
1665 1341 1857 1409 lucem,

229 1427 311 1481 sed
335 1427 544 1483 Latine
578 1440 859 1497 tantum,
902 1434 1180 1488 emittitur
1216 1447 1359 1487 anno
1392 1432 1547 1487 1556.
1580 1430 1861 1486 Nanniana

234 1519 311 1573 illa
344 1521 535 1577 versio
596 1522 703 1578 diu
768 1525 934 1581 inter
986 1526 1221 1597 optimas
1248 1536 1597 1581 annumerata
1643 1535 1727 1580 est
1759 1542 1773 1581 :
1806 1535 1862 1579 at

238 1615 542 1668 accuratius
564 1630 697 1671 rem
725 1620 1196 1686 expendeutibus
1224 1619 1387 1674 multa
1406 1632 1527 1673 sese
1547 1618 1676 1672 vitia
1704 1616 1862 1671 obtu-

240 1702 361 1767 lere,
395 1704 463 1758 de
494 1717 616 1774 qua
684 1721 757 1761 re
813 1707 1088 1763 inferius.
1121 1708 1211 1763 Na:
1258 1708 1428 1763 multa
1478 1706 1634 1762 laude
1666 1706 1861 1776 dignus

241 1791 470 1849 Nannius
531 1803 658 1860 est,
716 1797 823 1867 qui
887 1797 1050 1867 prior
1098 1798 1501 1869 elegantissima
1575 1796 1861 1851 Athanasii

1963 620 2184 671 tuerint.
2215 617 2281 671 Et
2326 620 2597 673 monuisse
2629 618 2860 688 juvabit,
2896 620 3064 675 sicubi
3095 635 3192 675 nos
3215 621 3519 677 versionem

1962 709 2155 764 Nannii
2202 726 2587 777 memoramus,
2632 726 2738 765 non
2785 710 3145 766 Parisiensem
3188 711 3520 781 significare,

1963 816 2081 870 qua:
2115 800 2416 857 innumeris
2449 801 2504 855 in
2540 803 2677 857 locis
2704 811 2907 856 mutata
2939 801 3061 866 fuit,
3085 803 3178 857 sed
3214 803 3348 857 alias
3396 815 3524 858 ante

1965 906 2164 945 annum
2194 892 2330 947 1600
2370 894 2704 959 ‘publicatas.
2726 893 2917 948 Mirum
2942 902 3122 948 autem
3154 894 3207 947 in
3232 893 3521 948 Parisiensi

1960 982 2141 1039 isthac
2178 984 2416 1040 editione
2451 987 2683 1041 omissas
2736 986 2901 1041 fuisse
2951 984 3298 1040 Felckmamti
3339 986 3524 1040 varias

1958 1075 2221 1133 lectiones
2279 1093 2489 1143 omnes,
2531 1092 2758 1148 quarum
2811 1078 3079 1148 pleneque
3132 1078 3310 1147 magni
3366 1077 3523 1148 pretii

1965 1177 2109 1222 sunt.
2143 1166 2212 1223 Ut
2253 1178 2309 1223 ut
2332 1171 2420 1232 sit,
2456 1172 2768 1241 castigatior
2800 1167 2974 1227 tamen
3005 1172 3055 1225 in
3086 1170 3268 1224 multis
3298 1178 3381 1225 est
3412 1170 3527 1224 haec

1966 1257 2290 1315 Pansiensis
2328 1262 2495 1317 editio
2542 1278 2702 1332 quam
2738 1262 3189 1329 Commeliniana,
3226 1277 3413 1317 verum
3471 1262 3529 1316 itt

1964 1350 2149 1405 multis
2192 1353 2355 1407 etiam
2394 1352 2639 1425 inferior.
2674 1354 2912 1424 Adjectte
2960 1350 3086 1409 sunt
3132 1353 3260 1409 huic
3301 1352 3528 1408 editioni

1969 1439 2219 1497 Homilia:
2243 1455 2433 1513 septem
2465 1461 2594 1501 cura
2610 1456 2666 1500 et
2690 1447 2867 1500 studio
2894 1445 3053 1501 Lucae
3079 1444 3367 1509 lloistenii,
3389 1460 3528 1514 quas

1966 1547 2087 1587 cum
2139 1534 2412 1604 plerisque
2461 1537 2583 1591 aliis
2618 1537 2881 1592 hactenus
2919 1538 3134 1593 itteditis
3162 1539 3301 1592 inter
3342 1538 3529 1607 spuria

1969 1625 2359 1694 ablegavimus.
2413 1626 2540 1681 Post
2583 1642 2676 1682 eas
2708 1643 2897 1683 omnes
2945 1629 3206 1683 editiones
3261 1627 3530 1692 publicata

1967 1714 2181 1770 demum
2201 1726 2301 1783 est,
2318 1715 2654 1771 Coloniensis
2673 1719 2912 1783 nomine,
2934 1716 3203 1788 Lipsiana,
3220 1716 3529 1783 ann01681,

1968 1820 2087 1874 quae
2117 1806 2418 1862 innumeris
2445 1809 2656 1863 mendis
2702 1817 2901 1875 scatet,
2939 1809 3149 1879 adjecto
3186 1808 3533 1879 Syntagmote

242 1899 416 1955 opera,
465 1890 735 1943 necdum
799 1900 963 1957 nota,
1024 1892 1235 1962 publica
1289 1890 1436 1946 fecit.
1481 1889 1688 1945 Exinde
1732 1905 1864 1945 vero
1894 1914 1938 1969 Β
1968 1898 2245 1965 doctrinae,
2271 1901 2338 1955 ab
2369 1900 2612 1956 Arnoldo
2654 1902 3098 1972 Norimbergensi
3127 1902 3295 1956 edito.

247 1976 360 2030 alia:
389 1980 651 2047 quaedam
698 1982 1050 2051 prodierunt
1098 1983 1385 2048 editiones,
1414 1997 1533 2052 quae
1569 1996 1636 2036 ne
1685 1990 1859 2037 trans-

254 2080 451 2120 versam
506 2082 783 2139 unguem
848 2072 921 2125 ab
981 2071 1072 2126 illa
1127 2072 1405 2128 Basiliensi
1461 2073 1853 2142 discrepabant.

257 2155 573 2213 Parisiensis
623 2172 859 2227 tamen,
894 2176 1045 2216 anno
1070 2160 1231 2227 1572,
1252 2178 1282 2215 a
1333 2161 1655 2217 Sebastiano
1683 2162 1862 2217 Nivel-

250 2246 321 2299 lio
346 2262 495 2313 cusa,
544 2246 753 2302 Vitam
803 2250 1035 2303 Antonii
1067 2250 1283 2320 insuper
1307 2250 1700 2319 complectitur,
1730 2266 1861 2306 nec-

247 2353 351 2394 non
373 2335 535 2395 Vitas
570 2340 892 2395 Athanasii
930 2355 1034 2410 per
1063 2340 1239 2396 varios
1275 2349 1529 2396 auctores
1562 2342 1861 2397 concinna-

248 2442 348 2490 tas.
379 2436 460 2491 Ad
503 2437 661 2499 haec,
700 2435 817 2488 tria
845 2433 1109 2503 opuscula
1133 2449 1197 2490 ex
1227 2435 1546 2491 collectione
1584 2436 1863 2491 Canonum

250 2539 515 2596 mutuata,
554 2528 824 2595 scilicet,
853 2527 1129 2596 Epistolas
1155 2531 1223 2582 ad
1247 2530 1864 2592 Amunem,tricesimam

247 2634 435 2673 nonam
493 2620 795 2690 fetialem,
851 2629 909 2674 et
957 2620 1029 2672 ad
1074 2619 1452 2689 Ruﬁnianum;
1480 2635 1599 2691 qua:
1644 2620 1866 2677 Parisiis

251 2714 476 2766 seorsim
512 2712 840 2784 publicata:
873 2711 1093 2766 fuerant
1118 2724 1255 2766 anno
1284 2711 1446 2765 157i.

318 2804 374 2858 6.
418 2803 747 2872 llucusque
795 2801 1001 2855 Latine
1046 2808 1245 2855 tantum
1271 2814 1400 2856 cusa
1437 2799 1653 2856 fuerant
1690 2801 1864 2856 Atha-

247 2899 394 2953 nasii
426 2912 598 2967 opera
631 2914 649 2952 :
681 2905 1077 2961 verum,anno
1098 2893 1254 2960 1600,
1281 2894 1467 2949 Graece
1492 2894 1722 2965 primum
1745 2893 1869 2949 Hei-

252 2991 561 3059 delbergaa,
594 2989 755 3059 typis
784 2986 1104 3057 Hieronymi
1136 2985 1477 3050 Commelini,
1512 2985 1564 3039 in
1591 2986 1866 3055 publicum

258 3084 632 3154 prodierunt;
680 3096 754 3136 ex
804 3079 1201 3147 codicibu‘sque
1232 3076 1571 3133 bibliotheca:
1616 3077 1872 3132 Palatina:

260 3177 449 3232 Graeca
506 3177 825 3244 desumpta
889 3179 1041 3228 sunt.
1090 3171 1201 3227 Sub
1240 3173 1376 3238 haec,
1432 3173 1683 3227 confecto
1735 3186 1873 3241 pene

2035 1990 2089 2046 8.
2125 1989 2218 2045 Hae
2240 2001 2365 2047 ante
2393 2002 2635 2049 nostram
2656 1996 2973 2064 prodierunt
3000 1994 3279 2048 Athanasii
3310 2005 3532 2063 operum

1966 2080 2231 2135 editiones
2256 2081 2395 2138 bene
2418 2084 2621 2151 multae,
2656 2085 2853 2154 quibus
2879 2095 3077 2149 tamen,
3108 2086 3304 2139 nedum
3336 2084 3386 2137 id
3404 2096 3536 2137 con-

1966 2171 2164 2225 fectum
2200 2172 2270 2226 sit
2311 2180 2370 2226 ut
2422 2189 2525 2229 non
2582 2177 2895 2232 accuratior
2927 2185 3293 2245 expeteretur,
3321 2189 3389 2228 ne
3420 2182 3540 2226 tur-

1968 2264 2149 2333 piores
2195 2265 2411 2335 quidem
2447 2281 2664 2321 errores
2718 2268 2971 2338 expuncti
3014 2277 3159 2322 sunt.
3192 2264 3325 2320 Nam
3382 2264 3427 2319 si
3482 2264 3537 2318 in

1968 2356 2206 2409 omnium
2253 2358 2758 2425 praestantissimam
2785 2398 2801 2423 ,
2861 2359 3221 2415 Parisiensem
3259 2357 3536 2422 videlicet,

1969 2447 2155 2503 oculos
2189 2447 2475 2517 adjeceris,
2508 2451 2707 2505 mirere
2746 2466 2877 2506 sane
2900 2466 3061 2522 quam
3087 2450 3382 2505 oscitantes
3417 2446 3537 2502 fue-

1974 2537 2105 2603 rint,
2136 2539 2226 2608 qui
2258 2548 2367 2594 tam
2392 2542 2685 2612 conspicua
2716 2542 2845 2595 vitia
2874 2557 2940 2595 ne
2973 2549 3262 2596 senserunt
3292 2538 3533 2611 quidem.

1969 2625 2151 2682 Primo
2180 2630 2322 2684 enim
2353 2646 2610 2702 germana
2648 2641 2705 2687 et
2742 2646 2864 2686 vera
2896 2646 3059 2702 opera
3106 2631 3305 2701 spuriis
3337 2630 3541 2700 passim

1972 2719 2274 2776 intermista
2315 2733 2460 2788 sunt,
2513 2732 2620 2776 tam
2663 2724 2716 2777 in
2778 2722 2952 2793 primo
2993 2736 3155 2792 quam
3202 2721 3255 2778 in
3304 2719 3544 2776 secundo

1974 2816 2140 2878 tomo,
2174 2811 2320 2866 nullo
2354 2813 2599 2875 delectu,
2644 2812 2789 2867 nulla
2822 2811 3040 2875 νοθείας
3070 2812 3153 2866 vel
3190 2810 3545 2881 γνησιότητος

1973 2902 2409 2974 significatione;
2444 2920 2564 2973 qua:
2589 2904 2807 2974 quidem
2840 2919 2925 2959 res
2958 2905 3215 2960 lectorem
3254 2912 3547 2973 quantum-

1974 2995 2057 3050 vis
2085 2996 2354 3051 eruditum
2387 2996 2439 3050 in
2486 2997 2697 3050 consilii
2735 2996 2969 3065 inopiam
3021 2996 3261 3066 conjicit,
3287 3010 3408 3049 cum
3442 3008 3547 3049 non

1977 3086 2030 3140 in
2068 3098 2322 3158 promptu
2362 3088 2432 3143 sit
2482 3088 2851 3143 internoscere
2886 3089 3016 3157 quid
3064 3090 3362 3151 sincerum,
3418 3087 3545 3155 quid

1978 3179 2235 3234 alienum.
2265 3181 2467 3234 Deinde
2491 3180 2826 3249 perturbatio
2853 3182 3058 3249 ubique
3086 3190 3255 3243 tanta,
3308 3190 3365 3234 ut
3401 3179 3547 3233 nulla

266 3284 461 3339 opere,
496 3256 724 3324 Petrus
786 3264 1195 3321 Felckmannus
1256 3279 1468 3320 summa
1522 3264 1871 3319 accuratione

1980 3270 2260 3341 temporis,
2298 3270 2442 3324 nulla
2467 3270 2774 3339 argumenti
2814 3270 2952 3323 ratio
2973 3277 3313 3340 compareat;
3345 3269 3452 3322 imo
3483 3281 3551 3324 ne

270 3361 582 3433 fragmenta
622 3361 805 3415 multa
835 3360 1126 3415 Athanasii
1172 3360 1299 3414 hinc
1349 3368 1405 3414 et
1453 3358 1580 3413 inde
1626 3359 1873 3422 collecta,

272 3455 452 3509 varias
496 3455 823 3519 lectiones,
867 3456 1030 3508 notas
1080 3452 1375 3524 quasdam,
1429 3452 1695 3522 Epistolas
1752 3453 1875 3508 item

278 3548 406 3601 duas
442 3549 513 3601 ad
544 3546 897 3617 Luciferum,
934 3545 1207 3614 aliamque
1242 3547 1311 3599 ad
1346 3543 1746 3600 monachos'edi
1780 3560 1878 3602 cu-

282 3640 419 3693 ravit
442 3640 512 3694 ad
556 3640 778 3695 calcem
804 3638 1071 3694 omnium.
1098 3638 1164 3692 Et
1190 3638 1383 3693 fuisset
1421 3636 1586 3693 editio
1626 3636 1713 3693 illa
1743 3638 1879 3692 mul-

285 3741 393 3787 tum
422 3733 811 3804 praestantior,
839 3733 882 3785 si
908 3733 978 3786 ab
1006 3730 1161 3786 initio
1183 3728 1605 3797 Felcltmannus,
1633 3730 1718 3784 vir
1746 3745 1878 3785 sane

286 3828 531 3881 eruditus
560 3839 615 3883 et
648 3826 966 3898 φιλόέτονος,
1000 3825 1116 3894 ejus
1142 3841 1330 3880 curam
1362 3825 1712 3896 suscepisset.
1772 3821 1879 3879 Sed

289 3922 407 3989 quia
439 3929 500 3975 ut
537 3920 845 3990 plurimum
880 3933 1086 3989 operte,
1112 3918 1307 3988 quibus
1343 3933 1449 3972 non
1479 3927 1598 3972 erat
1628 3916 1877 3971 codicum

299 4013 710 4066 accurationem
737 4021 793 4065 et
813 4011 1187 4081 praestantiam
1218 4009 1591 4065 internocendi
1626 4008 1875 4073 facultas,

298 4101 475 4158 Graeca
498 4119 612 4158 non
641 4119 766 4173 qua:
799 4104 969 4173 magis
1000 4103 1065 4156 ad
1092 4098 1273 4156 veram
1300 4101 1610 4168 lectionem,
1643 4101 1738 4157 sed
1760 4116 1880 4170 quae

298 4198 514 4265 propius
560 4197 630 4250 ad
692 4195 891 4249 Nannii
947 4194 1449 4263 interpretationem
1512 4190 1878 4259 accedebant,

297 4288 441 4353 prelo
480 4287 887 4354 submiserunt,
937 4286 1070 4341 hinc
1126 4286 1328 4341 factum
1376 4284 1436 4340 ut
1474 4286 1640 4341 editio
1690 4286 1879 4340 istltaec

297 4394 397 4433 non
427 4382 567 4434 adeo
597 4391 865 4435 accurata
905 4379 997 4434 sit.
1035 4378 1341 4435 Secundum
1387 4379 1522 4443 haec,
1556 4380 1697 4434 anno
1730 4379 1880 4434 vide-

299 4468 423 4525 licet
475 4472 643 4539 1608,
691 4488 763 4528 ex
810 4471 1024 4526 ollicina
1062 4470 1270 4526 Claudii
1305 4470 1607 4541 Chappletii
1652 4470 1878 4527 Parisiis

300 4564 496 4630 prodiit
548 4579 697 4619 nova
744 4561 1033 4617 Athanasii
1078 4560 1265 4627 editio,
1296 4562 1390 4616 sed
1421 4560 1614 4616 Latine
1648 4571 1875 4625 tantum,

1974 3379 2038 3419 ea
2077 3363 2316 3435 quidem,
2351 3377 2469 3432 qua:
2501 3371 2696 3416 natura
2734 3375 2831 3415 sua
2862 3360 3154 3427 cohaerent,
3179 3376 3242 3415 ac
3276 3362 3393 3414 sine
3419 3359 3550 3415 vitio

1976 3458 2243 3514 semoveri
2277 3466 2569 3526 nequeunt,
2604 3454 2687 3508 vel
2715 3453 2998 3508 minimum
3038 3454 3181 3508 inter
3218 3468 3278 3508 se
3305 3453 3548 3508 ordinem

1979 3557 2220 3604 teneant.
2271 3546 2365 3603 Sic
2419 3544 2677 3616 Epistolas
2720 3547 2789 3600 ad
2844 3544 3189 3613 Serapionem
3244 3546 3309 3598 de
3348 3542 3550 3612 Spiritu

1976 3650 2184 3710 sancto,
2214 3653 2444 3709 quarum
2495 3638 2667 3708 prima
2725 3637 2999 3703 secundae,
3049 3635 3285 3690 secunda
3352 3635 3549 3698 tertite,

1980 3735 2136 3788 tertia
2179 3741 2389 3801 quarta:
2433 3732 2648 3785 occasio
2680 3730 2818 3797 fuit;
2851 3728 2923 3783 ita
2964 3728 3260 3788 distractae,
3286 3734 3362 3789 et,
3392 3734 3451 3779 ut
3478 3726 3551 3780 ita

1979 3826 2188 3891 dicam,
2241 3823 2519 3892 dissipatae
2569 3823 2823 3888 fuerunt,
2871 3830 2932 3874 ut
2981 3829 3131 3875 tomo
3179 3817 3380 3888 primo,
3432 3830 3555 3886 quae

1980 3922 2132 3991 prior
2162 3930 2283 3973 esse
2330 3915 2537 3983 debuit,
2565 3916 2804 3971 secunda
2841 3914 3092 3984 legatur;
3137 3926 3255 3981 quae
3286 3908 3553 3971 secunda.

1977 4012 2185 4084 primas
2218 4017 2428 4075 teneat;
2458 4008 2576 4064 duae
2610 4018 2787 4062 autem
2820 4006 3147 4078 posteriores
3170 4004 3223 4057 in
3257 4001 3553 4057 secundum

1982 4111 2187 4159 tomum
2224 4099 2484 4169 ablegatus
2536 4097 2758 4163 fuerint,
2794 4097 2866 4156 ita
2902 4103 3083 4150 tamen
3130 4101 3189 4146 ut
3240 4101 3554 4161 postremae,

1980 4207 2098 4264 quae
2132 4199 2326 4261 quarta
2376 4197 2481 4253 est,
2508 4187 2891 4258 fragmentum,
2920 4184 3096 4253 primo
3126 4194 3274 4236 tomo
3305 4179 3554 4233 avulsum

1976 4281 2176 4352 jaceat.
2200 4281 2455 4336 Eamdent
2480 4277 2917 4332 animadvertere
2938 4283 3022 4329 est
3048 4274 3099 4327 in
3126 4270 3391 4340 Apologiit
3416 4269 3557 4321 aca-

1982 4373 2097 4439 ξίαν
2128 4391 2143 4428 :
2177 4387 2299 4427 nam
2333 4386 2453 4442 qua:
2476 4378 2751 4441 postrema
2782 4365 3028 4423 omnium
3057 4365 3161 4419 sita
3194 4373 3298 4427 est,
3329 4368 3383 4416 et
3414 4360 3560 4428 Apo-

1980 4466 2125 4536 logia
2153 4466 2381 4518 secunda
2422 4461 2761 4522 inscribitur,
2792 4458 3030 4528 primum
3087 4454 3247 4510 debet
3288 4466 3559 4521 occupare

1983 4555 2180 4619 locum,
2232 4551 2472 4609 secunda
2527 4564 2657 4604 vero
2710 4549 2953 4603 tertium.
2994 4544 3188 4601 Omnia
3248 4543 3465 4598 demum
3499 4549 3559 4595 ut

304 4618 540 4725 pauculis
586 4656 824 4727 adjectis
860 4656 929 4709 ad
986 4656 1283 4725 marginem
1329 4655 1625 4710 Frontonis
1676 4654 1878 4720 Ducaei,
1912 4618 1961 4678 θ
1987 4661 2154 4702 casus
2202 4647 2326 4702 tulit
2369 4646 2543 4717 posita
2592 4650 2760 4697 sunt;
2793 4641 2928 4694 adeo
2967 4647 3029 4691 ut
3070 4637 3116 4691 si
3156 4636 3279 4705 quis
3314 4634 3557 4727 historia

306 4748 587 4806 Societatis
610 4748 773 4815 Jesu,
800 4749 965 4803 natis.
996 4746 1150 4803 Anno
1182 4748 1308 4803 item
1338 4746 1494 4810 1612,
1525 4747 1716 4802 Latine
1752 4761 1881 4800 cusa

301 4851 420 4896 sunt
446 4842 746 4897 Athanasii
781 4855 951 4911 opera
987 4855 1109 4893 cum
1145 4839 1383 4911 ejusdem
1438 4837 1730 4892 Frontonis
1773 4837 1884 4890 Du-

302 4934 390 4987 caei
426 4938 591 5001 notis,
627 4934 824 4989 addita
868 4929 998 4985 Vita
1041 4931 1258 4987 Antonii
1297 4929 1486 4986 Graece
1534 4944 1604 4985 ex
1646 4928 1885 4984 editione

300 5026 358 5080 D.
389 5026 714 5092 lltescbelii,
752 5024 1084 5094 Augustani.

358 5118 411 5173 7.
446 5120 551 5173 Sed
609 5120 793 5174 hasce
825 5128 1021 5169 omnes
1060 5112 1324 5167 editiones
1377 5109 1688 5166 obscuravit
1732 5108 1886 5165 Pari—

294 5211 479 5269 siensis
509 5207 971 5270 Graeco-Latina,
1001 5220 1143 5260 anno
1164 5205 1325 5273 1627,
1358 5204 1627 5275 publicata
1662 5210 1888 5257 curante

285 5303 486 5363 Joanne
538 5308 875 5363 Piscatore,
910 5297 1003 5353 ubi
1036 5297 1201 5352 multa
1237 5310 1305 5353 ex
1338 5297 1504 5351 variis
1533 5294 1887 5350 Felcltmanni

282 5402 614 5458 lectionibus
673 5395 988 5462 castigata,
1050 5391 1218 5446 multo
1276 5390 1429 5461 plura
1489 5388 1886 5459 praetermissa,

274 5496 527 5550 nonnulla
563 5492 782 5547 vitiata
821 5484 1079 5550 fuerunt;
1111 5484 1330 5552 quodin
1367 5482 1530 5536 variis
1564 5480 1885 5535 lectionibus

264 5592 465 5644 nostris
515 5588 743 5652 cuique
805 5574 1013 5646 legenti
1071 5574 1507 5629 animadvertere
1553 5581 1656 5627 est.
1692 5570 1885 5625 Versio

258 5694 436 5738 autem
470 5675 701 5735 Nannii
753 5666 960 5726 multis
1006 5665 1059 5719 in
1096 5667 1227 5721 locis
1275 5676 1480 5720 mutata
1521 5664 1640 5731 fuit,
1674 5672 1724 5719 el
1778 5662 1886 5732 ple-

254 5791 484 5847 rumque
532 5761 1035 5827 inconsiderate;
1071 5758 1144 5812 ita
1182 5768 1239 5813 ut
1285 5769 1470 5813 contra
1500 5758 1659 5812 tidem
1696 5771 1885 5809 manu-

249 5872 600 5942 lcriptorum
633 5858 1075 5920 editorumque,
1100 5851 1387 5908 infeliciter
1415 5849 1730 5921 augurando
1757 5861 1893 5928 suo-j

1983 4736 2355 4792 ecclesiastica
2393 4733 2742 4791 mediocriter
2778 4731 3002 4794 tinctus,
3033 4736 3127 4783 aut
3152 4728 3205 4782 in
3235 4724 3560 4781 Athanasiao

1985 4827 2072 4882 nis
2100 4827 2327 4901 hospes,
2359 4827 2412 4880 in
2447 4826 2562 4881 haec
2586 4824 2825 4897 primum
2860 4821 3090 4887 incidat,
3123 4819 3324 4891 passim
3359 4816 3561 4870 haereat

1984 4920 2260 4986 incertus;
2298 4919 2407 4975 imo
2437 4934 2568 4975 vero
2595 4932 2664 4974 ne
2693 4917 2856 4989 periti
2885 4915 3104 4988 quidem
3148 4912 3234 4969 his
3267 4925 3389 4966 sese
3426 4907 3563 4964 dini-

1986 5012 2301 5079 cultatibus,
2338 5013 2442 5067 nisi
2486 5012 2981 5081 manuscriptorum
3018 5021 3120 5079 ape
3162 5006 3420 5075 expedire
3461 5016 3561 5056 va-

1988 5103 2154 5159 leant.
2193 5104 2333 5160 Hinc
2381 5106 2525 5159 enim
2572 5119 2697 5159 cum
2743 5102 2847 5158 alia
2883 5100 3149 5173 permulta
3188 5094 3556 5159 incommoda,

1990 5204 2100 5250 ιιιιη
2144 5196 2247 5251 hoc
2292 5197 2535 5252 omnium
2583 5194 2816 5250 fortasse
2864 5193 3160 5248 Inanimum
3209 5196 3560 5244 εοηεεευιυηι

1988 5298 2102 5354 est;
2133 5298 2192 5342 ut
2217 5302 2337 5356 qua:
2367 5286 2674 5342 certissime
2706 5284 2990 5339 Athanasii
3028 5289 3178 5345 sunt,
3226 5294 3255 5331 a
3296 5278 3471 5333 doctis
3503 5274 3559 5327 in

1990 5377 2199 5441 νοθείας
2226 5378 2588 5448 suspicionem
2622 5382 2974 5430 vocarentur.
3013 5373 3105 5427 Sic
3139 5371 3393 5425 Erasmus
3416 5369 3445 5420 ὁ
3470 5382 3561 5435 cpt-

1990 5468 2353 5539 λολογώτατος
2394 5469 2654 5522 adversus
2694 5468 2916 5535 primam
2952 5464 3021 5517 ad
3069 5461 3413 5527 Serapionem
3457 5458 3563 5526 epi-

1991 5566 2183 5618 stolam
2220 5560 2546 5616 sententiam
2605 5555 2910 5619 tulit:cui,
2967 5553 3014 5607 si
3072 5551 3255 5605 debito
3319 5549 3573 5618 epistolae

1993 5658 2098 5712 illae
2118 5655 2308 5709 ordine
2338 5653 2452 5708 sita:
2480 5650 2735 5710 fuissent,
2771 5663 2836 5699 ne
2853 5646 3108 5701 minimus
3130 5644 3421 5713 scrupulus
3452 5640 3571 5694 bae-

1994 5748 2185 5810 sis‘set;
2240 5756 2472 5812 namque
2520 5740 2623 5794 alia
2679 5737 2842 5790 aliam
2892 5732 3199 5798 conﬁrmat,
3252 5735 3361 5787 alia
3404 5729 3572 5784 aliam

1997 5847 2284 5899 memorat.
2323 5835 2610 5905 Vulgatum
2658 5843 2790 5886 sane
2838 5839 2960 5897 est,
2994 5844 3114 5901 qua:
3171 5821 3574 5911 peregrinisin
