  <div class='ocr_page' id='page_1' title='image "/cluster/home/n/w/nwhite01/storage/ocr_20150623/25/hvd.32044004972428/023.png"; bbox 0 0 3998 6494; ppageno 0'>
   <div class='ocr_carea' id='block_1_1' title="bbox 550 368 683 410">
    <p class='ocr_par' dir='ltr' id='par_1_1' title="bbox 550 368 683 410">
     <span class='ocr_line' id='line_1_1' title="bbox 550 368 683 410; baseline 0.008 -1"><span class='ocrx_word' id='word_1_1' title='bbox 550 368 683 410; x_wconf 62' lang='grc' dir='ltr'><strong>κειται</strong></span> 
     </span>
    </p>
   </div>
   <div class='ocr_carea' id='block_1_2' title="bbox 1906 349 2431 407">
    <p class='ocr_par' dir='ltr' id='par_1_2' title="bbox 1906 349 2431 407">
     <span class='ocr_line' id='line_1_2' title="bbox 1906 349 2431 407; baseline 0.002 -1"><span class='ocrx_word' id='word_1_2' title='bbox 1906 349 2431 407; x_wconf 71' lang='lat' dir='ltr'><strong>PROLEGOMENA.</strong></span> 
     </span>
    </p>
   </div>
   <div class='ocr_carea' id='block_1_3' title="bbox 508 472 2078 544">
    <p class='ocr_par' dir='ltr' id='par_1_3' title="bbox 508 472 2078 544">
     <span class='ocr_line' id='line_1_3' title="bbox 508 472 2078 544; baseline 0 -18"><span class='ocrx_word' id='word_1_3' title='bbox 508 498 509 501; x_wconf 56' lang='grc' dir='ltr'><strong>η</strong></span> <span class='ocrx_word' id='word_1_4' title='bbox 550 472 682 528; x_wconf 85' lang='lat' dir='ltr'><strong>locis</strong></span> <span class='ocrx_word' id='word_1_5' title='bbox 710 481 1018 539; x_wconf 77' lang='lat' dir='ltr'><strong>versantur,</strong></span> <span class='ocrx_word' id='word_1_6' title='bbox 1056 474 1401 543; x_wconf 79' lang='lat' dir='ltr'><strong>peregrinum</strong></span> <span class='ocrx_word' id='word_1_7' title='bbox 1433 473 1601 541; x_wconf 87' lang='lat' dir='ltr'><strong>olere,</strong></span> <span class='ocrx_word' id='word_1_8' title='bbox 1636 482 1692 528; x_wconf 80' lang='lat' dir='ltr'><strong>ct</strong></span> <span class='ocrx_word' id='word_1_9' title='bbox 1726 488 2078 544; x_wconf 45' lang='lat' dir='ltr'><strong>quamcunqui</strong></span> 
     </span>
    </p>
   </div>
   <div class='ocr_carea' id='block_1_4' title="bbox 2177 472 3783 544">
    <p class='ocr_par' dir='ltr' id='par_1_4' title="bbox 2177 488 3783 539">
     <span class='ocr_line' id='line_1_4' title="bbox 2177 488 3783 539; baseline 0.009 -14"><span class='ocrx_word' id='word_1_10' title='bbox 2177 527 2181 534; x_wconf 48' lang='grc'>,</span> <span class='ocrx_word' id='word_1_11' title='bbox 2276 488 2844 531; x_wconf 66' lang='grc' dir='ltr'><strong>κενεειειωιεεωοιιωι</strong></span> <span class='ocrx_word' id='word_1_12' title='bbox 2897 491 3275 532; x_wconf 64' lang='grc' dir='ltr'><strong>ΩΔΒῺῙΝλιΙῐῘΙ“</strong></span> <span class='ocrx_word' id='word_1_13' title='bbox 3313 492 3783 539; x_wconf 65' lang='grc' dir='ltr'><strong>οομαηωτιοκις</strong></span> 
     </span>
    </p>
   </div>
   <div class='ocr_carea' id='block_1_5' title="bbox 546 564 2108 638">
    <p class='ocr_par' dir='ltr' id='par_1_5' title="bbox 546 564 2108 638">
     <span class='ocr_line' id='line_1_5' title="bbox 546 564 2108 638; baseline 0.001 -20"><span class='ocrx_word' id='word_1_14' title='bbox 546 580 661 620; x_wconf 89' lang='lat' dir='ltr'><strong>rem</strong></span> <span class='ocrx_word' id='word_1_15' title='bbox 682 566 894 619; x_wconf 86' lang='lat' dir='ltr'><strong>nonnisi</strong></span> <span class='ocrx_word' id='word_1_16' title='bbox 927 579 1026 619; x_wconf 88' lang='lat' dir='ltr'><strong>suo</strong></span> <span class='ocrx_word' id='word_1_17' title='bbox 1059 564 1178 621; x_wconf 92' lang='lat' dir='ltr'><strong>loco</strong></span> <span class='ocrx_word' id='word_1_18' title='bbox 1207 582 1335 622; x_wconf 90' lang='lat' dir='ltr'><strong>suas</strong></span> <span class='ocrx_word' id='word_1_19' title='bbox 1362 578 1548 638; x_wconf 86' lang='lat' dir='ltr'><strong>partes</strong></span> <span class='ocrx_word' id='word_1_20' title='bbox 1576 566 1801 637; x_wconf 86' lang='lat' dir='ltr'><strong>implere</strong></span> <span class='ocrx_word' id='word_1_21' title='bbox 1825 581 2003 636; x_wconf 87' lang='lat' dir='ltr'><strong>posse.</strong></span> <span class='ocrx_word' id='word_1_22' title='bbox 2028 566 2108 620; x_wconf 84' lang='lat' dir='ltr'><strong>Ad</strong></span> 
     </span>
    </p>
   </div>
   <div class='ocr_carea' id='block_1_6' title="bbox 544 657 2104 729">
    <p class='ocr_par' dir='ltr' id='par_1_6' title="bbox 544 657 2104 729">
     <span class='ocr_line' id='line_1_6' title="bbox 544 657 2104 729; baseline 0.001 -18"><span class='ocrx_word' id='word_1_23' title='bbox 544 657 660 711; x_wconf 66' lang='lat' dir='ltr'><strong>hare</strong></span> <span class='ocrx_word' id='word_1_24' title='bbox 689 666 889 722; x_wconf 90' lang='lat' dir='ltr'><strong>autem,</strong></span> <span class='ocrx_word' id='word_1_25' title='bbox 925 666 1004 711; x_wconf 89' lang='lat' dir='ltr'><strong>tot</strong></span> <span class='ocrx_word' id='word_1_26' title='bbox 1033 667 1301 729; x_wconf 67' lang='lat' dir='ltr'><strong>tantaeque</strong></span> <span class='ocrx_word' id='word_1_27' title='bbox 1351 660 1559 715; x_wconf 72' lang='lat' dir='ltr'><strong>mendae</strong></span> <span class='ocrx_word' id='word_1_28' title='bbox 1605 658 1808 728; x_wconf 92' lang='lat' dir='ltr'><strong>ubique</strong></span> <span class='ocrx_word' id='word_1_29' title='bbox 1858 658 2104 714; x_wconf 88' lang='lat' dir='ltr'><strong>locorum</strong></span> 
     </span>
    </p>
   </div>
   <div class='ocr_carea' id='block_1_7' title="bbox 542 748 2103 818">
    <p class='ocr_par' dir='ltr' id='par_1_7' title="bbox 542 748 2103 818">
     <span class='ocr_line' id='line_1_7' title="bbox 542 748 2103 818; baseline -0.001 -16"><span class='ocrx_word' id='word_1_30' title='bbox 542 763 793 817; x_wconf 70' lang='lat' dir='ltr'><strong>aSpersaa,</strong></span> <span class='ocrx_word' id='word_1_31' title='bbox 834 757 909 802; x_wconf 91' lang='lat' dir='ltr'><strong>tot</strong></span> <span class='ocrx_word' id='word_1_32' title='bbox 932 751 1163 815; x_wconf 57' lang='lat' dir='ltr'><strong>lacunar,</strong></span> <span class='ocrx_word' id='word_1_33' title='bbox 1192 759 1271 804; x_wconf 92' lang='lat' dir='ltr'><strong>tot</strong></span> <span class='ocrx_word' id='word_1_34' title='bbox 1297 750 1500 813; x_wconf 91' lang='lat' dir='ltr'><strong>hiatus,</strong></span> <span class='ocrx_word' id='word_1_35' title='bbox 1531 758 1591 803; x_wconf 92' lang='lat' dir='ltr'><strong>ut</strong></span> <span class='ocrx_word' id='word_1_36' title='bbox 1622 749 1673 803; x_wconf 93' lang='lat' dir='ltr'><strong>in</strong></span> <span class='ocrx_word' id='word_1_37' title='bbox 1703 748 1955 817; x_wconf 85' lang='lat' dir='ltr'><strong>operibus</strong></span> <span class='ocrx_word' id='word_1_38' title='bbox 1980 763 2103 818; x_wconf 89' lang='lat' dir='ltr'><strong>per-</strong></span> 
     </span>
    </p>
   </div>
   <div class='ocr_carea' id='block_1_8' title="bbox 541 842 2106 913">
    <p class='ocr_par' dir='ltr' id='par_1_8' title="bbox 541 842 2106 913">
     <span class='ocr_line' id='line_1_8' title="bbox 541 842 2106 913; baseline 0.002 -18"><span class='ocrx_word' id='word_1_39' title='bbox 541 842 724 896; x_wconf 88' lang='lat' dir='ltr'><strong>multis</strong></span> <span class='ocrx_word' id='word_1_40' title='bbox 751 842 839 896; x_wconf 88' lang='lat' dir='ltr'><strong>vix</strong></span> <span class='ocrx_word' id='word_1_41' title='bbox 877 843 1153 913; x_wconf 79' lang='lat' dir='ltr'><strong>quidpiam</strong></span> <span class='ocrx_word' id='word_1_42' title='bbox 1179 859 1367 898; x_wconf 89' lang='lat' dir='ltr'><strong>sanum</strong></span> <span class='ocrx_word' id='word_1_43' title='bbox 1403 842 1648 898; x_wconf 84' lang='lat' dir='ltr'><strong>offendas</strong></span> <span class='ocrx_word' id='word_1_44' title='bbox 1676 859 1693 897; x_wconf 88' lang='lat'><strong>:</strong></span> <span class='ocrx_word' id='word_1_45' title='bbox 1718 844 1951 898; x_wconf 82' lang='lat' dir='ltr'><strong>maxime</strong></span> <span class='ocrx_word' id='word_1_46' title='bbox 1972 859 2106 899; x_wconf 87' lang='lat' dir='ltr'><strong>vero</strong></span> 
     </span>
    </p>
   </div>
   <div class='ocr_carea' id='block_1_9' title="bbox 540 932 2101 1004">
    <p class='ocr_par' dir='ltr' id='par_1_9' title="bbox 540 932 2101 1004">
     <span class='ocr_line' id='line_1_9' title="bbox 540 932 2101 1004; baseline 0.003 -19"><span class='ocrx_word' id='word_1_47' title='bbox 540 932 594 985; x_wconf 87' lang='lat' dir='ltr'><strong>in</strong></span> <span class='ocrx_word' id='word_1_48' title='bbox 623 932 771 986; x_wconf 89' lang='lat' dir='ltr'><strong>libris</strong></span> <span class='ocrx_word' id='word_1_49' title='bbox 802 933 877 987; x_wconf 90' lang='lat' dir='ltr'><strong>De</strong></span> <span class='ocrx_word' id='word_1_50' title='bbox 906 935 1139 987; x_wconf 76' lang='lat' dir='ltr'><strong>humana</strong></span> <span class='ocrx_word' id='word_1_51' title='bbox 1176 943 1369 988; x_wconf 88' lang='lat' dir='ltr'><strong>natura</strong></span> <span class='ocrx_word' id='word_1_52' title='bbox 1404 944 1678 1004; x_wconf 76' lang='lat' dir='ltr'><strong>suscepta,</strong></span> <span class='ocrx_word' id='word_1_53' title='bbox 1720 934 1795 989; x_wconf 81' lang='lat' dir='ltr'><strong>De</strong></span> <span class='ocrx_word' id='word_1_54' title='bbox 1841 938 2101 990; x_wconf 70' lang='lat' dir='ltr'><strong>sententia</strong></span> 
     </span>
    </p>
   </div>
   <div class='ocr_carea' id='block_1_10' title="bbox 537 1020 2105 1093">
    <p class='ocr_par' dir='ltr' id='par_1_10' title="bbox 537 1020 2105 1093">
     <span class='ocr_line' id='line_1_10' title="bbox 537 1020 2105 1093; baseline 0.003 -19"><span class='ocrx_word' id='word_1_55' title='bbox 537 1020 799 1091; x_wconf 74' lang='lat' dir='ltr'><strong>Dionysii,</strong></span> <span class='ocrx_word' id='word_1_56' title='bbox 827 1022 884 1077; x_wconf 89' lang='lat' dir='ltr'><strong>in</strong></span> <span class='ocrx_word' id='word_1_57' title='bbox 916 1021 1167 1091; x_wconf 72' lang='lat' dir='ltr'><strong>Epistolis</strong></span> <span class='ocrx_word' id='word_1_58' title='bbox 1190 1024 1259 1076; x_wconf 87' lang='lat' dir='ltr'><strong>ad</strong></span> <span class='ocrx_word' id='word_1_59' title='bbox 1293 1023 1649 1093; x_wconf 82' lang='lat' dir='ltr'><strong>Serapionem,</strong></span> <span class='ocrx_word' id='word_1_60' title='bbox 1670 1034 1724 1079; x_wconf 86' lang='lat' dir='ltr'><strong>et</strong></span> <span class='ocrx_word' id='word_1_61' title='bbox 1748 1025 1799 1079; x_wconf 93' lang='lat' dir='ltr'><strong>in</strong></span> <span class='ocrx_word' id='word_1_62' title='bbox 1828 1025 2105 1083; x_wconf 82' lang='lat' dir='ltr'><strong>Orationi-</strong></span> 
     </span>
    </p>
   </div>
   <div class='ocr_carea' id='block_1_11' title="bbox 534 1115 2102 1183">
    <p class='ocr_par' dir='ltr' id='par_1_11' title="bbox 534 1115 2102 1183">
     <span class='ocr_line' id='line_1_11' title="bbox 534 1115 2102 1183; baseline 0.004 -18"><span class='ocrx_word' id='word_1_63' title='bbox 534 1115 630 1167; x_wconf 90' lang='lat' dir='ltr'><strong>bus</strong></span> <span class='ocrx_word' id='word_1_64' title='bbox 668 1124 849 1168; x_wconf 89' lang='lat' dir='ltr'><strong>contra</strong></span> <span class='ocrx_word' id='word_1_65' title='bbox 874 1115 1143 1179; x_wconf 84' lang='lat' dir='ltr'><strong>Arianos;</strong></span> <span class='ocrx_word' id='word_1_66' title='bbox 1191 1116 1264 1170; x_wconf 85' lang='lat' dir='ltr'><strong>ibi</strong></span> <span class='ocrx_word' id='word_1_67' title='bbox 1315 1126 1587 1171; x_wconf 62' lang='lat' dir='ltr'><strong>sexcenta:</strong></span> <span class='ocrx_word' id='word_1_68' title='bbox 1622 1115 1849 1183; x_wconf 69' lang='lat' dir='ltr'><strong>lacunar,</strong></span> <span class='ocrx_word' id='word_1_69' title='bbox 1882 1117 2102 1173; x_wconf 75' lang='lat' dir='ltr'><strong>infinita:</strong></span> 
     </span>
    </p>
   </div>
   <div class='ocr_carea' id='block_1_12' title="bbox 534 1206 2097 1281">
    <p class='ocr_par' dir='ltr' id='par_1_12' title="bbox 534 1206 2097 1281">
     <span class='ocr_line' id='line_1_12' title="bbox 534 1206 2097 1281; baseline 0.006 -24"><span class='ocrx_word' id='word_1_70' title='bbox 534 1209 919 1274; x_wconf 82' lang='lat' dir='ltr'><strong>propemodum</strong></span> <span class='ocrx_word' id='word_1_71' title='bbox 965 1206 1227 1262; x_wconf 77' lang='lat' dir='ltr'><strong>clausula:</strong></span> <span class='ocrx_word' id='word_1_72' title='bbox 1281 1209 1506 1274; x_wconf 67' lang='lat' dir='ltr'><strong>vitiatae,</strong></span> <span class='ocrx_word' id='word_1_73' title='bbox 1534 1218 1593 1263; x_wconf 92' lang='lat' dir='ltr'><strong>ut</strong></span> <span class='ocrx_word' id='word_1_74' title='bbox 1641 1210 1732 1265; x_wconf 87' lang='lat' dir='ltr'><strong>vix</strong></span> <span class='ocrx_word' id='word_1_75' title='bbox 1784 1211 1874 1265; x_wconf 88' lang='lat' dir='ltr'><strong>ubi</strong></span> <span class='ocrx_word' id='word_1_76' title='bbox 1909 1215 2097 1281; x_wconf 82' lang='lat' dir='ltr'><strong>pedem</strong></span> 
     </span>
    </p>
   </div>
   <div class='ocr_carea' id='block_1_13' title="bbox 532 1296 2099 1374">
    <p class='ocr_par' dir='ltr' id='par_1_13' title="bbox 532 1296 2099 1374">
     <span class='ocr_line' id='line_1_13' title="bbox 532 1296 2099 1374; baseline 0.004 -23"><span class='ocrx_word' id='word_1_77' title='bbox 532 1310 727 1351; x_wconf 88' lang='lat' dir='ltr'><strong>secure</strong></span> <span class='ocrx_word' id='word_1_78' title='bbox 754 1296 889 1367; x_wconf 78' lang='lat' dir='ltr'><strong>ﬁgas</strong></span> <span class='ocrx_word' id='word_1_79' title='bbox 924 1299 1187 1367; x_wconf 86' lang='lat' dir='ltr'><strong>reperias.</strong></span> <span class='ocrx_word' id='word_1_80' title='bbox 1223 1298 1361 1367; x_wconf 87' lang='lat' dir='ltr'><strong>Quid</strong></span> <span class='ocrx_word' id='word_1_81' title='bbox 1387 1302 1430 1354; x_wconf 90' lang='lat' dir='ltr'><strong>si</strong></span> <span class='ocrx_word' id='word_1_82' title='bbox 1461 1300 1513 1355; x_wconf 91' lang='lat' dir='ltr'><strong>in</strong></span> <span class='ocrx_word' id='word_1_83' title='bbox 1550 1299 1842 1369; x_wconf 84' lang='lat' dir='ltr'><strong>Epistolam</strong></span> <span class='ocrx_word' id='word_1_84' title='bbox 1870 1304 2099 1374; x_wconf 79' lang='lat' dir='ltr'><strong>encycli-</strong></span> 
     </span>
    </p>
   </div>
   <div class='ocr_carea' id='block_1_14' title="bbox 530 1387 2095 1462">
    <p class='ocr_par' dir='ltr' id='par_1_14' title="bbox 530 1387 2095 1462">
     <span class='ocr_line' id='line_1_14' title="bbox 530 1387 2095 1462; baseline 0.008 -23"><span class='ocrx_word' id='word_1_85' title='bbox 530 1404 668 1448; x_wconf 82' lang='lat' dir='ltr'><strong>eam,</strong></span> <span class='ocrx_word' id='word_1_86' title='bbox 701 1387 842 1442; x_wconf 90' lang='lat' dir='ltr'><strong>male</strong></span> <span class='ocrx_word' id='word_1_87' title='bbox 866 1388 933 1441; x_wconf 90' lang='lat' dir='ltr'><strong>ad</strong></span> <span class='ocrx_word' id='word_1_88' title='bbox 970 1390 1293 1445; x_wconf 74' lang='lat' dir='ltr'><strong>orthodoxos</strong></span> <span class='ocrx_word' id='word_1_89' title='bbox 1326 1391 1672 1462; x_wconf 84' lang='lat' dir='ltr'><strong>inscriptam,</strong></span> <span class='ocrx_word' id='word_1_90' title='bbox 1720 1394 1964 1460; x_wconf 85' lang='lat' dir='ltr'><strong>incidas;</strong></span> <span class='ocrx_word' id='word_1_91' title='bbox 2004 1396 2095 1451; x_wconf 89' lang='lat' dir='ltr'><strong>ubi</strong></span> 
     </span>
    </p>
   </div>
   <div class='ocr_carea' id='block_1_15' title="bbox 531 1480 2094 1556">
    <p class='ocr_par' dir='ltr' id='par_1_15' title="bbox 531 1480 2094 1556">
     <span class='ocr_line' id='line_1_15' title="bbox 531 1480 2094 1556; baseline 0.008 -26"><span class='ocrx_word' id='word_1_92' title='bbox 531 1480 749 1531; x_wconf 88' lang='lat' dir='ltr'><strong>nomina</strong></span> <span class='ocrx_word' id='word_1_93' title='bbox 782 1481 1021 1534; x_wconf 91' lang='lat' dir='ltr'><strong>virorum</strong></span> <span class='ocrx_word' id='word_1_94' title='bbox 1055 1493 1315 1550; x_wconf 89' lang='lat' dir='ltr'><strong>perpetuo</strong></span> <span class='ocrx_word' id='word_1_95' title='bbox 1352 1485 1457 1539; x_wconf 88' lang='lat' dir='ltr'><strong>alia</strong></span> <span class='ocrx_word' id='word_1_96' title='bbox 1491 1502 1589 1556; x_wconf 90' lang='lat' dir='ltr'><strong>pro</strong></span> <span class='ocrx_word' id='word_1_97' title='bbox 1633 1487 1759 1542; x_wconf 88' lang='lat' dir='ltr'><strong>aliis</strong></span> <span class='ocrx_word' id='word_1_98' title='bbox 1803 1489 2094 1544; x_wconf 84' lang='lat' dir='ltr'><strong>substituta</strong></span> 
     </span>
    </p>
   </div>
   <div class='ocr_carea' id='block_1_16' title="bbox 531 1569 2093 1645">
    <p class='ocr_par' dir='ltr' id='par_1_16' title="bbox 531 1569 2093 1645">
     <span class='ocr_line' id='line_1_16' title="bbox 531 1569 2093 1645; baseline 0.009 -22"><span class='ocrx_word' id='word_1_99' title='bbox 531 1569 938 1638; x_wconf 84' lang='lat' dir='ltr'><strong>deprehendas:</strong></span> <span class='ocrx_word' id='word_1_100' title='bbox 967 1589 1147 1630; x_wconf 90' lang='lat' dir='ltr'><strong>annon</strong></span> <span class='ocrx_word' id='word_1_101' title='bbox 1184 1576 1403 1645; x_wconf 78' lang='lat' dir='ltr'><strong>indigne</strong></span> <span class='ocrx_word' id='word_1_102' title='bbox 1441 1576 1581 1633; x_wconf 88' lang='lat' dir='ltr'><strong>feras</strong></span> <span class='ocrx_word' id='word_1_103' title='bbox 1609 1578 1992 1636; x_wconf 85' lang='lat' dir='ltr'><strong>labefactatum</strong></span> <span class='ocrx_word' id='word_1_104' title='bbox 2025 1582 2093 1637; x_wconf 91' lang='lat' dir='ltr'><strong>ab</strong></span> 
     </span>
    </p>
   </div>
   <div class='ocr_carea' id='block_1_17' title="bbox 531 1659 2092 1742">
    <p class='ocr_par' dir='ltr' id='par_1_17' title="bbox 531 1659 2092 1742">
     <span class='ocr_line' id='line_1_17' title="bbox 531 1659 2092 1742; baseline 0.01 -30"><span class='ocrx_word' id='word_1_105' title='bbox 531 1659 797 1730; x_wconf 89' lang='lat' dir='ltr'><strong>imperitis</strong></span> <span class='ocrx_word' id='word_1_106' title='bbox 823 1667 1241 1722; x_wconf 82' lang='lat' dir='ltr'><strong>amanuensibus</strong></span> <span class='ocrx_word' id='word_1_107' title='bbox 1280 1668 1542 1735; x_wconf 85' lang='lat' dir='ltr'><strong>libellum,</strong></span> <span class='ocrx_word' id='word_1_108' title='bbox 1572 1672 1664 1742; x_wconf 90' lang='lat' dir='ltr'><strong>qui</strong></span> <span class='ocrx_word' id='word_1_109' title='bbox 1710 1675 1776 1728; x_wconf 88' lang='lat' dir='ltr'><strong>ad</strong></span> <span class='ocrx_word' id='word_1_110' title='bbox 1814 1674 2092 1729; x_wconf 86' lang='lat' dir='ltr'><strong>historiam</strong></span> 
     </span>
    </p>
   </div>
   <div class='ocr_carea' id='block_1_18' title="bbox 527 1756 2091 1840">
    <p class='ocr_par' dir='ltr' id='par_1_18' title="bbox 527 1756 2091 1840">
     <span class='ocr_line' id='line_1_18' title="bbox 527 1756 2091 1840; baseline 0.012 -31"><span class='ocrx_word' id='word_1_111' title='bbox 527 1756 953 1826; x_wconf 78' lang='lat' dir='ltr'><strong>ecclesiasticam</strong></span> <span class='ocrx_word' id='word_1_112' title='bbox 1001 1763 1181 1830; x_wconf 91' lang='lat' dir='ltr'><strong>quarti</strong></span> <span class='ocrx_word' id='word_1_113' title='bbox 1223 1764 1403 1819; x_wconf 64' lang='lat' dir='ltr'><strong>saeculi</strong></span> <span class='ocrx_word' id='word_1_114' title='bbox 1462 1767 1751 1837; x_wconf 88' lang='lat' dir='ltr'><strong>plurimum</strong></span> <span class='ocrx_word' id='word_1_115' title='bbox 1796 1770 1994 1840; x_wconf 83' lang='lat' dir='ltr'><strong>juvet?</strong></span> <span class='ocrx_word' id='word_1_116' title='bbox 2024 1772 2091 1827; x_wconf 87' lang='lat' dir='ltr'><strong>Et</strong></span> 
     </span>
    </p>
   </div>
   <div class='ocr_carea' id='block_1_19' title="bbox 526 1847 2091 1926">
    <p class='ocr_par' dir='ltr' id='par_1_19' title="bbox 526 1847 2091 1926">
     <span class='ocr_line' id='line_1_19' title="bbox 526 1847 2091 1926; baseline 0.012 -26"><span class='ocrx_word' id='word_1_117' title='bbox 526 1847 923 1905; x_wconf 89' lang='lat' dir='ltr'><strong>incommodum</strong></span> <span class='ocrx_word' id='word_1_118' title='bbox 955 1854 1171 1917; x_wconf 83' lang='lat' dir='ltr'><strong>accidit,</strong></span> <span class='ocrx_word' id='word_1_119' title='bbox 1210 1865 1268 1910; x_wconf 88' lang='lat' dir='ltr'><strong>ut</strong></span> <span class='ocrx_word' id='word_1_120' title='bbox 1301 1858 1556 1926; x_wconf 88' lang='lat' dir='ltr'><strong>pessimis</strong></span> <span class='ocrx_word' id='word_1_121' title='bbox 1586 1862 1831 1915; x_wconf 91' lang='lat' dir='ltr'><strong>omnium</strong></span> <span class='ocrx_word' id='word_1_122' title='bbox 1888 1864 2091 1918; x_wconf 87' lang='lat' dir='ltr'><strong>codici-</strong></span> 
     </span>
    </p>
   </div>
   <div class='ocr_carea' id='block_1_20' title="bbox 525 1940 2091 2017">
    <p class='ocr_par' dir='ltr' id='par_1_20' title="bbox 525 1940 2091 2017">
     <span class='ocr_line' id='line_1_20' title="bbox 525 1940 2091 2017; baseline 0.009 -23"><span class='ocrx_word' id='word_1_123' title='bbox 525 1940 626 1994; x_wconf 88' lang='lat' dir='ltr'><strong>bus</strong></span> <span class='ocrx_word' id='word_1_124' title='bbox 655 1941 736 1995; x_wconf 90' lang='lat' dir='ltr'><strong>nsi</strong></span> <span class='ocrx_word' id='word_1_125' title='bbox 765 1942 875 1995; x_wconf 91' lang='lat' dir='ltr'><strong>sint</strong></span> <span class='ocrx_word' id='word_1_126' title='bbox 898 1943 988 2012; x_wconf 92' lang='lat' dir='ltr'><strong>qui</strong></span> <span class='ocrx_word' id='word_1_127' title='bbox 1020 1945 1231 2014; x_wconf 87' lang='lat' dir='ltr'><strong>priores</strong></span> <span class='ocrx_word' id='word_1_128' title='bbox 1262 1962 1381 2003; x_wconf 90' lang='lat' dir='ltr'><strong>eam</strong></span> <span class='ocrx_word' id='word_1_129' title='bbox 1413 1949 1722 2017; x_wconf 90' lang='lat' dir='ltr'><strong>ediderunt,</strong></span> <span class='ocrx_word' id='word_1_130' title='bbox 1753 1953 1890 2007; x_wconf 89' lang='lat' dir='ltr'><strong>duce</strong></span> <span class='ocrx_word' id='word_1_131' title='bbox 1930 1955 2091 2008; x_wconf 88' lang='lat' dir='ltr'><strong>nimi-</strong></span> 
     </span>
    </p>
   </div>
   <div class='ocr_carea' id='block_1_21' title="bbox 523 2031 2089 2115">
    <p class='ocr_par' dir='ltr' id='par_1_21' title="bbox 523 2031 2089 2115">
     <span class='ocr_line' id='line_1_21' title="bbox 523 2031 2089 2115; baseline 0.011 -31"><span class='ocrx_word' id='word_1_132' title='bbox 523 2047 644 2086; x_wconf 90' lang='lat' dir='ltr'><strong>rum</strong></span> <span class='ocrx_word' id='word_1_133' title='bbox 677 2031 956 2089; x_wconf 86' lang='lat' dir='ltr'><strong>Nanniana</strong></span> <span class='ocrx_word' id='word_1_134' title='bbox 986 2038 1253 2105; x_wconf 85' lang='lat' dir='ltr'><strong>versione,</strong></span> <span class='ocrx_word' id='word_1_135' title='bbox 1301 2055 1370 2095; x_wconf 87' lang='lat' dir='ltr'><strong>ex</strong></span> <span class='ocrx_word' id='word_1_136' title='bbox 1412 2042 1605 2098; x_wconf 82' lang='lat' dir='ltr'><strong>vitiato</strong></span> <span class='ocrx_word' id='word_1_137' title='bbox 1644 2054 1699 2099; x_wconf 92' lang='lat' dir='ltr'><strong>et</strong></span> <span class='ocrx_word' id='word_1_138' title='bbox 1737 2046 1851 2115; x_wconf 92' lang='lat' dir='ltr'><strong>ipsa</strong></span> <span class='ocrx_word' id='word_1_139' title='bbox 1905 2046 2089 2101; x_wconf 89' lang='lat' dir='ltr'><strong>codice</strong></span> 
     </span>
    </p>
   </div>
   <div class='ocr_carea' id='block_1_22' title="bbox 521 2127 2089 2205">
    <p class='ocr_par' dir='ltr' id='par_1_22' title="bbox 521 2127 2089 2205">
     <span class='ocr_line' id='line_1_22' title="bbox 521 2127 2089 2205; baseline 0.01 -30"><span class='ocrx_word' id='word_1_140' title='bbox 521 2136 802 2191; x_wconf 86' lang='lat' dir='ltr'><strong>expressa.</strong></span> <span class='ocrx_word' id='word_1_141' title='bbox 832 2127 970 2181; x_wconf 81' lang='lat' dir='ltr'><strong>Hinc</strong></span> <span class='ocrx_word' id='word_1_142' title='bbox 1015 2132 1359 2199; x_wconf 90' lang='lat' dir='ltr'><strong>perspicuum</strong></span> <span class='ocrx_word' id='word_1_143' title='bbox 1396 2142 1603 2204; x_wconf 89' lang='lat' dir='ltr'><strong>quanto</strong></span> <span class='ocrx_word' id='word_1_144' title='bbox 1638 2136 1891 2205; x_wconf 89' lang='lat' dir='ltr'><strong>scrupulo</strong></span> <span class='ocrx_word' id='word_1_145' title='bbox 1915 2146 1971 2190; x_wconf 88' lang='lat' dir='ltr'><strong>et</strong></span> <span class='ocrx_word' id='word_1_146' title='bbox 2004 2152 2089 2191; x_wconf 85' lang='lat' dir='ltr'><strong>re-</strong></span> 
     </span>
    </p>
   </div>
   <div class='ocr_carea' id='block_1_23' title="bbox 523 2213 2083 2289">
    <p class='ocr_par' dir='ltr' id='par_1_23' title="bbox 523 2213 2083 2289">
     <span class='ocr_line' id='line_1_23' title="bbox 523 2213 2083 2289; baseline 0.008 -22"><span class='ocrx_word' id='word_1_147' title='bbox 523 2213 723 2284; x_wconf 72' lang='lat' dir='ltr'><strong>ligione</strong></span> <span class='ocrx_word' id='word_1_148' title='bbox 763 2216 1046 2273; x_wconf 82' lang='lat' dir='ltr'><strong>Athanasii</strong></span> <span class='ocrx_word' id='word_1_149' title='bbox 1077 2221 1237 2278; x_wconf 91' lang='lat' dir='ltr'><strong>editis</strong></span> <span class='ocrx_word' id='word_1_150' title='bbox 1264 2223 1369 2278; x_wconf 92' lang='lat' dir='ltr'><strong>illis</strong></span> <span class='ocrx_word' id='word_1_151' title='bbox 1418 2225 1494 2278; x_wconf 90' lang='lat' dir='ltr'><strong>uti</strong></span> <span class='ocrx_word' id='word_1_152' title='bbox 1550 2225 1830 2289; x_wconf 87' lang='lat' dir='ltr'><strong>debeatur,</strong></span> <span class='ocrx_word' id='word_1_153' title='bbox 1880 2234 1934 2280; x_wconf 87' lang='lat' dir='ltr'><strong>et</strong></span> <span class='ocrx_word' id='word_1_154' title='bbox 1980 2241 2083 2280; x_wconf 90' lang='lat' dir='ltr'><strong>una</strong></span> 
     </span>
    </p>
   </div>
   <div class='ocr_carea' id='block_1_24' title="bbox 520 2311 2088 2385">
    <p class='ocr_par' dir='ltr' id='par_1_24' title="bbox 520 2311 2088 2385">
     <span class='ocr_line' id='line_1_24' title="bbox 520 2311 2088 2385; baseline 0.01 -27"><span class='ocrx_word' id='word_1_155' title='bbox 520 2323 680 2381; x_wconf 90' lang='lat' dir='ltr'><strong>quam</strong></span> <span class='ocrx_word' id='word_1_156' title='bbox 715 2324 936 2365; x_wconf 90' lang='lat' dir='ltr'><strong>necesse</strong></span> <span class='ocrx_word' id='word_1_157' title='bbox 989 2311 1154 2367; x_wconf 85' lang='lat' dir='ltr'><strong>fuerit</strong></span> <span class='ocrx_word' id='word_1_158' title='bbox 1206 2329 1400 2369; x_wconf 84' lang='lat' dir='ltr'><strong>novam</strong></span> <span class='ocrx_word' id='word_1_159' title='bbox 1446 2330 1641 2384; x_wconf 88' lang='lat' dir='ltr'><strong>parare</strong></span> <span class='ocrx_word' id='word_1_160' title='bbox 1687 2318 2002 2385; x_wconf 84' lang='lat' dir='ltr'><strong>editionem,</strong></span> <span class='ocrx_word' id='word_1_161' title='bbox 2032 2326 2088 2373; x_wconf 89' lang='lat' dir='ltr'><strong>et</strong></span> 
     </span>
    </p>
   </div>
   <div class='ocr_carea' id='block_1_25' title="bbox 515 2404 1311 2460">
    <p class='ocr_par' dir='ltr' id='par_1_25' title="bbox 515 2404 1311 2460">
     <span class='ocr_line' id='line_1_25' title="bbox 515 2404 1311 2460; baseline 0.008 -6"><span class='ocrx_word' id='word_1_162' title='bbox 515 2408 696 2454; x_wconf 85' lang='lat' dir='ltr'><strong>errata</strong></span> <span class='ocrx_word' id='word_1_163' title='bbox 727 2409 971 2456; x_wconf 86' lang='lat' dir='ltr'><strong>veterum</strong></span> <span class='ocrx_word' id='word_1_164' title='bbox 997 2404 1311 2460; x_wconf 88' lang='lat' dir='ltr'><strong>emendare.</strong></span> 
     </span>
    </p>
   </div>
   <div class='ocr_carea' id='block_1_26' title="bbox 587 2490 2085 2571">
    <p class='ocr_par' dir='ltr' id='par_1_26' title="bbox 587 2490 2085 2571">
     <span class='ocr_line' id='line_1_26' title="bbox 587 2490 2085 2571; baseline 0.009 -27"><span class='ocrx_word' id='word_1_165' title='bbox 587 2490 642 2546; x_wconf 91' lang='lat'><strong>9.</strong></span> <span class='ocrx_word' id='word_1_166' title='bbox 680 2490 1176 2562; x_wconf 71' lang='lat' dir='ltr'><strong>[interpretationem</strong></span> <span class='ocrx_word' id='word_1_167' title='bbox 1206 2495 1398 2552; x_wconf 88' lang='lat' dir='ltr'><strong>Nannii</strong></span> <span class='ocrx_word' id='word_1_168' title='bbox 1428 2499 1568 2569; x_wconf 88' lang='lat' dir='ltr'><strong>quod</strong></span> <span class='ocrx_word' id='word_1_169' title='bbox 1598 2509 1829 2571; x_wconf 88' lang='lat' dir='ltr'><strong>spectat,</strong></span> <span class='ocrx_word' id='word_1_170' title='bbox 1862 2500 1949 2556; x_wconf 92' lang='lat' dir='ltr'><strong>diu</strong></span> <span class='ocrx_word' id='word_1_171' title='bbox 1971 2501 2085 2556; x_wconf 68' lang='lat' dir='ltr'><strong>hae-</strong></span> 
     </span>
    </p>
   </div>
   <div class='ocr_carea' id='block_1_27' title="bbox 517 2580 2082 2660">
    <p class='ocr_par' dir='ltr' id='par_1_27' title="bbox 517 2580 2082 2660">
     <span class='ocr_line' id='line_1_27' title="bbox 517 2580 2082 2660; baseline 0.007 -23"><span class='ocrx_word' id='word_1_172' title='bbox 517 2580 769 2637; x_wconf 86' lang='lat' dir='ltr'><strong>rebamus</strong></span> <span class='ocrx_word' id='word_1_173' title='bbox 796 2583 985 2639; x_wconf 90' lang='lat' dir='ltr'><strong>incerti</strong></span> <span class='ocrx_word' id='word_1_174' title='bbox 1024 2602 1287 2643; x_wconf 85' lang='lat' dir='ltr'><strong>novamne</strong></span> <span class='ocrx_word' id='word_1_175' title='bbox 1325 2590 1631 2657; x_wconf 90' lang='lat' dir='ltr'><strong>ederemus,</strong></span> <span class='ocrx_word' id='word_1_176' title='bbox 1681 2607 1746 2646; x_wconf 88' lang='lat' dir='ltr'><strong>an</strong></span> <span class='ocrx_word' id='word_1_177' title='bbox 1786 2607 1929 2660; x_wconf 89' lang='lat' dir='ltr'><strong>eam,</strong></span> <span class='ocrx_word' id='word_1_178' title='bbox 1955 2594 2082 2649; x_wconf 93' lang='lat' dir='ltr'><strong>olim</strong></span> 
     </span>
    </p>
   </div>
   <div class='ocr_carea' id='block_1_28' title="bbox 515 2675 2084 2754">
    <p class='ocr_par' dir='ltr' id='par_1_28' title="bbox 515 2675 2084 2754">
     <span class='ocr_line' id='line_1_28' title="bbox 515 2675 2084 2754; baseline 0.006 -25"><span class='ocrx_word' id='word_1_179' title='bbox 515 2675 821 2744; x_wconf 89' lang='lat' dir='ltr'><strong>probatam,</strong></span> <span class='ocrx_word' id='word_1_180' title='bbox 859 2675 1238 2748; x_wconf 79' lang='lat' dir='ltr'><strong>laudatamque</strong></span> <span class='ocrx_word' id='word_1_181' title='bbox 1283 2689 1338 2735; x_wconf 92' lang='lat' dir='ltr'><strong>et</strong></span> <span class='ocrx_word' id='word_1_182' title='bbox 1368 2682 1586 2750; x_wconf 86' lang='lat' dir='ltr'><strong>quidem</strong></span> <span class='ocrx_word' id='word_1_183' title='bbox 1615 2698 1644 2737; x_wconf 90' lang='lat' dir='ltr'><strong>a</strong></span> <span class='ocrx_word' id='word_1_184' title='bbox 1672 2682 1909 2739; x_wconf 88' lang='lat' dir='ltr'><strong>laudatis</strong></span> <span class='ocrx_word' id='word_1_185' title='bbox 1936 2685 2084 2754; x_wconf 86' lang='lat' dir='ltr'><strong>prius</strong></span> 
     </span>
    </p>
   </div>
   <div class='ocr_carea' id='block_1_29' title="bbox 512 2765 2084 2838">
    <p class='ocr_par' dir='ltr' id='par_1_29' title="bbox 512 2765 2084 2838">
     <span class='ocr_line' id='line_1_29' title="bbox 512 2765 2084 2838; baseline 0.005 -17"><span class='ocrx_word' id='word_1_186' title='bbox 512 2765 868 2821; x_wconf 87' lang='lat' dir='ltr'><strong>emaculatam</strong></span> <span class='ocrx_word' id='word_1_187' title='bbox 910 2782 1010 2838; x_wconf 91' lang='lat' dir='ltr'><strong>pro</strong></span> <span class='ocrx_word' id='word_1_188' title='bbox 1053 2767 1327 2837; x_wconf 77' lang='lat' dir='ltr'><strong>facultate,</strong></span> <span class='ocrx_word' id='word_1_189' title='bbox 1371 2772 1694 2826; x_wconf 89' lang='lat' dir='ltr'><strong>cuderemus</strong></span> <span class='ocrx_word' id='word_1_190' title='bbox 1744 2772 1968 2829; x_wconf 91' lang='lat' dir='ltr'><strong>iterum.</strong></span> <span class='ocrx_word' id='word_1_191' title='bbox 2017 2774 2084 2830; x_wconf 88' lang='lat' dir='ltr'><strong>Et</strong></span> 
     </span>
    </p>
   </div>
   <div class='ocr_carea' id='block_1_30' title="bbox 514 2856 2080 2935">
    <p class='ocr_par' dir='ltr' id='par_1_30' title="bbox 514 2856 2080 2935">
     <span class='ocr_line' id='line_1_30' title="bbox 514 2856 2080 2935; baseline 0.007 -24"><span class='ocrx_word' id='word_1_192' title='bbox 514 2871 647 2911; x_wconf 85' lang='lat' dir='ltr'><strong>sane</strong></span> <span class='ocrx_word' id='word_1_193' title='bbox 676 2856 727 2911; x_wconf 93' lang='lat' dir='ltr'><strong>in</strong></span> <span class='ocrx_word' id='word_1_194' title='bbox 762 2857 900 2912; x_wconf 90' lang='lat' dir='ltr'><strong>hanc</strong></span> <span class='ocrx_word' id='word_1_195' title='bbox 931 2859 1108 2928; x_wconf 89' lang='lat' dir='ltr'><strong>potius</strong></span> <span class='ocrx_word' id='word_1_196' title='bbox 1138 2870 1345 2931; x_wconf 88' lang='lat' dir='ltr'><strong>partem</strong></span> <span class='ocrx_word' id='word_1_197' title='bbox 1388 2863 1861 2932; x_wconf 90' lang='lat' dir='ltr'><strong>propendebamus</strong></span> <span class='ocrx_word' id='word_1_198' title='bbox 1902 2860 2080 2935; x_wconf 81' lang='lat' dir='ltr'><strong>initio,</strong></span> 
     </span>
    </p>
   </div>
   <div class='ocr_carea' id='block_1_31' title="bbox 516 2949 2079 3024">
    <p class='ocr_par' dir='ltr' id='par_1_31' title="bbox 516 2949 2079 3024">
     <span class='ocr_line' id='line_1_31' title="bbox 516 2949 2079 3024; baseline 0.007 -23"><span class='ocrx_word' id='word_1_199' title='bbox 516 2961 587 3004; x_wconf 88' lang='lat' dir='ltr'><strong>ne</strong></span> <span class='ocrx_word' id='word_1_200' title='bbox 618 2949 827 3005; x_wconf 90' lang='lat' dir='ltr'><strong>scilicet</strong></span> <span class='ocrx_word' id='word_1_201' title='bbox 856 2960 1036 3005; x_wconf 90' lang='lat' dir='ltr'><strong>actum</strong></span> <span class='ocrx_word' id='word_1_202' title='bbox 1081 2967 1240 3021; x_wconf 82' lang='lat' dir='ltr'><strong>agere</strong></span> <span class='ocrx_word' id='word_1_203' title='bbox 1268 2952 1599 3009; x_wconf 84' lang='lat' dir='ltr'><strong>videremur.</strong></span> <span class='ocrx_word' id='word_1_204' title='bbox 1637 2954 1832 3010; x_wconf 82' lang='lat' dir='ltr'><strong>Verum</strong></span> <span class='ocrx_word' id='word_1_205' title='bbox 1864 2966 2079 3024; x_wconf 90' lang='lat' dir='ltr'><strong>contra,</strong></span> 
     </span>
    </p>
   </div>
   <div class='ocr_carea' id='block_1_32' title="bbox 513 3042 2080 3120">
    <p class='ocr_par' dir='ltr' id='par_1_32' title="bbox 513 3042 2080 3120">
     <span class='ocr_line' id='line_1_32' title="bbox 513 3042 2080 3120; baseline 0.006 -22"><span class='ocrx_word' id='word_1_206' title='bbox 513 3057 585 3098; x_wconf 88' lang='lat' dir='ltr'><strong>ne</strong></span> <span class='ocrx_word' id='word_1_207' title='bbox 609 3045 790 3099; x_wconf 85' lang='lat' dir='ltr'><strong>versio</strong></span> <span class='ocrx_word' id='word_1_208' title='bbox 825 3042 915 3100; x_wconf 90' lang='lat' dir='ltr'><strong>illa</strong></span> <span class='ocrx_word' id='word_1_209' title='bbox 952 3047 1144 3102; x_wconf 91' lang='lat' dir='ltr'><strong>iterum</strong></span> <span class='ocrx_word' id='word_1_210' title='bbox 1172 3048 1223 3102; x_wconf 91' lang='lat' dir='ltr'><strong>in</strong></span> <span class='ocrx_word' id='word_1_211' title='bbox 1255 3049 1428 3103; x_wconf 89' lang='lat' dir='ltr'><strong>lucem</strong></span> <span class='ocrx_word' id='word_1_212' title='bbox 1462 3050 1722 3120; x_wconf 86' lang='lat' dir='ltr'><strong>prodiret,</strong></span> <span class='ocrx_word' id='word_1_213' title='bbox 1752 3051 1918 3106; x_wconf 83' lang='lat' dir='ltr'><strong>multa</strong></span> <span class='ocrx_word' id='word_1_214' title='bbox 1949 3068 2080 3107; x_wconf 91' lang='lat' dir='ltr'><strong>sua-</strong></span> 
     </span>
    </p>
   </div>
   <div class='ocr_carea' id='block_1_33' title="bbox 511 3136 2150 3229">
    <p class='ocr_par' dir='ltr' id='par_1_33' title="bbox 511 3136 2150 3229">
     <span class='ocr_line' id='line_1_33' title="bbox 511 3136 2150 3229; baseline 0.007 -40"><span class='ocrx_word' id='word_1_215' title='bbox 511 3136 729 3190; x_wconf 85' lang='lat' dir='ltr'><strong>debant.</strong></span> <span class='ocrx_word' id='word_1_216' title='bbox 760 3136 996 3191; x_wconf 90' lang='lat' dir='ltr'><strong>Primum</strong></span> <span class='ocrx_word' id='word_1_217' title='bbox 1024 3140 1167 3194; x_wconf 91' lang='lat' dir='ltr'><strong>enim</strong></span> <span class='ocrx_word' id='word_1_218' title='bbox 1203 3155 1324 3195; x_wconf 89' lang='lat' dir='ltr'><strong>eum</strong></span> <span class='ocrx_word' id='word_1_219' title='bbox 1360 3155 1425 3194; x_wconf 82' lang='lat' dir='ltr'><strong>ex</strong></span> <span class='ocrx_word' id='word_1_220' title='bbox 1464 3143 1834 3213; x_wconf 87' lang='lat' dir='ltr'><strong>manuscripto</strong></span> <span class='ocrx_word' id='word_1_221' title='bbox 1864 3144 2076 3213; x_wconf 87' lang='lat' dir='ltr'><strong>vitiato,</strong></span> <span class='ocrx_word' id='word_1_222' title='bbox 2103 3171 2150 3229; x_wconf 67' lang='grc' dir='ltr'>ο</span> 
     </span>
    </p>
   </div>
   <div class='ocr_carea' id='block_1_34' title="bbox 508 3227 2079 3306">
    <p class='ocr_par' dir='ltr' id='par_1_34' title="bbox 508 3227 2079 3306">
     <span class='ocr_line' id='line_1_34' title="bbox 508 3227 2079 3306; baseline 0.009 -27"><span class='ocrx_word' id='word_1_223' title='bbox 508 3236 566 3280; x_wconf 91' lang='lat' dir='ltr'><strong>et</strong></span> <span class='ocrx_word' id='word_1_224' title='bbox 617 3227 843 3284; x_wconf 84' lang='lat' dir='ltr'><strong>infinitis</strong></span> <span class='ocrx_word' id='word_1_225' title='bbox 890 3245 1056 3301; x_wconf 89' lang='lat' dir='ltr'><strong>prepe</strong></span> <span class='ocrx_word' id='word_1_226' title='bbox 1102 3234 1312 3288; x_wconf 92' lang='lat' dir='ltr'><strong>mendis</strong></span> <span class='ocrx_word' id='word_1_227' title='bbox 1347 3248 1568 3302; x_wconf 87' lang='lat' dir='ltr'><strong>asperso</strong></span> <span class='ocrx_word' id='word_1_228' title='bbox 1612 3250 1867 3306; x_wconf 75' lang='lat' dir='ltr'><strong>expressa</strong></span> <span class='ocrx_word' id='word_1_229' title='bbox 1914 3237 2004 3291; x_wconf 88' lang='lat' dir='ltr'><strong>illa</strong></span> <span class='ocrx_word' id='word_1_230' title='bbox 2044 3251 2079 3293; x_wconf 74' lang='grc' dir='ltr'>ι</span> 
     </span>
    </p>
   </div>
   <div class='ocr_carea' id='block_1_35' title="bbox 507 3317 2077 3389">
    <p class='ocr_par' dir='ltr' id='par_1_35' title="bbox 507 3317 2077 3389">
     <span class='ocr_line' id='line_1_35' title="bbox 507 3317 2077 3389; baseline 0.006 -16"><span class='ocrx_word' id='word_1_231' title='bbox 507 3317 717 3377; x_wconf 80' lang='lat' dir='ltr'><strong>Nannio</strong></span> <span class='ocrx_word' id='word_1_232' title='bbox 750 3322 930 3389; x_wconf 88' lang='lat' dir='ltr'><strong>fuerit,</strong></span> <span class='ocrx_word' id='word_1_233' title='bbox 978 3340 1259 3379; x_wconf 89' lang='lat' dir='ltr'><strong>necessum</strong></span> <span class='ocrx_word' id='word_1_234' title='bbox 1287 3334 1404 3379; x_wconf 88' lang='lat' dir='ltr'><strong>erat</strong></span> <span class='ocrx_word' id='word_1_235' title='bbox 1449 3335 1507 3378; x_wconf 91' lang='lat' dir='ltr'><strong>ut</strong></span> <span class='ocrx_word' id='word_1_236' title='bbox 1541 3328 1813 3381; x_wconf 83' lang='lat' dir='ltr'><strong>sexcentis</strong></span> <span class='ocrx_word' id='word_1_237' title='bbox 1843 3328 1896 3381; x_wconf 92' lang='lat' dir='ltr'><strong>in</strong></span> <span class='ocrx_word' id='word_1_238' title='bbox 1944 3328 2077 3383; x_wconf 92' lang='lat' dir='ltr'><strong>locis</strong></span> 
     </span>
    </p>
   </div>
   <div class='ocr_carea' id='block_1_36' title="bbox 508 3413 2074 3485">
    <p class='ocr_par' dir='ltr' id='par_1_36' title="bbox 508 3413 2074 3485">
     <span class='ocr_line' id='line_1_36' title="bbox 508 3413 2074 3485; baseline 0.004 -18"><span class='ocrx_word' id='word_1_239' title='bbox 508 3413 905 3479; x_wconf 75' lang='lat' dir='ltr'><strong>imrtmtaretur,</strong></span> <span class='ocrx_word' id='word_1_240' title='bbox 942 3425 1000 3469; x_wconf 92' lang='lat' dir='ltr'><strong>ut</strong></span> <span class='ocrx_word' id='word_1_241' title='bbox 1041 3431 1163 3469; x_wconf 90' lang='lat' dir='ltr'><strong>cum</strong></span> <span class='ocrx_word' id='word_1_242' title='bbox 1212 3415 1419 3471; x_wconf 71' lang='lat' dir='ltr'><strong>Graecis</strong></span> <span class='ocrx_word' id='word_1_243' title='bbox 1463 3417 1780 3485; x_wconf 89' lang='lat' dir='ltr'><strong>quadraret.</strong></span> <span class='ocrx_word' id='word_1_244' title='bbox 1826 3417 1908 3471; x_wconf 86' lang='lat' dir='ltr'><strong>Ad</strong></span> <span class='ocrx_word' id='word_1_245' title='bbox 1958 3419 2074 3474; x_wconf 72' lang='lat' dir='ltr'><strong>haec</strong></span> 
     </span>
    </p>
   </div>
   <div class='ocr_carea' id='block_1_37' title="bbox 505 3506 2069 3575">
    <p class='ocr_par' dir='ltr' id='par_1_37' title="bbox 505 3506 2069 3575">
     <span class='ocr_line' id='line_1_37' title="bbox 505 3506 2069 3575; baseline 0.001 -14"><span class='ocrx_word' id='word_1_246' title='bbox 505 3517 684 3561; x_wconf 89' lang='lat' dir='ltr'><strong>autem</strong></span> <span class='ocrx_word' id='word_1_247' title='bbox 724 3517 782 3561; x_wconf 94' lang='lat' dir='ltr'><strong>ut</strong></span> <span class='ocrx_word' id='word_1_248' title='bbox 823 3508 1015 3562; x_wconf 91' lang='lat' dir='ltr'><strong>eruditi</strong></span> <span class='ocrx_word' id='word_1_249' title='bbox 1064 3508 1165 3562; x_wconf 87' lang='lat' dir='ltr'><strong>viri</strong></span> <span class='ocrx_word' id='word_1_250' title='bbox 1205 3506 1522 3573; x_wconf 88' lang='lat' dir='ltr'><strong>jamdudum</strong></span> <span class='ocrx_word' id='word_1_251' title='bbox 1555 3507 2069 3575; x_wconf 81' lang='lat' dir='ltr'><strong>animadverteram,</strong></span> 
     </span>
    </p>
   </div>
   <div class='ocr_carea' id='block_1_38' title="bbox 504 3595 2072 3662">
    <p class='ocr_par' dir='ltr' id='par_1_38' title="bbox 504 3595 2072 3662">
     <span class='ocr_line' id='line_1_38' title="bbox 504 3595 2072 3662; baseline 0.002 -14"><span class='ocrx_word' id='word_1_252' title='bbox 504 3598 685 3652; x_wconf 89' lang='lat' dir='ltr'><strong>versio</strong></span> <span class='ocrx_word' id='word_1_253' title='bbox 718 3596 804 3652; x_wconf 91' lang='lat' dir='ltr'><strong>illa</strong></span> <span class='ocrx_word' id='word_1_254' title='bbox 852 3612 957 3651; x_wconf 91' lang='lat' dir='ltr'><strong>non</strong></span> <span class='ocrx_word' id='word_1_255' title='bbox 990 3612 1052 3651; x_wconf 88' lang='lat' dir='ltr'><strong>ea</strong></span> <span class='ocrx_word' id='word_1_256' title='bbox 1101 3596 1447 3651; x_wconf 86' lang='lat' dir='ltr'><strong>accuratione</strong></span> <span class='ocrx_word' id='word_1_257' title='bbox 1486 3599 1803 3651; x_wconf 88' lang='lat' dir='ltr'><strong>concinnata</strong></span> <span class='ocrx_word' id='word_1_258' title='bbox 1848 3595 1970 3662; x_wconf 87' lang='lat' dir='ltr'><strong>fuit,</strong></span> <span class='ocrx_word' id='word_1_259' title='bbox 2013 3605 2072 3651; x_wconf 90' lang='lat' dir='ltr'><strong>ut</strong></span> 
     </span>
    </p>
   </div>
   <div class='ocr_carea' id='block_1_39' title="bbox 502 3691 2068 3761">
    <p class='ocr_par' dir='ltr' id='par_1_39' title="bbox 502 3691 2068 3761">
     <span class='ocr_line' id='line_1_39' title="bbox 502 3691 2068 3761; baseline 0.001 -15"><span class='ocrx_word' id='word_1_260' title='bbox 502 3692 781 3746; x_wconf 85' lang='lat' dir='ltr'><strong>Athanasii</strong></span> <span class='ocrx_word' id='word_1_261' title='bbox 809 3701 1039 3746; x_wconf 89' lang='lat' dir='ltr'><strong>mentem</strong></span> <span class='ocrx_word' id='word_1_262' title='bbox 1069 3691 1233 3760; x_wconf 84' lang='lat' dir='ltr'><strong>probe</strong></span> <span class='ocrx_word' id='word_1_263' title='bbox 1264 3698 1544 3745; x_wconf 83' lang='lat' dir='ltr'><strong>assecutus</strong></span> <span class='ocrx_word' id='word_1_264' title='bbox 1570 3691 1641 3745; x_wconf 92' lang='lat' dir='ltr'><strong>sit</strong></span> <span class='ocrx_word' id='word_1_265' title='bbox 1667 3692 1944 3757; x_wconf 77' lang='lat' dir='ltr'><strong>Nannius;</strong></span> <span class='ocrx_word' id='word_1_266' title='bbox 1978 3692 2068 3761; x_wconf 90' lang='lat' dir='ltr'><strong>qui</strong></span> 
     </span>
    </p>
   </div>
   <div class='ocr_carea' id='block_1_40' title="bbox 502 3778 2065 3852">
    <p class='ocr_par' dir='ltr' id='par_1_40' title="bbox 502 3778 2065 3852">
     <span class='ocr_line' id='line_1_40' title="bbox 502 3778 2065 3852; baseline 0.005 -21"><span class='ocrx_word' id='word_1_267' title='bbox 502 3778 590 3833; x_wconf 88' lang='lat' dir='ltr'><strong>vir</strong></span> <span class='ocrx_word' id='word_1_268' title='bbox 607 3781 847 3850; x_wconf 89' lang='lat' dir='ltr'><strong>apprime</strong></span> <span class='ocrx_word' id='word_1_269' title='bbox 868 3781 1110 3835; x_wconf 86' lang='lat' dir='ltr'><strong>eruditus</strong></span> <span class='ocrx_word' id='word_1_270' title='bbox 1135 3790 1190 3836; x_wconf 85' lang='lat' dir='ltr'><strong>et</strong></span> <span class='ocrx_word' id='word_1_271' title='bbox 1212 3780 1396 3835; x_wconf 89' lang='lat' dir='ltr'><strong>multis</strong></span> <span class='ocrx_word' id='word_1_272' title='bbox 1421 3781 1729 3836; x_wconf 88' lang='lat' dir='ltr'><strong>nominibus</strong></span> <span class='ocrx_word' id='word_1_273' title='bbox 1755 3784 2065 3852; x_wconf 67' lang='lat' dir='ltr'><strong>praeclarus,</strong></span> 
     </span>
    </p>
   </div>
   <div class='ocr_carea' id='block_1_41' title="bbox 501 3873 2064 3945">
    <p class='ocr_par' dir='ltr' id='par_1_41' title="bbox 501 3873 2064 3945">
     <span class='ocr_line' id='line_1_41' title="bbox 501 3873 2064 3945; baseline 0.004 -20"><span class='ocrx_word' id='word_1_274' title='bbox 501 3873 879 3942; x_wconf 73' lang='lat' dir='ltr'><strong>praestantiora</strong></span> <span class='ocrx_word' id='word_1_275' title='bbox 929 3873 1127 3939; x_wconf 74' lang='lat' dir='ltr'><strong>nostris</strong></span> <span class='ocrx_word' id='word_1_276' title='bbox 1178 3875 1409 3928; x_wconf 82' lang='lat' dir='ltr'><strong>fortasse</strong></span> <span class='ocrx_word' id='word_1_277' title='bbox 1461 3874 1718 3941; x_wconf 90' lang='lat' dir='ltr'><strong>dedisset,</strong></span> <span class='ocrx_word' id='word_1_278' title='bbox 1772 3876 1817 3930; x_wconf 92' lang='lat' dir='ltr'><strong>si</strong></span> <span class='ocrx_word' id='word_1_279' title='bbox 1869 3878 2064 3945; x_wconf 79' lang='lat' dir='ltr'><strong>aetatis,</strong></span> 
     </span>
    </p>
   </div>
   <div class='ocr_carea' id='block_1_42' title="bbox 501 3964 2066 4033">
    <p class='ocr_par' dir='ltr' id='par_1_42' title="bbox 501 3964 2066 4033">
     <span class='ocr_line' id='line_1_42' title="bbox 501 3964 2066 4033; baseline 0.004 -18"><span class='ocrx_word' id='word_1_280' title='bbox 501 3964 1098 4033; x_wconf 89' lang='lat' dir='ltr'><strong>manuscriptorumque</strong></span> <span class='ocrx_word' id='word_1_281' title='bbox 1139 3965 1380 4020; x_wconf 89' lang='lat' dir='ltr'><strong>conditio</strong></span> <span class='ocrx_word' id='word_1_282' title='bbox 1408 3965 1461 4019; x_wconf 89' lang='lat' dir='ltr'><strong>id</strong></span> <span class='ocrx_word' id='word_1_283' title='bbox 1497 3966 1725 4023; x_wconf 85' lang='lat' dir='ltr'><strong>tulisset.</strong></span> <span class='ocrx_word' id='word_1_284' title='bbox 1752 3967 1950 4023; x_wconf 82' lang='lat' dir='ltr'><strong>Verum</strong></span> <span class='ocrx_word' id='word_1_285' title='bbox 1981 3970 2066 4022; x_wconf 85' lang='lat' dir='ltr'><strong>vi-</strong></span> 
     </span>
    </p>
   </div>
   <div class='ocr_carea' id='block_1_43' title="bbox 502 4055 2062 4126">
    <p class='ocr_par' dir='ltr' id='par_1_43' title="bbox 502 4055 2062 4126">
     <span class='ocr_line' id='line_1_43' title="bbox 502 4055 2062 4126; baseline 0.004 -18"><span class='ocrx_word' id='word_1_286' title='bbox 502 4055 631 4108; x_wconf 87' lang='lat' dir='ltr'><strong>tiata</strong></span> <span class='ocrx_word' id='word_1_287' title='bbox 662 4055 911 4120; x_wconf 87' lang='lat' dir='ltr'><strong>lectione,</strong></span> <span class='ocrx_word' id='word_1_288' title='bbox 942 4071 1061 4110; x_wconf 88' lang='lat' dir='ltr'><strong>cum</strong></span> <span class='ocrx_word' id='word_1_289' title='bbox 1090 4056 1400 4126; x_wconf 59' lang='lat' dir='ltr'><strong>quissemel</strong></span> <span class='ocrx_word' id='word_1_290' title='bbox 1430 4057 1497 4111; x_wconf 87' lang='lat' dir='ltr'><strong>ab</strong></span> <span class='ocrx_word' id='word_1_291' title='bbox 1525 4059 1766 4115; x_wconf 88' lang='lat' dir='ltr'><strong>auctoris</strong></span> <span class='ocrx_word' id='word_1_292' title='bbox 1794 4062 2062 4117; x_wconf 85' lang='lat' dir='ltr'><strong>sententia</strong></span> 
     </span>
    </p>
   </div>
   <div class='ocr_carea' id='block_1_44' title="bbox 497 4148 2058 4220">
    <p class='ocr_par' dir='ltr' id='par_1_44' title="bbox 497 4148 2058 4220">
     <span class='ocr_line' id='line_1_44' title="bbox 497 4148 2058 4220; baseline 0.004 -18"><span class='ocrx_word' id='word_1_293' title='bbox 497 4148 720 4212; x_wconf 83' lang='lat' dir='ltr'><strong>excidit,</strong></span> <span class='ocrx_word' id='word_1_294' title='bbox 755 4148 808 4203; x_wconf 92' lang='lat' dir='ltr'><strong>in</strong></span> <span class='ocrx_word' id='word_1_295' title='bbox 840 4148 1056 4218; x_wconf 89' lang='lat' dir='ltr'><strong>reliquis</strong></span> <span class='ocrx_word' id='word_1_296' title='bbox 1077 4149 1240 4204; x_wconf 88' lang='lat' dir='ltr'><strong>etiam</strong></span> <span class='ocrx_word' id='word_1_297' title='bbox 1269 4164 1506 4220; x_wconf 62' lang='lat' dir='ltr'><strong>praeceps</strong></span> <span class='ocrx_word' id='word_1_298' title='bbox 1536 4149 1740 4218; x_wconf 81' lang='lat' dir='ltr'><strong>fertur;</strong></span> <span class='ocrx_word' id='word_1_299' title='bbox 1765 4162 1819 4208; x_wconf 91' lang='lat' dir='ltr'><strong>et</strong></span> <span class='ocrx_word' id='word_1_300' title='bbox 1841 4153 1965 4208; x_wconf 91' lang='lat' dir='ltr'><strong>dum</strong></span> <span class='ocrx_word' id='word_1_301' title='bbox 1992 4155 2058 4209; x_wconf 88' lang='lat' dir='ltr'><strong>ad</strong></span> 
     </span>
    </p>
   </div>
   <div class='ocr_carea' id='block_1_45' title="bbox 498 4239 2059 4313">
    <p class='ocr_par' dir='ltr' id='par_1_45' title="bbox 498 4239 2059 4313">
     <span class='ocr_line' id='line_1_45' title="bbox 498 4239 2059 4313; baseline 0.005 -21"><span class='ocrx_word' id='word_1_302' title='bbox 498 4249 677 4293; x_wconf 87' lang='lat' dir='ltr'><strong>certos</strong></span> <span class='ocrx_word' id='word_1_303' title='bbox 700 4239 902 4294; x_wconf 87' lang='lat' dir='ltr'><strong>limites</strong></span> <span class='ocrx_word' id='word_1_304' title='bbox 926 4240 1167 4305; x_wconf 89' lang='lat' dir='ltr'><strong>redierit,</strong></span> <span class='ocrx_word' id='word_1_305' title='bbox 1191 4250 1530 4297; x_wconf 85' lang='lat' dir='ltr'><strong>transversus</strong></span> <span class='ocrx_word' id='word_1_306' title='bbox 1557 4244 1752 4313; x_wconf 80' lang='lat' dir='ltr'><strong>agitur.</strong></span> <span class='ocrx_word' id='word_1_307' title='bbox 1777 4243 2059 4300; x_wconf 89' lang='lat' dir='ltr'><strong>lnnumera</strong></span> 
     </span>
    </p>
   </div>
   <div class='ocr_carea' id='block_1_46' title="bbox 498 4330 2059 4408">
    <p class='ocr_par' dir='ltr' id='par_1_46' title="bbox 498 4330 2059 4408">
     <span class='ocr_line' id='line_1_46' title="bbox 498 4330 2059 4408; baseline 0.006 -23"><span class='ocrx_word' id='word_1_308' title='bbox 498 4345 777 4399; x_wconf 90' lang='lat' dir='ltr'><strong>possemus</strong></span> <span class='ocrx_word' id='word_1_309' title='bbox 823 4330 1016 4386; x_wconf 83' lang='lat' dir='ltr'><strong>all&#39;erre</strong></span> <span class='ocrx_word' id='word_1_310' title='bbox 1080 4347 1147 4387; x_wconf 86' lang='lat' dir='ltr'><strong>ex</strong></span> <span class='ocrx_word' id='word_1_311' title='bbox 1198 4332 1287 4387; x_wconf 89' lang='lat' dir='ltr'><strong>illa</strong></span> <span class='ocrx_word' id='word_1_312' title='bbox 1337 4335 1587 4390; x_wconf 84' lang='lat' dir='ltr'><strong>versione</strong></span> <span class='ocrx_word' id='word_1_313' title='bbox 1628 4337 1915 4408; x_wconf 84' lang='lat' dir='ltr'><strong>exempla:</strong></span> <span class='ocrx_word' id='word_1_314' title='bbox 1964 4340 2059 4394; x_wconf 89' lang='lat' dir='ltr'><strong>sed</strong></span> 
     </span>
    </p>
   </div>
   <div class='ocr_carea' id='block_1_47' title="bbox 495 4423 2054 4495">
    <p class='ocr_par' dir='ltr' id='par_1_47' title="bbox 495 4423 2054 4495">
     <span class='ocr_line' id='line_1_47' title="bbox 495 4423 2054 4495; baseline 0.006 -21"><span class='ocrx_word' id='word_1_315' title='bbox 495 4435 662 4489; x_wconf 89' lang='lat' dir='ltr'><strong>pauca</strong></span> <span class='ocrx_word' id='word_1_316' title='bbox 708 4423 840 4477; x_wconf 90' lang='lat' dir='ltr'><strong>satis</strong></span> <span class='ocrx_word' id='word_1_317' title='bbox 886 4434 1067 4487; x_wconf 88' lang='lat' dir='ltr'><strong>sunto,</strong></span> <span class='ocrx_word' id='word_1_318' title='bbox 1116 4439 1185 4479; x_wconf 94' lang='lat' dir='ltr'><strong>ne</strong></span> <span class='ocrx_word' id='word_1_319' title='bbox 1215 4425 1429 4480; x_wconf 90' lang='lat' dir='ltr'><strong>erudito</strong></span> <span class='ocrx_word' id='word_1_320' title='bbox 1460 4426 1668 4495; x_wconf 89' lang='lat' dir='ltr'><strong>lectori,</strong></span> <span class='ocrx_word' id='word_1_321' title='bbox 1703 4428 1829 4483; x_wconf 90' lang='lat' dir='ltr'><strong>dum</strong></span> <span class='ocrx_word' id='word_1_322' title='bbox 1880 4428 2054 4485; x_wconf 90' lang='lat' dir='ltr'><strong>aliena</strong></span> 
     </span>
    </p>
   </div>
   <div class='ocr_carea' id='block_1_48' title="bbox 494 4514 1545 4582">
    <p class='ocr_par' dir='ltr' id='par_1_48' title="bbox 494 4514 1545 4582">
     <span class='ocr_line' id='line_1_48' title="bbox 494 4514 1545 4582; baseline 0.007 -16"><span class='ocrx_word' id='word_1_323' title='bbox 494 4521 670 4566; x_wconf 88' lang='lat' dir='ltr'><strong>errata</strong></span> <span class='ocrx_word' id='word_1_324' title='bbox 706 4528 1071 4582; x_wconf 87' lang='lat' dir='ltr'><strong>recensemus,</strong></span> <span class='ocrx_word' id='word_1_325' title='bbox 1104 4514 1321 4571; x_wconf 89' lang='lat' dir='ltr'><strong>fastidio</strong></span> <span class='ocrx_word' id='word_1_326' title='bbox 1353 4517 1545 4573; x_wconf 92' lang='lat' dir='ltr'><strong>simus.</strong></span> 
     </span>
    </p>
   </div>
   <div class='ocr_carea' id='block_1_49' title="bbox 566 4602 2054 4677">
    <p class='ocr_par' dir='ltr' id='par_1_49' title="bbox 566 4602 2054 4677">
     <span class='ocr_line' id='line_1_49' title="bbox 566 4602 2054 4677; baseline 0.009 -19"><span class='ocrx_word' id='word_1_327' title='bbox 566 4602 654 4659; x_wconf 75' lang='grc'><strong>10.</strong></span> <span class='ocrx_word' id='word_1_328' title='bbox 694 4605 864 4659; x_wconf 89' lang='lat' dir='ltr'><strong>Porro</strong></span> <span class='ocrx_word' id='word_1_329' title='bbox 925 4616 1213 4677; x_wconf 88' lang='lat' dir='ltr'><strong>antequam</strong></span> <span class='ocrx_word' id='word_1_330' title='bbox 1252 4609 1750 4670; x_wconf 80' lang='lat' dir='ltr'><strong>animadversiones</strong></span> <span class='ocrx_word' id='word_1_331' title='bbox 1805 4615 1923 4672; x_wconf 90' lang='lat' dir='ltr'><strong>illas</strong></span> <span class='ocrx_word' id='word_1_332' title='bbox 1952 4633 2054 4671; x_wconf 90' lang='lat' dir='ltr'><strong>no-</strong></span> 
     </span>
    </p>
   </div>
   <div class='ocr_carea' id='block_1_50' title="bbox 494 4697 2050 4778">
    <p class='ocr_par' dir='ltr' id='par_1_50' title="bbox 494 4697 2050 4778">
     <span class='ocr_line' id='line_1_50' title="bbox 494 4697 2050 4778; baseline 0.01 -29"><span class='ocrx_word' id='word_1_333' title='bbox 494 4705 635 4749; x_wconf 85' lang='lat' dir='ltr'><strong>stras</strong></span> <span class='ocrx_word' id='word_1_334' title='bbox 671 4697 966 4766; x_wconf 89' lang='lat' dir='ltr'><strong>ordiamur,</strong></span> <span class='ocrx_word' id='word_1_335' title='bbox 1002 4716 1105 4756; x_wconf 91' lang='lat' dir='ltr'><strong>non</strong></span> <span class='ocrx_word' id='word_1_336' title='bbox 1151 4702 1418 4773; x_wconf 78' lang='lat' dir='ltr'><strong>ingratum</strong></span> <span class='ocrx_word' id='word_1_337' title='bbox 1451 4705 1638 4760; x_wconf 92' lang='lat' dir='ltr'><strong>lectori</strong></span> <span class='ocrx_word' id='word_1_338' title='bbox 1672 4705 1790 4763; x_wconf 88' lang='lat' dir='ltr'><strong>fore</strong></span> <span class='ocrx_word' id='word_1_339' title='bbox 1820 4720 1971 4778; x_wconf 91' lang='lat' dir='ltr'><strong>puto,</strong></span> <span class='ocrx_word' id='word_1_340' title='bbox 2004 4710 2050 4765; x_wconf 89' lang='lat' dir='ltr'><strong>si</strong></span> 
     </span>
    </p>
   </div>
   <div class='ocr_carea' id='block_1_51' title="bbox 495 4785 2052 4857">
    <p class='ocr_par' dir='ltr' id='par_1_51' title="bbox 495 4785 2052 4857">
     <span class='ocr_line' id='line_1_51' title="bbox 495 4785 2052 4857; baseline 0.012 -18"><span class='ocrx_word' id='word_1_341' title='bbox 495 4785 581 4839; x_wconf 92' lang='lat' dir='ltr'><strong>hic</strong></span> <span class='ocrx_word' id='word_1_342' title='bbox 608 4786 863 4841; x_wconf 75' lang='lat' dir='ltr'><strong>efferatur</strong></span> <span class='ocrx_word' id='word_1_343' title='bbox 887 4789 941 4843; x_wconf 90' lang='lat' dir='ltr'><strong>in</strong></span> <span class='ocrx_word' id='word_1_344' title='bbox 966 4791 1198 4846; x_wconf 87' lang='lat' dir='ltr'><strong>medium</strong></span> <span class='ocrx_word' id='word_1_345' title='bbox 1220 4808 1447 4848; x_wconf 90' lang='lat' dir='ltr'><strong>censura</strong></span> <span class='ocrx_word' id='word_1_346' title='bbox 1478 4793 1769 4852; x_wconf 70' lang='lat' dir='ltr'><strong>Nauniante</strong></span> <span class='ocrx_word' id='word_1_347' title='bbox 1791 4800 2052 4857; x_wconf 87' lang='lat' dir='ltr'><strong>versionis</strong></span> 
     </span>
    </p>
   </div>
   <div class='ocr_carea' id='block_1_52' title="bbox 491 4876 2050 4963">
    <p class='ocr_par' dir='ltr' id='par_1_52' title="bbox 491 4876 2050 4963">
     <span class='ocr_line' id='line_1_52' title="bbox 491 4876 2050 4963; baseline 0.012 -34"><span class='ocrx_word' id='word_1_348' title='bbox 491 4876 616 4931; x_wconf 83' lang='lat' dir='ltr'><strong>olim</strong></span> <span class='ocrx_word' id='word_1_349' title='bbox 655 4876 805 4945; x_wconf 86' lang='lat' dir='ltr'><strong>jussu</strong></span> <span class='ocrx_word' id='word_1_350' title='bbox 841 4881 1387 4940; x_wconf 88' lang='lat' dir='ltr'><strong>eminentissimorum</strong></span> <span class='ocrx_word' id='word_1_351' title='bbox 1426 4888 1787 4945; x_wconf 88' lang='lat' dir='ltr'><strong>cardinalium</strong></span> <span class='ocrx_word' id='word_1_352' title='bbox 1823 4906 2050 4963; x_wconf 80' lang='lat' dir='ltr'><strong>congre-</strong></span> 
     </span>
    </p>
   </div>
   <div class='ocr_carea' id='block_1_53' title="bbox 489 4967 2052 5046">
    <p class='ocr_par' dir='ltr' id='par_1_53' title="bbox 489 4967 2052 5046">
     <span class='ocr_line' id='line_1_53' title="bbox 489 4967 2052 5046; baseline 0.012 -27"><span class='ocrx_word' id='word_1_353' title='bbox 489 4967 721 5037; x_wconf 78' lang='lat' dir='ltr'><strong>gationis</strong></span> <span class='ocrx_word' id='word_1_354' title='bbox 747 4970 945 5026; x_wconf 91' lang='lat' dir='ltr'><strong>Indicis</strong></span> <span class='ocrx_word' id='word_1_355' title='bbox 979 4974 1317 5040; x_wconf 88' lang='lat' dir='ltr'><strong>concinnata,</strong></span> <span class='ocrx_word' id='word_1_356' title='bbox 1348 4985 1402 5031; x_wconf 91' lang='lat' dir='ltr'><strong>et</strong></span> <span class='ocrx_word' id='word_1_357' title='bbox 1446 4978 1660 5046; x_wconf 84' lang='lat' dir='ltr'><strong>quidem</strong></span> <span class='ocrx_word' id='word_1_358' title='bbox 1688 4981 1755 5035; x_wconf 89' lang='lat' dir='ltr'><strong>ab</strong></span> <span class='ocrx_word' id='word_1_359' title='bbox 1785 4992 2052 5037; x_wconf 68' lang='lat' dir='ltr'><strong>emunctae</strong></span> 
     </span>
    </p>
   </div>
   <div class='ocr_carea' id='block_1_54' title="bbox 395 5058 2052 5134">
    <p class='ocr_par' dir='ltr' id='par_1_54' title="bbox 395 5058 2052 5134">
     <span class='ocr_line' id='line_1_54' title="bbox 395 5058 2052 5134; baseline 0.01 -23"><span class='ocrx_word' id='word_1_360' title='bbox 395 5106 399 5111; x_wconf 94' lang='lat'><strong>.</strong></span> <span class='ocrx_word' id='word_1_361' title='bbox 490 5058 635 5113; x_wconf 86' lang='lat' dir='ltr'><strong>uaris</strong></span> <span class='ocrx_word' id='word_1_362' title='bbox 686 5061 822 5128; x_wconf 89' lang='lat' dir='ltr'><strong>viro,</strong></span> <span class='ocrx_word' id='word_1_363' title='bbox 885 5064 1037 5134; x_wconf 89' lang='lat' dir='ltr'><strong>cujus</strong></span> <span class='ocrx_word' id='word_1_364' title='bbox 1091 5081 1283 5121; x_wconf 92' lang='lat' dir='ltr'><strong>nomen</strong></span> <span class='ocrx_word' id='word_1_365' title='bbox 1330 5076 1538 5123; x_wconf 85' lang='lat' dir='ltr'><strong>tacetur</strong></span> <span class='ocrx_word' id='word_1_366' title='bbox 1587 5070 1642 5125; x_wconf 90' lang='lat' dir='ltr'><strong>in</strong></span> <span class='ocrx_word' id='word_1_367' title='bbox 1693 5072 1908 5127; x_wconf 90' lang='lat' dir='ltr'><strong>schedis</strong></span> <span class='ocrx_word' id='word_1_368' title='bbox 1951 5090 2052 5127; x_wconf 88' lang='lat' dir='ltr'><strong>no-</strong></span> 
     </span>
    </p>
   </div>
   <div class='ocr_carea' id='block_1_55' title="bbox 486 5148 2041 5235">
    <p class='ocr_par' dir='ltr' id='par_1_55' title="bbox 486 5148 2041 5235">
     <span class='ocr_line' id='line_1_55' title="bbox 486 5148 2041 5235; baseline 0.013 -35"><span class='ocrx_word' id='word_1_369' title='bbox 486 5148 635 5203; x_wconf 87' lang='lat' dir='ltr'><strong>stris.</strong></span> <span class='ocrx_word' id='word_1_370' title='bbox 683 5149 815 5204; x_wconf 89' lang='lat' dir='ltr'><strong>Eam</strong></span> <span class='ocrx_word' id='word_1_371' title='bbox 847 5168 974 5209; x_wconf 87' lang='lat' dir='ltr'><strong>vero</strong></span> <span class='ocrx_word' id='word_1_372' title='bbox 1015 5169 1080 5209; x_wconf 88' lang='lat' dir='ltr'><strong>ex</strong></span> <span class='ocrx_word' id='word_1_373' title='bbox 1110 5158 1383 5214; x_wconf 90' lang='lat' dir='ltr'><strong>codicibus</strong></span> <span class='ocrx_word' id='word_1_374' title='bbox 1429 5176 1560 5216; x_wconf 89' lang='lat' dir='ltr'><strong>mss.</strong></span> <span class='ocrx_word' id='word_1_375' title='bbox 1608 5162 1783 5218; x_wconf 86' lang='lat' dir='ltr'><strong>Patris</strong></span> <span class='ocrx_word' id='word_1_376' title='bbox 1826 5164 2041 5235; x_wconf 83' lang='lat' dir='ltr'><strong>Barissy</strong></span> 
     </span>
    </p>
   </div>
   <div class='ocr_carea' id='block_1_56' title="bbox 485 5243 2049 5325">
    <p class='ocr_par' dir='ltr' id='par_1_56' title="bbox 485 5243 2049 5325">
     <span class='ocr_line' id='line_1_56' title="bbox 485 5243 2049 5325; baseline 0.013 -33"><span class='ocrx_word' id='word_1_377' title='bbox 485 5243 919 5311; x_wconf 77' lang='lat' dir='ltr'><strong>congregationis</strong></span> <span class='ocrx_word' id='word_1_378' title='bbox 964 5245 1320 5306; x_wconf 67' lang='lat' dir='ltr'><strong>Vallicellana:</strong></span> <span class='ocrx_word' id='word_1_379' title='bbox 1362 5255 1692 5325; x_wconf 87' lang='lat' dir='ltr'><strong>exscriptam</strong></span> <span class='ocrx_word' id='word_1_380' title='bbox 1748 5259 2049 5313; x_wconf 89' lang='lat' dir='ltr'><strong>transmisit</strong></span> 
     </span>
    </p>
   </div>
   <div class='ocr_carea' id='block_1_57' title="bbox 484 5332 2045 5414">
    <p class='ocr_par' dir='ltr' id='par_1_57' title="bbox 484 5332 2045 5414">
     <span class='ocr_line' id='line_1_57' title="bbox 484 5332 2045 5414; baseline 0.011 -29"><span class='ocrx_word' id='word_1_381' title='bbox 484 5332 640 5387; x_wconf 89' lang='lat' dir='ltr'><strong>nobis</strong></span> <span class='ocrx_word' id='word_1_382' title='bbox 669 5336 751 5388; x_wconf 81' lang='lat' dir='ltr'><strong>vir</strong></span> <span class='ocrx_word' id='word_1_383' title='bbox 778 5336 1110 5393; x_wconf 77' lang='lat' dir='ltr'><strong>clarissimus</strong></span> <span class='ocrx_word' id='word_1_384' title='bbox 1134 5340 1521 5411; x_wconf 88' lang='lat' dir='ltr'><strong>Stephanotius</strong></span> <span class='ocrx_word' id='word_1_385' title='bbox 1552 5359 1753 5404; x_wconf 90' lang='lat' dir='ltr'><strong>noster.</strong></span> <span class='ocrx_word' id='word_1_386' title='bbox 1784 5347 2045 5414; x_wconf 88' lang='lat' dir='ltr'><strong>Necdum,</strong></span> 
     </span>
    </p>
   </div>
   <div class='ocr_carea' id='block_1_58' title="bbox 484 5427 1566 5507">
    <p class='ocr_par' dir='ltr' id='par_1_58' title="bbox 484 5427 1566 5507">
     <span class='ocr_line' id='line_1_58' title="bbox 484 5427 1566 5507; baseline 0.016 -31"><span class='ocrx_word' id='word_1_387' title='bbox 484 5427 624 5491; x_wconf 91' lang='lat' dir='ltr'><strong>quod</strong></span> <span class='ocrx_word' id='word_1_388' title='bbox 652 5428 866 5494; x_wconf 88' lang='lat' dir='ltr'><strong>quidem</strong></span> <span class='ocrx_word' id='word_1_389' title='bbox 899 5434 1093 5497; x_wconf 88' lang='lat' dir='ltr'><strong>norim,</strong></span> <span class='ocrx_word' id='word_1_390' title='bbox 1128 5433 1304 5489; x_wconf 90' lang='lat' dir='ltr'><strong>lucem</strong></span> <span class='ocrx_word' id='word_1_391' title='bbox 1337 5440 1566 5507; x_wconf 82' lang='lat' dir='ltr'><strong>aspexit.</strong></span> 
     </span>
    </p>
   </div>
   <div class='ocr_carea' id='block_1_59' title="bbox 481 5530 2042 5588">
    <p class='ocr_par' dir='ltr' id='par_1_59' title="bbox 481 5530 2042 5588">
     <span class='ocr_line' id='line_1_59' title="bbox 481 5530 2042 5588; baseline 0.012 -20"><span class='ocrx_word' id='word_1_392' title='bbox 481 5530 718 5573; x_wconf 73' lang='lat' dir='ltr'><strong>CENSUBA</strong></span> <span class='ocrx_word' id='word_1_393' title='bbox 755 5538 959 5579; x_wconf 74' lang='lat' dir='ltr'><strong>PRIORIS</strong></span> <span class='ocrx_word' id='word_1_394' title='bbox 1004 5541 1129 5580; x_wconf 72' lang='grc' dir='ltr'><strong>ΤΟΙΙ</strong></span> <span class='ocrx_word' id='word_1_395' title='bbox 1175 5543 1383 5585; x_wconf 70' lang='grc' dir='ltr'><strong>ορειιωι</strong></span> <span class='ocrx_word' id='word_1_396' title='bbox 1432 5548 1482 5585; x_wconf 87' lang='lat' dir='ltr'><strong>D.</strong></span> <span class='ocrx_word' id='word_1_397' title='bbox 1539 5548 1815 5588; x_wconf 75' lang='lat' dir='ltr'><strong>ATHANASII</strong></span> <span class='ocrx_word' id='word_1_398' title='bbox 1857 5548 2042 5588; x_wconf 66' lang='grc' dir='ltr'><strong>αηλεεε</strong></span> 
     </span>
    </p>
   </div>
   <div class='ocr_carea' id='block_1_60' title="bbox 550 5602 2041 5665">
    <p class='ocr_par' dir='ltr' id='par_1_60' title="bbox 550 5602 2041 5665">
     <span class='ocr_line' id='line_1_60' title="bbox 550 5602 2041 5665; baseline 0.013 -25"><span class='ocrx_word' id='word_1_399' title='bbox 550 5602 620 5640; x_wconf 80' lang='grc' dir='ltr'><strong>ΕΤ</strong></span> <span class='ocrx_word' id='word_1_400' title='bbox 656 5604 847 5646; x_wconf 67' lang='lat' dir='ltr'><strong>LATINE</strong></span> <span class='ocrx_word' id='word_1_401' title='bbox 886 5609 1158 5652; x_wconf 68' lang='lat' dir='ltr'><strong>EDITORUH</strong></span> <span class='ocrx_word' id='word_1_402' title='bbox 1198 5615 1337 5655; x_wconf 64' lang='lat' dir='ltr'><strong>ANNO</strong></span> <span class='ocrx_word' id='word_1_403' title='bbox 1377 5617 1499 5665; x_wconf 72' lang='lat' dir='ltr'><strong>MDC,</strong></span> <span class='ocrx_word' id='word_1_404' title='bbox 1552 5620 1682 5658; x_wconf 85' lang='lat' dir='ltr'><strong>LOCO</strong></span> <span class='ocrx_word' id='word_1_405' title='bbox 1719 5620 1804 5658; x_wconf 76' lang='grc' dir='ltr'><strong>υΒι</strong></span> <span class='ocrx_word' id='word_1_406' title='bbox 1842 5620 2041 5659; x_wconf 72' lang='lat' dir='ltr'><strong>EXCUSA</strong></span> 
     </span>
    </p>
   </div>
   <div class='ocr_carea' id='block_1_61' title="bbox 550 5673 2035 5734">
    <p class='ocr_par' dir='ltr' id='par_1_61' title="bbox 550 5673 2035 5734">
     <span class='ocr_line' id='line_1_61' title="bbox 550 5673 2035 5734; baseline 0.014 -23"><span class='ocrx_word' id='word_1_407' title='bbox 550 5673 687 5714; x_wconf 71' lang='lat' dir='ltr'><strong>SUNT</strong></span> <span class='ocrx_word' id='word_1_408' title='bbox 740 5678 839 5717; x_wconf 76' lang='lat' dir='ltr'><strong>NON</strong></span> <span class='ocrx_word' id='word_1_409' title='bbox 882 5681 1163 5734; x_wconf 69' lang='lat' dir='ltr'><strong>nspnasso,</strong></span> <span class='ocrx_word' id='word_1_410' title='bbox 1202 5685 1354 5727; x_wconf 74' lang='lat' dir='ltr'><strong>JUSSU</strong></span> <span class='ocrx_word' id='word_1_411' title='bbox 1409 5688 1926 5733; x_wconf 63' lang='lat' dir='ltr'><strong>lLLUSTRlSSllllﬂUH</strong></span> <span class='ocrx_word' id='word_1_412' title='bbox 1966 5692 2035 5731; x_wconf 81' lang='lat' dir='ltr'><strong>ET</strong></span> 
     </span>
    </p>
   </div>
   <div class='ocr_carea' id='block_1_62' title="bbox 452 5799 1438 5904">
    <p class='ocr_par' dir='ltr' id='par_1_62' title="bbox 452 5799 1438 5904">
     <span class='ocr_line' id='line_1_62' title="bbox 452 5799 1438 5904; baseline 0.008 -24"><span class='ocrx_word' id='word_1_413' title='bbox 452 5799 457 5811; x_wconf 87' lang='grc'><em>’</em></span> <span class='ocrx_word' id='word_1_414' title='bbox 553 5818 627 5893; x_wconf 86' lang='lat' dir='ltr'><strong>(a)</strong></span> <span class='ocrx_word' id='word_1_415' title='bbox 664 5825 724 5879; x_wconf 79' lang='grc' dir='ltr'><strong>τ.</strong></span> <span class='ocrx_word' id='word_1_416' title='bbox 764 5825 803 5882; x_wconf 89' lang='lat' dir='ltr'><strong>n</strong></span> <span class='ocrx_word' id='word_1_417' title='bbox 840 5827 1005 5899; x_wconf 85' lang='lat' dir='ltr'><strong>[nunc</strong></span> <span class='ocrx_word' id='word_1_418' title='bbox 1036 5840 1072 5887; x_wconf 85' lang='grc' dir='ltr'><strong>ι.</strong></span> <span class='ocrx_word' id='word_1_419' title='bbox 1111 5832 1223 5904; x_wconf 75' lang='lat' dir='ltr'><strong>IV],</strong></span> <span class='ocrx_word' id='word_1_420' title='bbox 1259 5846 1312 5904; x_wconf 92' lang='lat' dir='ltr'><strong>p.</strong></span> <span class='ocrx_word' id='word_1_421' title='bbox 1349 5834 1438 5888; x_wconf 66' lang='grc' dir='ltr'><strong>δε.</strong></span> 
     </span>
    </p>
   </div>
   <div class='ocr_carea' id='block_1_63' title="bbox 2278 560 2700 599">
    <p class='ocr_par' dir='ltr' id='par_1_63' title="bbox 2278 560 2700 599">
     <span class='ocr_line' id='line_1_63' title="bbox 2278 560 2700 599; baseline 0.002 -2"><span class='ocrx_word' id='word_1_422' title='bbox 2278 560 2473 598; x_wconf 75' lang='lat' dir='ltr'><strong>INDICIS</strong></span> <span class='ocrx_word' id='word_1_423' title='bbox 2506 561 2700 599; x_wconf 63' lang='lat' dir='ltr'><strong>FACTA.</strong></span> 
     </span>
    </p>
   </div>
   <div class='ocr_carea' id='block_1_64' title="bbox 2280 619 3780 707">
    <p class='ocr_par' dir='ltr' id='par_1_64' title="bbox 2280 619 3780 707">
     <span class='ocr_line' id='line_1_64' title="bbox 2280 619 3780 707; baseline 0.005 -20"><span class='ocrx_word' id='word_1_424' title='bbox 2280 619 2301 687; x_wconf 55' lang='grc' dir='ltr'><strong><em>ἰ</em></strong></span> <span class='ocrx_word' id='word_1_425' title='bbox 2340 637 2498 689; x_wconf 86' lang='lat' dir='ltr'><strong>Prior</strong></span> <span class='ocrx_word' id='word_1_426' title='bbox 2528 648 2700 692; x_wconf 91' lang='lat' dir='ltr'><strong>tomus</strong></span> <span class='ocrx_word' id='word_1_427' title='bbox 2739 655 2951 707; x_wconf 86' lang='lat' dir='ltr'><strong>operum</strong></span> <span class='ocrx_word' id='word_1_428' title='bbox 2995 640 3060 695; x_wconf 89' lang='lat' dir='ltr'><strong>D.</strong></span> <span class='ocrx_word' id='word_1_429' title='bbox 3104 641 3386 694; x_wconf 81' lang='lat' dir='ltr'><strong>Athanasii</strong></span> <span class='ocrx_word' id='word_1_430' title='bbox 3419 657 3483 696; x_wconf 88' lang='lat' dir='ltr'><strong>ea</strong></span> <span class='ocrx_word' id='word_1_431' title='bbox 3520 642 3780 707; x_wconf 80' lang='lat' dir='ltr'><strong>continet,</strong></span> 
     </span>
    </p>
   </div>
   <div class='ocr_carea' id='block_1_65' title="bbox 2205 727 3784 799">
    <p class='ocr_par' dir='ltr' id='par_1_65' title="bbox 2205 727 3784 799">
     <span class='ocr_line' id='line_1_65' title="bbox 2205 727 3784 799; baseline 0.006 -20"><span class='ocrx_word' id='word_1_432' title='bbox 2205 744 2322 797; x_wconf 78' lang='lat' dir='ltr'><strong>qua:</strong></span> <span class='ocrx_word' id='word_1_433' title='bbox 2351 727 2539 783; x_wconf 88' lang='lat' dir='ltr'><strong>Latine</strong></span> <span class='ocrx_word' id='word_1_434' title='bbox 2572 730 2741 783; x_wconf 88' lang='lat' dir='ltr'><strong>solum</strong></span> <span class='ocrx_word' id='word_1_435' title='bbox 2767 732 2909 785; x_wconf 88' lang='lat' dir='ltr'><strong>edita</strong></span> <span class='ocrx_word' id='word_1_436' title='bbox 2935 731 3110 785; x_wconf 86' lang='lat' dir='ltr'><strong>multis</strong></span> <span class='ocrx_word' id='word_1_437' title='bbox 3142 735 3204 785; x_wconf 91' lang='lat' dir='ltr'><strong>ab</strong></span> <span class='ocrx_word' id='word_1_438' title='bbox 3236 733 3356 787; x_wconf 86' lang='lat' dir='ltr'><strong>hinc</strong></span> <span class='ocrx_word' id='word_1_439' title='bbox 3398 736 3575 799; x_wconf 88' lang='lat' dir='ltr'><strong>annis,</strong></span> <span class='ocrx_word' id='word_1_440' title='bbox 3610 733 3784 790; x_wconf 86' lang='lat' dir='ltr'><strong>Petro</strong></span> 
     </span>
    </p>
   </div>
   <div class='ocr_carea' id='block_1_66' title="bbox 2206 819 3788 897">
    <p class='ocr_par' dir='ltr' id='par_1_66' title="bbox 2206 819 3788 897">
     <span class='ocr_line' id='line_1_66' title="bbox 2206 819 3788 897; baseline 0.005 -23"><span class='ocrx_word' id='word_1_441' title='bbox 2206 819 2422 874; x_wconf 86' lang='lat' dir='ltr'><strong>Nannio</strong></span> <span class='ocrx_word' id='word_1_442' title='bbox 2450 824 2750 892; x_wconf 74' lang='lat' dir='ltr'><strong>interprete,</strong></span> <span class='ocrx_word' id='word_1_443' title='bbox 2779 824 3239 893; x_wconf 75' lang='lat' dir='ltr'><strong>circumferuntur.</strong></span> <span class='ocrx_word' id='word_1_444' title='bbox 3267 825 3481 880; x_wconf 73' lang='lat' dir='ltr'><strong>ercus</strong></span> <span class='ocrx_word' id='word_1_445' title='bbox 3519 828 3630 897; x_wconf 87' lang='lat' dir='ltr'><strong>ipse</strong></span> <span class='ocrx_word' id='word_1_446' title='bbox 3661 837 3788 882; x_wconf 77' lang='lat' dir='ltr'><strong>tea:-</strong></span> 
     </span>
    </p>
   </div>
   <div class='ocr_carea' id='block_1_67' title="bbox 2202 915 3786 988">
    <p class='ocr_par' dir='ltr' id='par_1_67' title="bbox 2202 915 3786 988">
     <span class='ocr_line' id='line_1_67' title="bbox 2202 915 3786 988; baseline 0.005 -22"><span class='ocrx_word' id='word_1_447' title='bbox 2202 922 2306 979; x_wconf 88' lang='lat' dir='ltr'><strong>tus,</strong></span> <span class='ocrx_word' id='word_1_448' title='bbox 2358 915 2447 984; x_wconf 85' lang='lat' dir='ltr'><strong>qui</strong></span> <span class='ocrx_word' id='word_1_449' title='bbox 2494 932 2659 985; x_wconf 84' lang='lat' dir='ltr'><strong>nuper</strong></span> <span class='ocrx_word' id='word_1_450' title='bbox 2690 918 2743 971; x_wconf 92' lang='lat' dir='ltr'><strong>in</strong></span> <span class='ocrx_word' id='word_1_451' title='bbox 2789 916 2955 971; x_wconf 81' lang='lat' dir='ltr'><strong>lucem</strong></span> <span class='ocrx_word' id='word_1_452' title='bbox 2997 918 3211 985; x_wconf 89' lang='lat' dir='ltr'><strong>prodiit,</strong></span> <span class='ocrx_word' id='word_1_453' title='bbox 3262 930 3311 973; x_wconf 89' lang='lat' dir='ltr'><strong>et</strong></span> <span class='ocrx_word' id='word_1_454' title='bbox 3367 922 3585 988; x_wconf 82' lang='lat' dir='ltr'><strong>phrasin</strong></span> <span class='ocrx_word' id='word_1_455' title='bbox 3636 932 3786 975; x_wconf 85' lang='lat' dir='ltr'><strong>certe</strong></span> 
     </span>
    </p>
   </div>
   <div class='ocr_carea' id='block_1_68' title="bbox 2200 1008 3782 1084">
    <p class='ocr_par' dir='ltr' id='par_1_68' title="bbox 2200 1008 3782 1084">
     <span class='ocr_line' id='line_1_68' title="bbox 2200 1008 3782 1084; baseline 0.005 -25"><span class='ocrx_word' id='word_1_456' title='bbox 2200 1008 2482 1062; x_wconf 82' lang='lat' dir='ltr'><strong>Athanasii</strong></span> <span class='ocrx_word' id='word_1_457' title='bbox 2512 1009 2729 1076; x_wconf 86' lang='lat' dir='ltr'><strong>redolet,</strong></span> <span class='ocrx_word' id='word_1_458' title='bbox 2762 1010 2970 1081; x_wconf 81' lang='lat' dir='ltr'><strong>qualem</strong></span> <span class='ocrx_word' id='word_1_459' title='bbox 2992 1010 3083 1064; x_wconf 87' lang='lat' dir='ltr'><strong>ille</strong></span> <span class='ocrx_word' id='word_1_460' title='bbox 3103 1010 3270 1080; x_wconf 83' lang='lat' dir='ltr'><strong>fuisse</strong></span> <span class='ocrx_word' id='word_1_461' title='bbox 3295 1014 3457 1066; x_wconf 85' lang='lat' dir='ltr'><strong>tradit</strong></span> <span class='ocrx_word' id='word_1_462' title='bbox 3484 1012 3782 1084; x_wconf 84' lang='lat' dir='ltr'><strong>Gregorius</strong></span> 
     </span>
    </p>
   </div>
   <div class='ocr_carea' id='block_1_69' title="bbox 2202 1097 3780 1171">
    <p class='ocr_par' dir='ltr' id='par_1_69' title="bbox 2202 1097 3780 1171">
     <span class='ocr_line' id='line_1_69' title="bbox 2202 1097 3780 1171; baseline 0.006 -19"><span class='ocrx_word' id='word_1_463' title='bbox 2202 1097 2599 1165; x_wconf 70' lang='lat' dir='ltr'><strong>Nazianzenus,</strong></span> <span class='ocrx_word' id='word_1_464' title='bbox 2651 1101 2863 1155; x_wconf 88' lang='lat' dir='ltr'><strong>minime</strong></span> <span class='ocrx_word' id='word_1_465' title='bbox 2909 1103 3138 1157; x_wconf 80' lang='lat' dir='ltr'><strong>Atticam</strong></span> <span class='ocrx_word' id='word_1_466' title='bbox 3189 1114 3236 1158; x_wconf 92' lang='lat' dir='ltr'><strong>et</strong></span> <span class='ocrx_word' id='word_1_467' title='bbox 3283 1104 3627 1171; x_wconf 87' lang='lat' dir='ltr'><strong>luculentam,</strong></span> <span class='ocrx_word' id='word_1_468' title='bbox 3679 1109 3780 1161; x_wconf 84' lang='lat' dir='ltr'><strong>sed</strong></span> 
     </span>
    </p>
   </div>
   <div class='ocr_carea' id='block_1_70' title="bbox 2196 1188 3776 1263">
    <p class='ocr_par' dir='ltr' id='par_1_70' title="bbox 2196 1188 3776 1263">
     <span class='ocr_line' id='line_1_70' title="bbox 2196 1188 3776 1263; baseline 0.008 -26"><span class='ocrx_word' id='word_1_469' title='bbox 2196 1188 2407 1255; x_wconf 86' lang='lat' dir='ltr'><strong>pietatis</strong></span> <span class='ocrx_word' id='word_1_470' title='bbox 2438 1198 2485 1243; x_wconf 90' lang='lat' dir='ltr'><strong>et</strong></span> <span class='ocrx_word' id='word_1_471' title='bbox 2516 1205 2690 1244; x_wconf 88' lang='lat' dir='ltr'><strong>rerum</strong></span> <span class='ocrx_word' id='word_1_472' title='bbox 2716 1190 3012 1244; x_wconf 81' lang='lat' dir='ltr'><strong>divinarum</strong></span> <span class='ocrx_word' id='word_1_473' title='bbox 3047 1193 3279 1248; x_wconf 73' lang='lat' dir='ltr'><strong>scientia:</strong></span> <span class='ocrx_word' id='word_1_474' title='bbox 3318 1194 3547 1263; x_wconf 87' lang='lat' dir='ltr'><strong>plenam,</strong></span> <span class='ocrx_word' id='word_1_475' title='bbox 3586 1206 3635 1250; x_wconf 89' lang='lat' dir='ltr'><strong>et</strong></span> <span class='ocrx_word' id='word_1_476' title='bbox 3677 1212 3776 1250; x_wconf 84' lang='lat' dir='ltr'><strong>ne-</strong></span> 
     </span>
    </p>
   </div>
   <div class='ocr_carea' id='block_1_71' title="bbox 2196 1282 3780 1355">
    <p class='ocr_par' dir='ltr' id='par_1_71' title="bbox 2196 1282 3780 1355">
     <span class='ocr_line' id='line_1_71' title="bbox 2196 1282 3780 1355; baseline 0.008 -25"><span class='ocrx_word' id='word_1_477' title='bbox 2196 1295 2459 1351; x_wconf 83' lang='lat' dir='ltr'><strong>quaquam</strong></span> <span class='ocrx_word' id='word_1_478' title='bbox 2490 1292 2767 1351; x_wconf 86' lang='lat' dir='ltr'><strong>corruptus</strong></span> <span class='ocrx_word' id='word_1_479' title='bbox 2797 1291 2888 1336; x_wconf 89' lang='lat' dir='ltr'><strong>aut</strong></span> <span class='ocrx_word' id='word_1_480' title='bbox 2920 1282 3277 1337; x_wconf 85' lang='lat' dir='ltr'><strong>adulterinum</strong></span> <span class='ocrx_word' id='word_1_481' title='bbox 3308 1285 3434 1355; x_wconf 87' lang='lat' dir='ltr'><strong>quid</strong></span> <span class='ocrx_word' id='word_1_482' title='bbox 3476 1303 3665 1354; x_wconf 89' lang='lat' dir='ltr'><strong>passus</strong></span> <span class='ocrx_word' id='word_1_483' title='bbox 3697 1287 3780 1341; x_wconf 80' lang='lat' dir='ltr'><strong>vi-</strong></span> 
     </span>
    </p>
   </div>
   <div class='ocr_carea' id='block_1_72' title="bbox 2196 1374 3780 1450">
    <p class='ocr_par' dir='ltr' id='par_1_72' title="bbox 2196 1374 3780 1450">
     <span class='ocr_line' id='line_1_72' title="bbox 2196 1374 3780 1450; baseline 0.006 -25"><span class='ocrx_word' id='word_1_484' title='bbox 2196 1374 2382 1436; x_wconf 83' lang='lat' dir='ltr'><strong>detur;</strong></span> <span class='ocrx_word' id='word_1_485' title='bbox 2408 1374 2509 1427; x_wconf 87' lang='lat' dir='ltr'><strong>nisi</strong></span> <span class='ocrx_word' id='word_1_486' title='bbox 2533 1375 2671 1443; x_wconf 81' lang='lat' dir='ltr'><strong>quod</strong></span> <span class='ocrx_word' id='word_1_487' title='bbox 2702 1375 2924 1443; x_wconf 82' lang='lat' dir='ltr'><strong>fortasse</strong></span> <span class='ocrx_word' id='word_1_488' title='bbox 2949 1376 3010 1428; x_wconf 91' lang='lat' dir='ltr'><strong>ob</strong></span> <span class='ocrx_word' id='word_1_489' title='bbox 3038 1377 3299 1430; x_wconf 87' lang='lat' dir='ltr'><strong>incuriam</strong></span> <span class='ocrx_word' id='word_1_490' title='bbox 3327 1378 3780 1450; x_wconf 81' lang='lat' dir='ltr'><strong>tgpographorum</strong></span> 
     </span>
    </p>
   </div>
   <div class='ocr_carea' id='block_1_73' title="bbox 2194 1462 3779 1541">
    <p class='ocr_par' dir='ltr' id='par_1_73' title="bbox 2194 1462 3779 1541">
     <span class='ocr_line' id='line_1_73' title="bbox 2194 1462 3779 1541; baseline 0.008 -26"><span class='ocrx_word' id='word_1_491' title='bbox 2194 1462 2278 1515; x_wconf 76' lang='lat' dir='ltr'><strong>vel</strong></span> <span class='ocrx_word' id='word_1_492' title='bbox 2320 1463 2605 1531; x_wconf 87' lang='lat' dir='ltr'><strong>depravata</strong></span> <span class='ocrx_word' id='word_1_493' title='bbox 2634 1466 2978 1537; x_wconf 77' lang='lat' dir='ltr'><strong>exemplaria,</strong></span> <span class='ocrx_word' id='word_1_494' title='bbox 3012 1470 3166 1523; x_wconf 73' lang='lat' dir='ltr'><strong>verba</strong></span> <span class='ocrx_word' id='word_1_495' title='bbox 3193 1472 3507 1541; x_wconf 84' lang='lat' dir='ltr'><strong>quandoque</strong></span> <span class='ocrx_word' id='word_1_496' title='bbox 3543 1482 3594 1527; x_wconf 89' lang='lat' dir='ltr'><strong>et</strong></span> <span class='ocrx_word' id='word_1_497' title='bbox 3620 1490 3779 1527; x_wconf 85' lang='lat' dir='ltr'><strong>cont-</strong></span> 
     </span>
    </p>
   </div>
   <div class='ocr_carea' id='block_1_74' title="bbox 2195 1557 3777 1634">
    <p class='ocr_par' dir='ltr' id='par_1_74' title="bbox 2195 1557 3777 1634">
     <span class='ocr_line' id='line_1_74' title="bbox 2195 1557 3777 1634; baseline 0.006 -25"><span class='ocrx_word' id='word_1_498' title='bbox 2195 1567 2357 1619; x_wconf 89' lang='lat' dir='ltr'><strong>mata,</strong></span> <span class='ocrx_word' id='word_1_499' title='bbox 2405 1557 2607 1624; x_wconf 87' lang='lat' dir='ltr'><strong>periodi</strong></span> <span class='ocrx_word' id='word_1_500' title='bbox 2639 1559 2797 1611; x_wconf 88' lang='lat' dir='ltr'><strong>etiam</strong></span> <span class='ocrx_word' id='word_1_501' title='bbox 2833 1558 3028 1612; x_wconf 82' lang='lat' dir='ltr'><strong>alicubi</strong></span> <span class='ocrx_word' id='word_1_502' title='bbox 3067 1560 3457 1617; x_wconf 88' lang='lat' dir='ltr'><strong>desiderantur.</strong></span> <span class='ocrx_word' id='word_1_503' title='bbox 3496 1563 3777 1634; x_wconf 90' lang='lat' dir='ltr'><strong>Interpres</strong></span> 
     </span>
    </p>
   </div>
   <div class='ocr_carea' id='block_1_75' title="bbox 2195 1645 3776 1725">
    <p class='ocr_par' dir='ltr' id='par_1_75' title="bbox 2195 1645 3776 1725">
     <span class='ocr_line' id='line_1_75' title="bbox 2195 1645 3776 1725; baseline 0.006 -26"><span class='ocrx_word' id='word_1_504' title='bbox 2195 1645 2441 1701; x_wconf 84' lang='lat' dir='ltr'><strong>Nannius</strong></span> <span class='ocrx_word' id='word_1_505' title='bbox 2495 1647 2660 1701; x_wconf 89' lang='lat' dir='ltr'><strong>multa</strong></span> <span class='ocrx_word' id='word_1_506' title='bbox 2712 1649 2965 1725; x_wconf 63' lang='lat' dir='ltr'><strong>prtrclitre</strong></span> <span class='ocrx_word' id='word_1_507' title='bbox 3017 1652 3271 1718; x_wconf 86' lang='lat' dir='ltr'><strong>reddidit,</strong></span> <span class='ocrx_word' id='word_1_508' title='bbox 3334 1654 3423 1707; x_wconf 87' lang='lat' dir='ltr'><strong>ubi</strong></span> <span class='ocrx_word' id='word_1_509' title='bbox 3473 1658 3776 1724; x_wconf 77' lang='lat' dir='ltr'><strong>prtesertim</strong></span> 
     </span>
    </p>
   </div>
   <div class='ocr_carea' id='block_1_76' title="bbox 2192 1740 3779 1815">
    <p class='ocr_par' dir='ltr' id='par_1_76' title="bbox 2192 1740 3779 1815">
     <span class='ocr_line' id='line_1_76' title="bbox 2192 1740 3779 1815; baseline 0.008 -24"><span class='ocrx_word' id='word_1_510' title='bbox 2192 1740 2442 1793; x_wconf 85' lang='lat' dir='ltr'><strong>historica</strong></span> <span class='ocrx_word' id='word_1_511' title='bbox 2465 1743 2705 1795; x_wconf 90' lang='lat' dir='ltr'><strong>narratio</strong></span> <span class='ocrx_word' id='word_1_512' title='bbox 2731 1743 2835 1813; x_wconf 86' lang='lat' dir='ltr'><strong>fuit</strong></span> <span class='ocrx_word' id='word_1_513' title='bbox 2866 1744 2947 1796; x_wconf 89' lang='lat' dir='ltr'><strong>illi</strong></span> <span class='ocrx_word' id='word_1_514' title='bbox 2969 1746 3241 1800; x_wconf 88' lang='lat' dir='ltr'><strong>vertenda.</strong></span> <span class='ocrx_word' id='word_1_515' title='bbox 3266 1746 3333 1798; x_wconf 92' lang='lat' dir='ltr'><strong>At</strong></span> <span class='ocrx_word' id='word_1_516' title='bbox 3361 1762 3478 1801; x_wconf 75' lang='lat' dir='ltr'><strong>vero</strong></span> <span class='ocrx_word' id='word_1_517' title='bbox 3502 1749 3559 1801; x_wconf 90' lang='lat' dir='ltr'><strong>in</strong></span> <span class='ocrx_word' id='word_1_518' title='bbox 3583 1749 3779 1815; x_wconf 80' lang='lat' dir='ltr'><strong>dispu-</strong></span> 
     </span>
    </p>
   </div>
   <div class='ocr_carea' id='block_1_77' title="bbox 2124 1826 3774 1905">
    <p class='ocr_par' dir='ltr' id='par_1_77' title="bbox 2124 1826 3774 1905">
     <span class='ocr_line' id='line_1_77' title="bbox 2124 1826 3774 1905; baseline 0.008 -22"><span class='ocrx_word' id='word_1_519' title='bbox 2124 1826 2165 1882; x_wconf 85' lang='grc' dir='ltr'><strong>Β</strong></span> <span class='ocrx_word' id='word_1_520' title='bbox 2194 1833 2479 1886; x_wconf 88' lang='lat' dir='ltr'><strong>tationibus</strong></span> <span class='ocrx_word' id='word_1_521' title='bbox 2540 1835 2867 1905; x_wconf 88' lang='lat' dir='ltr'><strong>theologicis,</strong></span> <span class='ocrx_word' id='word_1_522' title='bbox 2917 1837 3005 1890; x_wconf 90' lang='lat' dir='ltr'><strong>ubi</strong></span> <span class='ocrx_word' id='word_1_523' title='bbox 3048 1840 3227 1892; x_wconf 87' lang='lat' dir='ltr'><strong>creber</strong></span> <span class='ocrx_word' id='word_1_524' title='bbox 3278 1849 3327 1894; x_wconf 88' lang='lat' dir='ltr'><strong>et</strong></span> <span class='ocrx_word' id='word_1_525' title='bbox 3387 1843 3663 1896; x_wconf 81' lang='lat' dir='ltr'><strong>vehemens</strong></span> <span class='ocrx_word' id='word_1_526' title='bbox 3719 1853 3774 1898; x_wconf 86' lang='lat' dir='ltr'><strong>et</strong></span> 
     </span>
    </p>
   </div>
   <div class='ocr_carea' id='block_1_78' title="bbox 2189 1925 3771 2003">
    <p class='ocr_par' dir='ltr' id='par_1_78' title="bbox 2189 1925 3771 2003">
     <span class='ocr_line' id='line_1_78' title="bbox 2189 1925 3771 2003; baseline 0.009 -28"><span class='ocrx_word' id='word_1_527' title='bbox 2189 1932 2407 1991; x_wconf 87' lang='lat' dir='ltr'><strong>argutus</strong></span> <span class='ocrx_word' id='word_1_528' title='bbox 2456 1934 2529 1978; x_wconf 90' lang='lat' dir='ltr'><strong>est</strong></span> <span class='ocrx_word' id='word_1_529' title='bbox 2579 1925 2926 1992; x_wconf 77' lang='lat' dir='ltr'><strong>Athanasius,</strong></span> <span class='ocrx_word' id='word_1_530' title='bbox 2981 1931 3270 1984; x_wconf 87' lang='lat' dir='ltr'><strong>succumbit</strong></span> <span class='ocrx_word' id='word_1_531' title='bbox 3329 1931 3657 2003; x_wconf 87' lang='lat' dir='ltr'><strong>plerumque,</strong></span> <span class='ocrx_word' id='word_1_532' title='bbox 3720 1944 3771 1989; x_wconf 91' lang='lat' dir='ltr'><strong>et</strong></span> 
     </span>
    </p>
   </div>
   <div class='ocr_carea' id='block_1_79' title="bbox 2188 2012 3771 2091">
    <p class='ocr_par' dir='ltr' id='par_1_79' title="bbox 2188 2012 3771 2091">
     <span class='ocr_line' id='line_1_79' title="bbox 2188 2012 3771 2091; baseline 0.006 -26"><span class='ocrx_word' id='word_1_533' title='bbox 2188 2012 2357 2065; x_wconf 86' lang='lat' dir='ltr'><strong>multa</strong></span> <span class='ocrx_word' id='word_1_534' title='bbox 2393 2014 2667 2067; x_wconf 82' lang='lat' dir='ltr'><strong>verborum</strong></span> <span class='ocrx_word' id='word_1_535' title='bbox 2707 2016 2857 2084; x_wconf 88' lang='lat' dir='ltr'><strong>copia</strong></span> <span class='ocrx_word' id='word_1_536' title='bbox 2892 2017 3181 2085; x_wconf 73' lang='lat' dir='ltr'><strong>exprimere</strong></span> <span class='ocrx_word' id='word_1_537' title='bbox 3223 2031 3450 2073; x_wconf 86' lang='lat' dir='ltr'><strong>conatur</strong></span> <span class='ocrx_word' id='word_1_538' title='bbox 3473 2021 3617 2091; x_wconf 87' lang='lat' dir='ltr'><strong>quod</strong></span> <span class='ocrx_word' id='word_1_539' title='bbox 3661 2039 3771 2076; x_wconf 86' lang='lat' dir='ltr'><strong>non</strong></span> 
     </span>
    </p>
   </div>
   <div class='ocr_carea' id='block_1_80' title="bbox 2188 2105 3771 2180">
    <p class='ocr_par' dir='ltr' id='par_1_80' title="bbox 2188 2105 3771 2180">
     <span class='ocr_line' id='line_1_80' title="bbox 2188 2105 3771 2180; baseline 0.006 -26"><span class='ocrx_word' id='word_1_540' title='bbox 2188 2105 2510 2173; x_wconf 86' lang='lat' dir='ltr'><strong>assequitur,</strong></span> <span class='ocrx_word' id='word_1_541' title='bbox 2543 2114 2698 2175; x_wconf 86' lang='lat' dir='ltr'><strong>atque</strong></span> <span class='ocrx_word' id='word_1_542' title='bbox 2726 2105 2919 2158; x_wconf 87' lang='lat' dir='ltr'><strong>invitus</strong></span> <span class='ocrx_word' id='word_1_543' title='bbox 2954 2107 3153 2160; x_wconf 89' lang='lat' dir='ltr'><strong>labitur</strong></span> <span class='ocrx_word' id='word_1_544' title='bbox 3181 2122 3199 2161; x_wconf 92' lang='lat'><strong><em>:</em></strong></span> <span class='ocrx_word' id='word_1_545' title='bbox 3229 2119 3276 2161; x_wconf 93' lang='lat' dir='ltr'><strong>et</strong></span> <span class='ocrx_word' id='word_1_546' title='bbox 3305 2108 3589 2180; x_wconf 88' lang='lat' dir='ltr'><strong>aliquando</strong></span> <span class='ocrx_word' id='word_1_547' title='bbox 3620 2111 3771 2164; x_wconf 87' lang='lat' dir='ltr'><strong>dicta</strong></span> 
     </span>
    </p>
   </div>
   <div class='ocr_carea' id='block_1_81' title="bbox 2187 2192 3770 2271">
    <p class='ocr_par' dir='ltr' id='par_1_81' title="bbox 2187 2192 3770 2271">
     <span class='ocr_line' id='line_1_81' title="bbox 2187 2192 3770 2271; baseline 0.006 -26"><span class='ocrx_word' id='word_1_548' title='bbox 2187 2192 2463 2249; x_wconf 81' lang='lat' dir='ltr'><strong>Athanasii</strong></span> <span class='ocrx_word' id='word_1_549' title='bbox 2487 2197 2551 2251; x_wconf 90' lang='lat' dir='ltr'><strong>de</strong></span> <span class='ocrx_word' id='word_1_550' title='bbox 2572 2197 2903 2251; x_wconf 90' lang='lat' dir='ltr'><strong>sanctissima</strong></span> <span class='ocrx_word' id='word_1_551' title='bbox 2933 2197 3189 2253; x_wconf 89' lang='lat' dir='ltr'><strong>Trinitate</strong></span> <span class='ocrx_word' id='word_1_552' title='bbox 3215 2210 3264 2254; x_wconf 91' lang='lat' dir='ltr'><strong>et</strong></span> <span class='ocrx_word' id='word_1_553' title='bbox 3296 2203 3542 2271; x_wconf 82' lang='lat' dir='ltr'><strong>mysterio</strong></span> <span class='ocrx_word' id='word_1_554' title='bbox 3570 2200 3770 2256; x_wconf 81' lang='lat' dir='ltr'><strong>Incur-</strong></span> 
     </span>
    </p>
   </div>
   <div class='ocr_carea' id='block_1_82' title="bbox 2186 2287 3769 2363">
    <p class='ocr_par' dir='ltr' id='par_1_82' title="bbox 2186 2287 3769 2363">
     <span class='ocr_line' id='line_1_82' title="bbox 2186 2287 3769 2363; baseline 0.005 -24"><span class='ocrx_word' id='word_1_555' title='bbox 2186 2287 2417 2341; x_wconf 88' lang='lat' dir='ltr'><strong>nationis</strong></span> <span class='ocrx_word' id='word_1_556' title='bbox 2454 2297 2564 2341; x_wconf 90' lang='lat' dir='ltr'><strong>tam</strong></span> <span class='ocrx_word' id='word_1_557' title='bbox 2614 2289 2893 2357; x_wconf 77' lang='lat' dir='ltr'><strong>infeliciter</strong></span> <span class='ocrx_word' id='word_1_558' title='bbox 2926 2291 3117 2355; x_wconf 89' lang='lat' dir='ltr'><strong>reddit,</strong></span> <span class='ocrx_word' id='word_1_559' title='bbox 3146 2301 3201 2344; x_wconf 91' lang='lat' dir='ltr'><strong>ut</strong></span> <span class='ocrx_word' id='word_1_560' title='bbox 3242 2293 3328 2346; x_wconf 80' lang='lat' dir='ltr'><strong>via:</strong></span> <span class='ocrx_word' id='word_1_561' title='bbox 3357 2310 3390 2346; x_wconf 93' lang='lat' dir='ltr'><strong>a</strong></span> <span class='ocrx_word' id='word_1_562' title='bbox 3418 2293 3671 2363; x_wconf 80' lang='lat' dir='ltr'><strong>theologis</strong></span> <span class='ocrx_word' id='word_1_563' title='bbox 3707 2295 3769 2347; x_wconf 83' lang='lat' dir='ltr'><strong>in</strong></span> 
     </span>
    </p>
   </div>
   <div class='ocr_carea' id='block_1_83' title="bbox 2184 2376 3767 2454">
    <p class='ocr_par' dir='ltr' id='par_1_83' title="bbox 2184 2376 3767 2454">
     <span class='ocr_line' id='line_1_83' title="bbox 2184 2376 3767 2454; baseline 0.007 -24"><span class='ocrx_word' id='word_1_564' title='bbox 2184 2376 2377 2431; x_wconf 82' lang='lat' dir='ltr'><strong>scholis</strong></span> <span class='ocrx_word' id='word_1_565' title='bbox 2398 2379 2776 2447; x_wconf 88' lang='lat' dir='ltr'><strong>propositiones</strong></span> <span class='ocrx_word' id='word_1_566' title='bbox 2802 2379 2910 2434; x_wconf 70' lang='lat' dir='ltr'><strong>illa:</strong></span> <span class='ocrx_word' id='word_1_567' title='bbox 2954 2380 3164 2450; x_wconf 88' lang='lat' dir='ltr'><strong>defendi</strong></span> <span class='ocrx_word' id='word_1_568' title='bbox 3200 2393 3412 2451; x_wconf 89' lang='lat' dir='ltr'><strong>queant,</strong></span> <span class='ocrx_word' id='word_1_569' title='bbox 3442 2385 3622 2454; x_wconf 88' lang='lat' dir='ltr'><strong>quales</strong></span> <span class='ocrx_word' id='word_1_570' title='bbox 3649 2386 3767 2441; x_wconf 68' lang='lat' dir='ltr'><strong>illa:</strong></span> 
     </span>
    </p>
   </div>
   <div class='ocr_carea' id='block_1_84' title="bbox 2184 2467 3766 2538">
    <p class='ocr_par' dir='ltr' id='par_1_84' title="bbox 2184 2467 3766 2538">
     <span class='ocr_line' id='line_1_84' title="bbox 2184 2467 3766 2538; baseline 0.006 -18"><span class='ocrx_word' id='word_1_571' title='bbox 2184 2476 2303 2520; x_wconf 90' lang='lat' dir='ltr'><strong>sunt</strong></span> <span class='ocrx_word' id='word_1_572' title='bbox 2335 2483 2454 2536; x_wconf 77' lang='lat' dir='ltr'><strong>qua:</strong></span> <span class='ocrx_word' id='word_1_573' title='bbox 2487 2467 2627 2536; x_wconf 90' lang='lat' dir='ltr'><strong>infra</strong></span> <span class='ocrx_word' id='word_1_574' title='bbox 2657 2485 2708 2524; x_wconf 86' lang='grc' dir='ltr'><strong>υ.</strong></span> <span class='ocrx_word' id='word_1_575' title='bbox 2742 2485 2792 2538; x_wconf 89' lang='lat' dir='ltr'><strong>g.</strong></span> <span class='ocrx_word' id='word_1_576' title='bbox 2822 2481 3168 2538; x_wconf 88' lang='lat' dir='ltr'><strong>apponentur.</strong></span> <span class='ocrx_word' id='word_1_577' title='bbox 3198 2470 3351 2526; x_wconf 88' lang='lat' dir='ltr'><strong>Certe</strong></span> <span class='ocrx_word' id='word_1_578' title='bbox 3377 2474 3430 2526; x_wconf 91' lang='lat' dir='ltr'><strong>in</strong></span> <span class='ocrx_word' id='word_1_579' title='bbox 3465 2474 3669 2529; x_wconf 88' lang='lat' dir='ltr'><strong>duabus</strong></span> <span class='ocrx_word' id='word_1_580' title='bbox 3695 2479 3766 2530; x_wconf 88' lang='lat' dir='ltr'><strong>de</strong></span> 
     </span>
    </p>
   </div>
   <div class='ocr_carea' id='block_1_85' title="bbox 2184 2554 3760 2632">
    <p class='ocr_par' dir='ltr' id='par_1_85' title="bbox 2184 2554 3760 2632">
     <span class='ocr_line' id='line_1_85' title="bbox 2184 2554 3760 2632; baseline 0.004 -21"><span class='ocrx_word' id='word_1_581' title='bbox 2184 2554 2560 2611; x_wconf 82' lang='lat' dir='ltr'><strong>Incarnatione</strong></span> <span class='ocrx_word' id='word_1_582' title='bbox 2581 2557 2775 2612; x_wconf 80' lang='lat' dir='ltr'><strong>Christi</strong></span> <span class='ocrx_word' id='word_1_583' title='bbox 2794 2560 3121 2615; x_wconf 87' lang='lat' dir='ltr'><strong>orationibus</strong></span> <span class='ocrx_word' id='word_1_584' title='bbox 3141 2572 3320 2615; x_wconf 89' lang='lat' dir='ltr'><strong>contra</strong></span> <span class='ocrx_word' id='word_1_585' title='bbox 3341 2561 3760 2632; x_wconf 87' lang='lat' dir='ltr'><strong>Apollinarium,</strong></span> 
     </span>
    </p>
   </div>
   <div class='ocr_carea' id='block_1_86' title="bbox 2183 2649 3762 2720">
    <p class='ocr_par' dir='ltr' id='par_1_86' title="bbox 2183 2649 3762 2720">
     <span class='ocr_line' id='line_1_86' title="bbox 2183 2649 3762 2720; baseline 0.006 -21"><span class='ocrx_word' id='word_1_586' title='bbox 2183 2649 2511 2717; x_wconf 84' lang='lat' dir='ltr'><strong>septuaginta</strong></span> <span class='ocrx_word' id='word_1_587' title='bbox 2536 2650 2661 2701; x_wconf 89' lang='lat' dir='ltr'><strong>locis</strong></span> <span class='ocrx_word' id='word_1_588' title='bbox 2687 2658 2853 2703; x_wconf 91' lang='lat' dir='ltr'><strong>totum</strong></span> <span class='ocrx_word' id='word_1_589' title='bbox 2876 2652 3086 2705; x_wconf 79' lang='lat' dir='ltr'><strong>invertit</strong></span> <span class='ocrx_word' id='word_1_590' title='bbox 3107 2660 3157 2706; x_wconf 88' lang='lat' dir='ltr'><strong>et</strong></span> <span class='ocrx_word' id='word_1_591' title='bbox 3179 2653 3445 2720; x_wconf 85' lang='lat' dir='ltr'><strong>confundit</strong></span> <span class='ocrx_word' id='word_1_592' title='bbox 3474 2653 3762 2709; x_wconf 85' lang='lat' dir='ltr'><strong>Athanasii</strong></span> 
     </span>
    </p>
   </div>
   <div class='ocr_carea' id='block_1_87' title="bbox 2182 2738 3757 2813">
    <p class='ocr_par' dir='ltr' id='par_1_87' title="bbox 2182 2738 3757 2813">
     <span class='ocr_line' id='line_1_87' title="bbox 2182 2738 3757 2813; baseline 0.004 -21"><span class='ocrx_word' id='word_1_593' title='bbox 2182 2753 2409 2801; x_wconf 87' lang='lat' dir='ltr'><strong>sensum,</strong></span> <span class='ocrx_word' id='word_1_594' title='bbox 2442 2740 2565 2791; x_wconf 88' lang='lat' dir='ltr'><strong>dum</strong></span> <span class='ocrx_word' id='word_1_595' title='bbox 2590 2738 2666 2793; x_wconf 79' lang='lat' dir='ltr'><strong>vel</strong></span> <span class='ocrx_word' id='word_1_596' title='bbox 2688 2740 2907 2795; x_wconf 88' lang='lat' dir='ltr'><strong>omnino</strong></span> <span class='ocrx_word' id='word_1_597' title='bbox 2936 2743 3220 2807; x_wconf 85' lang='lat' dir='ltr'><strong>contraria,</strong></span> <span class='ocrx_word' id='word_1_598' title='bbox 3250 2742 3328 2797; x_wconf 79' lang='lat' dir='ltr'><strong>uel</strong></span> <span class='ocrx_word' id='word_1_599' title='bbox 3348 2744 3497 2813; x_wconf 89' lang='lat' dir='ltr'><strong>longe</strong></span> <span class='ocrx_word' id='word_1_600' title='bbox 3519 2744 3757 2810; x_wconf 86' lang='lat' dir='ltr'><strong>diversa,</strong></span> 
     </span>
    </p>
   </div>
   <div class='ocr_carea' id='block_1_88' title="bbox 2181 2828 3757 2902">
    <p class='ocr_par' dir='ltr' id='par_1_88' title="bbox 2181 2828 3757 2902">
     <span class='ocr_line' id='line_1_88' title="bbox 2181 2828 3757 2902; baseline 0.006 -21"><span class='ocrx_word' id='word_1_601' title='bbox 2181 2828 2422 2899; x_wconf 88' lang='lat' dir='ltr'><strong>pleraque</strong></span> <span class='ocrx_word' id='word_1_602' title='bbox 2449 2831 2605 2884; x_wconf 90' lang='lat' dir='ltr'><strong>etiam</strong></span> <span class='ocrx_word' id='word_1_603' title='bbox 2633 2846 2736 2886; x_wconf 88' lang='lat' dir='ltr'><strong>non</strong></span> <span class='ocrx_word' id='word_1_604' title='bbox 2776 2832 2934 2888; x_wconf 89' lang='lat' dir='ltr'><strong>nimis</strong></span> <span class='ocrx_word' id='word_1_605' title='bbox 2963 2851 3107 2889; x_wconf 81' lang='lat' dir='ltr'><strong>sana:</strong></span> <span class='ocrx_word' id='word_1_606' title='bbox 3130 2834 3256 2902; x_wconf 77' lang='lat' dir='ltr'><strong>ﬁdei</strong></span> <span class='ocrx_word' id='word_1_607' title='bbox 3284 2851 3516 2889; x_wconf 82' lang='lat' dir='ltr'><strong>consona</strong></span> <span class='ocrx_word' id='word_1_608' title='bbox 3539 2836 3757 2890; x_wconf 85' lang='lat' dir='ltr'><strong>scribit.</strong></span> 
     </span>
    </p>
   </div>
   <div class='ocr_carea' id='block_1_89' title="bbox 2181 2920 3757 2997">
    <p class='ocr_par' dir='ltr' id='par_1_89' title="bbox 2181 2920 3757 2997">
     <span class='ocr_line' id='line_1_89' title="bbox 2181 2920 3757 2997; baseline 0.004 -22"><span class='ocrx_word' id='word_1_609' title='bbox 2181 2920 2250 2975; x_wconf 85' lang='lat' dir='ltr'><strong>In</strong></span> <span class='ocrx_word' id='word_1_610' title='bbox 2287 2922 2579 2975; x_wconf 85' lang='lat' dir='ltr'><strong>universum</strong></span> <span class='ocrx_word' id='word_1_611' title='bbox 2616 2921 2867 2980; x_wconf 79' lang='lat' dir='ltr'><strong>Nannius</strong></span> <span class='ocrx_word' id='word_1_612' title='bbox 2906 2927 3073 2980; x_wconf 86' lang='lat' dir='ltr'><strong>multa</strong></span> <span class='ocrx_word' id='word_1_613' title='bbox 3103 2943 3243 2997; x_wconf 67' lang='lat' dir='ltr'><strong>saepe</strong></span> <span class='ocrx_word' id='word_1_614' title='bbox 3274 2926 3519 2981; x_wconf 89' lang='lat' dir='ltr'><strong>libertate</strong></span> <span class='ocrx_word' id='word_1_615' title='bbox 3558 2928 3757 2992; x_wconf 88' lang='lat' dir='ltr'><strong>utitur,</strong></span> 
     </span>
    </p>
   </div>
   <div class='ocr_carea' id='block_1_90' title="bbox 2181 3012 3760 3089">
    <p class='ocr_par' dir='ltr' id='par_1_90' title="bbox 2181 3012 3760 3089">
     <span class='ocr_line' id='line_1_90' title="bbox 2181 3012 3760 3089; baseline 0.006 -22"><span class='ocrx_word' id='word_1_616' title='bbox 2181 3022 2229 3067; x_wconf 90' lang='lat' dir='ltr'><strong>et</strong></span> <span class='ocrx_word' id='word_1_617' title='bbox 2260 3012 2485 3069; x_wconf 88' lang='lat' dir='ltr'><strong>libenter</strong></span> <span class='ocrx_word' id='word_1_618' title='bbox 2500 3025 2745 3086; x_wconf 76' lang='lat' dir='ltr'><strong>vagatur,</strong></span> <span class='ocrx_word' id='word_1_619' title='bbox 2772 3018 3057 3087; x_wconf 88' lang='lat' dir='ltr'><strong>improprie</strong></span> <span class='ocrx_word' id='word_1_620' title='bbox 3079 3017 3335 3089; x_wconf 87' lang='lat' dir='ltr'><strong>loquitur,</strong></span> <span class='ocrx_word' id='word_1_621' title='bbox 3360 3029 3410 3073; x_wconf 89' lang='lat' dir='ltr'><strong>et</strong></span> <span class='ocrx_word' id='word_1_622' title='bbox 3434 3019 3760 3076; x_wconf 82' lang='lat' dir='ltr'><strong>obscuritate</strong></span> 
     </span>
    </p>
   </div>
   <div class='ocr_carea' id='block_1_91' title="bbox 2182 3105 3757 3179">
    <p class='ocr_par' dir='ltr' id='par_1_91' title="bbox 2182 3105 3757 3179">
     <span class='ocr_line' id='line_1_91' title="bbox 2182 3105 3757 3179; baseline 0.006 -22"><span class='ocrx_word' id='word_1_623' title='bbox 2182 3105 2347 3159; x_wconf 88' lang='lat' dir='ltr'><strong>multa</strong></span> <span class='ocrx_word' id='word_1_624' title='bbox 2385 3107 2638 3174; x_wconf 82' lang='lat' dir='ltr'><strong>involvit;</strong></span> <span class='ocrx_word' id='word_1_625' title='bbox 2672 3109 2801 3163; x_wconf 89' lang='lat' dir='ltr'><strong>solet</strong></span> <span class='ocrx_word' id='word_1_626' title='bbox 2854 3110 3173 3178; x_wconf 84' lang='lat' dir='ltr'><strong>confundere</strong></span> <span class='ocrx_word' id='word_1_627' title='bbox 3206 3120 3463 3179; x_wconf 89' lang='lat' dir='ltr'><strong>tempora,</strong></span> <span class='ocrx_word' id='word_1_628' title='bbox 3500 3111 3757 3179; x_wconf 84' lang='lat' dir='ltr'><strong>periodos</strong></span> 
     </span>
    </p>
   </div>
   <div class='ocr_carea' id='block_1_92' title="bbox 2180 3198 3756 3272">
    <p class='ocr_par' dir='ltr' id='par_1_92' title="bbox 2180 3198 3756 3272">
     <span class='ocr_line' id='line_1_92' title="bbox 2180 3198 3756 3272; baseline 0.006 -22"><span class='ocrx_word' id='word_1_629' title='bbox 2180 3198 2532 3263; x_wconf 88' lang='lat' dir='ltr'><strong>intercidere,</strong></span> <span class='ocrx_word' id='word_1_630' title='bbox 2589 3210 2638 3255; x_wconf 90' lang='lat' dir='ltr'><strong>et</strong></span> <span class='ocrx_word' id='word_1_631' title='bbox 2695 3201 2916 3268; x_wconf 89' lang='lat' dir='ltr'><strong>proinde</strong></span> <span class='ocrx_word' id='word_1_632' title='bbox 2959 3201 3225 3253; x_wconf 87' lang='lat' dir='ltr'><strong>rationum</strong></span> <span class='ocrx_word' id='word_1_633' title='bbox 3271 3202 3407 3256; x_wconf 82' lang='lat' dir='ltr'><strong>vires</strong></span> <span class='ocrx_word' id='word_1_634' title='bbox 3460 3218 3756 3272; x_wconf 77' lang='lat' dir='ltr'><strong>enervare;</strong></span> 
     </span>
    </p>
   </div>
   <div class='ocr_carea' id='block_1_93' title="bbox 2179 3285 3754 3363">
    <p class='ocr_par' dir='ltr' id='par_1_93' title="bbox 2179 3285 3754 3363">
     <span class='ocr_line' id='line_1_93' title="bbox 2179 3285 3754 3363; baseline 0.005 -22"><span class='ocrx_word' id='word_1_635' title='bbox 2179 3285 2467 3355; x_wconf 78' lang='lat' dir='ltr'><strong>Scriptura:</strong></span> <span class='ocrx_word' id='word_1_636' title='bbox 2507 3288 2623 3342; x_wconf 89' lang='lat' dir='ltr'><strong>loca</strong></span> <span class='ocrx_word' id='word_1_637' title='bbox 2662 3289 2739 3341; x_wconf 90' lang='lat' dir='ltr'><strong>ita</strong></span> <span class='ocrx_word' id='word_1_638' title='bbox 2773 3291 2944 3354; x_wconf 82' lang='lat' dir='ltr'><strong>vertit,</strong></span> <span class='ocrx_word' id='word_1_639' title='bbox 2986 3298 3035 3343; x_wconf 92' lang='lat' dir='ltr'><strong>et</strong></span> <span class='ocrx_word' id='word_1_640' title='bbox 3062 3306 3160 3344; x_wconf 85' lang='lat' dir='ltr'><strong>sua</strong></span> <span class='ocrx_word' id='word_1_641' title='bbox 3201 3307 3403 3361; x_wconf 90' lang='lat' dir='ltr'><strong>semper</strong></span> <span class='ocrx_word' id='word_1_642' title='bbox 3439 3294 3754 3363; x_wconf 86' lang='lat' dir='ltr'><strong>interpreta-</strong></span> 
     </span>
    </p>
   </div>
   <div class='ocr_carea' id='block_1_94' title="bbox 2174 3376 3749 3451">
    <p class='ocr_par' dir='ltr' id='par_1_94' title="bbox 2174 3376 3749 3451">
     <span class='ocr_line' id='line_1_94' title="bbox 2174 3376 3749 3451; baseline 0.008 -24"><span class='ocrx_word' id='word_1_643' title='bbox 2174 3376 2313 3430; x_wconf 85' lang='lat' dir='ltr'><strong>tione</strong></span> <span class='ocrx_word' id='word_1_644' title='bbox 2352 3378 2428 3430; x_wconf 89' lang='lat' dir='ltr'><strong>uti</strong></span> <span class='ocrx_word' id='word_1_645' title='bbox 2470 3377 2613 3443; x_wconf 84' lang='lat' dir='ltr'><strong>velit,</strong></span> <span class='ocrx_word' id='word_1_646' title='bbox 2655 3393 2773 3430; x_wconf 89' lang='lat' dir='ltr'><strong>cum</strong></span> <span class='ocrx_word' id='word_1_647' title='bbox 2803 3394 2959 3447; x_wconf 85' lang='lat' dir='ltr'><strong>stepe,</strong></span> <span class='ocrx_word' id='word_1_648' title='bbox 2997 3378 3043 3433; x_wconf 88' lang='lat' dir='ltr'><strong>si</strong></span> <span class='ocrx_word' id='word_1_649' title='bbox 3090 3377 3315 3449; x_wconf 85' lang='lat' dir='ltr'><strong>Vulgata</strong></span> <span class='ocrx_word' id='word_1_650' title='bbox 3350 3383 3429 3435; x_wconf 88' lang='lat' dir='ltr'><strong>uti</strong></span> <span class='ocrx_word' id='word_1_651' title='bbox 3475 3384 3749 3451; x_wconf 85' lang='lat' dir='ltr'><strong>voluisset,</strong></span> 
     </span>
    </p>
   </div>
   <div class='ocr_carea' id='block_1_95' title="bbox 2174 3470 3745 3547">
    <p class='ocr_par' dir='ltr' id='par_1_95' title="bbox 2174 3470 3745 3547">
     <span class='ocr_line' id='line_1_95' title="bbox 2174 3470 3745 3547; baseline 0.003 -20"><span class='ocrx_word' id='word_1_652' title='bbox 2174 3473 2342 3541; x_wconf 87' lang='lat' dir='ltr'><strong>aptius</strong></span> <span class='ocrx_word' id='word_1_653' title='bbox 2366 3480 2415 3524; x_wconf 93' lang='lat' dir='ltr'><strong>et</strong></span> <span class='ocrx_word' id='word_1_654' title='bbox 2460 3471 2691 3537; x_wconf 84' lang='lat' dir='ltr'><strong>apertius</strong></span> <span class='ocrx_word' id='word_1_655' title='bbox 2726 3486 2836 3524; x_wconf 88' lang='lat' dir='ltr'><strong>rem</strong></span> <span class='ocrx_word' id='word_1_656' title='bbox 2864 3470 3141 3527; x_wconf 88' lang='lat' dir='ltr'><strong>declarare</strong></span> <span class='ocrx_word' id='word_1_657' title='bbox 3161 3474 3440 3542; x_wconf 89' lang='lat' dir='ltr'><strong>potuisset.</strong></span> <span class='ocrx_word' id='word_1_658' title='bbox 3476 3474 3558 3530; x_wconf 77' lang='lat' dir='ltr'><strong>Ea</strong></span> <span class='ocrx_word' id='word_1_659' title='bbox 3584 3495 3745 3547; x_wconf 86' lang='lat' dir='ltr'><strong>porro</strong></span> 
     </span>
    </p>
   </div>
   <div class='ocr_carea' id='block_1_96' title="bbox 2171 3561 3745 3638">
    <p class='ocr_par' dir='ltr' id='par_1_96' title="bbox 2171 3561 3745 3638">
     <span class='ocr_line' id='line_1_96' title="bbox 2171 3561 3745 3638; baseline 0.007 -25"><span class='ocrx_word' id='word_1_660' title='bbox 2171 3562 2307 3623; x_wconf 83' lang='lat' dir='ltr'><strong>loca,</strong></span> <span class='ocrx_word' id='word_1_661' title='bbox 2356 3562 2414 3614; x_wconf 90' lang='lat' dir='ltr'><strong>in</strong></span> <span class='ocrx_word' id='word_1_662' title='bbox 2446 3561 2635 3630; x_wconf 88' lang='lat' dir='ltr'><strong>quibus</strong></span> <span class='ocrx_word' id='word_1_663' title='bbox 2674 3577 2828 3615; x_wconf 88' lang='lat' dir='ltr'><strong>sensa</strong></span> <span class='ocrx_word' id='word_1_664' title='bbox 2872 3572 3107 3617; x_wconf 70' lang='lat' dir='ltr'><strong>textuum</strong></span> <span class='ocrx_word' id='word_1_665' title='bbox 3154 3566 3458 3620; x_wconf 88' lang='lat' dir='ltr'><strong>notabiliter</strong></span> <span class='ocrx_word' id='word_1_666' title='bbox 3493 3579 3745 3638; x_wconf 86' lang='lat' dir='ltr'><strong>corrupta</strong></span> 
     </span>
    </p>
   </div>
   <div class='ocr_carea' id='block_1_97' title="bbox 2170 3652 3742 3728">
    <p class='ocr_par' dir='ltr' id='par_1_97' title="bbox 2170 3652 3742 3728">
     <span class='ocr_line' id='line_1_97' title="bbox 2170 3652 3742 3728; baseline 0.006 -22"><span class='ocrx_word' id='word_1_667' title='bbox 2170 3659 2312 3714; x_wconf 80' lang='lat' dir='ltr'><strong>sunt,</strong></span> <span class='ocrx_word' id='word_1_668' title='bbox 2358 3667 2447 3720; x_wconf 89' lang='lat' dir='ltr'><strong>per</strong></span> <span class='ocrx_word' id='word_1_669' title='bbox 2476 3660 2642 3705; x_wconf 91' lang='lat' dir='ltr'><strong>totum</strong></span> <span class='ocrx_word' id='word_1_670' title='bbox 2670 3652 2808 3707; x_wconf 85' lang='lat' dir='ltr'><strong>hunc</strong></span> <span class='ocrx_word' id='word_1_671' title='bbox 2846 3654 3074 3721; x_wconf 89' lang='lat' dir='ltr'><strong>primum</strong></span> <span class='ocrx_word' id='word_1_672' title='bbox 3121 3662 3318 3709; x_wconf 89' lang='lat' dir='ltr'><strong>tomum</strong></span> <span class='ocrx_word' id='word_1_673' title='bbox 3363 3659 3589 3728; x_wconf 90' lang='lat' dir='ltr'><strong>amplius</strong></span> <span class='ocrx_word' id='word_1_674' title='bbox 3618 3673 3742 3715; x_wconf 89' lang='lat' dir='ltr'><strong>sunt</strong></span> 
     </span>
    </p>
   </div>
   <div class='ocr_carea' id='block_1_98' title="bbox 2167 3742 3743 3823">
    <p class='ocr_par' dir='ltr' id='par_1_98' title="bbox 2167 3742 3743 3823">
     <span class='ocr_line' id='line_1_98' title="bbox 2167 3742 3743 3823; baseline 0.008 -28"><span class='ocrx_word' id='word_1_675' title='bbox 2167 3744 2471 3815; x_wconf 88' lang='lat' dir='ltr'><strong>quingenta.</strong></span> <span class='ocrx_word' id='word_1_676' title='bbox 2522 3742 2593 3799; x_wconf 86' lang='lat' dir='ltr'><strong>In</strong></span> <span class='ocrx_word' id='word_1_677' title='bbox 2646 3743 2728 3797; x_wconf 86' lang='lat' dir='ltr'><strong>his</strong></span> <span class='ocrx_word' id='word_1_678' title='bbox 2780 3743 2856 3799; x_wconf 81' lang='lat' dir='ltr'><strong>vel</strong></span> <span class='ocrx_word' id='word_1_679' title='bbox 2897 3745 3191 3814; x_wconf 67' lang='lat' dir='ltr'><strong>afﬁrmante</strong></span> <span class='ocrx_word' id='word_1_680' title='bbox 3244 3748 3543 3805; x_wconf 84' lang='lat' dir='ltr'><strong>Athanasio</strong></span> <span class='ocrx_word' id='word_1_681' title='bbox 3586 3765 3743 3823; x_wconf 87' lang='lat' dir='ltr'><strong>negat</strong></span> 
     </span>
    </p>
   </div>
   <div class='ocr_carea' id='block_1_99' title="bbox 2171 3833 3743 3913">
    <p class='ocr_par' dir='ltr' id='par_1_99' title="bbox 2171 3833 3743 3913">
     <span class='ocr_line' id='line_1_99' title="bbox 2171 3833 3743 3913; baseline 0.005 -23"><span class='ocrx_word' id='word_1_682' title='bbox 2171 3833 2453 3901; x_wconf 86' lang='lat' dir='ltr'><strong>Nannius,</strong></span> <span class='ocrx_word' id='word_1_683' title='bbox 2492 3836 2568 3889; x_wconf 79' lang='lat' dir='ltr'><strong>uel</strong></span> <span class='ocrx_word' id='word_1_684' title='bbox 2605 3844 2828 3905; x_wconf 89' lang='lat' dir='ltr'><strong>negante</strong></span> <span class='ocrx_word' id='word_1_685' title='bbox 2864 3837 3108 3906; x_wconf 67' lang='lat' dir='ltr'><strong>afﬁrmat,</strong></span> <span class='ocrx_word' id='word_1_686' title='bbox 3156 3837 3234 3893; x_wconf 80' lang='lat' dir='ltr'><strong>vel</strong></span> <span class='ocrx_word' id='word_1_687' title='bbox 3260 3849 3474 3896; x_wconf 72' lang='lat' dir='ltr'><strong>externa</strong></span> <span class='ocrx_word' id='word_1_688' title='bbox 3510 3843 3743 3913; x_wconf 89' lang='lat' dir='ltr'><strong>loquitur</strong></span> 
     </span>
    </p>
   </div>
   <div class='ocr_carea' id='block_1_100' title="bbox 2166 3926 3739 3998">
    <p class='ocr_par' dir='ltr' id='par_1_100' title="bbox 2166 3926 3739 3998">
     <span class='ocr_line' id='line_1_100' title="bbox 2166 3926 3739 3998; baseline 0.006 -18"><span class='ocrx_word' id='word_1_689' title='bbox 2166 3938 2214 3980; x_wconf 87' lang='lat' dir='ltr'><strong>et</strong></span> <span class='ocrx_word' id='word_1_690' title='bbox 2260 3942 2365 3979; x_wconf 89' lang='lat' dir='ltr'><strong>non</strong></span> <span class='ocrx_word' id='word_1_691' title='bbox 2403 3926 2758 3991; x_wconf 68' lang='lat' dir='ltr'><strong>cohaerentia;</strong></span> <span class='ocrx_word' id='word_1_692' title='bbox 2793 3937 2847 3981; x_wconf 92' lang='lat' dir='ltr'><strong>ut</strong></span> <span class='ocrx_word' id='word_1_693' title='bbox 2897 3927 3061 3983; x_wconf 90' lang='lat' dir='ltr'><strong>aliam</strong></span> <span class='ocrx_word' id='word_1_694' title='bbox 3105 3929 3239 3998; x_wconf 85' lang='lat' dir='ltr'><strong>ipse,</strong></span> <span class='ocrx_word' id='word_1_695' title='bbox 3284 3931 3446 3986; x_wconf 91' lang='lat' dir='ltr'><strong>aliam</strong></span> <span class='ocrx_word' id='word_1_696' title='bbox 3490 3932 3739 3990; x_wconf 84' lang='lat' dir='ltr'><strong>Nannius</strong></span> 
     </span>
    </p>
   </div>
   <div class='ocr_carea' id='block_1_101' title="bbox 2166 4017 3739 4096">
    <p class='ocr_par' dir='ltr' id='par_1_101' title="bbox 2166 4017 3739 4096">
     <span class='ocr_line' id='line_1_101' title="bbox 2166 4017 3739 4096; baseline 0.007 -25"><span class='ocrx_word' id='word_1_697' title='bbox 2166 4017 2480 4073; x_wconf 88' lang='lat' dir='ltr'><strong>cantilenam</strong></span> <span class='ocrx_word' id='word_1_698' title='bbox 2508 4019 2788 4073; x_wconf 83' lang='lat' dir='ltr'><strong>videantur</strong></span> <span class='ocrx_word' id='word_1_699' title='bbox 2815 4032 3051 4076; x_wconf 89' lang='lat' dir='ltr'><strong>cantare.</strong></span> <span class='ocrx_word' id='word_1_700' title='bbox 3083 4019 3297 4088; x_wconf 85' lang='lat' dir='ltr'><strong>Verum,</strong></span> <span class='ocrx_word' id='word_1_701' title='bbox 3329 4034 3385 4077; x_wconf 91' lang='lat' dir='ltr'><strong>ut</strong></span> <span class='ocrx_word' id='word_1_702' title='bbox 3414 4041 3493 4080; x_wconf 89' lang='lat' dir='ltr'><strong>res</strong></span> <span class='ocrx_word' id='word_1_703' title='bbox 3522 4027 3739 4096; x_wconf 90' lang='lat' dir='ltr'><strong>facilius</strong></span> 
     </span>
    </p>
   </div>
   <div class='ocr_carea' id='block_1_102' title="bbox 2162 4114 3734 4189">
    <p class='ocr_par' dir='ltr' id='par_1_102' title="bbox 2162 4114 3734 4189">
     <span class='ocr_line' id='line_1_102' title="bbox 2162 4114 3734 4189; baseline 0.006 -27"><span class='ocrx_word' id='word_1_704' title='bbox 2162 4119 2356 4178; x_wconf 83' lang='lat' dir='ltr'><strong>pateat,</strong></span> <span class='ocrx_word' id='word_1_705' title='bbox 2392 4127 2457 4165; x_wconf 78' lang='lat' dir='ltr'><strong>ea:</strong></span> <span class='ocrx_word' id='word_1_706' title='bbox 2496 4127 2675 4166; x_wconf 90' lang='lat' dir='ltr'><strong>eorum</strong></span> <span class='ocrx_word' id='word_1_707' title='bbox 2714 4129 2929 4166; x_wconf 89' lang='lat' dir='ltr'><strong>numero</strong></span> <span class='ocrx_word' id='word_1_708' title='bbox 2965 4114 3084 4184; x_wconf 85' lang='lat' dir='ltr'><strong>jam</strong></span> <span class='ocrx_word' id='word_1_709' title='bbox 3124 4117 3312 4171; x_wconf 87' lang='lat' dir='ltr'><strong>selecta</strong></span> <span class='ocrx_word' id='word_1_710' title='bbox 3342 4119 3456 4172; x_wconf 88' lang='lat' dir='ltr'><strong>loca</strong></span> <span class='ocrx_word' id='word_1_711' title='bbox 3492 4122 3734 4189; x_wconf 70' lang='lat' dir='ltr'><strong>quadam</strong></span> 
     </span>
    </p>
   </div>
   <div class='ocr_carea' id='block_1_103' title="bbox 2163 4202 3735 4277">
    <p class='ocr_par' dir='ltr' id='par_1_103' title="bbox 2163 4202 3735 4277">
     <span class='ocr_line' id='line_1_103' title="bbox 2163 4202 3735 4277; baseline 0.006 -22"><span class='ocrx_word' id='word_1_712' title='bbox 2163 4202 2413 4257; x_wconf 91' lang='lat' dir='ltr'><strong>adnotata</strong></span> <span class='ocrx_word' id='word_1_713' title='bbox 2446 4214 2590 4270; x_wconf 91' lang='lat' dir='ltr'><strong>sunt,</strong></span> <span class='ocrx_word' id='word_1_714' title='bbox 2621 4204 2678 4258; x_wconf 86' lang='lat' dir='ltr'><strong>in</strong></span> <span class='ocrx_word' id='word_1_715' title='bbox 2704 4206 2893 4275; x_wconf 90' lang='lat' dir='ltr'><strong>quibus</strong></span> <span class='ocrx_word' id='word_1_716' title='bbox 2924 4206 3175 4277; x_wconf 88' lang='lat' dir='ltr'><strong>interpres</strong></span> <span class='ocrx_word' id='word_1_717' title='bbox 3208 4225 3313 4263; x_wconf 87' lang='lat' dir='ltr'><strong>non</strong></span> <span class='ocrx_word' id='word_1_718' title='bbox 3347 4212 3500 4265; x_wconf 86' lang='lat' dir='ltr'><strong>modo</strong></span> <span class='ocrx_word' id='word_1_719' title='bbox 3529 4212 3735 4266; x_wconf 81' lang='lat' dir='ltr'><strong>diversa</strong></span> 
     </span>
    </p>
   </div>
   <div class='ocr_carea' id='block_1_104' title="bbox 2162 4292 3731 4372">
    <p class='ocr_par' dir='ltr' id='par_1_104' title="bbox 2162 4292 3731 4372">
     <span class='ocr_line' id='line_1_104' title="bbox 2162 4292 3731 4372; baseline 0.01 -26"><span class='ocrx_word' id='word_1_720' title='bbox 2162 4292 2412 4364; x_wconf 85' lang='lat' dir='ltr'><strong>loquitur,</strong></span> <span class='ocrx_word' id='word_1_721' title='bbox 2454 4297 2545 4351; x_wconf 91' lang='lat' dir='ltr'><strong>sed</strong></span> <span class='ocrx_word' id='word_1_722' title='bbox 2572 4298 2731 4352; x_wconf 88' lang='lat' dir='ltr'><strong>etiam</strong></span> <span class='ocrx_word' id='word_1_723' title='bbox 2772 4299 2977 4354; x_wconf 81' lang='lat' dir='ltr'><strong>vitiosis</strong></span> <span class='ocrx_word' id='word_1_724' title='bbox 3015 4301 3192 4355; x_wconf 90' lang='lat' dir='ltr'><strong>utitur</strong></span> <span class='ocrx_word' id='word_1_725' title='bbox 3226 4302 3435 4358; x_wconf 85' lang='lat' dir='ltr'><strong>dicendi</strong></span> <span class='ocrx_word' id='word_1_726' title='bbox 3462 4305 3652 4372; x_wconf 88' lang='lat' dir='ltr'><strong>modis,</strong></span> <span class='ocrx_word' id='word_1_727' title='bbox 3680 4317 3731 4361; x_wconf 88' lang='lat' dir='ltr'><strong>et</strong></span> 
     </span>
    </p>
   </div>
   <div class='ocr_carea' id='block_1_105' title="bbox 2161 4390 3732 4466">
    <p class='ocr_par' dir='ltr' id='par_1_105' title="bbox 2161 4390 3732 4466">
     <span class='ocr_line' id='line_1_105' title="bbox 2161 4390 3732 4466; baseline 0.007 -24"><span class='ocrx_word' id='word_1_728' title='bbox 2161 4390 2444 4442; x_wconf 90' lang='lat' dir='ltr'><strong>sententias</strong></span> <span class='ocrx_word' id='word_1_729' title='bbox 2477 4390 2673 4459; x_wconf 88' lang='lat' dir='ltr'><strong>profert</strong></span> <span class='ocrx_word' id='word_1_730' title='bbox 2704 4400 2793 4444; x_wconf 91' lang='lat' dir='ltr'><strong>aut</strong></span> <span class='ocrx_word' id='word_1_731' title='bbox 2822 4394 3119 4463; x_wconf 88' lang='lat' dir='ltr'><strong>ambiguas,</strong></span> <span class='ocrx_word' id='word_1_732' title='bbox 3162 4405 3255 4450; x_wconf 87' lang='lat' dir='ltr'><strong>aut</strong></span> <span class='ocrx_word' id='word_1_733' title='bbox 3291 4406 3427 4451; x_wconf 85' lang='lat' dir='ltr'><strong>certe</strong></span> <span class='ocrx_word' id='word_1_734' title='bbox 3460 4397 3647 4466; x_wconf 90' lang='lat' dir='ltr'><strong>falsas,</strong></span> <span class='ocrx_word' id='word_1_735' title='bbox 3683 4410 3732 4453; x_wconf 88' lang='lat' dir='ltr'><strong>et</strong></span> 
     </span>
    </p>
   </div>
   <div class='ocr_carea' id='block_1_106' title="bbox 2087 4480 2991 4563">
    <p class='ocr_par' dir='ltr' id='par_1_106' title="bbox 2087 4480 2991 4563">
     <span class='ocr_line' id='line_1_106' title="bbox 2087 4480 2991 4563; baseline 0.008 -29"><span class='ocrx_word' id='word_1_736' title='bbox 2087 4507 2132 4563; x_wconf 76' lang='grc' dir='ltr'><strong>ι)</strong></span> <span class='ocrx_word' id='word_1_737' title='bbox 2162 4480 2373 4535; x_wconf 88' lang='lat' dir='ltr'><strong>omnino</strong></span> <span class='ocrx_word' id='word_1_738' title='bbox 2398 4483 2689 4537; x_wconf 89' lang='lat' dir='ltr'><strong>Athanasio</strong></span> <span class='ocrx_word' id='word_1_739' title='bbox 2720 4484 2991 4554; x_wconf 87' lang='lat' dir='ltr'><strong>indignas.</strong></span> 
     </span>
    </p>
   </div>
   <div class='ocr_carea' id='block_1_107' title="bbox 2238 4573 3730 4653">
    <p class='ocr_par' dir='ltr' id='par_1_107' title="bbox 2238 4573 3730 4653">
     <span class='ocr_line' id='line_1_107' title="bbox 2238 4573 3730 4653; baseline 0.005 -26"><span class='ocrx_word' id='word_1_740' title='bbox 2238 4593 2257 4626; x_wconf 78' lang='grc' dir='ltr'>ι</span> <span class='ocrx_word' id='word_1_741' title='bbox 2288 4573 2358 4629; x_wconf 83' lang='grc' dir='ltr'><em>1η</em></span> <span class='ocrx_word' id='word_1_742' title='bbox 2409 4577 2650 4629; x_wconf 89' lang='lat' dir='ltr'><strong>oratione</strong></span> <span class='ocrx_word' id='word_1_743' title='bbox 2686 4586 2871 4629; x_wconf 88' lang='lat' dir='ltr'><strong>contra</strong></span> <span class='ocrx_word' id='word_1_744' title='bbox 2899 4574 3115 4632; x_wconf 87' lang='lat' dir='ltr'><strong>Sabellii</strong></span> <span class='ocrx_word' id='word_1_745' title='bbox 3156 4580 3387 4650; x_wconf 87' lang='lat' dir='ltr'><strong>gregales</strong></span> <span class='ocrx_word' id='word_1_746' title='bbox 3413 4579 3513 4653; x_wconf 89' lang='lat' dir='ltr'><strong>(a),</strong></span> <span class='ocrx_word' id='word_1_747' title='bbox 3564 4582 3730 4652; x_wconf 87' lang='lat' dir='ltr'><strong>inquit</strong></span> 
     </span>
    </p>
   </div>
   <div class='ocr_carea' id='block_1_108' title="bbox 2158 4663 3728 4743">
    <p class='ocr_par' dir='ltr' id='par_1_108' title="bbox 2158 4663 3728 4743">
     <span class='ocr_line' id='line_1_108' title="bbox 2158 4663 3728 4743; baseline 0.003 -22"><span class='ocrx_word' id='word_1_748' title='bbox 2158 4668 2502 4732; x_wconf 86' lang='lat' dir='ltr'><strong>Athanasius,</strong></span> <span class='ocrx_word' id='word_1_749' title='bbox 2530 4663 2627 4731; x_wconf 76' lang='grc' dir='ltr'><strong>Εἷς</strong></span> <span class='ocrx_word' id='word_1_750' title='bbox 2653 4667 2784 4733; x_wconf 85' lang='grc' dir='ltr'>Θεὸς</span> <span class='ocrx_word' id='word_1_751' title='bbox 2810 4668 3020 4734; x_wconf 84' lang='grc' dir='ltr'><strong>τελείας</strong></span> <span class='ocrx_word' id='word_1_752' title='bbox 3052 4671 3149 4741; x_wconf 85' lang='grc' dir='ltr'><strong>μὲν</strong></span> <span class='ocrx_word' id='word_1_753' title='bbox 3182 4674 3238 4725; x_wconf 82' lang='grc' dir='ltr'><strong>ὲν</strong></span> <span class='ocrx_word' id='word_1_754' title='bbox 3265 4672 3441 4743; x_wconf 76' lang='grc' dir='ltr'>Πατρὶ</span> <span class='ocrx_word' id='word_1_755' title='bbox 3482 4673 3583 4743; x_wconf 81' lang='grc' dir='ltr'><strong>τῆς</strong></span> <span class='ocrx_word' id='word_1_756' title='bbox 3612 4672 3728 4726; x_wconf 65' lang='grc' dir='ltr'><strong>θεός</strong></span> 
     </span>
    </p>
   </div>
   <div class='ocr_carea' id='block_1_109' title="bbox 2153 4764 3729 4838">
    <p class='ocr_par' dir='ltr' id='par_1_109' title="bbox 2153 4764 3729 4838">
     <span class='ocr_line' id='line_1_109' title="bbox 2153 4764 3729 4838; baseline 0.003 -23"><span class='ocrx_word' id='word_1_757' title='bbox 2153 4779 2314 4833; x_wconf 78' lang='grc' dir='ltr'>τητος</span> <span class='ocrx_word' id='word_1_758' title='bbox 2334 4764 2645 4835; x_wconf 81' lang='grc' dir='ltr'><strong>νοουμένης,</strong></span> <span class='ocrx_word' id='word_1_759' title='bbox 2672 4764 2881 4828; x_wconf 81' lang='grc' dir='ltr'>τελείας</span> <span class='ocrx_word' id='word_1_760' title='bbox 2911 4764 2968 4817; x_wconf 86' lang='grc' dir='ltr'><strong>δὲ</strong></span> <span class='ocrx_word' id='word_1_761' title='bbox 3001 4767 3093 4819; x_wconf 79' lang='grc' dir='ltr'><strong>καὶ</strong></span> <span class='ocrx_word' id='word_1_762' title='bbox 3120 4767 3177 4818; x_wconf 85' lang='grc' dir='ltr'><strong>ὲν</strong></span> <span class='ocrx_word' id='word_1_763' title='bbox 3202 4765 3315 4835; x_wconf 59' lang='lat' dir='ltr'><strong>ru;</strong></span> <span class='ocrx_word' id='word_1_764' title='bbox 3334 4767 3433 4837; x_wconf 84' lang='grc' dir='ltr'><strong>τῆς</strong></span> <span class='ocrx_word' id='word_1_765' title='bbox 3461 4767 3729 4838; x_wconf 81' lang='grc' dir='ltr'><strong>πατρικῆς</strong></span> 
     </span>
    </p>
   </div>
   <div class='ocr_carea' id='block_1_110' title="bbox 2156 4854 3725 4927">
    <p class='ocr_par' dir='ltr' id='par_1_110' title="bbox 2156 4854 3725 4927">
     <span class='ocr_line' id='line_1_110' title="bbox 2156 4854 3725 4927; baseline 0.004 -20"><span class='ocrx_word' id='word_1_766' title='bbox 2156 4854 2405 4927; x_wconf 77' lang='grc' dir='ltr'><strong>θεότητος</strong></span> <span class='ocrx_word' id='word_1_767' title='bbox 2430 4855 2802 4927; x_wconf 81' lang='grc' dir='ltr'><strong>ὑπαρχούσης.</strong></span> <span class='ocrx_word' id='word_1_768' title='bbox 2830 4854 3076 4910; x_wconf 88' lang='lat' dir='ltr'><strong>Nannius</strong></span> <span class='ocrx_word' id='word_1_769' title='bbox 3102 4858 3251 4909; x_wconf 83' lang='lat' dir='ltr'><strong>vertit</strong></span> <span class='ocrx_word' id='word_1_770' title='bbox 3276 4872 3295 4909; x_wconf 87' lang='lat'><strong><em>:</em></strong></span> <span class='ocrx_word' id='word_1_771' title='bbox 3326 4856 3473 4912; x_wconf 90' lang='lat' dir='ltr'><strong>Unus</strong></span> <span class='ocrx_word' id='word_1_772' title='bbox 3510 4859 3725 4927; x_wconf 84' lang='lat' dir='ltr'><strong>quidem</strong></span> 
     </span>
    </p>
   </div>
   <div class='ocr_carea' id='block_1_111' title="bbox 2156 4946 3726 5019">
    <p class='ocr_par' dir='ltr' id='par_1_111' title="bbox 2156 4946 3726 5019">
     <span class='ocr_line' id='line_1_111' title="bbox 2156 4946 3726 5019; baseline 0.003 -19"><span class='ocrx_word' id='word_1_773' title='bbox 2156 4946 2316 5009; x_wconf 89' lang='lat' dir='ltr'><strong>Deus,</strong></span> <span class='ocrx_word' id='word_1_774' title='bbox 2344 4962 2409 5001; x_wconf 89' lang='lat' dir='ltr'><strong>eo</strong></span> <span class='ocrx_word' id='word_1_775' title='bbox 2442 4949 2584 5016; x_wconf 91' lang='lat' dir='ltr'><strong>quod</strong></span> <span class='ocrx_word' id='word_1_776' title='bbox 2614 4947 2851 5016; x_wconf 86' lang='lat' dir='ltr'><strong>perfecta</strong></span> <span class='ocrx_word' id='word_1_777' title='bbox 2879 4947 3061 5002; x_wconf 87' lang='lat' dir='ltr'><strong>Deitas</strong></span> <span class='ocrx_word' id='word_1_778' title='bbox 3096 4947 3150 5001; x_wconf 93' lang='lat' dir='ltr'><strong>in</strong></span> <span class='ocrx_word' id='word_1_779' title='bbox 3181 4947 3342 5002; x_wconf 88' lang='lat' dir='ltr'><strong>Patre</strong></span> <span class='ocrx_word' id='word_1_780' title='bbox 3370 4949 3726 5019; x_wconf 80' lang='lat' dir='ltr'><strong>intelligatur,</strong></span> 
     </span>
    </p>
   </div>
   <div class='ocr_carea' id='block_1_112' title="bbox 2154 5036 3723 5107">
    <p class='ocr_par' dir='ltr' id='par_1_112' title="bbox 2154 5036 3723 5107">
     <span class='ocr_line' id='line_1_112' title="bbox 2154 5036 3723 5107; baseline 0.002 -16"><span class='ocrx_word' id='word_1_781' title='bbox 2154 5047 2208 5091; x_wconf 92' lang='lat' dir='ltr'><strong>et</strong></span> <span class='ocrx_word' id='word_1_782' title='bbox 2234 5037 2471 5107; x_wconf 84' lang='lat' dir='ltr'><strong>perfecta</strong></span> <span class='ocrx_word' id='word_1_783' title='bbox 2498 5039 2799 5107; x_wconf 88' lang='lat' dir='ltr'><strong>paternitas</strong></span> <span class='ocrx_word' id='word_1_784' title='bbox 2828 5039 2881 5092; x_wconf 90' lang='lat' dir='ltr'><strong>in</strong></span> <span class='ocrx_word' id='word_1_785' title='bbox 2915 5037 3053 5092; x_wconf 90' lang='lat' dir='ltr'><strong>Filio</strong></span> <span class='ocrx_word' id='word_1_786' title='bbox 3078 5036 3359 5093; x_wconf 86' lang='lat' dir='ltr'><strong>subsistat.</strong></span> <span class='ocrx_word' id='word_1_787' title='bbox 3404 5038 3723 5095; x_wconf 86' lang='lat' dir='ltr'><strong>Vertendum</strong></span> 
     </span>
    </p>
   </div>
   <div class='ocr_carea' id='block_1_113' title="bbox 2152 5124 3726 5195">
    <p class='ocr_par' dir='ltr' id='par_1_113' title="bbox 2152 5124 3726 5195">
     <span class='ocr_line' id='line_1_113' title="bbox 2152 5124 3726 5195; baseline -0.001 -16"><span class='ocrx_word' id='word_1_788' title='bbox 2152 5136 2264 5179; x_wconf 87' lang='lat' dir='ltr'><strong>erat</strong></span> <span class='ocrx_word' id='word_1_789' title='bbox 2291 5126 2365 5179; x_wconf 91' lang='lat' dir='ltr'><strong>ita</strong></span> <span class='ocrx_word' id='word_1_790' title='bbox 2395 5142 2413 5180; x_wconf 90' lang='lat'><strong><em>:</em></strong></span> <span class='ocrx_word' id='word_1_791' title='bbox 2451 5125 2599 5181; x_wconf 88' lang='lat' dir='ltr'><strong>Unus</strong></span> <span class='ocrx_word' id='word_1_792' title='bbox 2632 5125 2796 5191; x_wconf 90' lang='lat' dir='ltr'><strong>Deus,</strong></span> <span class='ocrx_word' id='word_1_793' title='bbox 2831 5125 2957 5195; x_wconf 86' lang='lat' dir='ltr'><strong>quia</strong></span> <span class='ocrx_word' id='word_1_794' title='bbox 2984 5125 3221 5195; x_wconf 84' lang='lat' dir='ltr'><strong>perfecta</strong></span> <span class='ocrx_word' id='word_1_795' title='bbox 3261 5125 3441 5181; x_wconf 87' lang='lat' dir='ltr'><strong>Deitas</strong></span> <span class='ocrx_word' id='word_1_796' title='bbox 3470 5125 3525 5179; x_wconf 88' lang='lat' dir='ltr'><strong>in</strong></span> <span class='ocrx_word' id='word_1_797' title='bbox 3563 5124 3726 5179; x_wconf 85' lang='lat' dir='ltr'><strong>Patre</strong></span> 
     </span>
    </p>
   </div>
   <div class='ocr_carea' id='block_1_114' title="bbox 2153 5216 3724 5289">
    <p class='ocr_par' dir='ltr' id='par_1_114' title="bbox 2153 5216 3724 5289">
     <span class='ocr_line' id='line_1_114' title="bbox 2153 5216 3724 5289; baseline -0.001 -17"><span class='ocrx_word' id='word_1_798' title='bbox 2153 5218 2743 5288; x_wconf 41' lang='lat' dir='ltr'><strong>intelligiturfperlecta</strong></span> <span class='ocrx_word' id='word_1_799' title='bbox 2769 5232 2983 5289; x_wconf 90' lang='lat' dir='ltr'><strong>quoque</strong></span> <span class='ocrx_word' id='word_1_800' title='bbox 3007 5219 3060 5272; x_wconf 91' lang='lat' dir='ltr'><strong>in</strong></span> <span class='ocrx_word' id='word_1_801' title='bbox 3075 5216 3212 5274; x_wconf 80' lang='lat' dir='ltr'><strong>Filio</strong></span> <span class='ocrx_word' id='word_1_802' title='bbox 3241 5227 3465 5289; x_wconf 86' lang='lat' dir='ltr'><strong>paterna</strong></span> <span class='ocrx_word' id='word_1_803' title='bbox 3500 5217 3724 5273; x_wconf 82' lang='lat' dir='ltr'><strong>exsistit</strong></span> 
     </span>
    </p>
   </div>
   <div class='ocr_carea' id='block_1_115' title="bbox 2153 5309 2355 5364">
    <p class='ocr_par' dir='ltr' id='par_1_115' title="bbox 2153 5309 2355 5364">
     <span class='ocr_line' id='line_1_115' title="bbox 2153 5309 2355 5364; baseline -0.015 0"><span class='ocrx_word' id='word_1_804' title='bbox 2153 5309 2355 5364; x_wconf 88' lang='lat' dir='ltr'><strong>Deitas.</strong></span> 
     </span>
    </p>
   </div>
   <div class='ocr_carea' id='block_1_116' title="bbox 2225 5399 3720 5472">
    <p class='ocr_par' dir='ltr' id='par_1_116' title="bbox 2225 5399 3720 5472">
     <span class='ocr_line' id='line_1_116' title="bbox 2225 5399 3720 5472; baseline -0.001 -18"><span class='ocrx_word' id='word_1_805' title='bbox 2225 5420 2243 5446; x_wconf 74' lang='grc' dir='ltr'><strong><em>ο</em></strong></span> <span class='ocrx_word' id='word_1_806' title='bbox 2284 5400 2348 5454; x_wconf 86' lang='grc' dir='ltr'><strong>1η</strong></span> <span class='ocrx_word' id='word_1_807' title='bbox 2377 5402 2614 5455; x_wconf 88' lang='lat' dir='ltr'><strong>oratione</strong></span> <span class='ocrx_word' id='word_1_808' title='bbox 2654 5399 2688 5454; x_wconf 72' lang='grc'><strong>4</strong></span> <span class='ocrx_word' id='word_1_809' title='bbox 2725 5410 2907 5454; x_wconf 86' lang='lat' dir='ltr'><strong>contra</strong></span> <span class='ocrx_word' id='word_1_810' title='bbox 2951 5400 3176 5454; x_wconf 85' lang='lat' dir='ltr'><strong>Arianos</strong></span> <span class='ocrx_word' id='word_1_811' title='bbox 3210 5399 3307 5472; x_wconf 93' lang='lat' dir='ltr'><strong>(b),</strong></span> <span class='ocrx_word' id='word_1_812' title='bbox 3337 5399 3659 5453; x_wconf 86' lang='lat' dir='ltr'><strong>Athanasius</strong></span> <span class='ocrx_word' id='word_1_813' title='bbox 3701 5415 3720 5452; x_wconf 91' lang='lat'><strong><em>:</em></strong></span> 
     </span>
    </p>
   </div>
   <div class='ocr_carea' id='block_1_117' title="bbox 2148 5490 3725 5565">
    <p class='ocr_par' dir='ltr' id='par_1_117' title="bbox 2148 5490 3725 5565">
     <span class='ocr_line' id='line_1_117' title="bbox 2148 5490 3725 5565; baseline -0.001 -18"><span class='ocrx_word' id='word_1_814' title='bbox 2148 5492 2333 5557; x_wconf 77' lang='grc' dir='ltr'><strong>Οὕτως</strong></span> <span class='ocrx_word' id='word_1_815' title='bbox 2362 5493 2493 5556; x_wconf 79' lang='grc' dir='ltr'>Θεὸς</span> <span class='ocrx_word' id='word_1_816' title='bbox 2523 5490 2590 5564; x_wconf 78' lang='grc' dir='ltr'><strong>ἦν</strong></span> <span class='ocrx_word' id='word_1_817' title='bbox 2620 5495 2676 5545; x_wconf 86' lang='grc' dir='ltr'>ὲν</span> <span class='ocrx_word' id='word_1_818' title='bbox 2706 5493 2924 5565; x_wconf 80' lang='grc' dir='ltr'>Χριστῷ</span> <span class='ocrx_word' id='word_1_819' title='bbox 2965 5494 3165 5565; x_wconf 85' lang='grc' dir='ltr'>κόσμον</span> <span class='ocrx_word' id='word_1_820' title='bbox 3202 5494 3379 5563; x_wconf 74' lang='grc' dir='ltr'>ἑαυτῷ</span> <span class='ocrx_word' id='word_1_821' title='bbox 3416 5492 3725 5546; x_wconf 75' lang='grc' dir='ltr'><strong>καταλλάσ-</strong></span> 
     </span>
    </p>
   </div>
   <div class='ocr_carea' id='block_1_118' title="bbox 2149 5583 3718 5657">
    <p class='ocr_par' dir='ltr' id='par_1_118' title="bbox 2149 5583 3718 5657">
     <span class='ocr_line' id='line_1_118' title="bbox 2149 5583 3718 5657; baseline -0.002 -18"><span class='ocrx_word' id='word_1_822' title='bbox 2149 5602 2275 5639; x_wconf 74' lang='grc' dir='ltr'><strong>σωνο</strong></span> <span class='ocrx_word' id='word_1_823' title='bbox 2301 5585 2361 5638; x_wconf 84' lang='grc' dir='ltr'>τὸ</span> <span class='ocrx_word' id='word_1_824' title='bbox 2387 5585 2493 5657; x_wconf 74' lang='grc' dir='ltr'><strong>γὰρ</strong></span> <span class='ocrx_word' id='word_1_825' title='bbox 2515 5586 2643 5638; x_wconf 77' lang='grc' dir='ltr'>ἴδιον</span> <span class='ocrx_word' id='word_1_826' title='bbox 2670 5585 2766 5655; x_wconf 76' lang='grc' dir='ltr'><strong>τῆς</strong></span> <span class='ocrx_word' id='word_1_827' title='bbox 2791 5584 2884 5637; x_wconf 78' lang='grc' dir='ltr'><strong>τοῦ</strong></span> <span class='ocrx_word' id='word_1_828' title='bbox 2911 5585 3123 5657; x_wconf 82' lang='grc' dir='ltr'>Πατρὸς</span> <span class='ocrx_word' id='word_1_829' title='bbox 3142 5584 3327 5648; x_wconf 79' lang='grc' dir='ltr'>οὐσίας</span> <span class='ocrx_word' id='word_1_830' title='bbox 3352 5585 3496 5637; x_wconf 80' lang='grc' dir='ltr'>ἐστὶν</span> <span class='ocrx_word' id='word_1_831' title='bbox 3516 5586 3543 5637; x_wconf 85' lang='grc' dir='ltr'>ὁ</span> <span class='ocrx_word' id='word_1_832' title='bbox 3568 5583 3718 5646; x_wconf 81' lang='grc' dir='ltr'>Υἱὸς,</span> 
     </span>
    </p>
   </div>
   <div class='ocr_carea' id='block_1_119' title="bbox 2144 5673 3717 5750">
    <p class='ocr_par' dir='ltr' id='par_1_119' title="bbox 2144 5673 3717 5750">
     <span class='ocr_line' id='line_1_119' title="bbox 2144 5673 3717 5750; baseline -0.002 -18"><span class='ocrx_word' id='word_1_833' title='bbox 2144 5681 2199 5733; x_wconf 83' lang='grc' dir='ltr'><strong>ἐν</strong></span> <span class='ocrx_word' id='word_1_834' title='bbox 2314 5680 2346 5750; x_wconf 83' lang='grc' dir='ltr'><strong>ἡ</strong></span> <span class='ocrx_word' id='word_1_835' title='bbox 2376 5679 2550 5741; x_wconf 73' lang='grc' dir='ltr'>κτίσις</span> <span class='ocrx_word' id='word_1_836' title='bbox 2590 5679 2725 5750; x_wconf 79' lang='grc' dir='ltr'>πρὸς</span> <span class='ocrx_word' id='word_1_837' title='bbox 2764 5679 2853 5732; x_wconf 82' lang='grc' dir='ltr'><strong>τὸν</strong></span> <span class='ocrx_word' id='word_1_838' title='bbox 2878 5678 3009 5731; x_wconf 82' lang='grc' dir='ltr'><strong>Θεὸν</strong></span> <span class='ocrx_word' id='word_1_839' title='bbox 3041 5678 3461 5750; x_wconf 81' lang='grc' dir='ltr'><strong>κατηλλάσσετο.</strong></span> <span class='ocrx_word' id='word_1_840' title='bbox 3493 5675 3673 5732; x_wconf 85' lang='lat' dir='ltr'><strong>Nttnn.</strong></span> <span class='ocrx_word' id='word_1_841' title='bbox 3696 5702 3717 5741; x_wconf 67' lang='lat'><strong>,-</strong></span> 
     </span>
    </p>
   </div>
   <div class='ocr_carea' id='block_1_120' title="bbox 2217 5834 3090 5912">
    <p class='ocr_par' dir='ltr' id='par_1_120' title="bbox 2217 5834 3090 5912">
     <span class='ocr_line' id='line_1_120' title="bbox 2217 5834 3090 5912; baseline 0.001 -22"><span class='ocrx_word' id='word_1_842' title='bbox 2217 5840 2289 5912; x_wconf 76' lang='grc' dir='ltr'><strong>(ὁ)</strong></span> <span class='ocrx_word' id='word_1_843' title='bbox 2340 5836 2401 5891; x_wconf 90' lang='grc' dir='ltr'><strong>Τ.</strong></span> <span class='ocrx_word' id='word_1_844' title='bbox 2436 5837 2451 5890; x_wconf 97' lang='grc'><strong>1</strong></span> <span class='ocrx_word' id='word_1_845' title='bbox 2488 5835 2653 5907; x_wconf 87' lang='lat' dir='ltr'><strong>[nunc</strong></span> <span class='ocrx_word' id='word_1_846' title='bbox 2682 5846 2720 5891; x_wconf 92' lang='lat' dir='ltr'><strong>t.</strong></span> <span class='ocrx_word' id='word_1_847' title='bbox 2757 5834 2844 5907; x_wconf 84' lang='lat' dir='ltr'><strong>ll].</strong></span> <span class='ocrx_word' id='word_1_848' title='bbox 2877 5852 2930 5907; x_wconf 90' lang='lat' dir='ltr'><strong>p.</strong></span> <span class='ocrx_word' id='word_1_849' title='bbox 2968 5836 3090 5892; x_wconf 75' lang='grc'><strong>439.</strong></span> 
     </span>
    </p>
   </div>
  </div>
