3998 6524
1212 365 1575 423 ΡΒᾸΞῈΑΤΙΟ
1614 363 1955 420 EDlTl‘ONlS
1993 361 2496 419 BENEDICTINAE.

177 472 234 526 ita
253 473 384 529 Deus
418 474 542 532 fuit
582 478 651 534 in
684 480 994 552 Christo,
1026 487 1273 540 mundum
1304 487 1408 541 sibi
1439 485 1829 548 reconcilians;
1862 493 1911 548 Α
2008 500 2029 536 t
2073 482 2140 536 In
2173 482 2393 551 epistola
2436 482 2503 535 ad
2543 480 2855 550 Adelphium
2891 482 2959 554 (e)
3009 501 3023 536 :
3064 481 3218 537 Οὕτω
3261 482 3371 554 γὰρ
3413 485 3512 540 καὶ

184 582 277 623 nam
309 569 552 638 propria
614 573 1002 633 substantia
1050 580 1222 633 Patris
1262 579 1433 633 Filius
1480 585 1584 643 est,
1628 578 1678 631 in
1729 591 1827 644 quo

1938 577 2035 649 τὴν
2053 577 2325 649 πατρικὴν
2346 576 2509 630 αὐτοῦ
2537 576 2766 649 θεότητα
2792 576 3244 649 ἐπιγινώσκομεν.
3281 577 3463 635 Nann.
3485 593 3511 634 :

188 668 403 713 creatura
438 662 570 716 Deo
599 668 1157 725 reconciliabalur.
1202 668 1519 724 Vertendum
1556 678 1673 722 erat
1713 670 1790 723 ita
1818 685 1839 725 :
1938 668 2015 724 Ita
2051 671 2192 725 enim
2220 678 2274 723 et
2300 669 2560 725 Deitatem
2593 668 2713 738 ejus
2741 685 2805 724 ex
2838 670 2997 724 Patre
3022 671 3307 726 oriuntlam
3336 689 3509 741 agno-

192 752 305 807 Deus
349 761 483 806 erat
518 755 585 809 in
646 756 948 827 Christo,
991 763 1245 815 mundum
1289 761 1391 815 sibi
1438 762 1838 816 reconcilians:
1939 765 2156 819 scimus.
2208 761 2525 819 Vertendum
2557 779 2577 819 :
2606 764 2686 818 lta
2726 763 2872 817 enim
2914 772 2971 819 et
3007 773 3289 833 paternam
3336 765 3511 835 ipsius

194 846 447 912 proprium
521 848 698 902 enim
762 852 1123 907 substantiae
1164 852 1342 907 Patris
1398 861 1483 908 est
1540 852 1731 919 Filius,
1785 854 1840 907 in
1939 856 2192 910 deitatem
2227 854 2588 924 agnoscimus.

196 951 277 1005 quo
305 946 590 991 creatura
630 939 772 995 Deo
817 942 1314 997 reconciliabatur.
2013 966 2033 998 ι
2070 947 2136 1000 1η
2164 948 2399 1001 oratione
2437 957 2620 1000 contra
2646 945 2873 1009 FSabellii
2906 946 3139 1017 gregales
3171 946 3237 1015 (ι’)
3270 964 3285 1001 :
3321 948 3504 1018 Χωρι-

249 1045 272 1078 t
300 1026 366 1081 In
400 1029 665 1097 epistola.
686 1031 770 1086 de
815 1035 1058 1102 synodis
1093 1034 1320 1088 Arimini
1343 1044 1393 1088 et
1429 1032 1682 1089 Seleucia:
1704 1034 1827 1089 cele-

1939 1038 2143 1110 ζόμεθά
2168 1055 2225 1090 τε
2253 1038 2345 1091 καὶ
2375 1036 2483 1090 τῶν
2520 1036 2911 1101 ἰουδαῖζόντων,
2945 1036 3040 1089 καὶ
3070 1036 3161 1088 τὸν
3194 1037 3507 1107 Χριστιανι-

203 1121 339 1173 iratis
376 1119 480 1191 (α),
529 1123 924 1179 Athanasius
954 1141 977 1179 :
1014 1125 1174 1195 Λέγει
1201 1126 1258 1179 δὲ
1292 1127 1320 1179 6
1354 1126 1500 1191 Υἱὸς,
1740 1128 1827 1180 καὶ

1940 1130 2074 1200 σμὸν
2104 1131 2162 1183 ἐν
2215 1127 2529 1198 Ἰουδαϊσμῴ
2567 1127 3065 1198 παραφθειρόντων,
3098 1128 3147 1180 οἱ
3186 1126 3277 1180 τὸν
3318 1127 3383 1180 ὲκ
3408 1124 3503 1178 τοῦ

208 1215 231 1265 δ
260 1211 462 1280 Πατὴρ
507 1212 587 1266 ἓν
620 1214 875 1283 ἐσμεν,
931 1218 1058 1283 καὶ,
1105 1217 1165 1270 '0
1198 1216 1301 1286 ἐμὲ
1328 1217 1598 1286 ἑωρακὼς
1623 1215 1841 1285 ἑώρακε
1940 1221 2077 1275 Θεοῦ
2103 1219 2233 1273 Θεὸν
2279 1218 2599 1290 ἀρνούμενοι
2632 1218 2763 1272 Θεὸν
2795 1218 2891 1271 ἕνα
2926 1217 3321 1288 παραπλησίως
3372 1218 3504 1269 Ἰου-

210 1305 296 1357 rer
316 1304 583 1372 Hatépa'
620 1306 764 1370 πῶς
791 1307 888 1360 δεῖ
916 1312 1064 1363 νοεῖν
1088 1308 1287 1372 ταύτας
1310 1310 1408 1373 τὰς
1432 1310 1642 1379 φωνάς
1667 1309 1699 1381 ἢ
1723 1309 1840 1374 πῶς
1937 1312 2104 1376 δαίοις
2146 1311 2410 1380 λέγουσιν,
2452 1311 2550 1381 οὐχ
2584 1311 2663 1364 ὅτι
2708 1311 2865 1381 μόνος
2892 1310 3173 1380 ἀγένητος,
3220 1310 3313 1363 καὶ
3344 1295 3505 1380 μόνος

214 1395 360 1458 αὑτὰς
402 1396 912 1467 ἐκλαμϐάνοντες
967 1399 1217 1472 σώσομεν
1257 1399 1317 1453 τὸ
1348 1400 1405 1455 ἒν
1445 1397 1584 1454 εἶναι
1611 1400 1702 1455 τὸν
1729 1402 1841 1454 Πα-
1939 1401 2087 1473 πηγὴ
2109 1401 2379 1472 θεότητος,
2404 1400 2492 1454 διὰ
2511 1398 2668 1453 τοῦτο
2687 1401 2982 1468 φάσκοντες
3004 1400 3162 1453 αὐτὸν
3186 1396 3322 1454 εἶναι
3345 1398 3505 1470 μόνον

217 1489 349 1560 τέρα,
391 1491 491 1543 καὶ
522 1490 627 1543 τὸν
654 1491 854 1560 Υἱόν;
889 1491 1146 1547 Nannius
1172 1509 1191 1548 .'
1224 1494 1289 1548 Et
1316 1493 1484 1549 Filius
1508 1495 1573 1549 de
1597 1509 1655 1549 se
1686 1494 1827 1559 dicit,

1938 1494 2089 1561 Θεὸν,
2115 1494 2228 1549 ἀλλ’
2250 1495 2324 1559 ὡς
2348 1495 2541 1565 ἄγονον
2560 1494 2690 1549 Υἱοῦ
2720 1494 2812 1548 καὶ
2836 1496 3103 1565 ἄκαρπον.
3132 1493 3183 1548 N
3188 1510 3315 1547 ann.
3343 1507 3363 1546 :
3384 1492 3506 1545 Dis-

222 1580 317 1651 Ego
350 1592 397 1637 et
432 1580 612 1637 Pater
649 1601 843 1639 unum
877 1602 1112 1653 sumus;
1154 1595 1229 1651 et,
1267 1586 1369 1652 Qui
1395 1587 1523 1640 vidit
1559 1602 1657 1650 me,
1712 1588 1839 1641 vidit
1934 1588 2207 1659 iungimur
2254 1605 2470 1659 quoque
2506 1604 2538 1644 a
2576 1588 2997 1657 judaizantibus,
3039 1588 3128 1659 qui
3177 1587 3505 1642 Christiani-

222 1686 261 1726 et
289 1673 501 1728 Patrem
540 1692 772 1732 meum.
824 1677 980 1745 Quid
1020 1679 1085 1733 de
1114 1677 1229 1733 istis
1256 1677 1475 1733 vocibus
1502 1678 1836 1733 sentiendum
1939 1694 2112 1735 smum
2148 1680 2202 1734 in
2224 1679 2557 1734 Judaismum
2580 1680 2908 1750 depravant;
2931 1687 2986 1733 et
3008 1678 3075 1733 ab
3103 1677 3190 1744 iis,
3218 1676 3311 1747 qui
3338 1677 3502 1730 Deum

217 1766 326 1819 est?
355 1775 446 1820 aut
476 1767 535 1821 in
578 1782 774 1837 quem
807 1769 1188 1840 significatum
1225 1785 1317 1825 eas
1343 1770 1665 1840 accipientes
1701 1771 1836 1824 tueri
1872 1832 1910 1840 _
1940 1784 2005 1824 ex
2051 1770 2161 1825 Deo
2204 1770 2506 1826 inﬁciantes
2558 1769 2722 1826 Deum
2793 1785 2956 1825 unum
3005 1768 3187 1823 itidem
3232 1777 3290 1823 ut
3333 1766 3503 1823 Judaei

218 1872 520 1925 possumus,
558 1868 630 1912 ut
661 1859 850 1915 Pater
864 1832 931 1915 et
960 1860 1133 1916 Filius
1170 1877 1310 1916 unus
1335 1832 1673 1916 habeantur?
1709 1858 1834 1915 Ver-
1872 1832 1915 1889 Β
1942 1862 2253 1931 praedicant,
2279 1863 2477 1934 quique
2501 1878 2606 1917 non
2632 1862 2749 1917 idco
2772 1862 2914 1931 quod
2940 1861 3086 1916 solus
3129 1862 3202 1916 sit
3230 1859 3504 1914 increatus

220 1952 419 2003 tendum
447 1967 467 2004 :
509 1960 579 2005 ut
616 1952 808 2007 Pater
838 1962 898 2009 et
927 1953 1100 2008 Filius
1125 1969 1284 2007 unum
1316 1954 1639 2010 habeantur.
1940 1962 1993 2007 et
2036 1953 2181 2008 solus
2216 1952 2337 2008 fons
2367 1954 2609 2019 deitatis,
2648 1953 2820 2008 solum
2853 1952 3019 2007 Deum
3053 1953 3372 2017 nominant;
3406 1952 3502 2005 sed

295 2061 315 2093 ι
352 2042 414 2095 In
440 2045 708 2097 oratione
733 2045 773 2099 5
796 2057 999 2099 contra
1025 2048 1247 2101 Arianos
1270 2046 1343 2117 (lt)
1371 2046 1662 2102 εΛείπεται
1683 2045 1746 2117 δὴ
1776 2045 1827 2111 ἐξ

1938 2044 2063 2113 quia
2088 2043 2432 2100 infecundum
2460 2061 2582 2101 eum
2621 2046 2954 2100 existimant.
2998 2043 3354 2098 Vertendum:
3388 2044 3506 2098 Dis-

224 2130 374 2185 αῠτοῦ
394 2132 489 2185 τοῦ
514 2131 671 2185 Θεοῦ
718 2134 917 2202 λέγειν
950 2135 1103 2188 uitta"
1138 2138 1184 2188 εὶ
1213 2137 1268 2189 δὲ
1295 2135 1472 2201 τοῦτο,
1498 2134 1625 2189 ἄλλο
1655 2136 1719 2190 ἂν
1748 2136 1827 2208 εἴη

1935 2134 2212 2205 iungimur
2237 2151 2451 2207 quoque
2478 2152 2507 2190 a
2526 2136 2933 2206 judaizantibus
2961 2134 3503 2190 etCliristianismum

225 2222 284 2275 τὸ
308 2223 367 2276 ἐκ
388 2241 560 2287 τινος,
598 2226 710 2278 καὶ
736 2224 876 2279 ἄλλο
905 2227 971 2280 τὸ
1003 2226 1060 2294 ἐξ
1094 2220 1151 2279 οὗ
1176 2228 1344 2282 ἐστιν.
1375 2225 1623 2283 Nannius
1644 2243 1665 2283 :
1692 2228 1827 2283 Reli-

1940 2228 1993 2283 in
2022 2226 2350 2296 judaismum
2382 2225 2826 2295 depravantibus,
2857 2225 2946 2294 qui
2979 2225 3145 2279 Deum
3173 2226 3238 2278 de
3265 2224 3374 2278 Deo
3405 2240 3504 2278 ne-

1939 2329 2148 2389 gantes,
2172 2318 2342 2373 Deum
2371 2334 2532 2372 unum
2552 2332 2669 2372 esse
2692 2318 2860 2381 aiunt,
2888 2317 3072 2371 itidem
3097 2325 3153 2371 ut
3173 2314 3366 2382 Judmi,
3391 2331 3501 2371 non

1942 2410 2081 2485 quod
2110 2411 2259 2466 solus
2297 2410 2367 2465 sit
2399 2410 2692 2479 ingenitus,
2722 2417 2777 2463 et
2812 2408 2959 2464 solus
2996 2407 3118 2463 fons
3145 2408 3379 2476 deitatis,
3408 2408 3503 2463 sed

1938 2503 2063 2573 quia
2099 2502 2425 2557 fecunditate
2442 2502 2559 2557 Filii
2579 2510 2781 2557 careat.

2016 2610 2036 2644 ‹
2078 2590 2147 2645 In
2176 2591 2395 2659 epistola
2437 2592 2501 2644 de
2545 2590 2802 2644 sententia
2848 2588 3089 2661 Dionysii
3124 2597 3307 2643 contra
3347 2588 3507 2643 Aria-

1940 2700 2033 2737 nos
2060 2683 2132 2756 (g)
2164 2701 2178 2738 :
2221 2683 2313 2753 Μὴ
2348 2682 2459 2755 γὰρ
2487 2681 2548 2753 δή
2576 2699 2658 2745 τις
2705 2681 2976 2753 Ἀρειανὸς
3023 2681 3095 2753 μὴ
3134 2680 3198 2753 δὴ
3235 2682 3293 2734 ὲν
3330 2679 3505 2751 τούτῳ

1940 2776 2233 2830 ὑπονοείτω
2264 2777 2383 2829 κατ’
2413 2773 2598 2838 αὑτοῦ,
2624 2772 2697 2837 ὡς
2729 2772 2871 2828 οὕτω
2894 2774 3164 2845 λέγοντος·
3193 2772 3437 2827 σύνεστιν
3473 2774 3505 2825 6

1938 2868 2066 2932 Υἱὸς
2084 2867 2162 2939 τῷ
2178 2868 2373 2940 Πατρὶ,
2396 2868 2470 2932 ὡς
2484 2867 2552 2921 τὰ
2576 2867 2672 2939 μὲν
2688 2868 2926 2938 ὀνόματα
2948 2867 3211 2939 συνῆφθαι
3233 2867 3503 2937 ἀλλήλοις,

3416 383 3510 422 χιι

221 2329 377 2383 quam
406 2316 583 2386 igitur
620 2326 722 2372 est
753 2316 1006 2373 Verbum
1042 2333 1107 2373 ex
1154 2319 1261 2373 Deo
1283 2318 1586 2374 exsistere:
1621 2321 1763 2390 quod
1787 2320 1834 2375 si

214 2409 510 2473 concedas,
551 2410 720 2464 aliud
764 2409 919 2464 haud
959 2410 1125 2465 dubie
1150 2410 1331 2477 fuerit,
1370 2413 1517 2481 quod
1552 2427 1620 2467 ex
1655 2413 1836 2483 aliquo

220 2506 463 2553 naturam
492 2501 772 2570 accepit;
806 2510 866 2555 et
890 2500 1063 2566 aliud,
1095 2504 1235 2572 quod
1276 2503 1361 2557 sui
1404 2503 1628 2558 alteram
1671 2514 1834 2559 natu-

210 2604 330 2643 ram
360 2590 542 2646 dedit.
603 2592 957 2648 Vertendunt
982 2608 1002 2645 :
1029 2594 1178 2650 Alius
1215 2595 1399 2664 luerit,
1430 2596 1522 2667 qui
1550 2612 1622 2653 ex
1655 2597 1836 2670 aliquo

216 2692 333 2749 est;
366 2690 425 2737 et
455 2684 643 2749 alius,
677 2701 711 2738 a
740 2701 855 2756 quo
879 2686 973 2741 ille
1000 2694 1105 2741 est.

292 2792 315 2826 ς
352 2774 420 2829 In
458 2777 662 2831 eadem
698 2778 954 2832 oratione
988 2778 1061 2847 (c)
1103 2798 1117 2834 :
1161 2779 1223 2833 'H
1267 2779 1324 2834 δὲ
1368 2780 1683 2837 διδασκαλία
1727 2779 1833 2837 οἵδε

220 2866 467 2937 Πατέρα,
496 2868 603 2921 καὶ
637 2869 805 2933 Υἱὸν,
834 2872 932 2924 καὶ
966 2872 1148 2940 σοφὸν,
1179 2873 1273 2926 καὶ
1314 2874 1525 2943 σοφίαν,
1563 2877 1656 2930 καὶ
1680 2876 1832 2942 Θεὸν,

216 2958 317 3011 καὶ
343 2960 547 3028 Λόγονθ
582 2960 835 3014 καθόλου
866 2961 969 3033 μέν
993 2980 1075 3015 τοι
1115 2964 1367 3033 φυλάττει
1407 2967 1708 3039 ἀδιαίρετον
1739 2968 1834 3021 καὶ
1937 2958 2005 3013 τὰ
2028 2960 2085 3013 δὲ
2107 2960 2407 3031 πράγματα
2434 2958 2682 3012 πλεῖστον
2707 2958 2948 3030 ἀλλήλων
2975 2959 3263 3012 διεστᾶναι.
3295 2958 3343 3011 Ν
3351 2970 3504 3010 omn:

214 3049 630 3115 ἀδιάσπαστον,
655 3054 762 3105 καὶ
789 3054 1089 3126 ἀμέριστον
1117 3056 1256 3109 κατὰ
1281 3056 1479 3111 πάντα.
1502 3058 1827 3117 Nann.:Ad-

1939 3050 2050 3106 lino
2073 3067 2141 3106 ne
2167 3052 2252 3105 hic
2277 3050 2494 3120 quidem
2521 3051 2795 3121 quispiam
2822 3053 3149 3105 Arianorum
3183 3050 3321 3104 male
3348 3049 3415 3102 de
3437 3062 3504 3101 eo

225 3153 483 3197 versatur
527 3144 690 3199 enim
743 3146 875 3200 huic
898 3146 1142 3215 opinioni
1204 3162 1483 3202 sacrarum
1528 3148 1830 3204 litterarum
1864 3193 1904 3215 η
1940 3145 2143 3198 sentire
2174 3142 2352 3207 debet,
2381 3156 2501 3196 cum
2535 3143 2682 3207 dicit,
2715 3142 2789 3196 ita
2823 3159 2925 3196 una
2962 3157 3085 3197 cum
3114 3140 3273 3195 Patre
3303 3140 3498 3193 Filium

225 3234 582 3302 constitutio,
635 3250 768 3305 qua:
816 3237 1035 3292 Patrem
1074 3248 1129 3293 et
1176 3238 1372 3294 Filium
1419 3241 1742 3311 sapientem,
1783 3252 1836 3299 ei
1866 3233 1905 3250 ν
1938 3249 2079 3300 esse,
2108 3243 2165 3288 ut
2191 3234 2304 3304 ipsa
2338 3235 2580 3299 nomina,
2610 3248 2729 3302 qua:
2751 3249 2872 3287 cum
2904 3233 3133 3287 invicem
3164 3233 3496 3293 colnereant,

234 3323 591 3392 sapientiam,
619 3324 824 3392 Deum,
847 3336 903 3382 et
926 3324 1195 3393 Verbum;
1222 3328 1419 3398 ubique
1445 3337 1621 3383 tamen
1647 3346 1835 3400 quem-
1937 3341 1996 3382 re
2033 3336 2214 3383 tamen
2260 3327 2403 3382 inter
2439 3342 2500 3381 se
2532 3326 2819 3396 plurimum
2863 3326 3084 3381 distant.
3130 3321 3447 3377 Vertendum
3480 3337 3501 3375 :

232 3427 338 3479 que
368 3414 424 3467 in
465 3429 577 3469 sua
610 3426 819 3471 natura
872 3417 1281 3484 indivisibilem,
1328 3419 1834 3492 indiremptumque,
1934 3417 2012 3474 Ne
2041 3434 2173 3475 vero
2203 3418 2290 3473 hic
2318 3419 2481 3474 etiam
2506 3419 2776 3488 quispiam
2806 3419 3134 3473 Arianorum
3165 3415 3306 3470 male
3336 3415 3401 3469 de
3434 3429 3500 3468 eo

237 3514 296 3557 et
330 3507 740 3575 impartibilem
777 3523 876 3579 per
901 3508 1083 3563 omnia
1118 3512 1335 3580 agnovit
1373 3521 1426 3567 et
1456 3524 1658 3569 servat.
1702 3513 1833 3569 Ver-
1934 3512 2134 3567 sentiat
2186 3512 2259 3566 ita
2303 3512 2536 3575 dicente,
2587 3510 2753 3567 Filius
2800 3511 2948 3566 Patri
2991 3509 3308 3574 coexsistit;
3346 3504 3502 3577 quasi

240 3596 456 3652 tendunt
498 3613 521 3652 :
576 3598 756 3654 Sacra
802 3614 933 3655 vero
979 3599 1222 3656 doctrina
1255 3603 1473 3673 agnovit
1512 3604 1724 3661 Patrem
1778 3615 1836 3663 et
1933 3605 2064 3660 velit
2092 3606 2295 3669 dicere,
2328 3606 2546 3660 nomina
2580 3605 2797 3674 quidem
2828 3604 2970 3658 inter
3010 3617 3070 3658 se
3098 3602 3328 3657 invicem
3368 3614 3501 3655 con-

240 3685 457 3753 Filium,
504 3692 842 3759 sapientem,
886 3700 945 3746 et
995 3693 1341 3762 sapientiam,
1387 3695 1575 3763 Deum,
1599 3707 1648 3753 et
1700 3699 1837 3754 Ver-

242 3776 404 3845 bum;
442 3784 676 3838 omnino
707 3793 887 3840 tamen
911 3797 1095 3840 servat
1116 3793 1403 3858 utrumque
1428 3789 1829 3859 indivisibilem,

242 3869 635 3943 indiremptum
674 3883 736 3929 et
758 3875 1149 3945 impartibilem
1186 3893 1284 3948 per
1309 3881 1511 3934 omnia.

319 3980 339 4012 ι
370 3961 438 4016 1η
458 3967 651 4019 eadem
675 3966 915 4020 oratione
940 3966 1023 4037 (d)
1053 3983 1070 4023 :
1109 3969 1388 4041 Ἐπιφέρει
1406 3970 1557 4039 γοῦν·
1587 3973 1721 4028 Ἵνα
1746 3992 1835 4045 τι·

244 4051 511 4123 νώσκητε
560 4056 658 4111 ὅτι
701 4057 818 4127 ἐγὼ
852 4058 928 4112 ἐν
967 4058 1048 4124 τῷ
1091 4060 1294 4129 Πατρὶ,
1323 4063 1421 4116 καὶ
1449 4067 1481 4117 ὀ
1516 4064 1719 4133 Πατὴρ
1762 4067 1834 4119 ἐν

246 4144 391 4211 ἐμοί.
438 4149 514 4201 Τὸ
562 4149 680 4220 γὰρ
722 4149 783 4202 ἓν
830 4150 1283 4222 ὲπεξηγούμενος,
1328 4155 1428 4208 οὐκ
1478 4156 1535 4210 ὲν
1573 4157 1651 4228 τῷ
1685 4156 1832 4230 αὐτῷ

249 4232 379 4290 εἶναι
411 4241 593 4293 ἐκεῖνο
624 4242 767 4313 πρὸς
787 4241 816 4294 ὂ
848 4243 906 4295 ἓν
930 4247 1099 4310 ἐστιν,
1125 4246 1296 4299 εἰπεῖν
1315 4245 1450 4299 ἀλλὰ
1482 4249 1540 4302 ὲν
1562 4248 1641 4320 τῷ
1669 4250 1830 4303 αὑτὸν

247 4328 301 4378 ὲν
324 4330 399 4399 τῷ
428 4331 607 4401 Ilath
634 4334 731 4387 καὶ
755 4334 845 4387 τὸν
866 4334 1084 4408 Πατέρα
1103 4338 1160 4390 ὲν
1181 4336 1258 4408 τῷ
1277 4338 1389 4409 Υῐῷ
1410 4339 1509 4410 τὴν
1536 4340 1831 4411 συνὰφειαν

246 4419 337 4470 καὶ
364 4420 428 4472 τὸ
446 4421 783 4493 ἀχώριστον.
820 4423 1111 4481 Nannius:
1139 4426 1303 4481 Infert
1332 4443 1460 4499 ergo
1489 4448 1504 4484 :
1533 4427 1603 4484 Ut
1638 4448 1830 4501 cogno-

1930 3695 2117 3763 juncta
2163 3711 2305 3764 esse,
2338 3710 2425 3751 res
2468 3710 2596 3751 vero
2631 3695 2776 3766 ipsas
2812 3695 3105 3765 plurimum
3151 3693 3293 3747 inter
3326 3706 3385 3747 se
3412 3690 3497 3746 di-

1933 3797 2099 3843 stare.

2008 3894 2029 3928 t
2066 3874 2134 3930 In
2164 3872 2336 3930 libello
2370 3879 2433 3930 de
2462 3875 2725 3930 communi
2756 3875 2983 3929 essentia
3018 3872 3224 3939 Patris,
3257 3883 3303 3927 et
3344 3870 3498 3939 Filii,

1929 3977 1979 4022 et
2010 3967 2241 4035 Spiritus
2268 3968 2434 4021 sancti
2458 3967 2532 4038 (It)
2564 3984 2576 4021 :
2606 3965 2914 4037 Μαρτυρίαι
2941 3966 3007 4019 ἐκ
3033 3965 3132 4036 τῆς
3154 3964 3377 4037 Γραφῆς
3396 3963 3500 4034 τῆς

1928 4060 2071 4114 κατὰ
2095 4060 2257 4130 φύσιν
2282 4059 2561 4122 κοινωνίας
2584 4060 2647 4112 ἐκ
2668 4058 2761 4111 τοῦ
2790 4057 2989 4128 ὁμοίως
3014 4053 3150 4110 εἶναι
3166 4054 3257 4109 τὸν
3279 4055 3500 4127 Πατέρα

1929 4154 2024 4206 καὶ
2048 4153 2140 4207 τὸν
2174 4152 2298 4205 Υἱὸν
2326 4152 2420 4206 καὶ
2440 4150 2500 4204 τὸ
2524 4152 2675 4220 ἅγιον
2703 4149 2927 4222 Πνεῦμα
2953 4149 3087 4220 πρὸς
3114 4146 3342 4220 θεωρίαν
3374 4147 3501 4200 δυσ-

1930 4244 2147 4313 ἐφικτον
2184 4243 2276 4296 καὶ
2309 4241 2437 4314 μίαν
2472 4242 2615 4312 ἔχειν
2653 4241 2956 4312 ἐνέργειαν.
2996 4236 3242 4293 Nannius
3273 4253 3292 4290 :
3324 4236 3501 4290 Testi-

1929 4337 2108 4390 monia
2136 4350 2203 4390 ex
2227 4344 2414 4388 sancta
2449 4333 2733 4403 Scriptura
2764 4335 2830 4387 de
2854 4329 3085 4386 naturali
3117 4328 3499 4386 communione

1929 4426 2120 4480 similis
2169 4440 2289 4481 esse
2342 4425 2485 4480 inter
2536 4423 2749 4478 Patrem
2792 4432 2848 4477 et
2889 4421 3082 4477 Filium
3129 4430 3182 4475 et
3236 4418 3496 4490 Spiritum

245 4517 398 4568 sentis
436 4518 578 4585 quod
619 4533 718 4586 ego
766 4517 826 4571 in
868 4514 1033 4572 Patre
1060 4528 1108 4571 et
1152 4518 1317 4574 Pater
1353 4522 1408 4575 in
1440 4521 1557 4587 me;
1587 4524 1718 4593 quid
1749 4525 1829 4585 sit
1860 4538 1903 4594 ι)
1932 4528 2202 4573 sanctum.
2261 4516 2575 4573 Vertendum
2603 4531 2623 4571 .'
2668 4515 3005 4571 Testimonia
3033 4530 3099 4568 ex
3130 4522 3316 4567 sancta
3346 4510 3496 4565 Scri-

245 4620 408 4660 unum
448 4624 571 4664 esse
610 4611 1004 4680 interpretans,
1039 4625 1143 4665 non
1194 4610 1245 4665 in
1280 4626 1345 4667 eo
1383 4613 1684 4669 consistere
1731 4629 1829 4669 vo-

248 4688 366 4762 luit,
395 4702 543 4770 quasi
579 4702 636 4756 in
664 4702 859 4757 eodem
898 4702 971 4756 sit
1007 4701 1157 4768 illud,
1197 4704 1337 4774 quod
1375 4719 1496 4759 cum
1528 4705 1707 4760 altero
1740 4715 1827 4761 est

247 4801 427 4857 unum,
456 4793 551 4848 sed
576 4793 729 4863 quod
760 4792 951 4862 ipsein
976 4791 1137 4848 Patre
1162 4803 1214 4849 et
1243 4793 1405 4850 Pater
1430 4795 1483 4848 in
1514 4795 1629 4864 ipso
1652 4806 1820 4862 esset,

248 4884 661 4949 mutilationem,
722 4882 1355 4954 inseparabilitatemque
1414 4886 1813 4943 demonstrans.

256 4965 556 5029 Vertendum
594 4990 612 5030 ς
652 4976 833 5031 Infert
868 4975 1056 5045 igitur,
1088 4974 1157 5029 Ut
1192 4979 1518 5048 cognoscatis
1546 4978 1684 5047 quod
1729 4994 1819 5047 ego

244 5059 292 5111 in
325 5062 495 5134 Patre,
527 5079 578 5122 et
610 5066 788 5122 Pater
816 5068 872 5120 in
909 5083 1029 5133 me;
1073 5068 1201 5136 quid
1240 5069 1383 5123 enim
1415 5068 1486 5123 sit
1509 5085 1672 5123 unum
1701 5084 1820 5124 esse

243 5154 519 5224 explicans,
549 5175 663 5213 non
708 5158 765 5212 in
796 5170 865 5212 eo
891 5158 1191 5213 consistere
1224 5159 1413 5225 voluit,
1449 5169 1509 5214 ut
1540 5160 1653 5230 ipse
1676 5160 1817 5216 idem

236 5243 327 5311 sit,
360 5252 447 5318 qui
486 5250 579 5305 ille
617 5250 695 5304 ad
730 5262 907 5318 quem
940 5245 1193 5316 refertur,
1224 5248 1323 5304 sed
1357 5248 1816 5318 conjunctionem,

226 5334 873 5409 inseparabilitatemque
922 5338 1232 5403 signiﬁcare
1278 5340 1376 5410 ait,
1421 5356 1485 5398 eo
1521 5343 1664 5413 quod
1705 5343 1818 5410 ipse

215 5428 263 5482 in
294 5429 469 5501 Patre,
502 5445 559 5491 et
595 5433 779 5489 Pater
813 5429 866 5482 in
898 5426 1035 5481 Filio
1064 5430 1155 5484 sit.

265 5548 344 5616 (τι)
383 5549 443 5604 Τ.
477 5550 501 5605 I
539 5549 734 5616 [nunc
775 5552 821 5597 ι.
847 5541 942 5614 ll],
969 5557 1024 5613 p.
1060 5541 1182 5600 608.

262 5615 338 5688 (ὸ)
400 5615 643 5690 ΙΜάῘρ.
681 5615 832 5690 49).

254 5687 325 5761 (ε)
383 5694 526 5747 uua.
566 5687 631 5761 β.
661 5687 811 5761 4,2!-

249 5755 326 5834 (α)
388 5763 533 5817 Ibid.
566 5755 632 5828 'p.
664 5755 817 5834 £99-

244 5825 318 5905 (ε)
382 5834 534 5891 Ibid.
669 5825 822 5883 73‘2-

539 5549 759 5623 [ηιιιιςὶ⁸
775 5552 821 5623 l_-
847 5539 942 5614 1η,

1932 4620 2091 4679 ptura
2122 4610 2189 4663 de
2226 4609 2459 4664 naturali
2497 4607 2874 4662 communione
2914 4620 2982 4659 ex
3024 4619 3109 4668 eo,
3140 4602 3281 4671 quod
3317 4600 3496 4654 Patris

1929 4712 1985 4756 et
2020 4700 2141 4754 Filii
2176 4707 2231 4753 et
2265 4697 2501 4769 Spiritus
2524 4697 2696 4753 sancti
2726 4696 2840 4765 pari
2873 4695 3081 4748 ratione
3115 4690 3346 4747 diﬂicilis
3367 4704 3497 4745 con-

1931 4791 2227 4859 templatio,
2268 4800 2321 4844 et
2352 4803 2457 4844 una
2496 4792 2567 4843 sit
2593 4786 2855 4857 operatio.
2962 4842 2978 4866 ‘

2004 4900 2024 4933 ‹
2060 4881 2124 4935 In
2185 4882 2421 4936 oratione
2452 4881 2487 4934 4
2528 4888 2713 4933 contra
2759 4879 2990 4934 Arianos
3018 4876 3121 4948 (i):
3166 4877 3232 4930 Ei
3275 4873 3385 4946 γὰρ
3423 4872 3496 4927 τὰ

1924 4974 2017 5028 τοῦ
2035 4974 2245 5046 Πατρὸς
2266 4973 2358 5028 τοῦ
2387 4974 2513 5028 Υἱοῦ
2536 4977 2702 5041 ἐστιν,
2724 4972 2809 5027 ἀεὶ
2826 4972 2882 5026 δὲ
2903 4971 3077 5026 ταῦτα
3097 4970 3208 5041 ἔχει
3230 4971 3258 5022 6
3283 4969 3432 5039 Πατή
3442 4984 3491 5038 ρ·

1914 5066 2153 5139 δηλονότι
2195 5067 2230 5121 ἃ
2270 5067 2381 5137 ἔχει
2411 5067 2439 5119 6
2472 5067 2601 5129 Υἱὸς
2639 5066 2813 5121 ταῦτα
2847 5066 2975 5120 ὄντα
3000 5062 3092 5117 τοῦ
3131 5062 3363 5133 Πατρὸς,
3410 5059 3499 5114 ἀεὶ

1914 5160 2060 5211 ἐστὶν
2085 5160 2141 5212 ὲν
2164 5158 2331 5229 αὐτῷ,
2357 5158 2417 5211 οὐ
2441 5158 2527 5211 διὰ
2547 5158 2608 5210 τὸ
2637 5158 2710 5231 μὴ
2735 5158 3025 5228 ἐσχηκέναι
3050 5149 3143 5209 οὖν
3169 5169 3299 5206 ποτε
3321 5149 3492 5206 ταῦτα

1914 5250 2115 5318 ἔλεγεν,
2144 5250 2257 5303 ἀλλ’
2293 5251 2372 5301 ὅτι
2410 5250 2548 5320 ἔχων
2584 5251 2773 5313 ἁῖδίως
2797 5251 2825 5301 6
2858 5250 2982 5314 Υἱὸς
3018 5249 3053 5303 ἃ
3080 5248 3190 5318 ἔχει
3218 5245 3367 5316 παρὰ
3399 5240 3495 5294 τοῦ

1913 5343 2125 5413 Πατρὸς
2146 5342 2278 5411 ἔχει.
2313 5340 2559 5395 Nannius
2590 5356 2608 5394 :
2642 5342 2698 5395 Si
2730 5342 2872 5395 enim
2903 5356 3023 5410 qua:
3062 5337 3241 5392 Patris
3268 5343 3393 5389 sunt
3418 5331 3486 5386 ad

1912 5431 2107 5487 Filium
2143 5435 2432 5503 pertinent,
2476 5443 2531 5487 et
2578 5448 2793 5502 semper
2840 5433 2929 5488 illa
2967 5433 3126 5487 Pater
3158 5427 3338 5492 habet,
3366 5437 3488 5479 cer-

2013 5548 2055 5619 Ῑ)
2183 5547 2223 5622 ll
2260 5549 2426 5622 [nunc
2453 5559 2490 5603 t.
2520 5549 2640 5622 lli],
2673 5549 2840 5622 p._

2014 5622 2065 5689 g)
2098 5621 2160 5693 Ἰξ.
2196 5621 2214 5693 l
2250 5618 2417 5693 [nunc
2439 5630 2477 5676 t.
2512 5618 2684 5693 ll],'_p.
2714 5620 2840 5693 20:3.

1994 5677 2071 5762 (γε)
2104 5691 2168 5762 Ῑ.
2203 5677 2441 5762 u‘[nunc
2468 5699 2505 5746 t.
2535 5677 2654 5762 fit]:
2687 5689 2822 5762 με.

1998 5754 2061 5833 (ξ)
2101 5760 2162 5815 Τ.
2201 5761 2221 5815 ι
2268 5754 2433 5834 [nunc
2460 5771 2498 5816 t.
2532 5754 2632 5831 ll];
2655 5754 2706 5829 p'.
2740 5757 2863 5814 464.
2890 5755 3077 5813 Graeca
3114 5754 3303 5811 vitiata
3345 5758 3503 5810 sunt.
