3998 6508
524 366 596 407 n
1883 341 2415 400 PROLEGOMENA.

528 476 641 520 tum
669 474 746 519 est
775 462 967 517 Filium
996 476 1211 532 semper
1239 460 1443 516 habere
1468 462 1530 516 ea
1571 475 1691 531 quas
1721 469 1848 516 sunt
1878 460 2095 525 Patris;
2129 465 2173 520 Α
2201 468 2378 512 tamen
2406 458 2645 527 ipsorum
2677 456 2837 509 verba
2870 463 3014 509 sunt.
3057 450 3370 506 Verlendum
3408 458 3585 503 autem
3624 446 3768 515 :Qui

530 556 727 627 quippe
746 555 836 624 qui
855 569 1067 622 semper
1091 553 1142 607 in
1167 568 1231 608 eo
1259 554 1349 608 sit.
1382 552 1650 620 Quocirca
1677 568 1783 607 non
1813 553 1933 607 ideo
1956 554 2097 621 quod

532 648 819 716 aliquando
850 662 953 700 non
997 645 1250 700 habuerit
1278 645 1580 700 istiusmodi
1616 645 1829 700 locutus
1858 653 1962 707 est,
2006 643 2099 697 sed

532 753 649 807 qua:
676 737 913 804 possidet
938 743 995 789 ut
1029 734 1189 800 Deus,
1219 750 1280 788 ea
1310 736 1547 805 postulat
1575 744 1633 788 ut
1658 735 1846 788 Filius.
1882 732 2102 787 Verten-

533 831 655 883 dum
696 829 1001 895 :Qnocirca
1048 842 1151 881 non
1195 827 1317 882 ideo
1356 828 1499 896 quod
1543 825 1834 895 aliquando
1868 840 1974 879 non
2008 825 2105 877 ha-

533 920 709 976 buerit
736 921 1038 975 istiusmodi
1067 920 1280 976 locutus
1321 929 1423 980 est.
1455 920 1549 973 sed
1581 918 1707 988 quia
1735 918 1943 973 habens
1983 932 2105 987 per-

537 1021 700 1081 petuo
731 1010 900 1064 Filius
924 1026 1044 1081 qua:
1071 1011 1254 1077 habet,
1281 1024 1342 1064 ea
1371 1025 1398 1061 a
1426 1009 1587 1063 Patre
1617 1009 1796 1063 habet.

610 1118 629 1151 ι
668 1100 732 1153 Et
757 1101 986 1154 secunda
1018 1100 1256 1155 oratione
1279 1108 1459 1152 contra
1491 1098 1714 1151 Arianos
1734 1096 1809 1168 (α)
1839 1116 1850 1150 :
1881 1096 1990 1151 Καὶ
2014 1113 2109 1166 φα-

535 1192 687 1263 νερὸν
710 1194 773 1245 ὲκ
798 1191 985 1245 τούτου
1011 1191 1304 1255 δείκνυται,
1333 1190 1413 1243 ὅτι
1436 1190 1594 1252 αὐτὸς
1618 1189 1716 1260 μὲν
1746 1192 1775 1242 ό
1803 1190 1930 1253 Υἱὸς
1959 1189 2106 1242 οὐδε-

536 1283 623 1345 νὸς
658 1283 891 1353 μετέχει,
920 1283 981 1335 τὸ
1012 1282 1069 1335 δὲ
1102 1284 1167 1334 ὲκ
1193 1280 1287 1334 τοῦ
1314 1281 1525 1351 Πατρὸς
1568 1279 1924 1351 μετεχόμενον
1953 1276 2108 1331 τοῦτό

537 1375 682 1427 ἐστιν
714 1377 742 1427 ό
770 1375 918 1438 Υἱός.
954 1374 1202 1428 Nannius
1224 1389 1244 1427 :
1280 1373 1457 1442 Atque
1488 1374 1609 1427 inde
1644 1372 1853 1426 clarum
1893 1386 1956 1424 ac
1996 1372 2109 1425 cvi-

536 1464 668 1517 dens
697 1461 855 1517 fuerit
884 1461 1079 1516 Filium
1104 1462 1306 1516 nullius
1332 1462 1406 1516 rei
1440 1472 1736 1526 extraneze,
1768 1461 2104 1529 diversaeque

2206 550 2331 604 talia
2392 549 2723 604 contentiose
2781 547 2967 611 aiunt,
3001 556 3234 601 mentem
3289 558 3443 599 suam
3497 558 3767 611 aperiunt,

2204 643 2346 713 quod
2372 642 2503 696 duas
2530 641 2579 694 in
2603 640 2821 695 Christo
2850 640 3164 710 hypostases
3209 649 3330 691 esse
3352 634 3548 699 velint;
3581 643 3637 686 et
3672 646 3769 686 co-

2209 743 2403 787 nantur
2430 731 2784 800 undecunque
2825 745 2890 784 eo
2925 744 3020 783 nos
3048 728 3332 796 redigere,
3383 733 3443 779 ut
3481 739 3650 778 unum
3704 738 3769 778 ex

2209 826 2361 880 hisce
2408 822 2654 876 absurdis
2698 821 3077 883 concedamus,
3118 820 3203 873 vel
3232 832 3429 886 corpus
3473 830 3593 871 esse
3644 815 3771 884 quid

2210 917 2495 972 absolvens
2519 924 2573 970 et
2620 926 2996 970 consummans
3023 925 3304 981 personam
3334 908 3517 971 Verbi,
3545 905 3626 960 vel
3653 922 3774 961 esse

2212 1008 2324 1060 Deo
2345 1002 2827 1069 consubstantiale,
2871 1010 2965 1055 aut
2992 1008 3138 1055 certe
3179 1007 3460 1052 externum
3504 996 3637 1066 quid
3683 1006 3776 1050 aut

2211 1096 2443 1151 alienum
2470 1096 2688 1150 omnino
2712 1109 2742 1147 a
2770 1091 3069 1147 substantia
3093 1088 3214 1144 Filii
3241 1088 3414 1155 :quod
3450 1088 3548 1158 ipsi
3582 1101 3776 1142 conce-

2212 1190 2347 1244 dunt
2378 1198 2432 1242 et
2455 1194 2537 1241 est
2562 1185 2771 1240 illorum
2798 1184 3081 1239 sententia.

2288 1296 2308 1331 ι
2338 1277 2536 1333 Ibidem
2564 1274 2783 1338 ευὺδεὶς
2811 1274 2919 1346 γὰρ
2947 1273 3053 1327 τῶν
3082 1270 3502 1345 εύςρρονούντων,
3528 1268 3561 1338 ἢ
3590 1268 3777 1337 νήφειν
3856 1254 3861 1262 ’

2210 1371 2349 1434 ὅλως
2369 1371 2462 1424 καὶ
2493 1372 2630 1423 νοεῖν
2663 1368 2954 1438 δυνάμενος
2999 1367 3140 1420 εἴποι
3163 1366 3227 1420 ἂν
3256 1365 3335 1418 ὅτι
3357 1362 3542 1434 ὥσπερ
3565 1363 3592 1413 ὁ
3612 1361 3779 1428 Λόγος

2214 1462 2412 1525 τέλειος
2441 1460 2514 1514 ὢν
2529 1461 2623 1515 καὶ
2645 1460 3003 1523 ὲνυπόστατος
3021 1459 3081 1512 οὐ
3107 1456 3417 1529 προσεδεῖτο
3444 1453 3663 1524 σαρκὸς,
3694 1452 3780 1507 ἴνα

538 1568 566 1606 a
599 1551 761 1605 Patre
787 1553 1111 1621 participatu
1137 1551 1303 1605 imbui
1333 1566 1397 1607 ac
1424 1553 1577 1621 tingi,
1601 1552 1694 1605 sed
1719 1550 1945 1619 idipsum
1969 1551 2110 1619 quod

2220 1548 2345 1611 Θεὸς
2371 1548 2570 1611 τέλειος
2598 1548 2843 1618 γένηται,
2869 1546 3043 1610 οὕτως
3078 1545 3277 1600 οὐδὲτὸ
3302 1543 3460 1614 σῶμα
3484 1541 3577 1595 τοῦ
3607 1541 3777 1609 Λόγου

536 1659 600 1697 es
633 1644 952 1714 participatu
973 1643 1150 1699 Patris
1168 1643 1389 1698 exsistit
1406 1643 1598 1697 Filium
1623 1657 1766 1698 esse.
1795 1640 2110 1696 Vertendum

2220 1639 2464 1710 ἔχρηξεν,
2497 1639 2583 1692 ἵνα
2612 1638 2818 1701 τέλειος
2859 1638 2955 1691 καὶ⁸
2988 1638 3348 1700 ὲνυπόστατος
3385 1634 3667 1706 ἄνθρωπος
3692 1630 3781 1700 γέ.

538 1746 710 1787 autem
733 1749 751 1786 :
786 1734 919 1788 lluic
946 1749 1103 1803 porro
1128 1733 1334 1788 clarum
1368 1749 1430 1787 ac
1460 1734 1681 1788 evidens
1718 1732 1901 1799 fuerit,
1936 1733 2107 1803 ipsum
2217 1749 2394 1802 νηται.
2434 1731 2679 1785 Nannius
2710 1745 2729 1784 :
2774 1729 2962 1786 Nullus
2990 1729 3133 1787 enim
3165 1744 3351 1785 eorum
3379 1728 3472 1797 qui
3503 1736 3651 1781 recte
3696 1741 3780 1780 sa-

540 1826 756 1893 quidcm
780 1824 973 1879 Filium
999 1826 1199 1879 nullam
1228 1841 1342 1881 rem
1368 1826 1729 1898 participare;
1757 1826 1903 1897 quod
1930 1835 2110 1881 autem
2144 1836 2184 1891 B
2212 1825 2389 1892 piunt,
2429 1834 2522 1877 aut
2544 1824 2792 1893 quisquis
2819 1824 3033 1879 sobrius
3057 1831 3161 1890 est,
3204 1832 3303 1877 aut
3334 1830 3514 1878 urente
3550 1836 3657 1875 non
3686 1818 3780 1872 de-

540 1931 604 1970 ει
642 1916 799 1972 Patre
832 1918 1211 1987 participatur,
1249 1920 1300 1973 id
1324 1933 1441 1973 esse
1466 1918 1685 1974 Filium.
2213 1914 2476 1979 stituitur,
2504 1916 2570 1970 de
2593 1930 2657 1970 ea
2691 1914 2964 1970 redubius
2988 1929 3110 1970 esse
3154 1923 3363 1984 potest,
3415 1914 3557 1982 quod
3591 1924 3781 1980 quem.

617 2031 636 2065 ι
676 2012 742 2065 In
775 2013 1009 2066 oratione
1031 2022 1222 2083 quarta
1251 2022 1433 2066 contra
1464 2012 1690 2068 Arianos
1721 2012 1795 2081 (b)
1832 2029 1847 2068 :
1894 2011 1981 2075 Ὠς
2006 2011 2113 2085 γὰρ
2213 2005 2502 2060 admodum
2535 2004 2773 2061 Verbum
2827 2006 3124 2075 perlectum
3156 2014 3242 2061 est
3288 2012 3343 2060 et
3382 2018 3480 2060 sua
3508 2002 3779 2073 hypostasi

540 2104 799 2175 extimo;
852 2104 1214 2175 ἐνδυσάμενος
1255 2104 1318 2158 τὸ
1368 2102 1525 2175 σῶμα
1558 2104 1778 2174 γέγονεν
1812 2104 2112 2174 ἄνθρωπος,

2220 2100 2543 2167 absolutum,
2577 2100 2889 2171 neutiquam
2914 2116 3048 2170 opus
3103 2102 3291 2157 habuit
3319 2115 3504 2167 carne,
3556 2110 3614 2154 ut
3645 2101 3783 2155 Deus

541 2196 714 2261 οὕτως
731 2199 890 2268 ἡμεῖς
909 2198 956 2249 οἱ
984 2197 1259 2269 ἄνθρωποι
1286 2197 1437 2269 παρὰ
1461 2196 1551 2251 τοῦ
1579 2198 1751 2266 Λόγου
1774 2196 2116 2268 θεοποιούμε-

2220 2190 2487 2261 perfectus
2526 2199 2704 2256 esset;
2748 2192 2825 2246 ita
2867 2207 3042 2262 neque
3079 2207 3274 2262 corpus
3326 2191 3506 2247 Verbo
3535 2192 3783 2260 indiguit,

544 2286 612 2342 ϐα
640 2288 1076 2359 προσληφθέντες
1105 2288 1192 2340 διὰ
1220 2288 1319 2358 τῆς
1368 2288 1569 2359 σαρκὸς
1606 2286 1793 2341 αὐτοῦ.
1827 2285 2069 2343 Nannius
2093 2301 2113 2341 :

2220 2293 2297 2343 ut,
2326 2283 2592 2353 integrum
2626 2298 2729 2354 pro
2758 2298 2853 2338 sua
2902 2284 3180 2355 hypostasi
3219 2285 3393 2339 ﬁeret.
3458 2282 3783 2337 Vertendum

546 2380 618 2436 Ut
664 2380 806 2434 enim
839 2380 1098 2434 Dominus
1132 2380 1316 2434 induto
1354 2394 1580 2447 corpore
1612 2379 1786 2434 factus
1819 2388 1902 2434 est
1933 2380 2113 2449 homo,
2216 2388 2392 2433 autem
2416 2388 2491 2433 est
2514 2395 2533 2432 :
2564 2377 2752 2433 Nullus
2769 2378 2911 2432 enim
2942 2380 3035 2449 qui
3074 2380 3269 2449 sapiat,
3299 2388 3392 2432 aut
3424 2393 3568 2431 sana:
3589 2377 3787 2431 mentis

546 2474 621 2527 ita
646 2483 701 2526 et
726 2486 823 2526 nos
848 2473 1091 2526 homines
1114 2486 1179 2525 ex
1211 2468 1384 2525 Verbo
1414 2471 1509 2525 Dei
1528 2471 1861 2537 deiﬁcamur,
1894 2485 1958 2526 eo
1975 2472 2116 2540 quod
2219 2470 2403 2536 homo,
2431 2478 2487 2525 et
2510 2472 2602 2541 qui
2620 2471 2830 2525 ratione
2862 2471 2936 2526 uti
2960 2472 3147 2541 possit,
3167 2470 3393 2536 dixerit;
3423 2469 3585 2539 quod,
3608 2485 3790 2539 quem-

548 2563 678 2618 illud
706 2571 979 2632 receptmn
1017 2562 1091 2617 sit
1124 2563 1181 2615 in
1226 2576 1411 2617 carne.
1446 2560 1765 2617 Vertendum
1797 2571 2019 2618 autem:
2051 2562 2120 2617 Ut
2215 2562 2501 2617 admodum
2551 2562 2807 2628 Verbum,
2829 2578 2953 2618 cum
2987 2562 3277 2632 perfectum
3306 2572 3451 2617 esset
3476 2571 3531 2616 et
3559 2577 3654 2615 sua
3689 2562 3790 2631 hy-

546 2655 691 2710 enim
725 2655 869 2709 Deus
911 2653 1095 2708 induto
1139 2667 1370 2723 corpore
1395 2652 1573 2709 factus
1606 2664 1692 2710 est
1714 2656 1896 2721 homo,
1918 2656 1989 2711 lta
2021 2672 2119 2713 nos
2221 2655 2418 2723 postasi
2447 2654 2769 2719 subsistens,
2806 2669 2909 2709 non
2950 2654 3219 2726 indigebat
3262 2668 3524 2723 corpore,
3556 2662 3615 2705 ut
3648 2652 3791 2705 Deus

548 2748 798 2802 homines
830 2761 861 2800 a
891 2744 1069 2801 Verbo
1120 2745 1437 2803 deiﬁcamur
1477 2748 1740 2819 assumpti
1772 2762 1875 2818 per
1898 2764 2117 2805 carnem

548 2835 738 2893 iusius.

605 2851 738 2891 stus.

569 2850 602 2905 Ρ
625 2945 646 2979 ι
689 2925 757 2981 In
782 2928 962 2982 eadem
991 2929 1228 2984 oratione
1258 2929 1328 3002 (c)
1369 2951 1381 2985 :
1411 2929 1476 2983 Ei
1496 2928 1604 3002 γὰρ
1634 2930 1771 2985 καὶὸ
1793 2930 2119 3003 Λόγοςησὰρξ

547 3017 789 3087 ἐγένετο,
815 3019 953 3074 ἀλλὰ
975 3020 1073 3092 τῆς
1092 3020 1294 3094 σαρκὸς
1318 3022 1426 3075 τδια
1451 3022 1521 3077 τὰ
1548 3022 1835 3094 πάθη.Καὶ
1860 3025 1909 3076 εἰ
1928 3025 1962 3093 ή
1988 3022 2119 3094 σὰρξ

549 3106 887 3180 θεοφορείται
928 3111 983 3164 ὲν
1005 3110 1084 3182 τῷ
1112 3112 1289 3183 Λόγῳ,
1320 3111 1432 3166 ἀλλ’
1456 3114 1489 3184 ἡ
1525 3112 1683 3185 χάρις
1723 3113 1816 3167 καὶ⁵
1838 3114 1871 3184 ἡ
1896 3113 2121 3185 δύναμίς

549 3200 669 3255 ἐστι
699 3202 791 3257 τοῦ
821 3202 1015 3273 Λόγου.
1046 3202 1294 3259 Nannius
1315 3218 1334 3257 :
1364 3203 1422 3260 Si
1452 3206 1594 3261 enim
1630 3205 1860 3261 Verbum
1895 3219 2021 3261 caro
2038 3206 2122 3261 fa-

2221 2746 2501 2801 absolutus
2518 2746 2862 2814 efﬁceretur;
2894 2747 2964 2800 ita
2997 2760 3170 2815 neque
3209 2760 3403 2815 corpus
3426 2743 3604 2798 Verbo
3640 2742 3790 2796 indi-

2220 2837 2398 2908 gebat,
2429 2847 2487 2893 ut
2512 2838 2779 2907 perfectus
2808 2838 3179 2893 etsubsistens
3201 2837 3363 2891 homo
3398 2835 3571 2889 ﬁeret.

2296 2947 2316 2980 ι
2345 2927 2411 2984 In
2437 2930 2670 2984 aratione
2690 2929 2769 2984 De
2796 2930 3018 2983 salutari
3040 2928 3270 2983 adventu
3294 2925 3424 2980 Iesu
3453 2923 3648 2978 Christi
3680 2922 3751 2993 (e)
3774 2941 3787 2975 :

2222 3021 2347 3085 Πῶς
2368 3016 2457 3075 οὖν
2476 3020 2701 3092 ἴσχυσαν
2726 3023 2775 3075 οἱ
2820 3020 3061 3073 Ἰουδαῖοι
3083 3018 3241 3072 λῦσαι
3272 3017 3397 3072 ναὸν
3419 3014 3551 3069 Θεοῦ
3581 3015 3677 3067 καὶ
3690 3016 3790 3085 τὴν

2223 3112 2413 3168 ἄλυτον
2446 3112 2745 3184 σύγκρασιν
2778 3111 2879 3180 τῆς
2924 3110 3123 3181 σαρκὸς
3162 3109 3298 3180 πρὸς
3332 3107 3421 3160 τὸν
3445 3106 3616 3174 Λόγον
3638 3124 3792 3175 γενο-

2226 3205 2391 3277 μένην
2428 3203 2682 3274 χωρξσαι,
2716 3203 2830 3269 εῐγε
2861 3200 2983 3253 καθ’
3017 3200 3161 3269 ὑμᾶς
3188 3198 3311 3268 ἔσχε
3340 3197 3526 3250 τοῦτον
3552 3198 3642 3251 τὸν
3667 3198 3792 3269 τρό-

552 3302 700 3349 ctum
728 3305 831 3361 est,
859 3311 987 3364 ergo
1015 3296 1167 3351 carni
1211 3306 1266 3352 et
1293 3312 1389 3352 sua
1436 3296 1691 3367 qualitas,
1719 3298 2049 3367 diversaeque
2092 3313 2116 3351 ε

2223 3313 2324 3350 πον
2348 3298 2381 3366 ἡ
2414 3293 2509 3347 τοῦ
2559 3291 2807 3362 σώματος
2838 3288 3130 3359 νέκρωσις;
3173 3286 3417 3342 Nannius
3445 3302 3465 3342 :
3510 3287 3789 3355 Quomodo

554 3380 732 3438 Verbo
779 3384 1088 3439 ali‘ectiones
1137 3395 1283 3439 sunt.
1342 3384 1600 3450 Rursum,
1626 3387 1668 3439 si
1707 3401 1835 3441 caro
1864 3388 1917 3440 in
1948 3386 2124 3441 Verbo
2223 3386 2386 3455 igitur
2410 3392 2638 3454 possunt
2661 3380 2831 3437 Judaei
2865 3381 3081 3436 solvere
3110 3381 3370 3450 templum
3402 3381 3593 3448 Dei,et
3622 3381 3789 3435 indis-

556 3477 720 3530 Deum
764 3484 955 3545 gestat,
1006 3476 1236 3546 gratiam
1272 3477 1396 3532 inde
1428 3478 1821 3547 commodaque
1865 3478 2120 3547 percipit.

564 3565 881 3622 Vertendum
918 3578 1090 3622 autem
1120 3582 1141 3623 :
1172 3568 1285 3623 Etsi
1330 3570 1475 3623 enim
1508 3569 1738 3625 Verbum
1766 3584 1892 3623 caro
1925 3568 2122 3623 factum

554 3669 658 3724 est,
685 3661 962 3730 passiones
990 3669 1171 3715 tamen
1192 3661 1422 3730 propriae
1446 3670 1572 3715 sunt
1602 3662 1801 3715 carnis.
1829 3660 2057 3727 Rursus,
2078 3660 2124 3715 si

2218 3476 2446 3532 solubile
2474 3482 2954 3544 temperamentum
2984 3473 3165 3528 carnis
3190 3488 3312 3528 cum
3347 3472 3522 3528 Verbo
3548 3472 3787 3541 dissepa-

2223 3584 2366 3632 rare,
2390 3568 2493 3622 nisi
2521 3567 2697 3623 instar
2724 3567 2918 3632 nostri,
2953 3580 3161 3636 proque
3205 3575 3393 3621 nostra
3426 3567 3636 3621 ratione
3667 3580 3787 3621 sese

2222 3662 2497 3717 habuisset
2534 3659 2778 3729 corporis
2821 3658 3209 3715 mortiﬁcatio?
3268 3656 3583 3712 Vertendum
3611 3668 3785 3713 autem

558 3765 687 3805 caro
712 3764 740 3805 a
775 3750 886 3808 Deo
915 3753 1227 3825 gestaturin
1260 3751 1457 3818 Verbo,
1488 3752 1657 3822 gratia
1682 3761 1860 3807 tamen
1889 3756 2126 3809 etvirtus
2223 3762 2340 3808 est:
2362 3752 2640 3819 Quomodo
2672 3749 2837 3820 igitur
2870 3748 3355 3819 potueruntJudrei
3403 3749 3612 3804 solvere
3651 3757 3788 3804 tem-

556 3841 716 3903 Verbi
754 3852 857 3899 est.

631 3951 650 3985 ι
678 3933 742 3987 In
763 3935 1016 3998 oratione,
1055 3953 1074 3987 ι
1123 3933 1273 4000 Quod
1305 3950 1441 3987 unus
1475 3936 1539 3988 sit
1580 3932 1817 3989 Christus
1843 3934 1919 4005 (ά)
1953 3949 1969 3989 :
2004 3954 2024 3987 ι
2060 3935 2125 3990 Οῑ

553 4022 726 4077 ταῦτα
748 4024 1181 4097 κατηγοροῦντες
1227 4024 1326 4095 τὴν
1364 4025 1573 4079 ἑαυτῶν
1618 4024 1844 4097 γνώμην
1886 4027 2124 4099 φανερὰν

554 4114 904 4184 καθιστῶσιν,
922 4119 1002 4170 ὃτι.
1028 4117 1118 4170 δύο
1134 4117 1455 4179 ὑποστάσεις
1482 4116 1576 4171 τοῦ
1610 4117 1812 4190 Κυρίου
1841 4118 1995 4189 ἡμῶν
2019 4121 2124 4191 Ἰη-

557 4204 651 4257 σοῦ
686 4204 943 4275 Χριστοῦ,
976 4206 1072 4258 καὶ
1121 4207 1267 4276 ἡμᾶς
1297 4206 1687 4276 συκοφαντοῦσι
1726 4207 1817 4260 καὶ
1848 4207 2123 4279 πείρονται

556 4296 673 4365 ἅμα
699 4296 1031 4366 πανταχόθεν
1085 4298 1164 4360 εἰς
1197 4296 1255 4350 ἓν
1293 4297 1399 4350 τῶν
1428 4296 1645 4351 ἀτόπων
1691 4297 1973 4367 περιάγειν
2000 4300 2123 4363 τοὺς

553 4386 851 4456 ἡμετέρους
879 4387 1065 4455 λόγους
1086 4387 1536 4460 συμπληρωτικὸν
1573 4390 1744 4443 εἰπεῖν
1768 4389 1865 4459 τῆς
1891 4390 2124 4444 ὑποστά-

555 4492 692 4538 σεως
728 4476 821 4529 τοῦ
843 4478 1013 4545 Λόγου
1034 4479 1094 4531 τὸ
1117 4478 1294 4550 σῶμα,
1326 4479 1673 4552 ἢόμοούσιον
1698 4479 1776 4551 τῷ
1814 4480 1950 4552 Θεῷ,
1979 4481 2012 4553 ἢ
2037 4478 2122 4545 ξέ-

2224 3842 2371 3913 plum
2406 3842 2498 3897 Dei
2532 3850 2595 3908 et,
2627 3839 3053 3896 indissolubilem
3088 3838 3271 3894 carnis
3300 3852 3422 3893 cum
3458 3836 3635 3893 Verbo
3658 3851 3787 3891 con-

2217 3934 2554 4004 junctionem
2609 3934 2923 4000 dissolvere,
2959 3933 3003 3988 si
3060 3947 3208 3987 mors
3246 3930 3490 4001 corporis
3518 3945 3583 3986 eo
3624 3930 3787 3985 modo

2220 4027 2364 4083 facta
2392 4036 2476 4083 est
2504 4042 2609 4097 quo
2636 4042 2734 4083 vos
2758 4028 2956 4096 dicitis,
2977 4026 3226 4081 nimirum
3254 4039 3352 4096 per
3387 4022 3784 4093 separationem

2220 4122 2439 4177 deitatis
2475 4138 2504 4175 a
2530 4121 2795 4190 corpore?

2294 4228 2313 4261 ι
2350 4210 2418 4265 In
2464 4212 2702 4265 oratione
2756 4211 2835 4265 De
2858 4210 3241 4275 incarnatione,
3288 4218 3469 4263 contra
3498 4204 3786 4273 Apollina-

2220 4304 2355 4356 rium
2383 4303 2448 4373 (f)
2483 4321 2496 4357 :
2519 4303 2630 4356 Καὶ
2657 4303 2741 4367 τίς
2774 4305 2805 4377 ή
2832 4307 2889 4358 ὲν
2913 4302 3122 4366 τούτοις
3149 4300 3457 4373 εὐεργεσία,
3480 4295 3524 4355 ὦ
3545 4300 3783 4371 μάταιοι,

2219 4398 2268 4450 εἰ
2287 4396 2458 4449 ταῦτα
2492 4396 2550 4450 ὲν
2574 4395 2795 4466 Χριστῷ
2817 4397 2877 4449 ού
2903 4394 3145 4463 γέγονεν,
3168 4393 3205 4448 ἃ.
3222 4395 3439 4463 γέγονεν
3458 4394 3515 4446 ὲν
3536 4393 3615 4463 τῷ
3637 4409 3787 4463 πρω·

2222 4488 2505 4559 τοπλάστῳ
2544 4480 3010 4552 ἈδάμὶΝαηηὶυε
3045 4501 3063 4540 :
3092 4487 3160 4541 At
3191 4500 3429 4555 quaenam
3463 4485 3663 4540 isthinc
3690 4487 3789 4539 he-

555 4582 643 4623 vov
689 4568 782 4619 xui.
830 4567 1106 4641 ἀλλότριον
1150 4571 1462 4625 παντάπασι
1508 4570 1608 4640 τῆς
1640 4569 1987 4635 ὑποστάσεως
2023 4570 2116 4624 τοῦ

2226 4580 2535 4643 neiicentla,
2572 4595 2608 4636 o
2634 4579 2838 4642 stolidi.
2894 4580 2937 4633 si
2977 4593 3041 4634 ea
3084 4579 3139 4633 in
3178 4578 3395 4633 Christo
3416 4577 3781 4640 constituatis,

554 4655 707 4719 Υἱοῦ,
728 4658 865 4728 ὅπερ
892 4658 1045 4712 αὐτοὶ
1067 4658 1333 4729 λέγουσιν,
1352 4659 1516 4731 ἄλλην
1550 4660 1844 4715 ὑπόστασιν
1871 4660 2119 4729 εἰσάγον-

552 4764 643 4811 τες
673 4749 770 4820 τῆς
790 4753 1005 4822 σαρκός.
1041 4753 1320 4808 Nannius:
1341 4754 1625 4821 Caeterum,
1654 4754 1745 4825 qui
1768 4756 1868 4810 ista
1898 4754 2124 4824 loquun-

563 4850 674 4902 tur,
729 4858 879 4895 suam
942 4843 1177 4913 ipsorum
1233 4853 1466 4898 mentem
1497 4859 1823 4913 sensumque
1852 4846 2119 4915 aperiunt,

554 4932 699 5001 quod
727 4935 858 4988 duas
884 4935 1201 5006 hypostases
1238 4936 1356 4990 sive
1389 4951 1647 5005 personas
1680 4934 1732 4989 in
1755 4935 1969 4990 Christo
1994 4950 2122 4991 con-

555 5025 800 5090 Slilttanl,
824 5039 879 5081 et
907 5027 1193 5082 adversum
1224 5042 1324 5082 nos
1346 5026 1631 5082 calumniis
1671 5034 1912 5093 utantur,
1948 5037 2002 5081 et
2031 5042 2124 5080 un-

556 5116 833 5186 dequaque
867 5127 1114 5188 satagant
1141 5130 1355 5174 nostros
1400 5117 1767 5174 sermones-ad
1804 5117 2005 5186 aliquid
2025 5119 2120 5172 ab-

553 5206 701 5259 surdi
733 5206 1073 5277 detorquere,
1113 5208 1268 5278 quasi
1316 5223 1513 5276 corpus
1563 5208 1865 5262 diceremus
1918 5208 2117 5276 aliquid

554 5297 800 5353 conferre
830 5301 896 5353 ad
927 5300 1303 5353 absolvendam
1341 5298 1497 5354 Verbi
1531 5299 1841 5365 essentiam,
1865 5309 1957 5353 aut
1992 5300 2117 5353 illud

554 5404 674 5442 esse
699 5391 936 5457 ejusdem
972 5405 1092 5445 cum
1136 5391 1244 5445 Deo
1280 5393 1611 5459 substantiae,
1638 5401 1730 5446 aut
1756 5407 1859 5445 non
1885 5391 2114 5446 alienant

553 5490 942 5550 elertutmque
971 5484 1223 5542 omnibus
1252 5484 1424 5539 modis
1454 5500 1484 5540 a
1513 5500 1742 5556 persona
1788 5482 1934 5551 Filii,
1996 5500 2115 5556 qua:

624 5572 697 5650 (tt)
814 5577 844 5650 gl
882 5575 1118 5650 [nunct.
1151 5578 1241 5650 11],
1271 5595 1323 5650 p.
1353 5571 1480 5634 53L

624 5640 692 5715 (1))
720 5640 955 5715 ΙΔὺῘιΙη-ρ.
976 5649 1098 5701 463.

592 5714 697 5785 tle)
731 5712 882 5775 lbitl.,
907 5712 963 5785 ᾖ).
992 5718 1116 5773 468.

622 5780 701 5850 (d)
722 5785 779 5837 Τ.
816 5786 850 5837 ll
880 5780 1043 5859 [hunc
1065 5800 1099 5843 ι.
1132 5788 1244 5863 IV],
1280 5808 1329 5863 p.
1362 5791 1449 5848 40.

2220 4686 2339 4741 qua:
2368 4671 2419 4725 in
2446 4670 2812 4741 protoplasto?
2855 4668 3161 4725 Vertendum
3194 4680 3368 4722 autem
3394 4676 3467 4722 est
3493 4666 3782 4734 :Quaenam

2221 4761 2419 4818 isthinc
2446 4762 2822 4828 beneﬁcentia,
2868 4777 2901 4818 ο
2939 4760 3142 4826 stolidi,
3169 4759 3214 4813 si
3236 4774 3297 4813 ea
3334 4768 3524 4812 natura
3550 4760 3601 4812 in
3628 4759 3786 4812 (Suri-

2219 4863 2304 4908 sto
2347 4868 2450 4907 non
2497 4852 2618 4918 fuit,
2670 4866 2789 4924 quas
2816 4849 2958 4906 facta
2997 4858 3087 4903 est
3133 4852 3185 4902 in
3216 4848 3545 4916 protoplasto
3573 4846 3775 4899 Adam?

2299 4959 2319 4992 ι
2370 4940 2436 4994 In
2459 4941 2680 5009 epistola
2727 4941 2795 4993 ad
2842 4936 3133 5007 Epictetum
3164 4938 3458 5005 episcopum
3490 4934 3786 5007 (9);Τοῦτο

2218 5027 2286 5101 ἦν
2306 5032 2367 5084 τὸ
2394 5033 2450 5084 ἐν
2481 5030 2726 5102 μνημείῳ
2755 5029 2928 5094 τεθὲν,
2957 5030 3046 5083 ὅτε
3076 5027 3237 5089 αὐτὸς
3270 5024 3539 5096 ἐπορεύθη
3574 5024 3648 5095 μὴ
3678 5042 3785 5094 χω-

2221 5125 2425 5197 ρισθεὶς
2440 5124 2623 5186 αὑτοῦ,
2650 5124 2885 5196 κηρύξαι
2899 5124 2993 5178 καὶ
3019 5124 3130 5185 τοῖς
3150 5123 3206 5175 ὲν
3228 5121 3438 5190 φυλακῇ
3456 5117 3783 5189 πνεύμασιν.

2225 5217 2468 5271 Nannius
2499 5232 2517 5270 :
2547 5217 2757 5285 Corpus
2780 5227 2891 5271 tum
2920 5214 3117 5286 quippe
3136 5214 3187 5267 in
3222 5212 3469 5281 sepulcro
3494 5219 3611 5265 erat
3639 5210 3785 5277 posi-

2225 5318 2357 5377 tum,
2399 5324 2521 5363 cum
2572 5308 2804 5363 Verbum
2857 5308 2989 5361 abiit
3028 5316 3086 5360 ut
3136 5304 3456 5374 prmdicaret
3505 5300 3782 5370 spiritibus

2223 5399 2313 5468 qui
2351 5399 2402 5452 in
2443 5412 2663 5452 carcere
2705 5397 3044 5452 tenebantur.
3087 5394 3400 5448 Vertendum
3446 5402 3620 5445 autem
3663 5401 3736 5444 est
3761 5404 3780 5443 :

2219 5489 2428 5558 Corpus
2459 5491 2562 5544 hoc
2581 5498 2717 5553 erat,
2744 5488 2881 5557 quod
2909 5486 3080 5541 fuitin
3105 5486 3354 5555 sepulcro
3373 5486 3629 5558 positum,
3661 5497 3779 5539 cum

2321 5655 2363 5721 Ῑ)
2394 5652 2548 5713 Ibitl.,
2581 5669 2633 5720 ρ.
2669 5652 2790 5705 740.

2298 5718 2371 5794 (ω
2407 5718 2649 5793 lbid.,‘p.
2682 5722 2802 5777 725.
2841 5718 2973 5774 Vide
3001 5718 3094 5773 ibi.

2188 5640 2198 5655 ,
2296 5582 2367 5725 ρ)
2399 5583 2459 5635 τ.
2489 5582 2507 5634 1
2538 5582 2701 5653 [nunc
2734 5593 2771 5633 ι.
2802 5580 2888 5651 ll],
2918 5597 2970 5650 p.
2992 5579 3118 5632 760.

2321 5655 2363 5721 fl
2394 5654 2548 5725 lbit'u
2581 5669 2633 5720 ρο
2669 5652 2790 5725 7}}?-
