3998 6516
1270 407 1645 463 Ριιιεητιο
1685 393 2029 464 ΕῡηίιοΝιε
2062 399 2565 464 ΒΕΝΕΒΙΕΤΙΝᾹΞ.

3402 428 3496 466 ιιι

171 517 332 585 ipsum
366 513 625 571 verbum
660 518 793 573 u‘on
828 529 1160 592 separatum
1184 535 1211 575 ι
1249 528 1496 593 carpere,
1525 521 1823 592 profectum
1852 527 1899 582 Α
1927 518 2141 575 litteras
2187 519 2254 573 ad
2277 518 2475 574 Julium
2505 520 2688 588 mittit,
2749 535 2945 593 rogans
2976 530 3030 575 ut
3056 522 3124 577 ab
3154 521 3266 592 ipSo
3292 523 3498 591 synodo

174 618 244 665 est
266 620 322 662 ut
346 608 726 675 praedicaret.

240 699 330 754 «In
344 702 735 766 disputatione
752 703 820 754 in
840 700 1085 757 Nicmno
1100 703 1315 757 concilio
1326 713 1506 757 contra
1524 704 1703 757 Arium
1719 704 1818 776 (a):

178 793 275 861 Οὐχ
319 791 394 853 ὼς
420 789 567 854 Θεὸς
624 792 834 861 Λῦγος
890 796 1212 859 ἐκοπίασεν,
1264 794 1377 847 ἀλλ’
1425 797 1509 849 ἵνα
1550 801 1691 869 φανῇ
1738 800 1818 852 ὅτι

184 884 338 953 σάρκα
366 882 436 950 ἢν
473 883 586 935 οὐκ
616 879 751 954 εἶχε
794 888 1090 960 πρότερον
1121 890 1148 942 ὁ
1185 888 1357 956 Λόγος
1388 890 1482 941 καὶ
1508 889 1658 955 Θεὸς,
1690 893 1819 945 ταύο

182 992 262 1045 την
278 974 565 1027 ἁνέλαὸενδ
587 974 691 1027 διὰ
710 977 902 1031 τοῦτο
916 981 990 1049 τῇ
1019 980 1179 1051 σαρκὶ¹
1204 980 1542 1053 συνεχώρησε
1565 986 1813 1054 πάσχειν.

187 1064 413 1119 Nannius
446 1079 465 1117 :
529 1065 663 1119 Non
713 1066 987 1123 Verbum
1036 1072 1174 1140 quod
1234 1071 1377 1127 Deus
1417 1084 1501 1128 est
1554 1074 1818 1129 laboravit

186 1155 512 1217 lassitudine,
550 1156 657 1209 sed
701 1157 845 1211 ideo
880 1159 1097 1214 factum
1126 1170 1227 1226 est,
1262 1171 1319 1215 ut
1350 1163 1660 1217 ostenderet
1695 1179 1816 1219 car-

188 1260 312 1309 nem,
345 1260 514 1313 quam
586 1242 769 1313 prius
834 1264 953 1304 non
1001 1249 1249 1313 habebat,
1302 1264 1423 1304 cum
1474 1252 1708 1306 Verbum
1764 1264 1817 1309 et

188 1334 307 1388 Deus
334 1347 505 1401 esset,
538 1353 677 1392 eam
744 1356 812 1395 se
847 1343 1043 1396 denuo
1086 1340 1456 1410 resutnpsisse.
1501 1340 1813 1395 Ver-tendum

187 1437 338 1481 autem
361 1439 441 1480 est
470 1445 489 1481 :
521 1428 655 1485 Neu
686 1433 855 1486 enim
886 1448 1001 1500 qua
1030 1442 1113 1487 est
1138 1432 1277 1487 Deus
1303 1431 1562 1495 Verbum,
1601 1434 1814 1487 laSsitu-

188 1520 295 1574 dine
320 1520 557 1577 affectus
583 1535 720 1590 est;
756 1525 870 1581 sed
901 1526 1031 1579 ideo
1067 1526 1285 1586 laetum,
1324 1536 1380 1579 ut
1413 1528 1811 1589 ostenderetur,

191 1612 310 1681 quod
339 1627 591 1673 carnem.
631 1634 823 1685 quam
853 1618 1021 1688 prids
1040 1633 1144 1672 non
1175 1618 1431 1685 habebat,
1468 1617 1699 1673 Verbum
1733 1622 1812 1675 di-

189 1705 347 1757 vinum
376 1707 724 1777 assumpsit.

254 1811 272 1849 t
298 1794 357 1848 In
384 1801 641 1853 oratione
703 1800 778 1853 tle
823 1802 1172 1856 sanctissima
1202 1800 1452 1869 Dcipara,
1483 1819 1597 1873 qua:
1638 1813 1808 1857 tamen

1924 622 2335 679 convocaretur,
2360 622 2451 666 aut
2478 614 2521 667 si
2551 613 2731 678 vellet,
2752 612 2978 684 ipsemet
2999 614 3498 685 praeber'etscjudi—

1921 704 2057 768 cem,
2094 715 2288 772 putans
2330 720 2388 760 se
2431 706 2702 761 terriculis
2732 704 2883 761 hisce
2942 722 3039 761 nos
3074 715 3492 762 commoturum.

1998 814 2017 847 ι
2044 794 2270 863 Explicit
2298 814 2518 851 censura
2541 798 2591 849 in
2605 802 2833 865 primum
2859 809 3052 851 tomum
3084 796 3307 862 Operum
3331 800 3497 852 sancti

1919 885 2196 941 Athanasii
2239 885 2418 941 Crtece
2442 902 2487 941 et
2526 888 2708 943 Latine
2749 891 3007 944 editorum
3046 894 3184 943 anno
3226 888 3380 955 1599,
3436 908 3499 945 ea:

1918 979 2261 1033 translatione
2295 980 2433 1034 Petri
2455 980 2505 1034 Ν
2511 984 2655 1035 annii
2664 1021 2677 1035 .
3496 974 3511 985 ’

1994 1091 2012 1122 ι
2046 1071 2280 1125 Censura
2300 1075 2348 1125 in
2372 1080 2657 1126 secundant
2685 1085 2879 1127 tomum
2908 1076 3046 1128 deest
3070 1076 3123 1128 in
3143 1074 3500 1141 ntauuscripto

1918 1162 2115 1215 codice.
2141 1184 2159 1215 ι

1990 1256 2078 1309 ll.
2129 1254 2254 1309 Haec
2290 1256 2457 1324 probe
2504 1256 2814 1310 observata.
2858 1258 3054 1311 Verum
3090 1256 3230 1310 haud
3267 1256 3504 1321 felicius,

1918 1346 1968 1399 ni
2006 1344 2181 1409 fallor,
2214 1347 2263 1398 in
2294 1346 2590 1413 historicis,
2623 1356 2854 1415 utputat
2882 1350 2982 1401 iste
3000 1348 3245 1415 quisquis
3283 1348 3507 1400 sitano-

1916 1445 2129 1508 nymus,
2164 1447 2415 1491 versatus
2448 1437 2698 1491 Nannius
2728 1447 2833 1501 est,
2865 1454 3028 1507 quam
3053 1439 3108 1491 in
3151 1436 3503 1507 tlteologicis.

1916 1528 2190 1597 Exemplis
2223 1530 2271 1581 id
2305 1528 2478 1595 palam
2516 1528 2607 1583 fiat
2647 1530 2726 1597 (ά)
2760 1546 2775 1582 :
2812 1528 2997 1592 Οὕτως
3030 1530 3135 1581 εἰσὶ
3173 1531 3356 1598 πρᾶοι,
3410 1531 3505 1583 καὶ

1915 1614 2309 1685 φιλάνθρωποι,
2357 1615 2449 1668 καὶ
2490 1615 2581 1668 τὸν
2613 1616 2813 1685 τρόπον
2861 1617 3147 1679 ἐπιεικεῖς
3178 1614 3378 1683 μᾶλλον
3424 1614 3502 1679 δέ,

1914 1705 2191 1775 εἰρήσεται
2232 1703 2339 1774 γὰρ
2380 1702 2646 1773 τάληθὲς,
2687 1703 2910 1773 πονηροὶ
2943 1703 3037 1756 uati.
3083 1703 3289 1774 πικροὶ,
3319 1702 3412 1754 καὶ
3440 1704 3504 1755 ἐκ

1916 1796 2097 1864 φόϐων
2130 1798 2223 1849 καὶ
2245 1796 2505 1859 ἀπειλῶν,
2538 1797 2570 1867 ἢ
2604 1797 2663 1859 ἐξ
2680 1795 2959 1857 εὐσεϐείας
2989 1795 3085 1848 καὶ
3117 1794 3439 1857 ἐπιεικείας,
3466 1793 3504 1847 ἃ

192 1894 331 1955 neque
351 1889 577 1955 stylum,
614 1904 804 1962 neque
849 1898 1105 1947 exactum
1152 1894 1299 1947 illum
1336 1895 1597 1948 scribendi
1619 1912 1812 1947 morem

1920 1890 2027 1950 τοῖς
2064 1889 2383 1952 ἐπισκόποις
2434 1889 2654 1959 πρέπει,
2694 1889 3014 1960 τιμώμενοι.
3077 1887 3174 1943 Ubi
3218 1887 3498 1941 Nannius:

195 1979 587 2049 Athanasiipra:
629 1989 693 2036 se
732 1984 846 2051 {ert
876 1996 894 2035 :
926 1990 1051 2036 nam
1083 1985 1150 2036 ibi
1182 1982 1461 2038 Platonico
1482 1998 1621 2037 more
1646 1985 1816 2052 philo-
1848 1982 1853 1985 ’

195 2070 423 2137 sophatur
452 2080 667 2124 auctor
707 2074 785 2126 de
819 2073 1089 2127 vocabulo
1128 2073 1315 2137 οὐσίας
1340 2084 1387 2128 et
1418 2076 1622 2129 videtur
1661 2077 1814 2129 etiam

196 2172 343 2230 aperte
360 2164 577 2230 docere,
606 2167 960 2220 distinctum
986 2167 1111 2235 quid
1127 2183 1235 2221 esse
1257 2169 1308 2221 in
1334 2167 1522 2220 divinis
1538 2167 1815 2221 essentiam

196 2253 249 2307 ab
300 2256 571 2311 attributis
626 2270 685 2312 et
746 2261 1063 2314 actionibus
1113 2260 1520 2325 essentialibtts;
1553 2275 1670 2329 qute
1714 2258 1816 2327 [uit

196 2353 493 2410 posterorum
512 2345 863 2403 Grtﬁcorum
893 2351 1096 2418 opinio,
1126 2361 1170 2404 et
1189 2350 1410 2403 multum
1430 2359 1613 2404 contra
1637 2350 1813 2403 dicunt

200 2433 423 2491 Thomam
455 2441 681 2509 agitata
716 2458 753 2494 a
812 2441 1053 2511 quodam
1096 2440 1344 2513 Gregorio
1380 2441 1627 2505 Patama,
1665 2449 1815 2511 quem

199 2529 341 2594 luisse
394 2533 552 2587 aiunt
639 2533 840 2588 Marci
897 2531 1150 2602 Ephesini
1206 2530 1578 2604 prwceptorem
1622 2528 1641 2588 ἐ
1696 2549 1815 2585 cum

200 2618 490 2675 Athanasius
513 2624 646 2691 ipse
678 2624 943 2694 pluribus
982 2626 1035 2677 in
1074 2625 1201 2679 locis
1230 2627 1552 2679 contrarium
1603 2624 1809 2680 doceat.

204 2707 327 2763 Dicit
382 2726 663 2781 praeterea
739 2715 885 2769 sicut
926 2716 1129 2770 beatam
1186 2712 1470 2785 Virginem,
1529 2721 1604 2774 ita
1646 2719 1815 2788 ipsam

202 2803 405 2858 animam
429 2804 686 2872 Christi,
724 2824 839 2861 non
880 2808 1127 2862 habuisse
1144 2808 1344 2862 claram
1382 2807 1537 2863 Verbi
1566 2810 1813 2865 visionem

203 2911 375 2951 necnon
429 2900 663 2953 beatam
711 2897 1001 2969 Virginem
1032 2901 1299 2955 htcsitasse
1344 2902 1411 2954 ad
1436 2903 1586 2955 verba
1619 2906 1810 2972 angeli,

203 2986 335 3039 etiam
362 3005 473 3040 cum
507 2991 674 3043 dixit
708 3005 728 3042 :
782 2990 932 3044 Ecce
976 2992 1170 3045 ancilla
1209 2991 1459 3059 Domini;
1497 2997 1813 3064 optandique

204 3079 331 3133 modo
360 3083 610 3147 dixisse,
657 3082 789 3137 Fiat
826 3082 962 3135 mibi
1026 3084 1320 3137 secundum
1375 3086 1601 3138 verbum
1636 3097 1805 3138 tuum.

204 3165 421 3238 Refertur
459 3190 601 3227 vero
648 3172 731 3225 ibi
790 3175 1084 3241 propositio
1115 3173 1229 3237 illa,
1281 3191 1438 3246 quam
1465 3172 1694 3244 Cyrillus
1752 3176 1806 3227 in
1836 3205 1877 3261 C

202 3263 391 3328 epistola
420 3267 498 3318 ad
532 3264 873 3319 Successum
902 3265 1199 3332 episcOpum
1232 3265 1697 3319 Dioca'saricnsent
1731 3266 1804 3318 ait

202 3367 289 3407 esse
331 3354 567 3409 Patrum
593 3358 958 3425 antiquorum
994 3356 1074 3409 his
1096 3356 1260 3410 verbis
1296 3356 1369 3428 (b)
1400 3375 1411 3410 :
1450 3354 1542 3409 Διὸ
1569 3357 1807 3421 καὶτοὺς

200 3444 431 3514 λέγοντας
474 3450 625 3519 μίαν
659 3449 832 3517 φύσιν
859 3448 960 3501 τοῦ
986 3448 1119 3501 Θεοῦ
1156 3447 1329 3516 Λόγου
1360 3450 1805 3522 σεσαρκωμέιην,

201 3538 277 3589 καὶ
298 3541 369 3611 μὴ
406 3541 808 3611 ἐπιφέροντας
838 3539 1197 3611 ἐψυχωμένην
1227 3534 1452 3611 λογικήν
1474 3559 1530 3594 τε
1569 3543 1661 3594 καὶ
1691 3559 1806 3597 νοε-

202 3628 301 3697 ρὲν,
324 3632 385 3685 ού
419 3632 583 3685 πάνυ
616 3630 1032 3701 ἀποδεχόμεθα.
1057 3625 1299 3685 Nannius
1333 3646 1350 3683 :
1384 3632 1611 3701 Ideoque
1634 3642 1686 3685 et
1712 3648 1807 3686 eos

200 3721 275 3788 qui
312 3724 539 3783 dicunt,
574 3722 771 3775 'solant
810 3731 1064 3774 naturam
1100 3720 1190 3776 Dei
1227 3720 1383 3776 Verbi
1446 3724 1803 3787 incantatam,

200 3827 353 3883 neque
384 3814 622 3867 addunt
644 3829 771 3868 eam
803 3813 1103 3866 animatum
1135 3829 1276 3877 esse,
1308 3823 1360 3869 et
1391 3813 1731 3876 rationalem,
1752 3822 1806 3865 et

202 3915 361 3957 tuente
400 3905 736 3973 pr‘aaditam,
769 3920 878 3958 non
918 3904 1206 3957 admodum
1243 3906 1553 3973 recipimus.
1598 3895 1808 3958 Verten-

198 3994 307 4045 dum
343 4009 542 4050 autem
585 4008 710 4050 est:
748 3981 986 4066 ideoque
1014 4014 1107 4052 eos
1139 4000 1228 4067 qui
1267 3999 1449 4052 dicunt
1484 4012 1642 4050 unam
1686 4011 1807 4051 esse

204 4076 483 4141 DeiVerbi
521 4097 789 4141 naturam
831 4088 1193 4150 incarnatam.
1247 4103 1419 4157 neque
1445 4088 1649 4141 addunt
1686 4102 1806 4140 car-

206 4192 311 4231 nem
360 4189 717 4249 assumptam
751 4194 875 4234 esse
906 4182 1197 4233 animatam
1234 4174 1479 4234 rationali
1512 4190 1563 4232 et
1595 4178 1805 4233 intelle—

206 4269 345 4324 ctira
386 4256 596 4332 anima.
634 4285 744 4325 non
784 4271 1078 4323 admodum
1102 4271 1414 4339 recipimus.

273 4377 291 4411 ι
330 4350 620 4414 Postremo
647 4362 775 4430 quia
811 4362 865 4413 in
890 4361 1054 4414 verbis
1068 4352 1348 4415 Athanasii
1374 4363 1426 4415 in
1446 4358 1702 4430 Apologia
1725 4375 1807 4413 se-

207 4452 404 4514 cunda,
440 4463 636 4505 auctor
658 4451 750 4505 ille
766 4452 859 4521 qui
897 4452 1119 4520 confecit
1160 4453 1358 4507 indices
1397 4462 1535 4506 tomo
1580 4457 1806 4509 secundo

1920 1976 2175 2032 Homines
2225 1982 2419 2034 scilicet
2475 1983 2757 2034 admodum
2811 1983 3115 2045 mansueti,
3154 1990 3202 2035 et
3263 1980 3498 2033 moribus

1918 2071 2101 2138 (equis,
2132 2070 2212 2123 vel
2247 2072 2385 2139 quod
2418 2073 2590 2125 verius
2619 2082 2717 2137 est,
2754 2072 2976 2139 improbi
3000 2085 3046 2126 et
3079 2089 3327 2141 perquam
3350 2089 3499 2127 acer-

1918 2160 1988 2223 bi,
2032 2162 2120 2229 qui
2153 2162 2440 2214 terroribus
2485 2172 2533 2215 et
2587 2164 2744 2217 minis
2793 2166 2986 2230 potius,
3016 2180 3171 2230 quam
3204 2164 3400 2229 pietate
3449 2174 3497 2216 et

1918 2250 2188 2319 wquitate,
2203 2252 2340 2319 quod
2359 2252 2623 2320 episcopos
2645 2255 2810 2319 decet,
2831 2254 2897 2304 ad
2926 2270 3102 2319 pcenas
3123 2254 3493 2322 deproperant.

1919 2342 2082 2396 Vides
2117 2358 2277 2411 quam
2309 2344 2619 2412 importune
2668 2345 2821 2411 illud,
2855 2344 3179 2415 τιμώμενοι,
3209 2345 3279 2398 ad
3318 2360 3495 2412 plenas

1918 2432 2291 2502 deproperant,
2347 2434 2767 2504 interpretetur;
2822 2436 2910 2489 ubi
2956 2436 3297 2499 vertendum,
3332 2445 3498 2490 Itono-

1917 2534 2124 2589 rantur,
2170 2524 2272 2592 vel,
2325 2526 2576 2580 honorari
2602 2524 2831 2582 student.
2863 2527 2927 2581 Et
2958 2526 3116 2596 paulo
3132 2539 3287 2597 post:
3313 2527 3499 2598 Κατηο

1916 2617 2075 2686 γορία
2108 2618 2216 2689 γὰρ
2263 2618 2500 2689 ἀληθῶς,
2538 2620 2833 2691 ἀγαπητοὶ,
2876 2619 2945 2672 τὰ
2982 2622 3113 2691 παρ’
3137 2619 3313 2673 αὐτῶν
3344 2620 3499 2688 γενό-

1920 2725 2076 2779 μενα,
2110 2711 2204 2763 καὶ
2232 2712 2421 2764 πασῶν
2454 2712 2715 2766 ἀνωτάτω
2749 2712 3072 2783 κατηγορίαι
3122 2712 3255 2765 ὅπου
3293 2729 3353 2780 γε
3405 2712 3499 2765 καὶ

1918 2802 2134 2855 πάντων
2162 2803 2271 2857 τῶν
2326 2805 2681 2874 ἀνθρωπίνων
2734 2806 2994 2859 ἀνωτάτω
3042 2804 3111 2857 τὰ
3149 2805 3492 2877 δικαστήρια·

1915 2894 1968 2946 τί
2010 2896 2119 2965 γὰρ
2179 2896 2307 2951 ἄλλο
2366 2898 2519 2961 τέλος
2560 2900 2661 2969 τῆς
2704 2900 2796 2951 ἐπὶ
2852 2900 3062 2962 τούτοις
3101 2898 3428 2964 ἐξετάσεως,
3460 2899 3496 2970 ἢ

1917 2986 2143 3052 Θάνατος
2210 2994 2274 3043 ἐκ
2330 2991 2614 3062 βασιλικῆς
2672 2994 2939 3062 κινήσεως
2987 2992 3357 3063 ἐπαγόμενοςξ
3388 2992 3499 3047 (ἔα-δ

1916 3078 2117 3132 lumnia
2144 3082 2279 3134 enim
2316 3067 2411 3144 est,
2444 3083 2645 3147 dilecti,
2686 3098 2840 3151 quam
2902 3095 3097 3136 tentant
3122 3124 3137 3149 ,
3175 3100 3337 3149 eaque
3373 3101 3499 3152 gra-

1916 3171 2123 3223 vissima
2173 3183 2219 3225 et
2246 3174 2475 3226 maxime
2519 3175 2749 3226 omnium
2782 3176 3046 3242 capitalis,
3084 3176 3238 3244 idque
3267 3179 3318 3229 in
3349 3193 3496 3229 sum-

1912 3263 2011 3315 mis
2044 3266 2273 3317 onmium
2315 3280 2488 3318 rerum
2519 3266 2876 3318 humanarum
2926 3266 3303 3320 tribunalibus.
3363 3266 3494 3331 Quis

1908 3361 2043 3408 enim
2074 3356 2210 3409 alius
2246 3358 2396 3410 istius
2434 3358 2738 3425 qucestionis
2780 3358 2923 3426 finis,
2966 3359 3066 3410 nisi
3118 3371 3170 3409 ut
3211 3374 3350 3410 mors
3416 3374 3497 3413 re-

1908 3448 1992 3514 gio
2018 3450 2245 3499 tumultu
2271 3449 2569 3517 inferatur?
2602 3448 2756 3513 Illud,
2816 3448 3030 3501 πάντων
3062 3449 3166 3501 τῶν
3214 3447 3497 3520 ἀνθρωπίο

1908 3556 2014 3593 νων
2043 3540 2304 3594 ἀνωτάτω
2326 3541 2394 3593 τὰ
2428 3540 2771 3613 δικαστήρια,
2812 3542 2988 3604 palam
3037 3551 3121 3594 est
3167 3541 3496 3609 signiﬁcare.

1910 3633 2139 3684 omnium
2160 3632 2507 3687 humanorum
2526 3649 2771 3701 suprema
2788 3634 3101 3699 tribunalia,
3126 3634 3189 3685 ἐκ
3212 3632 3499 3704 βασιλικῆς

1912 3722 2201 3791 κινήσεως,
2242 3736 2402 3792 quam
2451 3739 2636 3793 prave,
2673 3727 2811 3794 regio
2848 3724 3094 3784 tunmltu,
3125 3723 3318 3787 reddit,
3375 3738 3497 3775 cum

1911 3810 2029 3866 luce
2063 3814 2263 3867 clarius
2286 3814 2357 3867 sit
2398 3814 2710 3869 vertendum
2755 3829 2893 3879 esse,
2935 3830 3001 3867 ea:
3038 3812 3366 3881 imperatoris
3392 3812 3495 3873 ira,

1910 3901 2014 3963 vel,
2045 3914 2347 3957 acommoto
2371 3905 2703 3977 imperatore.
2744 3906 2826 3971 Et,
2869 3905 3056 3973 paucis
3091 3901 3406 3969 interjectis,
3441 3912 3498 3954 ut

1868 3995 2094 4049 'videas
2162 3995 2345 4059 lector,
2404 4010 2564 4063 quam
2624 3996 2875 4064 frequens
2927 4004 3049 4050 ruat
3100 3993 3361 4057 Nannius,
3389 3993 3500 4046 Καὶ

1912 4087 2155 4155 φονεύειν
2193 4088 2583 4158 ἐπιχειροῦσιν,
2618 4090 2711 4143 ἐὰν
2762 4088 3171 4159 συγχωρῶνται,
3198 4086 3293 4139 καὶ
3328 4085 3499 4138 ποιεῖν

1912 4178 2240 4250 ἐξορίστους·
2284 4180 2738 4253 συνεχωρήθησαν
2789 4181 2898 4252 γὰρ
2942 4180 3035 4237 τοῦ
3079 4178 3498 4248 θεοφιλεστάτου

1912 4271 2119 4342 πατρὸς
2151 4272 2257 4326 τῶν
2287 4273 2548 4344 βασιλέων
2584 4276 2708 4329 ἀντὶ
2747 4275 2975 4329 θανάτου
2999 4277 3063 4346 τῇ
3092 4272 3376 4345 μεταθέσει
3402 4270 3499 4324 τοῦ

1911 4365 2078 4417 τόπου
2111 4365 2202 4418 τὸν
2252 4366 2422 4437 θυμὸν
2453 4367 2631 4420 αὐτῶν
2677 4367 3063 4439 ἐκπλήσαντος.
3103 4365 3199 4419 llic
3238 4364 3499 4425 Nannius,

1914 4473 2019 4511 non
2061 4457 2346 4513 advertens
2377 4458 2442 4513 de
2461 4461 2618 4513 unius
2648 4459 2929 4514 Athanasii
2969 4458 3155 4512 exsilio
3186 4457 3291 4526 agi,
3328 4458 3499 4524 impe-

211 4543 414 4615 inﬁxos,
432 4543 696 4597 deducere
720 4544 830 4597 rult
856 4559 1007 4595 suam
1035 4539 1180 4596 illam
1222 4541 1629 4608 conclusionem,
1670 4545 1808 4615 quod
1842 4554 1888 4612 ι)
1917 4549 2017 4601 rite
2051 4552 2208 4603 vertit
2240 4569 2252 4604 ε
2283 4552 2387 4603 Aut
2412 4566 2585 4603 necem
2618 4551 2931 4613 moliuntur,
2962 4551 3006 4603 si
3032 4550 3158 4617 ipsis
3187 4548 3366 4608 liceat,
3408 4554 3500 4597 aut

212 4632 395 4689 Julius
441 4634 690 4704 pontifex
743 4634 809 4687 ab
858 4632 1091 4686 Eusebio
1123 4635 1367 4704 episcopo
1416 4632 1617 4689 Ariano
1640 4636 1811 4705 judex

217 4724 377 4789 furit
441 4728 807 4788 constitutus,
872 4734 1053 4777 notata
1116 4725 1235 4777 sunt
1306 4726 1591 4778 Athanasii
1633 4727 1808 4791 verba,

216 4820 401 4886 quibus
466 4810 557 4873 ille
621 4818 935 4887 appositum
998 4819 1244 4871 asserit:
1302 4816 1470 4885 inquit
1524 4818 1659 4871 enim
1716 4820 1811 4890 (e),

217 4912 327 4964 Καὶ
345 4914 390 4965 ol
419 4912 544 4983 περὶ
579 4911 854 4965 Εύσέδιον
884 4910 979 4963 καὶ
1007 4911 1139 4982 πρὸς
1184 4910 1399 4964 Ἰούλιον
1427 4910 1694 4982 ἔγραψαν,
1720 4915 1814 4965 καὶ

230 5003 523 5072 νομίζοντες
547 5006 704 5073 ἡμᾶς
736 5002 998 5071 ἐκφοϐεῖν
1032 5002 1265 5071 ἠξίωσαν
1312 5002 1526 5056 σύνοδον
1562 5003 1810 5070 καλέσαι,

234 5095 312 5149 καὶ
358 5097 518 5151 αὑτὸν
574 5097 823 5159 Ἰούλιον,
876 5096 925 5147 εί
987 5095 1244 5165 βούλοιτο,
1295 5096 1485 5167 κριτὴν
1535 5097 1813 5167 γενέσθαι.⁵

236 5184 456 5244 Nannius
492 5206 511 5245 :
544 5192 691 5258 Quin
728 5199 787 5244 et
814 5188 1112 5242 Euscbiani
1151 5191 1216 5242 ad
1245 5188 1443 5243 Juliunt
1485 5190 1691 5245 litteras
1718 5192 1815 5245 Ini-

234 5293 356 5347 sere,
380 5292 512 5337 etut
546 5298 649 5336 nos
689 5289 991 5341 terrerent.
1016 5281 1281 5351 synodum
1306 5279 1583 5348 jusserunt
1609 5297 1813 5337 convo-

232 5370 345 5435 cari,
380 5384 432 5429 et
459 5374 564 5445 ipsi
603 5372 777 5434 Julio,
815 5370 864 5425 si
910 5370 1088 5435 vellet,
1130 5372 1411 5426 arbitrium
1446 5388 1627 5428 causae
1659 5373 1812 5428 detu-

228 5456 400 5519 lerunt.
469 5464 809 5520 Vertendum
867 5472 1043 5514 autem
1086 5473 1159 5516 est
1187 5476 1207 5514 .'
1259 5462 1399 5529 Quin
1445 5472 1499 5519 ct
1546 5455 1814 5520 Eusebius

277 5638 349 5716 (ᾳ)
459 5643 498 5698 ll
528 5643 714 5716 [nunc
752 5649 792 5693 ι.
978 5655 1027 5707 p.
1059 5640 1175 5716 192τ

301 5707 349 5787 ὁ)
470 5707 739 5787 "Tuane
775 5722 815 5763 t.
855 5707 969 5779 HJ,
999 5727 1049 5779 p.
1085 5711 1212 5763 διο.

298 5784 429 5854 ε)τ.
462 5784 763 5854 1.15.7110.

295 5850 347 5924 ιι)
383 5850 865 5910 ΕιιιιξϐυιηηιεΙ.
921 5865 973 5917 p.
1006 5850 1126 5913 sua.
1183 5851 1312 5906 edit.
1352 5850 1651 5909 Partsuens.
1692 5868 1815 5924 pag.

520 5950 826 6010 Ριιτιιοι..
864 5943 980 6001 Gn.
1026 5942 1223 6005 XXV.

1920 4640 2102 4692 saltem
2127 4641 2333 4693 exsules
2364 4640 2554 4708 facere.
2586 4640 2739 4703 Quod
2765 4647 2814 4690 et
2847 4641 3250 4705 impetraverunt
3291 4636 3353 4688 ab
3381 4634 3503 4687 reli-

1919 4731 2212 4798 giosissima
2234 4729 2505 4785 Ctesarum
2532 4743 2702 4797 patre,
2730 4730 2817 4797 qtli
2854 4730 2961 4781 iras
2994 4729 3225 4796 ipsorum
3256 4726 3508 4794 o/fcnsas-

1920 4837 2038 4888 que,
2075 4836 2193 4873 cum
2215 4821 2533 4889 supplicium
2574 4821 2801 4887 capitale
2843 4830 3161 4887 posceretur,
3196 4819 3380 4873 exsilio
3411 4818 3509 4869 da—

1922 4923 2224 4964 mnatorum
2263 4913 2503 4982 explerit.
2536 4910 2612 4965 Ne
2643 4911 2834 4977 multa,
2857 4911 2901 4965 sl
2924 4911 3044 4980 quis
3066 4910 3251 4965 Grmce
3280 4925 3504 4979 gnarus,

1923 5014 1976 5058 et
2006 5004 2248 5059 historiae
2284 5004 2666 5060 ecclesiastica:
2692 5004 2920 5073 peritus,
2960 5002 3338 5070 subsequentia
3381 5014 3507 5068 per-

1922 5107 2129 5164 currat,
2150 5099 2235 5153 vix
2262 5098 2494 5168 aliquam
2528 5096 2804 5167 periodum
2832 5094 3123 5149 Nannianis
3151 5094 3388 5163 lapsibus
3417 5107 3508 5144 va-

1922 5207 2078 5245 cuam
2110 5191 2495 5259 deprehendat.
2531 5189 2759 5242 Inferius
2807 5200 2935 5242 vero
2967 5202 3127 5256 quam
3168 5185 3506 5240 incommode

1925 5281 2049 5335 illud
2082 5280 2302 5352 (e),Ka't
2338 5278 2659 5349 καθαίρεσιν
2706 5275 2982 5341 ὀνειδίζειν
3020 5274 3167 5344 αύτῴ
3196 5272 3387 5342 τολμᾷ,
3414 5290 3506 5325 κα-

1925 5362 2196 5443 θαιρεθεὶς
2230 5370 2409 5434 αὐτὸς,
2446 5362 2539 5422 καὶ
2573 5370 2824 5441 μάρτυρα
2854 5367 2953 5437 τῆς
2981 5365 3351 5434 καθαιρέσεως
3368 5363 3505 5432 ἔχων

1924 5463 2022 5531 τὴν
2057 5462 2171 5515 ἀντ’
2213 5460 2378 5514 αὑτοῦ
2430 5459 2494 5529 (Ῐ)
2545 5459 2897 5514 κατάστασιν.
2935 5452 3057 5515 Πῶς
3097 5448 3188 5504 οὖν
3222 5450 3440 5520 ἢαύτὸς
3472 5452 3507 5525 ἦ

1930 5634 2058 5700 ἹΞΞ».
2083 5638 2193 5691 edit
2221 5635 2413 5692 Venet.
2444 5652 2568 5707 pag.
2603 5636 2692 5693 99.

2022 5709 2066 5777 e)
2089 5709 2229 5763 Edil.
2256 5705 2547 5761 Parisiens’.
2577 5705 2776 5777 p.727.
2826 5768 2833 5777 .

2022 5711 2066 5777 e)
2089 5711 2229 5763 Edit.
2256 5711 2547 5761 Parisiens.
2577 5724 2628 5773 p.
2655 5711 2776 5758 727.
2826 5768 2833 5777 .

2001 5711 2068 5851 if)
2105 5778 2195 5851 Sic
2228 5778 2391 5851 pro‘be
2420 5776 2854 5851 _legit_Nannius,
2879 5785 2981 5826 non
3030 5772 3143 5827 ἀντ’
3190 5772 3396 5835 αὐτῶν,
3450 5778 3507 5824 ιιι

1929 5846 2091 5904 habet
2112 5849 2275 5903 editio
2311 5846 2652 5901 Parisiensis.

2480 6096 2507 6115 1.
