3998 6504
527 412 638 451 XXII

1866 375 2397 435 PROLEGOMENA.

522 509 771 571 Θεόγνιῡς
811 504 1070 574 ἡδύνειντο
1120 503 1400 574 καῡαιρείν
1436 501 1613 563 ἄλλον,
1649 501 1800 553 αὐτοὶ
1835 496 2093 567 καθαιρεο

2200 492 2349 548 multi
2373 492 2482 546 sint
2520 489 2611 561 qui
2656 488 2850 544 librum
2884 488 3130 545 eumdem
3182 495 3392 542 vertere
3419 488 3642 543 seorsim
3666 499 3762 559 nq-

524 602 723 661 οέντες,
752 597 846 651 καὶ
898 599 1015 657 ταῖς
1050 596 1162 647 ἀντ’
1187 594 1364 647 αὐτῶν
1395 592 1783 647 καταστάσεσιν
1806 589 2096 659 ἐλεγχόμε-

523 710 630 757 νοις
689 690 879 744 Οἴδατε
936 690 1043 760 γὰρ
1096 686 1374 757 ἀκριϐῶς,
1429 688 1511 739 ὅτι
1580 683 1822 755 Ἀμφίων
1885 682 1983 753 μὲν
2039 684 2097 735 ἐν

521 782 876 853 Ννκομηδείᾳ,
900 780 1144 851 Χρηστὸς
1167 779 1224 831 δὲ
1245 781 1302 831 ὲν
1322 777 1525 848 Νικαίιι⁵
1554 772 1959 844 κατεστάθησαν
1983 772 2095 823 ἀντ’

521 878 724 933 αέιῶν.
765 874 862 930 Ubi
889 874 1172 928 Nannius:
1223 872 1333 925 Nec
1363 880 1564 924 veretur
1606 868 1653 922 ei
1710 866 1929 935 abjicere
1982 864 2097 933 ejus

522 968 799 1039 dignitatis
833 965 1339 1026 exauctorationem,
1378 963 1485 1028 ipse
1510 959 1718 1014 interint
1748 957 1972 1009 maxime
2003 970 2097 1008 ea:-

524 1065 867 1117 auctoratus,
902 1065 955 1107 ut
986 1055 1075 1124 qui
1111 1069 1222 1107 sua:
1264 1048 1707 1105 exauctorationis
1744 1046 2097 1100 testimonium

524 1158 570 1201 et
603 1156 963 1215 argumentum
985 1146 1035 1197 in
1067 1146 1180 1212 ipsa
1204 1142 1286 1195 sui
1318 1141 1685 1194 constitutione
1712 1134 1970 1190 ostendat.
1994 1134 2098 1197 Qui

524 1240 687 1309 igitur
701 1237 774 1291 vel
793 1237 899 1305 ipse
919 1236 997 1290 vel
1026 1234 1321 1303 Theognius
1349 1238 1630 1299 potuerunt
1659 1229 1796 1281 alios
1825 1228 2097 1293 deponere,

528 1331 627 1399 ipsi
666 1328 891 1396 depositi
921 1336 969 1381 et
1006 1326 1356 1388 exauctorati,
1419 1334 1466 1376 et
1499 1323 1622 1376 vitio
1666 1335 1776 1374 sua:
1814 1316 2099 1370 creationis

525 1420 753 1491 famosi?
774 1418 913 1474 Bene
931 1418 1186 1487 siquidem
1223 1416 1485 1484 cognitum
1510 1412 1734 1473 habetis,
1759 1411 2099 1477 Amphionem

528 1512 854 1567 Nicomedia:
879 1512 931 1563 in
956 1525 1134 1564 eorum
1161 1510 1332 1561 locum
1502 1504 1765 1571 episcopos
1790 1500 2099 1553 constitutos

523 1620 652 1659 esse.
683 1602 783 1659 Ubi
816 1602 1128 1655 vertendum
1166 1598 1285 1664 fuit,
1316 1606 1371 1651 ut
1396 1596 1623 1665 quisque
1650 1592 1730 1645 vel
1763 1589 2102 1644 mediocriter

525 1695 730 1765 peritus
787 1694 1032 1747 advertat
1072 1708 1086 1743 :
1146 1691 1220 1743 Ac
1276 1687 1649 1755 depositionem
1682 1682 1779 1753 ipsi
1819 1679 2100 1751 (Eusebius

526 1782 838 1852 Athanasio)
865 1783 1177 1852 exprobrare
1195 1798 1297 1835 non
1315 1790 1539 1840 veretur,
1560 1792 1677 1829 cum
1702 1776 1811 1842 ipse
1836 1770 2100 1839 depositus

524 1876 707 1948 fuerit,
723 1888 784 1927 ac
812 1887 871 1925 eo
897 1872 1009 1939 ipso
1031 1882 1206 1925 testem
1235 1868 1571 1939 depositionis
1595 1878 1706 1919 sua:
1726 1861 1935 1925 habeat,
1958 1860 2097 1929 quod

526 1968 663 2020 alter
690 1967 804 2035 ejus
844 1968 957 2021 loco
991 1967 1238 2035 suﬁ’ectus
1265 1966 1353 2019 sit.
1395 1961 1669 2029 Quomodo
1692 1965 1858 2032 igitur
1892 1968 1969 2022 vel
1989 1966 2098 2034 ipse

526 2056 601 2108 rel
634 2054 928 2125 Theognius
979 2056 1142 2109 alium
1198 2056 1454 2121 deponere
1502 2062 1802 2120 potuerunt,
1835 2072 1955 2109 cum
1995 2055 2096 2123 ipsi

526 2149 747 2216 depositi
775 2151 921 2211 sint;
964 2158 1019 2201 ut
1049 2147 1123 2202 vel
1157 2148 1277 2201 hinc
1321 2147 1587 2215 arguitur,
1610 2148 1749 2214 quod
1790 2149 1885 2202 alii
1916 2161 2096 2202 eorum

525 2241 639 2293 loco
673 2242 774 2293 sint
808 2239 1116 2292 constituti?
1145 2237 1314 2292 Probe
1334 2240 1523 2293 etenim
1540 2238 1724 2304 nostis,
1758 2240 2099 2307 Amphionem

528 2331 582 2385 Ν
588 2333 876 2396 ἱοοηιειιίω,
907 2332 1177 2384 Chrestum
1212 2328 1407 2385 Nicrca:
1430 2347 1610 2385 eorum
1634 2330 1750 2385 loco
1773 2331 1937 2400 fuisse
1956 2332 2099 2385 ordi-

525 2433 697 2475 natos.
731 2420 825 2474 Est
856 2420 945 2474 ubi
968 2420 1206 2473 Nannius
1238 2420 1450 2473 nomina
1473 2421 1684 2490 propria
1706 2436 1809 2475 non
1829 2423 2097 2485 advertat,

525 2520 581 2567 et
604 2513 755 2581 quasi
791 2510 933 2565 aliud
970 2526 1130 2579 quam
1167 2523 1356 2565 nomen
1382 2511 1479 2565 viri
1506 2511 1892 2582 signiﬁcarent,
1928 2512 2095 2567 inter.

526 2610 782 2672 pretetur.
820 2602 909 2657 Sic
928 2602 977 2656 in
1013 2602 1239 2670 epiSIola
1280 2603 1564 2658 Alexandri
1600 2603 2096 2660 Thessalonicensis

528 2697 661 2760 tunc,
695 2694 881 2755 Ὅπως
917 2693 1014 2763 μὲν
1067 2688 1159 2745 οὖν
1204 2692 1514 2762 διεκείμεθα
1573 2695 1701 2766 περὶ
1750 2696 1842 2749 τὸν
1880 2696 2099 2768 μνήμης

526 2784 673 2848 ἄξιον
703 2784 970 2849 Σὼςοντα,
995 2784 1102 2836 οὐδ’
1126 2784 1285 2848 αὐτὸς
1311 2787 1545 2852 ἀγνοεὶς,
1576 2786 1647 2839 ita
1668 2787 1825 2841 vertit
1850 2786 1956 2856 (a):
1983 2786 2097 2851 Quo

526 2876 691 2945 igitur
737 2891 829 2929 nos
864 2876 1054 2943 aiectu
1090 2891 1198 2929 esse
1224 2890 1346 2945 ergo
1379 2893 1516 2935 eum.
1547 2879 1637 2947 qui
1688 2878 1763 2931 ita
1795 2879 1961 2932 virum
1986 2892 2096 2929 rne-

467 2974 479 2985 ‘
526 2969 695 3020 moria
726 2968 937 3037 dignum
978 2967 1033 3019 in
1084 2982 1138 3020 se
1172 2980 1464 3029 conservat,
1491 2970 1783 3025 ecistintas.
1829 2966 1924 3020 L'bi
1983 2967 2098 3021 btet:

531 3071 656 3113 vera
686 3058 1061 3128 interpretatio
1086 3073 1100 3114 :
1142 3056 1257 3122 Quo
1287 3059 1449 3128 igitur
1481 3059 1673 3126 a/fectu
1698 3057 1950 3126 fuerimus
1972 3071 2094 3124 erga

530 3148 805 3204 Sosantem
855 3151 1106 3203 memoria
1136 3151 1352 3219 dignum
1396 3153 1584 3217 cirum,
1622 3167 1723 3204 non
1749 3150 1982 3220 ignoras.
2030 3147 2095 3202 Et

529 3242 582 3295 in
616 3240 850 3309 Epistola
888 3240 1149 3310 encyclica
1180 3238 1281 3309 (b),
1305 3240 1432 3295 olim
1467 3242 1535 3294 ad
1564 3241 1881 3293 orthodoxos
1903 3238 2096 3301 inscri-

529 3346 640 3404 pta,
675 3336 871 3390 Πιστόν
903 3348 1093 3390 nomen
1140 3337 1451 3405 proprium,
1484 3335 1648 3402 ﬁdunt
1682 3348 1961 3403 perperam
2014 3334 2097 3386 in-

532 3437 855 3496 terpretatus
880 3438 964 3483 est
996 3448 1009 3483 :
1041 3443 1162 3499 quae
1190 3443 1292 3482 vox
1329 3426 1627 3481 inconsulte
1653 3434 1736 3478 est
1758 3441 1787 3477 a
1817 3424 2094 3478 Parisien-

533 3517 683 3571 sibus
702 3518 1004 3573 editoribus
1036 3520 1089 3573 in
1130 3518 1431 3590 Γρηγόρων
1464 3524 1815 3571 commutata.
1853 3513 2097 3568 Innume-

534 3623 593 3661 ra
642 3608 896 3675 proferre»
939 3626 1174 3680 possem,
1217 3610 1415 3680 quibus
1470 3606 1713 3663 eruditus
1768 3605 1936 3661 lector
1981 3604 2099 3660 luce

532 3699 732 3756 clarius
759 3701 809 3756 id
838 3702 1188 3772 perspiceret,
1225 3717 1330 3756 non
1368 3699 1581 3755 licuisse
1615 3697 1770 3751 nobis
1816 3695 2098 3749 Nanniana

533 3791 608 3845 uti
644 3791 920 3859 versione;
950 3795 1163 3861 quando
1228 3802 1332 3845 tam
1369 3790 1531 3846 multa
1571 3787 1901 3842 immutanda
1940 3801 2100 3855 opor-

534 3883 655 3949 tuit,
685 3893 741 3938 ut
773 3885 857 3941 vix
889 3884 1080 3939 Nannii
1118 3886 1293 3940 versio
1314 3883 1509 3938 exinde
1541 3880 1719 3935 vocari
1746 3887 1928 3947 posset
1959 3896 1972 3931 :
2008 3892 2100 3931 ve-

532 3989 649 4028 rum
681 3990 747 4029 ne
776 3976 828 4030 in
867 3992 924 4030 re
953 3987 1076 4030 nota
1108 3986 1163 4031 et
1195 3974 1505 4044 pervulgata
1534 3967 1733 4024 multus
1778 3980 1831 4023 et
1863 3968 2099 4023 insolens

534 4064 660 4130 sim,
716 4064 944 4121 libenter
996 4067 1207 4134 ingrato
1243 4064 1423 4117 labore
1483 4058 1829 4127 supersedeo.
1876 4057 2100 4111 Miretur

531 4166 710 4211 autem
758 4165 949 4211 acutus
982 4156 1205 4225 quilibet
1232 4154 1370 4206 inter
1399 4146 1873 4220 prmstanrtissiliias
1926 4161 2099 4201 annu-

535 4256 819 4311 meratam,
856 4255 911 4301 et
962 4247 1177 4315 quidem
1226 4256 1254 4295 a
1287 4242 1456 4297 doctis
1488 4240 1639 4301 viris,
1670 4238 2098 4293 Nannii‘versio-

532 4351 685 4403 nem;
732 4343 783 4389 ut
823 4335 1093 4405 propalam
1125 4333 1195 4387 sit
1236 4328 1530 4386 istiusmodi
1578 4327 1785 4396 jndices
1832 4326 1885 4379 in
1914 4325 2101 4381 conie-

534 4426 696 4482 renda
735 4440 855 4480 cum
882 4424 1083 4479 Grrecis
1127 4422 1213 4477 illa
1265 4418 1707 4488 interpretatione
1740 4433 1842 4471 non
1872 4417 2096 4472 multum

528 4516 625 4571 otii
678 4513 1092 4582 consumpsisse.
1153 4511 1413 4565 Nimirum
1480 4507 1679 4577 decipit
1726 4510 1873 4563 l'rons
1928 4508 2096 4578 prima

533 4604 765 4660 multos:
801 4618 922 4656 cum
954 4602 1096 4655 enim
1118 4602 1171 4654 in
1200 4600 1317 4656 loca
1352 4600 1597 4669 quaedam
1627 4599 1855 4653 feliciter
1889 4599 2101 4653 reddita

531 4710 657 4750 casn
688 4692 999 4747 incidissent
1034 4691 1109 4762 (et
1140 4703 1265 4745 sunt
1294 4691 1524 4746 fatemur
1547 4691 1809 4758 ejusmodi
1834 4705 1940 4746 non
1966 4706 2102 4760 pau-

532 4785 640 4853 ca),
674 4785 739 4837 de
790 4782 997 4835 caeteris
1047 4782 1412 4852 c0njecturam
1468 4780 1730 4847 fecerunt.
1776 4782 2103 4837 Auctoribus

532 4875 694 4945 igitur
719 4881 772 4927 et
802 4876 1223 4930 consuasoribus
1259 4873 1348 4929 cll.
1382 4871 1492 4928 \‘V.
1540 4871 1749 4943 Bigotio
1792 4884 1844 4927 et
1872 4871 2097 4943 Cangio,

531 4979 664 5033 quos
704 4972 1091 5019 memorantem

739 5124 1016 5176 Χαλεπὸν
1040 5125 1144 5194 ἐμὲ
1177 5126 1395 5191 πένθος
1425 5125 1634 5189 ἱκάνει,

533 5304 599 5356 ad
618 5316 810 5356 novam
836 5302 1097 5360 edendam
1143 5306 1447 5362 versionem
1494 5307 1730 5361 animum
1776 5306 2099 5376 appulimus,

532 5393 629 5445 etsi
651 5408 760 5449 rem
788 5394 1007 5449 arduam
1050 5398 1164 5451 fore
1198 5398 1677 5467 prospiciebamus.
1712 5397 1922 5451 Etenim
1940 5412 2100 5467 quam

532 5485 746 5543 dimcile
784 5487 854 5543 sit
883 5488 948 5542 ad
999 5498 1073 5544 tot
1104 5489 1439 5545 eruditorum
1472 5498 1653 5565 nutum
1694 5504 1758 5546 ac
1786 5490 2109 5544 sententiam

532 5575 719 5636 Graeca
753 5576 939 5634 Latine
968 5580 1115 5646 dare,
1150 5581 1273 5637 hinc
1322 5582 1519 5651 palam,
1565 5581 1707 5652 quod
1762 5578 2110 5652 quantumvis

604 5739 679 5803 (ιι)
706 5736 841 5791 Edit.
874 5737 1161 5793 Parisiens.
1190 5755 1224 5807 p
1276 5738 1397 5793 785.

604 5809 677 5878 (ιι)
710 5807 851 5864 Edit.
883 5807 1164 5865 Parisiens.
1195 5824 1249 5879 p.
1279 5809 1382 5863 9i8

2197 582 2527 654 grediantur,
2564 593 2629 634 ne
2670 578 2776 633 duo
2814 580 3027 647 quidem
3056 580 3299 634 eamdem
3334 592 3555 648 prorsus
3588 578 3756 633 inter-

2197 674 2546 743 pretationem
2582 672 2766 725 edant.
2810 669 2883 723 Ea
2914 685 3072 739 porro
3102 667 3203 722 fuit
3234 669 3463 723 instituti
3493 669 3662 723 nostri
3678 684 3763 722 ra-

2198 767 2297 829 ti'o,
2340 775 2397 820 ut
2436 763 2839 833 interpretando
2884 762 3113 816 mediam
3143 775 3241 815 ceu
3282 760 3420 812 viam
3460 769 3765 814 teneremus

2199 855 2337 909 inter
2386 853 2847 925 παραφραστικήν
2900 851 3139 906 vertendi
3198 849 3483 914 rationem,
3548 857 3603 903 et
3643 848 3765 903 stri-

2198 964 2383 1019 gosam
2416 949 2560 1003 illam
2600 947 2784 1011 aliam,
2838 962 2957 1016 quae
2985 946 3170 1002 Gmca
3200 960 3232 1000 e
3275 944 3500 1013 vestigio
3542 954 3597 999 et
3626 944 3766 999 κατὰ

2199 1040 2335 1094 πόδα
2382 1049 2722 1095 consectatur
2753 1056 2768 1093 :
2799 1050 2959 1108 atque
3010 1039 3083 1091 ita
3118 1036 3305 1093 Graeca
3334 1036 3686 1101 reddidimus,
3712 1046 3769 1090 ut

2198 1134 2373 1202 quoad
2404 1130 2634 1185 facultas
2666 1130 2802 1193 tulit,
2838 1145 2865 1183 a
2896 1128 3281 1185 consuetudine
3326 1126 3531 1181 Latina:
3578 1126 3769 1195 lingua:

2202 1239 2305 1278 non
2338 1222 2758 1278 deﬂecteremus.
2789 1221 2829 1273 A
2862 1220 3083 1275 vocibus
3106 1228 3281 1273 tamen
3301 1227 3558 1287 perpetuo
3582 1233 3681 1271 usu
3712 1218 3764 1270 in

2203 1312 2442 1366 Ecclesia
2489 1312 2761 1374 admissis,
2800 1309 2900 1363 etsi
2931 1307 3120 1362 Latine
3165 1307 3340 1361 minus
3366 1307 3600 1369 usitatis,
3663 1321 3767 1359 non

2201 1402 2576 1467 abstinttittius,
2629 1410 2686 1455 ut
2740 1407 2865 1456 sunt
2914 1397 3145 1467 exempli
3190 1411 3372 1463 causa,
3410 1397 3769 1465 morti/icatio,

2200 1494 2491 1557 tribulatio,
2534 1494 2842 1560 persecutio,
2873 1500 2928 1546 et
2954 1490 3074 1544 alia:
3102 1490 3153 1544 id
3179 1504 3365 1558 genus.
3395 1487 3519 1557 quia
3548 1487 3772 1556 potissi-

2202 1599 2344 1637 mum
2378 1591 2594 1638 exstant
2619 1585 2671 1637 in
2706 1580 2931 1651 Vulgata
2964 1589 3169 1645 nostra,
3211 1586 3267 1633 et
3290 1595 3319 1631 a
3353 1576 3611 1631 Patribus
3658 1577 3769 1632 fre-

2201 1683 2546 1742 quentantur.
2592 1672 2701 1730 Nec
2737 1673 3035 1742 morigeros
3055 1685 3173 1725 esse
3212 1669 3385 1723 visunt
3411 1676 3495 1722 est
3532 1668 3621 1734 iis,
3680 1668 3772 1737 qui

2202 1766 2393 1821 oblitas
2427 1765 2579 1820 Latio
2605 1779 2763 1819 voces
2796 1774 2903 1817 tam
2929 1762 3115 1817 sedulo
3142 1767 3499 1827 ancupantur,
3518 1769 3577 1812 ut
3604 1760 3769 1813 etiam

2133 1843 2174 1898 Β
2205 1858 2511 1927 importuno
2539 1858 2789 1926 scrupulo
2816 1871 2845 1908 a
2878 1855 3051 1918 suavi,
3083 1862 3136 1909 et
3158 1851 3224 1905 ab
3252 1852 3379 1919 ipsis
3408 1850 3661 1906 Ecclesia:
3688 1851 3773 1904 in-

2204 1950 2484 2004 cunabulis
2537 1948 2733 2018 ubique
2788 1954 2999 2015 recepta
3041 1944 3381 1999 SALVATORIS
3429 1953 3559 1996 voce
3599 1940 3774 1996 absti-

2206 2050 2389 2097 neant.
2420 2039 2621 2095 Contra
2652 2053 2778 2092 vero
2809 2036 3001 2105 religio
3023 2034 3123 2089 fuit
3160 2050 3372 2089 sacrum
3404 2047 3597 2088 nomen
3649 2046 3774 2086 cum

2205 2132 2327 2187 aliis
2364 2141 2714 2191 commutare,
2743 2128 2844 2182 etsi
2901 2127 3069 2196 magis
3098 2126 3164 2179 ad
3198 2122 3398 2178 Latina:
3430 2124 3625 2192 liogum
3648 2121 3781 2177 idio-

2206 2236 2293 2276 ma
2353 2219 2778 2274 accedentibus:
2830 2230 2951 2268 cum
3014 2214 3247 2267 maxime
3311 2211 3651 2281 exploratum
3706 2210 3781 2264 sit

2207 2310 2323 2365 voci
2348 2310 2539 2380 Σωτήρ
2576 2307 2776 2361 nullam
2809 2319 2839 2358 e
2867 2300 3077 2358 Latinis
3113 2304 3277 2375 probe
3301 2315 3619 2372 congruere.
3639 2302 3777 2355 Audi

2210 2400 2443 2455 Tullium
2481 2398 2554 2468 (c)
2591 2414 2605 2450 :
2631 2395 2820 2464 Itaque
2846 2411 2961 2447 eum
2987 2410 3090 2446 non
3118 2392 3291 2447 solum
3313 2403 3593 2461 patronum
3622 2392 3781 2443 istius

2205 2491 2412 2553 insula‘,
2453 2488 2544 2542 sed
2580 2486 2740 2541 etiam
2772 2499 2981 2539 sorsus
3010 2484 3321 2552 inscriptum
3344 2483 3447 2536 ridi
3472 2480 3777 2551 Syracusis.

2210 2580 2321 2635 Hoc
2348 2591 2601 2649 quantum
2637 2575 2754 2630 est!
2781 2572 2861 2628 Ita
2885 2580 3152 2643 magnum,
3188 2584 3240 2625 ut
3269 2571 3600 2639 Latino‘uno
3625 2569 3781 2622 verba

2203 2670 2424 2739 exprimi
2455 2684 2557 2721 non
2582 2668 2764 2735 possit.
2795 2665 2852 2718 Is
2881 2665 3227 2719 estnimirum
3247 2677 3418 2717 sons
3442 2662 3531 2731 qui
3548 2661 3779 2714 salutem

2201 2761 2366 2815 dedit.
2409 2752 2631 2813 Frustra
2671 2757 2835 2829 igitur
2856 2770 3066 2827 quatras
3105 2752 3243 2822 apud
3274 2752 3521 2822 antiquos
3565 2750 3781 2805 Latini-

2206 2851 2330 2906 tatis
2376 2861 2629 2904 auctores
2686 2862 2874 2903 vocem
2913 2858 3032 2913 quae
3060 2844 3147 2897 isti
3172 2843 3366 2913 Σωτήρ
3401 2842 3724 2910 respondeat
3761 2856 3775 2891 :

2202 2950 2531 3011 quapropter
2562 2938 2717 3009 vulgo
2750 2936 3044 2993 Saluatoris
3070 2949 3190 2987 eam
3222 2933 3437 2986 nomine
3472 2930 3777 2994 reddimus,

2204 3046 2324 3084 raro
2362 3028 2685 3091 Serratoris;
2714 3043 2742 3079 a
2778 3024 2998 3093 reliquis
3031 3036 3181 3086 vero,
3218 3033 3387 3089 nuper
3425 3016 3777 3085 excogitatis,

2202 3130 2382 3189 utpoze
2413 3118 2865 3178 insolentioribus,
2898 3115 3247 3167 abstinemus.
3277 3107 3459 3163 Sicubi
3486 3122 3647 3177 porro
3682 3123 3778 3161 su-

2121 3190 2165 3249 c
2197 3212 2409 3268 blimior
2460 3226 2545 3264 res
2592 3210 2788 3278 agitur,
2848 3213 2904 3257 ut
2946 3201 3224 3256 Trinitatis
3273 3197 3631 3253 lnoarnatioui
3665 3212 3777 3267 quo

2199 3303 2353 3365 ratio,
2386 3311 2496 3354 tum
2532 3297 2860 3367 simpliciore
2884 3308 3072 3347 vocum
3099 3307 3193 3344 usu
3224 3288 3403 3344 omnia
3435 3287 3767 3357 interpreta-

2199 3407 2346 3457 mur,
2386 3404 2508 3442 nam
2538 3387 2590 3441 in
2643 3387 2813 3445 hisce,
2845 3385 2920 3434 ait
2944 3378 3115 3433 Julius
3152 3395 3313 3449 papa,
3358 3393 3461 3432 non
3490 3378 3771 3446 specimen

2196 3482 2516 3551 eloquentia:
2546 3475 2889 3547 querendum
2916 3484 3019 3527 est.
3058 3471 3116 3526 Si
3149 3479 3440 3526 occurrunt
3469 3468 3769 3538 Scriptura:
3836 3540 3839 3543 δ

2197 3589 2365 3631 sacra:
2391 3572 2531 3634 loca,
2566 3568 2870 3637 angatam,
2896 3566 2980 3619 tibi
3019 3579 3105 3618 res
3137 3562 3254 3619 l'ert,
3296 3562 3571 3631 sequimur
3606 3576 3620 3613 :
3670 3561 3771 3613 sed

2198 3666 2492 3738 quandoex
2527 3661 2702 3718 Veteri
2734 3658 3087 3714 Testamento
3129 3655 3411 3710 sententia:
3448 3652 3774 3713 afferuntur,

2197 3759 2319 3828 quia
2350 3757 2661 3827 plerumque
2713 3751 2935 3820 Vulgata
2991 3764 3110 3816 qua:
3139 3761 3207 3799 ex
3244 3744 3466 3801 Hebraeo
3509 3755 3772 3811 expressa

2200 3845 2317 3909 fuit,
2342 3858 2462 3896 cum
2492 3839 2693 3896 Gra-cis
2724 3836 3070 3908 Septuaginta
3104 3850 3207 3890 non
3234 3832 3510 3895 convenit,
3539 3840 3648 3884 tum
3678 3846 3774 3883 ne.

2198 3951 2347 3990 cesse
2376 3948 2592 4002 prorsus
2604 3942 2687 3985 est
2715 3931 2905 3983 littera:
2921 3926 3163 3991 obsequi,
3182 3926 3445 3993 aliamque
3470 3924 3772 3977 versionem

2200 4041 2392 4096 parare
2426 4045 2438 4078 :
2487 4023 2595 4077 imo
2638 4024 2799 4077 etiam
2830 4036 2951 4076 cum
3011 4018 3230 4088 Vulgata
3264 4024 3445 4070 nostra
3475 4031 3538 4068 ex
3568 4015 3775 4068 Graecis

2198 4114 2536 4184 exprimitur,
2571 4128 2676 4168 non
2703 4128 2830 4167 raro
2862 4112 2930 4165 ab
2951 4125 3013 4162 ea
3046 4106 3285 4162 nonnihil
3309 4104 3587 4160 deﬂectere
3618 4118 3773 4171 0pc:-

2201 4216 2296 4270 tct,
2322 4206 2434 4259 sive
2456 4204 2612 4258 lectio
2674 4204 2907 4263 diversa,
2938 4201 3052 4256 sive
3078 4197 3355 4253 Athanasii
3404 4210 3554 4249 mens
3607 4194 3772 4247 aliam

2200 4299 2698 4368 interpretationem
2731 4294 2967 4367 postulet
3004 4311 3019 4347 :
3078 4291 3221 4359 quod
3287 4290 3429 4344 haud
3480 4301 3603 4342 raro
3645 4301 3776 4342 eve-

2202 4388 2298 4440 nit.

2273 4478 2524 4531 Ordinem
2577 4475 2717 4545 quod
2766 4484 3001 4546 spectat,
3034 4488 3138 4529 una
3179 4470 3334 4526 nobis
3383 4468 3483 4522 fuit
3513 4464 3772 4535 temporis

2131 4553 2177 4611 θ
2206 4568 2619 4632 ratio,omnium
2643 4566 2848 4621 scilicet
2871 4564 3333 4636 opportunissima
3356 4574 3476 4613 cum
3507 4558 3572 4611 ad
3604 4556 3771 4611 histo-

2202 4662 2339 4716 riam
2367 4668 2422 4715 et
2456 4658 2885 4728 ehronologiam,
2921 4667 3031 4712 tum
3063 4656 3129 4710 ad
3158 4653 3421 4723 iudicium
3455 4649 3667 4712 νοθείας
3688 4646 3776 4702 vel

2202 4755 2555 4824 yvqaoirqzog
2585 4751 2885 4807 ferendum.
2941 4747 3355 4803 Admouitiones
3404 4741 3599 4810 cuique
3632 4738 3772 4792 libro

2202 4858 2294 4901 aut
2322 4844 2563 4915 epistolae
2591 4861 2611 4910 ',
2640 4842 2725 4897 vel
2753 4840 2924 4895 sicubi
2959 4839 3111 4910 plura
3155 4841 3412 4904 opuscula
3461 4841 3648 4885 mutue
3681 4843 3778 4882 co-

2202 4940 2430 5000 haerent,
2463 4936 2730 5006 pluribus,
2769 4931 3153 5003 praemisimus.
3185 4927 3261 4981 lbi
3300 4935 3510 4993 tempus
3543 4920 3773 4975 investi-

2204 5045 2429 5102 ganius;
2475 5043 2612 5097 opus
2654 5040 2971 5095 germanum
3024 5036 3167 5087 esse,
3226 5034 3348 5074 cum
3401 5031 3487 5072 res
3518 5014 3777 5085 postulat,

2205 5121 2385 5190 palam
2416 5119 2645 5173 iacimus
2673 5135 2687 5183 ;
2719 5132 2838 5187 qum
2869 5114 3179 5170 diﬂieillima
3203 5118 3497 5167 occurrunt
3528 5105 3765 5174 explica-

2208 5227 2348 5275 mus,
2382 5217 2643 5278 quantum
2678 5210 2730 5262 in
2761 5208 2918 5263 nobis
2950 5208 3115 5263 situm
3158 5215 3262 5261 est.
3320 5201 3579 5255 Monitum
3612 5210 3771 5265 porro

2206 5300 2459 5357 lectorem
2493 5300 2760 5365 volumus,
2791 5314 2888 5354 nos
2919 5299 2996 5352 sic
3028 5296 3209 5351 omnia
3240 5303 3587 5362 temperasse,
3613 5297 3670 5339 nt
3708 5301 3776 5340 ne

2208 5392 2374 5445 nimia
2436 5402 2686 5445 notarum
2763 5389 3076 5458 prolixitate
3135 5387 3237 5453 ipsi
3294 5394 3544 5437 nauseam
3612 5374 3779 5431 mole-

2207 5485 2437 5538 stiamve
2475 5496 2833 5537 crearemus:
2879 5494 2943 5533 ac
2975 5477 3135 5531 multa
3183 5472 3427 5530 consulto
3472 5465 3774 5539 praetermi-

2210 5578 2366 5641 sisse,
2406 5576 2530 5645 quia
2589 5574 2672 5629 vel
2729 5574 2780 5627 in
2837 5570 3179 5626 Onomastico
3218 5565 3503 5636 explanata
3547 5567 3692 5627 sunt,
3728 5563 3777 5621 si

2276 5736 2346 5806 (ε)
2372 5734 2438 5791 In
2472 5732 2615 5790 Verr.
2648 5748 2719 5788 tv.
