3998 6498
1202 367 1569 425 ΡΒᾸΕΡΑΤΙΟ
1608 369 1791 424 EDITI

1899 369 1957 424 IS
2000 367 2498 424 BENEDICTINIE.
3331 390 3461 435 XXIII

168 499 259 556 qua
306 496 470 539 voces
519 493 849 553 spectant;
891 487 984 544 vel
1032 489 1083 543 in
1110 486 1389 541 Athanasii
1430 484 1572 552 Vita,
1610 486 1653 541 si
1684 500 1789 555 qua
1820 489 1866 546 Α
1895 483 2013 539 loco
2043 483 2138 554 (a).
2170 484 2524 538 Athanasium
2559 478 2779 549 Basilio,
2808 483 3072 555 Gregorio
3101 497 3157 543 et
3180 488 3462 555 Apollina-

172 573 433 628 liistoriam
463 590 478 637 ;
515 573 611 626 vel
654 574 732 629 'in
793 575 1063 642 Munitis,
1095 578 1136 632 si
1167 593 1269 647 qua
1318 592 1407 632 res
1442 576 1691 632 diversas
1736 586 1790 631 et
1895 574 1976 629 rio
2001 583 2397 643 comparatum,
2431 577 2599 629 instar
2627 576 2777 644 pueri
2814 576 3115 631 habendum
3150 577 3291 634 casa.
3319 580 3463 635 Sane

175 664 449 719 insolentes
474 681 491 730 ;
514 674 578 718 ut
610 668 811 733 possit
837 669 1083 738 quisque
1098 670 1334 722 animum
1361 667 1581 737 explere
1608 682 1787 721 suum.

180 756 324 811 Dubia
352 764 406 809 et
434 757 638 824 spuria
680 758 743 812 in
775 762 1096 815 secundum
1135 770 1339 815 tomum
1371 758 1469 830 (l),
1498 757 1791 827 praemissis

179 846 364 910 νοθείας
394 846 599 917 signis.
634 847 1072 917 ablegavimus.
1121 849 1330 916 Quanto
1379 857 1557 904 autem
1610 850 1793 904 labore

182 951 231 990 ac
271 938 444 991 studio
490 939 1018 1006 contenderimus,
1056 951 1111 995 ut
1145 942 1187 995 si
1220 956 1323 1009 qua
1360 941 1593 996 laterent
1616 942 1665 996 in
1695 958 1791 997 va-

185 1027 261 1083 riis
284 1027 511 1096 Europa:
548 1029 951 1087 bibliothecis
1003 1033 1279 1088 Athanasii
1313 1047 1476 1102 opera
1510 1048 1614 1088 non
1648 1034 1790 1089 edita

185 1120 680 1174 transmitterentur
748 1122 964 1187 nobis,
1039 1125 1193 1178 fidem
1249 1138 1410 1193 spero
1470 1125 1506 1179 ii
1567 1125 1791 1192 facient,

186 1218 422 1279 quotquot
446 1212 793 1268 ministerio
846 1224 1023 1283 atque
1063 1214 1251 1269 oﬂiclis
1295 1227 1355 1269 ea
1393 1216 1444 1270 in
1477 1232 1535 1271 re
1574 1217 1659 1270 usi
1698 1232 1791 1270 su-

188 1318 305 1356 mus.
337 1302 399 1355 Et
438 1299 579 1358 sane
614 1304 776 1360 bene
809 1305 997 1360 multa
1023 1304 1132 1374 jam
1175 1308 1408 1375 primum
1460 1295 1790 1364 Athanasia-

188 1394 257 1446 nis
278 1393 544 1447 accedunt
569 1395 700 1449 sive
736 1396 1036 1450 hactenus
1070 1397 1293 1460 inedita,
1333 1398 1449 1452 sive
1486 1399 1575 1452 hic
1601 1395 1712 1453 illic
1739 1401 1790 1453 in

190 1484 327 1536 editis
356 1483 523 1538 variis
552 1484 882 1542 distracta.
937 1484 1069 1551 Quae
1110 1488 1291 1540 omnia
1338 1489 1634 1543 observare
1671 1491 1795 1546 licet

191 1574 233 1627 in
262 1575 502 1644 catalogo
549 1577 682 1631 suis
713 1577 1007 1631 distincta
1042 1579 1200 1632 notis.
1232 1580 1286 1632 In
1322 1578 1630 1644 ἀνεκδότοις
1666 1597 1792 1637 vero

194 1664 312 1718 mole
351 1674 400 1720 et
441 1666 636 1735 pretio
691 1668 896 1722 anteit
952 1667 1368 1723 Commentarius
1418 1671 1470 1722 in
1518 1669 1789 1737 Psalmos,

1893 667 2029 720 tanti
2086 665 2332 721 faciemla
2384 649 2733 737 Philostorgii
2797 668 2861 723 de
2923 671 3220 726 Athanasio
3273 676 3459 741 verba,

1892 760 2079 828 quanti
2111 754 2223 814 haec
2247 759 2495 815 Eun‘omii
2532 763 2598 815 de
2638 760 2832 817 Basilio
2862 780 2876 825 ;
2916 779 3096 831 quem,
3132 774 3188 817 ut
3219 768 3292 820 ait
3320 767 3460 824 Gre-

1893 849 2073 918 gorius
2108 847 2404 918 Nyssenus,
2463 840 2553 904 lib.
2584 866 2598 903 ι
2641 862 2821 904 contra
2858 850 3197 929 Eunomi‘nm,
3232 858 3461 912 vocabat

1886 940 2145 1011 πονηρὸν,
2184 942 2450 1014 κακοήθη,
2476 940 2735 1014 ψευστὴν,
2772 946 2864 998 καὶ
2919 946 2998 999 ἔτι
3051 948 3186 1019 πρὸς
3227 950 3462 1014 τούτοις,

1893 1032 2116 1101 ορακὺν,
2146 1034 2354 1105 ἀμαθῆ,
2386 1036 2801 1108 παράγραπτον,
2839 1038 2949 1091 τῶν
2993 1038 3151 1094 θείων
3196 1041 3465 1114 ἀμύητον.

1893 1122 1947 1176 ld
1982 1134 2102 1177 est:
2134 1119 2359 1190 Malunt,
2394 1122 2683 1196 improbant
2729 1131 2981 1196 moribus,
3029 1135 3329 1189 mendacem
3368 1152 3387 1200 ,°
3417 1148 3468 1192 et

1892 1226 2143 1279 prieterea
2174 1221 2449 1282 audacem,
2481 1220 2773 1287 indoctum,
2804 1222 3116 1291 falsiﬁcum,
3160 1227 3467 1284 divinarum

1895 1322 2067 1359 rerum
2098 1307 2413 1373 imperitum.
2466 1309 2629 1365 Misso
2664 1312 2846 1382 itaque
2877 1314 3202 1383 iniquissimi
3261 1318 3467 1375 rabula:

1888 1392 2114 1461 judicio,
2144 1397 2209 1449 ad
2242 1397 2493 1451 l’hutium
2526 1399 2827 1461 veniamus,
2853 1414 3065 1471 aequum
3094 1405 3459 1476 peritumque.

1897 1487 1942 1558 si
1975 1487 2096 1555 quis
2140 1489 2300 1552 alius,
2349 1490 2604 1558 iudicem.
2641 1490 2691 1543 ls
2739 1493 2815 1547 ait
2862 1494 2911 1547 in
2961 1495 3289 1551 Bibliotheca
3320 1515 3465 1556 sua:

1895 1572 2080 1649 Zazpiqg
2113 1580 2210 1650 μὲν
2234 1580 2348 1633 ἐστι
2372 1582 2470 1640 τὴν
2498 1583 2718 1654 φράσιν,
2753 1586 2847 1637 καὶ
2877 1587 3165 1657 ἀπέριττος
3210 1591 3303 1643 καὶ
3331 1592 3468 1661 ἀφε-

1895 1668 2012 1739 λής,
2061 1671 2259 1741 δριμὺς
2303 1666 2359 1726 δὲ
2392 1674 2485 1726 καὶ
2521 1673 2709 1743 βαθὺς,
2748 1676 2840 1729 καὶ
2881 1676 3143 1745 λίανντοῒς
3188 1683 3470 1755 ἐπιχειρή-

192 1756 266 1823 qui
303 1771 362 1809 es
404 1756 819 1827 compluribus
882 1758 1269 1828 manuscriptis
1313 1758 1425 1826 jam
1464 1760 1696 1829 primum
1736 1762 1789 1815 iu

1901 1776 2063 1829 μασιν
2104 1760 2337 1825 εῠτονος.
2398 1794 2472 1805 -
2516 1766 2625 1818 Καὶ
2678 1766 2741 1818 τὸ
2783 1767 3006 1837 γόνιμον
3043 1762 3230 1836 αὑτοῦ,
3279 1772 3469 1843 ἡλίκον

194 1846 341 1900 lucem
375 1848 584 1915 prodit,
612 1858 676 1906 et
710 1849 960 1919 quidem
999 1850 1198 1920 ingenti
1230 1847 1416 1904 labore
1458 1852 1787 1921 exscriptus,

1899 1851 2019 1904 ὅσον
2058 1854 2151 1906 καὶ
2184 1853 2505 1925 θαυμάσιον.
2541 1857 2653 1912 lloc
2687 1866 2804 1910 est:
2842 1836 3055 1926 Clarus,
3100 1861 3232 1915 nihil
3274 1836 3468 1917 redun-

197 1947 243 1989 ut
270 1937 502 2004 pluribus
532 1942 605 1995 ad
642 1940 912 1995 frontem
942 1942 1119 2011 operis
1154 1942 1441 1997 indicatur.
1475 1938 1580 1997 Sed
1604 1944 1791 2012 quanti

198 2032 377 2098 quanti,
413 2033 554 2101 bene
585 2033 824 2088 emitur
866 2034 1019 2101 quod
1044 2047 1260 2088 necesse
1294 2041 1399 2087 est.
1433 2030 1512 2086 Ne
1550 2034 1679 2103 quid
1713 2034 1792 2088 le-

199 2126 339 2179 ctoris
377 2126 699 2183 commodis
750 2130 1003 2194 deesset,
1048 2125 1448 2192 Onomasticon,
1495 2130 1670 2196 quoad
1722 2127 1795 2182 fu-

199 2218 343 2271 cultas
384 2218 529 2285 tulit,
581 2217 1103 2274 accuratissimum
1139 2218 1333 2271 damus
1366 2232 1433 2271 ac
1481 2233 1587 2274 non
1618 2220 1791 2274 Atha-

200 2306 311 2361 nasii
336 2310 514 2377 modo,
553 2310 664 2364 sed
705 2308 962 2362 aliorum
1011 2307 1170 2361 etiam
1206 2307 1429 2365 Patrum
1461 2310 1684 2378 scriptis
1713 2313 1794 2364 in-

201 2396 493 2479 telligendis_
523 2410 1057 2471 peropportunum.
1110 2398 1295 2454 Varias
1342 2403 1597 2458 lectiones
1652 2402 1793 2459 netis

201 2492 504 2548 intermistas
551 2494 634 2547 ad
670 2493 861 2548 intum
902 2490 1114 2561 pagina:
1148 2489 1390 2548 locamus
1426 2510 1441 2547 :
1488 2508 1610 2562 quae
1654 2494 1794 2549 ratio

200 2585 407 2639 omnium
431 2595 519 2640 est
545 2584 1055 2640 commodissima.
1084 2581 1369 2640 Lectiones
1414 2594 1596 2641 autem
1627 2586 1790 2641 etiam

201 2688 294 2740 eas,
320 2692 430 2743 quae
459 2677 631 2745 parvi
666 2676 846 2745 pretii
882 2674 1161 2740 videntur,
1187 2691 1293 2730 non
1336 2676 1594 2732 du’simus
1625 2678 1787 2749 negli-

204 2767 405 2835 geudas;
440 2768 493 2821 id
529 2769 682 2821 licet
720 2762 980 2821 nostrum
1009 2764 1287 2820 Gallorum
1311 2769 1524 2837 genium
1556 2785 1661 2824 non
1699 2774 1793 2824 sa;

205 2857 311 2921 piat,
338 2868 388 2912 ut
412 2860 688 2922 minutis,
727 2860 775 2913 si
810 2873 940 2927 quas
973 2859 1045 2913 ita
1076 2860 1345 2923 videntur,
1382 2861 1543 2915 rebus
1570 2877 1791 2933 operam

205 2948 401 3003 demus:
436 2952 535 3021 qui
576 2951 976 3019 quodcunque
1004 2949 1180 3017 primo
1233 2960 1452 3019 aspectu
1497 2950 1612 3005 leve
1643 2963 1793 3020 puta.

206 3050 291 3105 tur,
316 3044 495 3097 statim
535 3059 682 3098 cum
721 3043 955 3097 fastidio
1000 3045 1323 3113 respuimus.
1379 3042 1645 3109 Quorsqu
1693 3043 1793 3097 illa:

203 3134 379 3200 nminat,
409 3136 671 3202 aientes,
697 3134 831 3203 quis
861 3150 994 3188 usus
1028 3134 1274 3189 lectionis
1299 3133 1627 3202 hujusmodi,
1662 3134 1789 3203 quin

1898 1946 2055 2007 dans,
2085 1945 2307 2013 simplex
2329 1962 2351 2011 ;
2384 1946 2571 2001 acutus
2598 1958 2773 2002 tamen
2800 1958 2847 2002 et
2873 1950 3034 2014 altus,
3078 1953 3131 2004 in
3178 1970 3467 2021 argumen:

1897 2034 2183 2089 tationibus
2217 2053 2486 2091 nervosus.
2524 2024 2689 2108 Cujus
2726 2049 2876 2093 tanta
2920 2049 2999 2093 est
3038 2042 3245 2096 ubertas
3284 2055 3338 2096 ut
3367 2048 3466 2098 ad-

1897 2125 2151 2179 mirabilis
2174 2130 2263 2180 sit.
2294 2127 2359 2181 Et
2386 2139 2580 2187 caetera
2605 2146 2725 2199 qute
2757 2132 2924 2185 fusius
2957 2132 3046 2186 ille
3077 2135 3423 2204 prosequitur
3444 2154 3467 2197 :7,

1897 2215 2152 2286 additque
2179 2218 2229 2271 in
2267 2219 2741 2287 subsequentibus,
2775 2221 3027 2276 Basilium
3058 2234 3112 2277 et
3141 2218 3461 2295 Gregorium

1896 2300 2298 2362 Nazianzenum
2330 2324 2394 2365 ex
2423 2309 2540 2378 ejus
2566 2320 2754 2366 contra
2786 2314 3018 2370 Arianos
3049 2317 3268 2387 scriptis
3312 2320 3465 2373 theo-

1896 2396 2093 2467 logiam
2127 2400 2378 2456 hausisse
2406 2417 2581 2457 suam;

1964 2488 2020 2544 2.
2050 2490 2433 2550 Sublimiorem
2463 2494 2640 2549 adhuc
2682 2495 2895 2551 dicendi
2937 2496 3194 2553 facultate
3227 2498 3466 2556 Athana-

1896 2580 2034 2633 sium
2097 2582 2321 2636 eithibet
2367 2583 2648 2649 Erasmus,
2681 2586 2771 2654 qui
2813 2586 3027 2642 videtur
3055 2601 3178 2643 eum
3210 2589 3462 2647 Patribcs

1896 2671 2065 2727 ferme
2113 2674 2365 2729 amnibus
2409 2675 2700 2731 anteferre.
2750 2676 2844 2731 Sic
2893 2678 2980 2732 ille
3026 2681 3077 2734 in
3135 2680 3359 2749 epistola
3392 2683 3461 2736 ad

1894 2760 2156 2820 Joannem
2218 2767 2533 2836 episcOpum
2577 2766 3051 2825 Lincolnienscm:
3088 2770 3218 2825 Erat
3259 2772 3340 2825 vir
3374 2772 3466 2826 ille

1894 2855 2087 2909 sa'culo
2120 2856 2553 2926 tranquillissima
2576 2858 2792 2927 dignus,
2816 2858 3042 2911 dedisset
3073 2860 3220 2913 nobis
3235 2863 3466 2931 egregios

1895 2947 2091 3016 ingenii
2110 2948 2478 3021 [acuntliazque
2498 2964 2609 3002 sua:
2637 2949 2862 3016 fructus.
2908 2948 3149 3005 Habebat
3187 2953 3325 3005 enim
3351 2967 3467 3006 rere

1895 3039 2069 3089 dotem
2108 3036 2292 3101 illaut,
2329 3054 2486 3106 quam
2529 3037 2737 3105 Paulus
2781 3041 2833 3093 in
2892 3042 3132 3108 episcopo
3170 3050 3323 3111 putat
3355 3058 3465 3097 esse

1899 3127 2242 3194 prtrcipuam,
2266 3126 2327 3179 τὸ
2358 3126 2686 3192 διδακτικόν,
2728 3130 2858 3182 adeo
2888 3131 3153 3183 dilucidus
3197 3140 3294 3195 est,
3340 3148 3466 3184 aeuo

204 3223 357 3279 isthazc
396 3227 582 3279 missa
624 3223 897 3279 faciunt?
934 3221 1129 3278 Verum
1163 3227 1214 3279 in
1249 3234 1496 3292 promptu
1533 3234 1615 3277 est
1645 3224 1786 3291 quod
1817 3207 1861 3268 C
1893 3226 1996 3280 tus,
2050 3217 2278 3279 sobrius,
2326 3218 2577 3283 attentus,
2620 3219 2842 3272 breviter
2902 3221 3143 3273 omnibus
3184 3222 3350 3275 modis
3393 3223 3465 3274 ad

202 3326 493 3380 opponatur
537 3334 553 3368 :
589 3329 697 3369 nos
747 3313 1001 3373 omnium
1049 3314 1315 3369 inservire
1345 3314 1666 3379 commodis,
1702 3331 1788 3369 ne-

199 3418 284 3473 que
313 3409 475 3461 modo
512 3421 726 3461 curare
761 3417 824 3460 ut
860 3406 1119 3477 theologi,
1173 3409 1265 3462 sed
1318 3407 1478 3460 etiam
1530 3421 1795 3474 gramma-

203 3496 295 3563 tici,
320 3499 620 3565 rhetorici,
651 3509 707 3552 et
737 3498 785 3552 si
822 3498 919 3568 qui
946 3496 1059 3561 alii,
1089 3498 1221 3552 nihil
1258 3500 1310 3552 iu
1347 3499 1446 3552 hoc
1500 3512 1662 3565 Opere
1697 3498 1792 3551 de-

199 3587 441 3643 siderent.
485 3589 558 3643 Et
596 3599 875 3658 praeterea
914 3602 1016 3641 non
1046 3588 1241 3643 desunt
1280 3599 1346 3643 ex
1385 3589 1452 3642 iis
1493 3589 1583 3656 qui
1618 3587 1669 3640 iu
1712 3593 1794 3641 re;

200 3680 387 3748 publica
423 3679 717 3735 litterario
748 3678 898 3732 inter
934 3677 1225 3747 primarius
1262 3689 1669 3747 computantur,
1701 3680 1791 3748 qui

199 3770 243 3824 id
270 3788 492 3826 summe
523 3779 803 3841 expetunt
836 3784 866 3822 a
900 3770 1074 3824 nobis.
1108 3769 1172 3823 Et
1226 3770 1279 3823 nl
1329 3785 1390 3825 ea
1443 3784 1529 3825 res
1559 3784 1658 3824 nos
1687 3771 1796 3825 lon-

199 3863 299 3932 gius
330 3866 409 3921 ab
438 3866 673 3933 incepto
726 3863 995 3926 traheret,
1035 3862 1295 3917 utilitates
1324 3862 1509 3917 Varias
1545 3863 1791 3917 diversa-

200 3969 299 4008 rum
348 3956 676 4010 lectionum
730 3955 900 4008 etiam
973 3952 1459 4007 miuntissimarum
1516 3967 1795 4008 common-

200 4057 374 4103 strare
402 4048 457 4101 in
484 4057 750 4118 promptu
778 4053 947 4100 esset.
988 4044 1130 4098 Nihil
1168 4044 1406 4110 demum,
1460 4044 1687 4099 candide
1718 4043 1794 4097 lc-

203 4146 334 4202 ctor,
392 4141 542 4207 quod
590 4138 743 4192 vires
797 4136 1018 4206 quidem
1071 4134 1296 4201 ferrent,
1337 4134 1697 4204 negleximns,
1739 4144 1794 4203 ut

202 4240 328 4299 opus
370 4239 549 4285 totum
576 4236 793 4285 s‘artUm
820 4235 874 4280 et
901 4233 1125 4292 tectum,
1170 4235 1227 4279 ut
1271 4225 1449 4288 aiant,
1487 4224 1582 4278 tibi
1634 4223 1795 4278 utier-

207 4328 409 4376 remus.

713 4500 789 4556 De
825 4501 965 4572 ston
1002 4497 1297 4551 Athanasii.

280 4596 337 4648 l.
367 4595 403 4649 Α
432 4594 633 4664 priscis
665 4594 901 4663 perinde
930 4602 1094 4661 atque
1123 4608 1151 4645 a
1187 4590 1407 4662 nuperis
1439 4588 1796 4659 scriptoribus

216 4687 557 4741 admirationi
594 4684 781 4739 habita
838 4692 925 4737 cSt
961 4684 1238 4737 Athanasii
1288 4680 1621 4751 eloquentia.
1676 4680 1803 4748 Ejus

215 4777 410 4844 scripta
446 4782 581 4846 quot
610 4769 949 4843 quantisque
996 4774 1239 4825 veterum
1274 4769 1605 4825 testimoniis
1630 4767 1804 4821 laudi-

218 4866 422 4937 busque
450 4868 832 4929 celebrentur,
870 4860 1054 4918 videre
1098 4858 1181 4917 est
1215 4863 1266 4917 in
1294 4860 1620 4916 collectione
1658 4859 1799 4914 loco"-

231 4974 354 5023 rum,
388 4975 504 5029 qua
530 4960 673 5015 bene
699 4956 874 5012 multa
913 4956 1306 5025 congessimus.
1341 4955 1413 5009 At
1462 4962 1520 5006 ut
1584 4966 1801 5020 semper

234 5046 361 5104 tuere
384 5052 629 5119 quaedam
666 5047 854 5117 pestes
891 5045 1170 5099 hominum
1214 5045 1370 5098 laude
1404 5044 1579 5098 aliena
1610 5041 1799 5097 doleno

234 5139 363 5201 tium,
397 5155 536 5193 unus
566 5146 827 5205 repertus
858 5141 945 5187 est
973 5129 1390 5200 Pliilostorgius,
1429 5131 1519 5200 qui
1554 5130 1800 5184 Athana-

233 5227 349 5282 sium
401 5228 711 5284 innumeris
770 5237 945 5295 prope
988 5222 1288 5277 maledictis
1316 5224 1370 5276 in
1410 5220 1655 5275 Historia
1700 5234 1799 5274 sua

232 5316 503 5373 insectatus
541 5329 627 5373 est
659 5334 674 5370 :
703 5324 762 5370 et
791 5306 931 5367 nihil
961 5314 1153 5382 agebat
1183 5311 1348 5379 aliud,
1397 5326 1559 5379 quam
1596 5320 1651 5363 ut
1701 5311 1800 5364 do-

229 5408 374 5466 lorem
404 5428 562 5477 suum
594 5413 651 5466 in
695 5409 869 5464 talem
900 5405 1097 5468 virum,
1126 5418 1235 5457 suae
1268 5414 1429 5457 sectae
1477 5402 1796 5473 perniciem,

224 5504 461 5561 conviciis
525 5506 898 5559 exoneraret.
947 5495 995 5551 ls
1038 5496 1378 5575 impudenter
1432 5495 1507 5550 ait
1554 5493 1790 5565 quodam

274 5646 349 5713 (tt)
382 5644 583 5697 Suidas
609 5642 668 5695 in
704 5649 844 5689 voce
871 5631 1166 5696 Βασίλειος.

272 5807 343 5877 (Ι)
370 5807 525 5863 Auud
563 5818 671 5879 nos
706 5806 990 5868 quartum.
1027 5793 1179 5848 Em'r.

1894 3306 2185 3360 docendum
2214 3310 2500 3375 appositus.
2531 3298 2680 3362 Nihil
2707 3309 2854 3362 habet
2881 3311 3093 3375 durum,
3118 3313 3259 3381 quod
3301 3312 3465 3381 o/fen-

1895 3398 1971 3451 dit
2001 3399 2055 3450 in
2089 3396 2410 3452 Tertulliano
2431 3413 2450 3452 .'
2480 3399 2610 3453 nihil
2639 3399 3022 3467 ἐπιδεικτικὸν,
3072 3403 3211 3474 quod
3242 3403 3466 3458 vidimus

1895 3490 1949 3541 in
1996 3487 2324 3557 Hieronymo
2357 3503 2375 3540 :
2422 3488 2551 3541 nihil
2590 3505 2885 3557 onerosum,
2931 3493 3071 3562 quod
3110 3492 3167 3546 in
3209 3491 3421 3549 Hilario
3446 3512 3465 3549 :

1896 3580 2027 3633 nillil
2058 3581 2390 3646 laciniosum,
2416 3582 2558 3648 quod
2591 3593 2665 3635 est
2692 3583 2745 3635 in
2776 3583 3097 3650 Augustino,
3126 3594 3283 3655 atque
3306 3588 3466 3640 etiam

1897 3669 2309 3741 Chrysostomo:
2342 3672 2474 3725 nihil
2507 3671 2822 3727 Isocraticos
2853 3682 3118 3738 numeros,
3160 3686 3252 3729 aut
3294 3676 3465 3747 Lysia:

1896 3760 2320 3829 compositionem
2348 3760 2605 3823 redoleas,
2650 3760 2788 3829 quod
2822 3765 2896 3815 est
2944 3762 2997 3814 in
3038 3761 3293 3831 Gregorio
3341 3760 3462 3814 Na-

1898 3853 2177 3917 zianzeno,
2200 3852 2287 3905 sed
2319 3862 2459 3905 totus
2490 3859 2568 3906 est
2595 3854 2647 3905 in
2678 3852 2989 3920 explicanda
3022 3869 3097 3909 re.

1968 3946 2023 3999 3.
2060 3944 2198 4010 Quid
2251 3946 2294 3999 si
2329 3945 2607 4001 incidisset
2648 3945 2903 3999 Erasmus
2949 3944 3003 3998 iu
3042 3937 3461 4013 exquisitissimo

1898 4037 1987 4091 illa
2018 4052 2180 4105 opera
2217 4047 2321 4091 tam
2356 4039 2521 4091 multa
2546 4051 2666 4106 qua:
2695 4052 2969 4105 nunquam
3001 4037 3157 4099 vidit,
3181 4038 3233 4090 in
3257 4034 3465 4105 Epistoo

1898 4118 1975 4181 las
2004 4128 2212 4182 scilicet
2256 4131 2330 4181 De
2378 4129 2639 4182 sententia
2685 4127 2942 4196 Dionysii,
2987 4128 3054 4179 arl
3098 4127 3464 4189 Dracontium,

1898 4222 1966 4273 ad
1990 4220 2289 4283 monachos,
2326 4223 2393 4275 ad
2432 4221 2749 4290 Epictetum,
2784 4221 2835 4273 in
2868 4220 3032 4274 libros
3085 4219 3285 4273 Contra
3312 4219 3449 4271 Aria—

1900 4327 2012 4376 nos,
2042 4310 2236 4365 Contra
2265 4312 2654 4379 Apollinarium
2677 4312 2702 4364 .’
2730 4312 2867 4379 Quid
2896 4312 2938 4364 si
2966 4312 3016 4363 in
3052 4310 3248 4364 librum
3271 4309 3466 4363 Contra

1899 4412 2095 4471 gentes,
2133 4403 2183 4455 in
2214 4402 2526 4470 Apologiam
2565 4402 2632 4454 ad
2689 4401 3055 4455 Constantium
3077 4402 3101 4455 ἲ
3125 4401 3318 4455 Αιιιιοιι
3353 4410 3442 4453 tan

1903 4500 2078 4546 torum
2110 4507 2334 4561 operum
2366 4491 2653 4555 artiﬁcem,
2682 4493 2920 4546 omnium
2969 4489 3467 4561 eloquentissimum

1902 4582 2313 4651 nuncupasset?
2370 4582 2475 4636 Sed
2508 4582 2723 4651 paulum
2771 4581 2903 4634 libet
2939 4581 3201 4649 spatiari:
3253 4586 3309 4631 et
3339 4577 3467 4646 quia

1903 4680 2107 4724 tantam
2149 4671 2361 4724 laudem
2418 4669 2537 4723 tulit
2585 4670 2936 4731 Athanasius,
2962 4676 3015 4722 et
3045 4653 3260 4737 quidem
3290 4681 3321 4721 a
3352 4666 3437 4719 lau
3457 4696 3473 4706 ο

1900 4760 2043 4814 datis
2086 4760 2238 4825 viris,
2294 4768 2352 4813 ut
2392 4758 2810 4829 elegantissimis
2844 4759 3067 4813 Graecia:
3114 4758 3475 4827 scriptoribus

1902 4849 2287 4912 anteferretur,
2319 4849 2432 4919 jam
2491 4866 2595 4920 qua
2653 4850 2705 4904 in
2762 4866 2820 4904 re
2860 4858 3137 4920 praestare,
3186 4863 3290 4918 qua
3344 4846 3472 4901 item

1904 4945 2023 4999 aliis
2048 4942 2293 4997 nonnihil
2317 4943 2513 4997 cedere
2553 4943 2799 4997 videatur
2828 4943 3198 5011 expendamus
3225 4958 3238 5007 ξ
3270 4948 3323 4994 et
3350 4953 3472 5006 qua:

1906 5036 2100 5091 crebro
2128 5036 2405 5089 Athanasii
2462 5035 2663 5105 scripta
2714 5033 3039 5104 regnstando
3085 5031 3473 5100 comperimus,

1910 5143 2273 5199 proponamus
2334 5128 2582 5183 studioso
2654 5126 2867 5181 lecturi.
2932 5125 3113 5179 Primo
3163 5124 3379 5193 quidem
3429 5123 3474 5174 si

1910 5217 2157 5290 Gregorii
2187 5218 2516 5273 Nazianzeni
2545 5218 2689 5272 illam
2714 5216 3043 5285 quadrandae
3089 5212 3353 5268 oratiOnis
3389 5212 3475 5264 in-

1912 5311 2193 5375 dustriam,
2240 5313 2284 5366 si
2322 5326 2572 5366 numeros
2611 5319 2848 5379 spectes,
2897 5308 2964 5361 ab
3005 5308 3107 5361 hoc
3158 5300 3476 5372 eloquentia:

1910 5417 2105 5471 genere
2136 5402 2342 5458 alienus
2366 5417 2578 5474 semper
2602 5401 2705 5456 fuit
2730 5398 3081 5464 Athanasius,
3123 5396 3275 5465 cujus
3307 5392 3475 5446 dictio

1910 5494 2029 5565 plus
2073 5494 2237 5549 habet
2274 5495 2469 5551 nativas
2502 5494 2775 5566 elegantia:
2818 5507 2978 5561 quam
3008 5487 3315 5543 artiﬁciosae
3351 5483 3460 5540 dili-
