3998 6510
544 410 669 469 mv

1886 404 2412 465 PROLEGOMENA.

542 529 751 599 gentia;
793 505 934 580 tt‘si
966 518 1183 595 quando
1219 523 1303 576 hic
1343 522 1643 591 plusculum
1679 515 1811 577 altis
1836 521 2110 584 adhibeat,
2143 527 2189 585 Α
2218 524 2282 574 ab
2329 519 2569 576 omnibus
2620 519 2776 574 simul
2814 530 3075 575 servatum
3113 522 3403 586 intueatur,
3446 522 3572 593 quin
3614 534 3784 574 secum

542 628 601 674 ut
625 620 679 673 in
710 615 962 671 Oratione
980 626 1160 668 contra
1181 626 1379 683 gentes,
1402 612 1624 684 epistola
1656 612 1725 665 ad
1752 611 2114 677 Dracontiun‘t,

543 708 796 778 Apologia
827 707 893 759 ad
926 702 1341 769 constantium;
1376 704 1449 759 ita
1484 714 1663 759 tamen
1696 703 1878 758 omnia
1909 704 2115 772 tempe-

542 809 647 863 rat,
690 808 751 852 ut
782 798 947 853 lateat
998 796 1312 861 artiﬁcium,
1341 806 1394 851 et
1422 797 1595 850 oratio
1624 811 1728 851 non
1760 796 1979 849 astriCte
2025 793 2116 847 sed

542 890 766 943 remisse
784 903 1073 943 numerosa
1103 890 1174 942 sit
1199 907 1212 942 :
1241 888 1430 943 contra
1463 902 1594 941 vero
1626 885 1946 957 Gregorius,
1973 885 2116 941 ultra

542 978 831 1048 aliquando
866 978 1027 1047 quam
1062 979 1193 1033 satis
1222 978 1313 1045 sit,
1344 978 1854 1049 circumscriptione
1899 986 1955 1032 et
1996 992 2115 1031 am-

542 1068 655 1122 bitu
700 1056 891 1131 utitur,
936 1074 989 1122 ιιι
1047 1069 1214 1123 ceriis
1269 1068 1511 1122 numeris
1557 1068 1802 1132 delinita,
1858 1070 2113 1138 tanquam

538 1161 671 1213 orbe
700 1142 913 1213 inclusa.
939 1168 1123 1213 currat
1153 1160 1348 1231 orati‘o.
1390 1159 1762 1228 Chryxostomi
1800 1176 1969 1214 vero:

554 1251 677 1306 Τοῦ
694 1253 789 1304 καί
809 1250 927 1305 ἀπὸ
943 1250 1210 1319 γλώττης
1220 1250 1462 1320 μέλιτος
1472 1252 1736 1319 γλυκίων
1742 1251 1886 1318 ῥέεν
1906 1250 2060 1316 αὐδή
2071 1290 2083 1311 .

539 1334 683 1397 illam
708 1341 1016 1411 expeditam
1050 1351 1105 1396 et
1143 1342 1500 1412 proﬂuentem
1538 1342 1824 1397 verborum
1880 1343 2113 1414 copiam,

539 1420 923 1489 concinnitatis
952 1433 1263 1503 leporisque
1298 1433 1534 1504 plenam,
1563 1450 1668 1489 non
1695 1435 1918 1503 attingit
1941 1438 2111 1490 Atha-

540 1527 742 1589 nasius,
798 1529 891 1597 qui
942 1527 1263 1597 plerumque
1308 1542 1529 1597 pressus
1578 1543 1641 1582 ac
1688 1526 1867 1583 brevis
1905 1539 2010 1595 est,
2060 1539 2113 1583 et

542 1618 747 1685 majore
815 1620 1209 1675 sententiarum
1265 1634 1428 1691 quam
1492 1613 1780 1677 verborum
1841 1612 2109 1677 ubertate.

540 1709 737 1763 Verum
787 1710 943 1781 longe
978 1721 1201 1783 praestat
1248 1712 1475 1779 salibus,
1526 1704 1707 1769 nervis
1737 1706 1893 1785 cti‘t‘p
1912 1715 2113 1785 εὐτόνῳ

539 1804 948 1859 redundantiam
988 1821 1202 1860 omnem
1244 1798 1545 1861 réSeean’te.
1586 1806 1853 1860 Nimirum
1886 1820 2109 1875 possunt

2219 613 2404 680 regitet
2428 612 2540 665 lure
2564 626 2668 665 non
2700 628 2730 664 a
2764 612 3074 681 semetipsis,
3118 613 3210 665 sed
3243 614 3305 666 ab
3346 612 3475 678 alio,
3506 628 3689 681 nempe
3720 613 3784 664 ab

2219 704 2463 770 Auctore,
2482 704 2845 757 administrari
2873 713 2921 757 et
2957 705 3105 773 regi?
3130 702 3261 769 Quis
3294 704 3454 758 solem
3483 704 3571 758 die
3592 703 3787 758 exoriri

2217 805 2264 848 et
2306 794 2486 847 lunam
2533 802 2682 847 nocte
2740 810 3029 863 apparere,
3083 795 3501 865 immutabilique
3546 795 3657 865 lege
3700 811 3791 864 per

2217 883 2472 954 a’qualem
2526 886 2737 940 omnino
2790 885 2995 938 dierum
3055 901 3329 938 numerum
3382 887 3681 941 decrescere
3730 903 3790 939 ac

2217 996 2484 1043 crescere;
2516 990 2672 1048 atque
2709 995 2772 1033 ea:
2797 979 3059 1033 sideribus
3085 979 3193 1032 alia
3229 981 3437 1050 quidem
3470 982 3786 1045 discurrere,

2217 1085 2503 1138 cursusque
2547 1069 2688 1123 varie
2730 1068 3035 1132 immutare,
3086 1070 3192 1123 alia
3228 1086 3344 1123 vero
3384 1071 3517 1124 citra
3560 1086 3789 1126 errorem

2216 1157 2781 1225 moveri'conspiciens,
2807 1174 2910 1211 non
2936 1157 3192 1228 intelligat
3234 1157 3326 1211 illa
3375 1162 3672 1214 necessario
3724 1162 3788 1212 ab

2216 1248 2405 1317 Opiﬁce
2441 1248 2619 1317 aliqua
2664 1252 2950 1318 gubernari
2986 1244 3013 1305 1’
3058 1251 3189 1315 Quis
3227 1252 3521 1307 contrarias
3573 1264 3791 1308 naturas

2218 1349 2402 1393 mutuo
2459 1343 2711 1412 conjungi
2756 1348 2818 1395 a‘c
2877 1358 3163 1396 consonam
3211 1343 3404 1412 efficere
3458 1345 3790 1399 harmoniam

2216 1448 2429 1486 cernens
2456 1442 2473 1483 .“
2507 1435 2624 1502 quis
2656 1434 2825 1504 ignem
2856 1451 2974 1488 cum
3004 1436 3201 1505 {rigido
3232 1435 3591 1504 conjunctuut,
3618 1448 3669 1491 et
3689 1438 3791 1492 sic-

2215 1540 2330 1577 cmn
2366 1523 2587 1580 [tumido
2614 1528 2969 1592 commistum,
3014 1521 3105 1581 nec
3147 1537 3323 1581 tamen
3365 1513 3541 1582 secum
3573 1531 3789 1583 invicem

2213 1614 2464 1688 pugnare,
2517 1621 2605 1673 sed
2650 1636 2811 1674 unum
2851 1622 3004 1689 quasi
3039 1636 3104 1675 ea:
3133 1637 3237 1674 uno
3279 1638 3469 1692 corpus
3512 1623 3787 1689 conﬁcere,

2216 1724 2315 1761 non
2347 1710 2585 1780 colligat,
2610 1711 2773 1764 alium
2804 1714 2869 1765 ab
2904 1712 2986 1766 his
3018 1728 3128 1767 esse
3150 1708 3241 1783 qui
3265 1712 3357 1766 illa
3381 1713 3541 1767 simul
3573 1716 3793 1783 capula-

2214 1802 2482 1868 vil.’Quis
2519 1804 2717 1868 videns,
2764 1796 2873 1859 elo.
2926 1802 3135 1871 Quibus
3181 1806 3310 1875 quid
3360 1806 3615 1872 validius,
3662 1808 3791 1875 quid

536 1908 657 1949 esse
685 1897 903 1961 summi,
959 1898 1049 1966 qui
1088 1897 1231 1953 inter
1273 1913 1332 1952 se
1368 1900 1477 1953 sint
1514 1897 1803 1952 dissimiles
1832 1916 1843 1952 :
1883 1896 2023 1968 quod
2056 1898 2108 1953 iu
2145 1873 2184 1927 Β
2217 1896 2581 1951 concinuius?
2615 1896 2815 1951 Horum
2858 1896 3181 1967 elegantiam
3214 1897 3403 1953 Cra-ce
3431 1899 3591 1968 periti
3617 1898 3789 1955 solum

537 1987 844 2058 eloquentia
893 1990 1097 2059 pariter
1147 1998 1203 2045 et
1246 1990 1299 2044 in
1333 1992 1495 2044 mutis
1524 1990 1733 2045 artibtrs
1766 1993 2106 2045 observatur.

536 2079 737 2135 Basilio
774 2090 955 2135 autem
998 2096 1156 2135 nemo
1206 2083 1426 2151 pr0pius
1476 2082 1541 2135 ad
1569 2080 1851 2136 Athanasii
1901 2084 2107 2137 dicendi

533 2187 702 2241 genus
756 2173 988 2229 accedit.
1048 2173 1154 2229 Sed
1220 2175 1371 2245 praeit
1420 2174 1512 2229 ille
1569 2170 1980 2242 elaboraiione;
2024 2175 2109 2229 hic

535 2264 688 2335 longe
716 2274 937 2334 prtestal
968 2267 1289 2321 acrimonia.
1337 2267 1398 2320 Et
1432 2268 1531 2321 hac
1564 2268 1615 2320 iu
1649 2278 1825 2336 parte,
1856 2260 1977 2337 quae
2008 2264 2110 2322 sci-

532 2354 661 2409 licet
702 2371 899 2409 nervos
945 2366 1178 2425 spectat,
1222 2356 1384 2419 sales,
1446 2358 1838 2422 acrimoniam;
1896 2373 2109 2423 omnes,

535 2460 649 2500 mea
689 2447 908 2516 quidem
930 2446 1230 2511 sententia,
1263 2448 1420 2519 longe
1454 2449 1732 2503 antecellit
1760 2448 2105 2512 Athanasius,

531 2548 723 2608 estque
755 2538 858 2593 hoc
890 2539 941 2593 iu
974 2554 1172 2609 genere
1200 2540 1474 2609 princeps.
1504 2540 1723 2609 Figuris
1757 2550 1959 2608 autem,
1991 2540 2107 2596 sic-

534 2628 622 2684 ubi
673 2629 958 2685 haereticos
994 2631 1315 2699 insectatur,
1348 2630 1612 2702 frequens
1638 2641 1743 2697 est,
1777 2640 1901 2702 apte
1930 2642 1986 2686 et
2015 2646 2109 2703 ap-

532 2715 705 2788 posite
731 2720 1063 2786 distributis,
1095 2720 1199 2775 etsi
1227 2722 1411 2793 potius
1460 2731 1659 2793 suopte
1690 2723 1907 2794 ingenio
1946 2739 2107 2793 quam

532 2804 910 2866 elahOratione
952 2812 1234 2867 adhibitis:
1281 2812 1449 2881 Hujus
1494 2815 1670 2870 oratio
1718 2829 1990 2886 nunquam
2026 2814 2108 2870 ειτ-
2168 2884 2169 2887 η

531 2897 665 2967 ﬁuit,
698 2917 977 2971 nunquam
1014 2901 1226 2973 longius
1258 2914 1506 2973 vagatur.

600 2990 653 3045 4.
694 2990 832 3047 Sunt
853 3004 1033 3048 autem
1066 2996 1378 3061 Athanasii,
1406 3006 1463 3049 ut
1496 3006 1547 3051 et
1574 2995 1799 3051 alterius
1826 2995 2106 3067 cujusque,

530 3100 716 3151 opera,
772 3101 877 3141 non
922 3088 1037 3156 pari
1094 3087 1359 3159 elegantia
1416 3089 1765 3143 concinnata.
1812 3087 1942 3157 Quae
1988 3088 2110 3143 aliis

530 3168 878 3244 antecellunt,
914 3195 1033 3235 meo
1070 3182 1283 3251 quidem
1310 3181 1533 3251 judicio.
1566 3193 1691 3236 sunt
1715 3200 1728 3234 :
1755 3179 1942 3236 Oratio
1975 3198 2107 3237 con-
2138 3218 2178 3272 Ο

531 3281 612 3322 tra
648 3280 857 3337 gentes,
908 3272 1167 3327 eximium
1220 3288 1396 3341 opus;
1444 3282 1498 3327 et
1548 3273 1656 3337 cui,
1697 3273 1878 3327 dicere
1922 3272 2103 3336 liceat,

532 3374 629 3426 par
670 3361 721 3412 in
755 3362 943 3415 eodem
977 3374 1175 3429 genere
1201 3363 1289 3413 vix
1324 3362 1728 3430 deprehendas;
1760 3362 1804 3414 si
1846 3361 2105 3430 respicias

532 3449 634 3502 vim
670 3460 1135 3519 argumentorum,
1168 3465 1404 3515 nervos;
1438 3450 1482 3503 si
1519 3450 1773 3504 advertas
1804 3465 1967 3519 quam
1994 3467 2109 3521 per-

532 3539 753 3607 spicuus
786 3540 881 3607 sit,
916 3555 1078 3609 quam
1111 3539 1352 3605 nitidus;
1387 3557 1548 3611 quam
1579 3544 1727 3596 salse
1780 3542 1979 3609 rideat,
2012 3533 2103 3595 ubi

532 3644 617 3687 res
642 3630 769 3696 fert,
802 3632 1081 3700 gentilium
1131 3630 1570 3701 superstitiones,
1610 3648 1773 3703 quam
1806 3628 2107 3687 concinnus

532 3722 605 3777 sit
639 3724 692 3778 in
726 3724 1205 3793 descriptionibus.
1256 3721 1365 3777 Nec
1416 3724 1681 3792 pmniteat
1738 3723 1985 3793 quaedam
2020 3722 2107 3778 hic

490 3852 493 3853 ν
528 3830 801 3884 apponere
831 3816 906 3886 (p.
933 3817 1026 3886 27)
1050 3834 1062 3867 :
1089 3814 1183 3878 Τίς
1215 3816 1326 3887 γὰρ
1350 3815 1490 3887 ὀρῶν
1528 3816 1617 3869 τὸν
1640 3815 1869 3888 οὐρανοῦ
1908 3816 2105 3870 κύκλον

526 3907 622 3959 καὶ
659 3906 751 3957 τὸν
790 3906 990 3977 δρόμον
1038 3906 1189 3976 ἡλίου
1235 3908 1329 3960 καὶ
1380 3896 1626 3977 σελήνης,
1665 3906 1758 3961 καὶ
1789 3907 1899 3961 τῶν
1933 3896 2106 3961 ἄλλων

526 3996 772 4067 ἀστέρων
814 3997 913 4061 τὰς
948 3997 1125 4061 θέσεις
1156 3998 1249 4051 καὶ
1294 3998 1391 4062 τάς
1423 4000 1827 4071 περιπολήσεις,
1860 3985 2106 4062 ἐναντίας

532 4087 629 4157 μὶν
677 4089 772 4142 καὶ
824 4089 1115 4161 διαφόρους
1168 4091 1514 4161 γιγνομένας,
1558 4094 1615 4145 ὲν
1663 4093 1718 4146 δὲ
1759 4095 1824 4163 τῇ
1874 4092 2107 4163 διαφορᾷ

521 4180 717 4250 ὁμοίαν
749 4182 847 4252 τὴν
873 4182 1025 4248 τάξιν
1062 4182 1212 4253 παρὰ
1241 4184 1455 4236 πάντων
1487 4184 1622 4255 ὁμοῦ
1654 4176 1985 4256 σωζομένην,
2009 4185 2106 4238 οὐκ

527 4273 839 4344 ἰνθυμεῖται
870 4276 951 4328 ὅτι
990 4275 1091 4328 οὐκ
1121 4276 1259 4328 αὑτά
1291 4275 1479 4342 ἑαυτὰ,
1520 4276 1633 4330 ἀλλ’
1680 4276 1865 4347 ἕτερός
1902 4278 2047 4330 ἐστιν
2079 4282 2107 4331 ὁ

522 4365 835 4436 διακοσμῶν
852 4367 991 4420 αὐτά
1024 4368 1257 4441 ποιητής
1283 4386 1297 4434 ;
1327 4369 1410 4433 τίς
1433 4369 1489 4423 δὲ
1508 4370 1650 4442 ὁρῶν
1671 4370 1819 4441 ἥλιον
1849 4370 1950 4441 μὲν
1980 4370 2106 4423 ἀνα-

527 4450 779 4506 τέλλοντα
817 4454 936 4508 καθ’
984 4456 1217 4528 ἡμέραν,
1269 4457 1497 4530 σελήνην
1538 4459 1594 4513 δὲ
1639 4459 1932 4529 φαίνουσαν
1965 4460 2107 4513 κατά

2218 1985 2373 2056 plene
2399 1982 2684 2042 advertere
2707 1998 2957 2059 possunt.

2285 2078 2338 2134 5.
2384 2077 2536 2133 Mira:
2584 2085 2712 2135 sunt
2770 2076 3100 2149 eloquentia:
3129 2079 3369 2151 Epistola
3418 2075 3481 2136 de
3534 2082 3791 2137 sententia

2215 2167 2477 2241 Dionysii,
2529 2170 2768 2239 Epistola
2799 2176 2869 2226 ad
2903 2162 3248 2229 Dracontium
3276 2190 3298 2241 ;
3330 2174 3620 2244 itidemque
3662 2173 3795 2229 Ora-

2214 2261 2379 2314 tiones
2411 2272 2595 2315 contra
2623 2262 2887 2317 Arianos:
2934 2265 3021 2319 ubi
3059 2265 3111 2319 in
3153 2262 3471 2321 altercando
3516 2280 3637 2319 cum
3682 2266 3788 2321 ha:-

2214 2350 2427 2419 rcticis,
2478 2353 2687 2408 aculeis
2736 2349 3075 2424 frequenter,
3126 2357 3431 2412 maledictis
3462 2342 3644 2412 l’acete
3680 2357 3792 2412 nti-

2222 2442 2351 2510 iur;
2383 2445 2574 2501 creber
2600 2446 2653 2501 in
2688 2438 3044 2516 reperiendis,
3071 2459 3263 2504 acutus
3306 2449 3356 2503 in
3398 2448 3674 2504 solvendis
3705 2464 3794 2502 ar-

2214 2534 2508 2604 gumentis.
2544 2534 2815 2608 Apologia
2840 2541 2905 2594 de
2938 2540 3067 2611 [ug'a
3096 2549 3148 2597 et
3175 2542 3245 2594 ad
3273 2539 3644 2595 Constantium
3683 2540 3795 2595 ele-

2212 2638 2423 2695 gantes,
2456 2629 2651 2699 quibus
2680 2630 2800 2699 plus
2846 2620 2982 2686 inest
3010 2647 3170 2701 quam
3220 2631 3440 2701 reliquis
3489 2631 3791 2701 diligentia:

2212 2730 2265 2773 et
2300 2719 2454 2783 artis,
2488 2721 2655 2790 tropis
2690 2723 2935 2791 apposite
2963 2733 3017 2776 et
3050 2723 3231 2776 sobrie
3267 2716 3549 2790 respersae,
3581 2724 3795 2777 salibus

2213 2808 2691 2878 frequentissimis.
2722 2810 2934 2865 Salsum
2964 2823 3043 2865 est
3070 2802 3203 2866 illud
3225 2794 3277 2864 in
3306 2812 3487 2878 priore
3518 2811 3589 2880 (p.
3611 2810 3747 2881 25$)
3776 2831 3791 2866 :

2211 2898 2361 2970 Μόνη
2395 2899 2451 2953 δὲ
2484 2899 2684 2968 γνῶσις
2731 2903 2787 2954 έν
2828 2902 3011 2964 αὐτοῖς
3042 2902 3159 2955 ἐστι
3192 2896 3285 2956 τοῦ
3316 2897 3656 2968 κακοποιεῖν,
3692 2906 3793 2956 καὶ

2212 2989 2335 3043 καθ’
2364 2988 2576 3061 ἡμέραν
2602 2990 2819 3062 χείρονα
2839 2991 3077 3063 χείροσιν
3128 2992 3493 3065 ἐφευρίσκειν.
3529 2994 3640 3048 Καὶ
3681 2995 3795 3063 γάρ

2210 3082 2305 3133 καὶ
2352 3079 2452 3151 τὴν
2502 3079 2598 3132 νῦν
2648 3080 2822 3150 φυγὴν
2870 3081 3027 3153 ἡμῶν
3073 3082 3173 3134 οὐκ
3220 3083 3308 3135 ἐπ’
3336 3083 3508 3153 ἀρετῇ
3541 3083 3790 3147 θέλοντες

2210 3169 2355 3239 ἡμᾶς
2419 3167 2931 3238 ἀνδραγαθήσασθαι
2988 3169 3334 3222 διαδάλλουσι
3382 3188 3395 3200 ·
3470 3173 3634 3227 πόθεν
3666 3173 3793 3246 γὰρ’

2212 3260 2342 3329 εὐχὴ
2391 3259 2617 3329 τοιαύτη
2669 3260 2797 3331 παρ’
2830 3259 3065 3330 ἐχθροῖς,
3102 3261 3241 3334 ὑπὲρ
3291 3262 3400 3316 τῶν
3444 3264 3519 3336 μὴ
3576 3284 3792 3340 συντρε.

2210 3352 2409 3419 χόντων
2461 3350 2643 3413 αὐτοῖς
2680 3353 2745 3421 τῇ
2789 3352 3172 3426 κακοφροσύνῃ
3212 3371 3225 3419 ;
3287 3355 3448 3410 Ἀλλά
3499 3360 3791 3430 κακοήθεις

2208 3442 2358 3504 ὄντες
2381 3439 2807 3511 σχηματίζονται
2828 3443 3052 3498 τοιαῦτα
3072 3436 3788 3520 περιϐομϐεῖν,νομίζοντες,

2208 3534 2421 3606 εὐήθεις
2462 3536 2613 3599 ὄντες
2666 3535 2882 3608 ἀληθῶς
2920 3539 3093 3605 αὐτοὶ,
3145 3540 3219 3605 ὡς
3249 3542 3357 3614 ἄρα
3387 3542 3496 3597 δέει
3524 3545 3623 3615 τῆς
3658 3547 3791 3618 παρ’

2208 3626 2388 3682 αὐτῶν
2433 3626 2700 3699 λοιδορίας
2750 3630 3094 3703 προσάξομεν
3136 3618 3362 3698 ἑαυτούς
3410 3648 3540 3690 ποτε
3582 3638 3788 3701 αὐτοῖς.

2207 3718 2430 3771 Θέλουσι
2460 3720 2589 3791 γάρ,
2620 3722 2712 3773 καὶ
2742 3722 2831 3775 διὰ
2857 3722 3016 3777 τοῦτο
3042 3720 3213 3780 ταῦτα
3246 3722 3650 3800 περιτρέχουσι,
3680 3739 3787 3785 etc.

2212 3807 2323 3863 lloc
2384 3820 2467 3864 est
2511 3806 2527 3864 ἐ
2584 3809 2703 3865 Una
2762 3814 2935 3867 autem
2992 3824 3067 3868 est
3104 3813 3211 3870 illis
3262 3820 3505 3883 scientia,
3557 3821 3786 3891 maligne

2208 3916 2384 3970 agere,
2415 3918 2477 3956 ac
2500 3904 2736 3972 quotidie
2758 3904 2938 3973 pejora
2979 3907 3249 3977 pejoribus
3275 3909 3620 3965 comminisci.
3667 3910 3784 3965 Νο-

2210 4005 2377 4049 stram
2420 3995 2605 4064 quippe
2644 3996 2825 4067 {ngam
2856 4014 2959 4051 non
2989 4015 3047 4052 eo
3074 4001 3429 4055 criminantur
3470 4019 3574 4073 quo
3628 4004 3784 4058 uelint

2210 4102 2301 4139 nos
2332 4101 2448 4137 cum
2485 4086 2673 4140 uirtute
2700 4104 2761 4141 ac
2784 4088 2993 4155 fortiter
3015 4104 3205 4159 agere:
3239 4108 3360 4144 nam
3384 4093 3522 4147 unde
3556 4092 3788 4147 inimicis

2208 4188 2383 4231 votum
2415 4177 2741 4247 huiusmodi,
2771 4196 2866 4249 pro
2893 4181 3018 4235 viris
3051 4182 3142 4252 qui
3181 4199 3298 4237 non.
3323 4200 3428 4238 uno
3462 4200 3639 4239 secum
3672 4202 3787 4239 ma-

2209 4273 2463 4342 lignitatis
2494 4289 2654 4325 cursu
2686 4272 2979 4341 feruntur?
3017 4274 3084 4326 At
3118 4275 3348 4344 improbi
3388 4293 3508 4330 cum
3545 4279 3673 4343 sint,
3711 4277 3786 4332 si-

2209 4363 2499 4418 mulatione
2534 4367 2634 4429 usi,
2661 4364 2772 4418 [uec
2810 4365 3001 4435 ubique
3032 4376 3323 4436 spargunt:
3353 4370 3482 4432 rati,
3507 4369 3579 4422 ita
3603 4385 3791 4439 nempe

2210 4456 2358 4509 stulti
2381 4468 2523 4520 sunt,
2556 4472 2649 4511 nos
2677 4467 2816 4511 metu
2863 4458 3123 4527 ejusmodi
3160 4458 3375 4514 illorum
3422 4460 3634 4514 convitii
3678 4460 3785 4513 ali-

530 4542 714 4608 νύκτα,
753 4548 845 4598 καὶ
876 4546 1186 4615 φθίνουσαν,
1225 4549 1321 4602 καὶ
1364 4550 1746 4623 πληρουμένην
1786 4550 2101 4625 ἀπαραλλά-

2212 4550 2419 4618 quando
2448 4548 2573 4617 ipsis
2605 4564 2939 4603 occursuras.
2972 4548 3039 4603 Id
3068 4544 3349 4621 peraptant
3374 4552 3598 4617 scilicet,
3623 4568 3785 4623 eaque

527 4653 689 4700 κτως.
734 4640 873 4692 κατὰ
910 4640 1001 4693 τὸν
1034 4640 1143 4693 τῶν
1174 4641 1397 4714 ἡμερῶν
1443 4642 1556 4697 ἴσον
1589 4644 1804 4707 πάντως
1849 4642 2101 4715 ἀριθμὸν,

526 4726 619 4777 καὶ
659 4727 766 4781 τῶν
806 4730 1019 4801 ἄστρων
1068 4732 1133 4784 τὰ
1184 4732 1283 4802 μὲν
1315 4733 1669 4805 διατρέχοντα
1703 4733 1797 4787 καὶ
1844 4733 2105 4795 ποικίλως

527 4816 920 4874 έναλλάττοντα
955 4823 1080 4885 τοὺς
1114 4822 1369 4894 δρόμους,
1412 4824 1479 4877 τὰ
1528 4826 1583 4878 δὲ
1623 4825 1878 4889 ἀπλανῶς
1926 4825 2106 4879 κινού-

528 4924 663 4977 μενα
683 4925 697 4938 ·
724 4909 823 4963 οὐκ
855 4909 922 4964 ἂν
949 4911 1163 4965 ἔννοιαν
1185 4914 1362 4979 λάϐοι,
1393 4916 1475 4968 ὅτι
1506 4917 1724 4981 πάντως
1752 4916 1898 4969 ἐστὶν
1933 4919 1961 4970 ὁ
2003 4935 2102 4970 κυ-

522 4998 731 5072 ϐερνῶν
762 5003 901 5057 αὺτά
939 5005 1269 5076 δημιουργός
1304 5025 1317 5072 ;
1368 5008 1463 5072 Τίς
1494 5009 1637 5080 ὀρῶν
1678 5010 1746 5063 τὰ
1787 5008 2007 5062 ἐναντία
2036 5013 2105 5079 τῇ

522 5092 681 5161 φύσει
697 5097 1015 5166 συνημμένα
1037 5098 1133 5151 καὶ
1151 5099 1439 5169 σύμφωνον
1470 5102 1660 5171 ἔχοντα
1684 5101 1782 5173 τὴν
1809 5101 2098 5171 ἁρμονίαν,

521 5176 661 5249 οἷον,
694 5186 776 5253 τίς
834 5186 957 5249 ίδὼν
992 5188 1103 5261 πῦρ
1144 5190 1357 5263 ψυχρῷ,
1391 5194 1484 5247 καὶ
1514 5193 1675 5264 ξηρὸν
1712 5192 1865 5263 ὑγρῷ
1898 5208 2100 5264 κεκρα-

523 5276 701 5343 μένον,
762 5280 854 5333 καὶ
903 5279 1074 5336 ταῦτα
1110 5282 1185 5355 μὴ
1224 5285 1649 5340 ἀντιστατοῦντα
1694 5285 1829 5355 πρὸς
1871 5281 2098 5353 ἄλληλα,

517 5370 633 5425 ἀλλ’
682 5370 739 5427 ἓν
780 5372 1145 5429 ἀποτελοῦντα
1188 5374 1263 5439 ὡς
1302 5377 1359 5443 ἐξ
1402 5377 1522 5440 ένὸς
1554 5376 1616 5429 τὸ
1664 5375 1846 5446 σῶμα,
1901 5375 2002 5428 οὐκ
2032 5374 2097 5429 ἂν

520 5461 847 5535 ἐνθυμηθείη
869 5461 1213 5533 έξωθενεῖναι
1235 5466 1545 5521 τούτων’τὸν
1558 5466 1731 5521 ταῦτα
1753 5466 2064 5536 συνάψαντα
2082 5484 2095 5530 ;

520 5551 616 5614 Τίς
653 5550 800 5619 ίδὼν,
833 5567 942 5612 etc.
991 5556 1045 5611 ld
1080 5566 1207 5613 est:
1240 5557 1435 5627 Ecquis
1478 5560 1617 5612 enim
1656 5560 1768 5612 cali
1806 5559 2089 5625 ambitum,

518 5646 720 5715 solique
753 5663 814 5700 ac
842 5648 983 5703 luna
1008 5667 1243 5715 cursum,
1272 5651 1562 5705 aliorumve
1602 5652 1831 5704 siderum
1876 5652 2095 5717 positio-

521 5753 610 5790 nes
640 5752 703 5790 ac
730 5737 1211 5809 circumvectiones,
1245 5744 1543 5797 contrarias
1582 5743 1797 5813 quidem
1840 5758 1903 5797 ac
1934 5744 2093 5799 dissi-

521 5829 703 5896 miles;
735 5829 825 5884 sed
853 5831 905 5884 in
936 5832 1049 5903 ipsa
1094 5835 1522 5890 dissimilitudine
1566 5835 1816 5906 a'qualem
1857 5836 2090 5892 ordinem

2210 4640 2273 4695 de
2296 4656 2455 4694 causa
2492 4639 2680 4709 Ibique
2712 4639 3157 4709 circumcursant,
3181 4654 3289 4701 etc.
3318 4642 3383 4697 Et
3416 4641 3642 4698 inferius
3666 4634 3781 4698 lucc

2210 4746 2370 4800 quam
2400 4730 2649 4799 pulchre,
2683 4746 2846 4801 quam
2874 4742 3065 4803 argute
3098 4734 3240 4789 dicta
3291 4734 3366 4805 (p.
3395 4731 3523 4806 257)
3559 4755 3571 4789 :
3602 4734 3787 4788 Ταῦτα

2207 4823 2441 4894 δρῶντες
2511 4823 2605 4877 καὶ
2661 4823 2737 4895 μὴ
2810 4824 3176 4895 ἐντραπέντες
3244 4828 3330 4897 ἐφ’
3386 4820 3466 4889 οἷς
3523 4826 3785 4898 πρότερον

2209 4915 2330 4968 καθ’
2370 4914 2526 4986 ἡμῶν
2553 4915 2853 4988 ἐτύρευσαν
2887 4918 3103 4984 κακοῖς,
3149 4919 3230 4973 ἔτι
3267 4919 3362 4972 καὶ
3403 4917 3498 4972 νῦν
3544 4934 3782 4989 κατηγο-

2209 5007 2409 5079 ροῦσιν,
2453 5010 2712 5077 ἐκφυγεῖν
2746 5008 3072 5079 δυνηθέντας
3104 5011 3286 5066 αὐτῶν
3305 5009 3401 5075 τὰς
3431 5008 3785 5080 ἀνδροφόνους

2204 5102 2391 5170 χεῖρας
2435 5118 2445 5128 ·
2504 5100 2702 5171 μᾶλλον
2753 5100 2810 5154 δὲ
2856 5100 3137 5173 ὀδύρονται
3178 5102 3409 5175 πικρῶς,
3457 5104 3540 5155 ὅτι
3579 5102 3655 5173 μὴ
3688 5102 3782 5156 καὶ

2205 5190 2450 5243 ἐκποδὼν
2475 5188 2662 5243 τέλεον
2690 5192 3044 5262 πεποιήκασι,
3079 5195 3173 5248 καὶ
3205 5191 3389 5247 λοιπὸν
3425 5189 3809 5266 προφασίζονη

2202 5296 2291 5333 ται
2353 5278 2555 5335 δειλίαν
2612 5280 2914 5345 ὀνειδίζειν,
2964 5284 3285 5352 ἀγνοοῦντες
3328 5285 3433 5347 ὅτι,
3498 5281 3785 5337 καὶτοῦτο

2202 5372 2581 5442 γογγύζοντες,
2630 5375 2710 5436 είς
2749 5374 2973 5437 ἑαυτοὺς
3026 5375 3413 5448 ἐπιστρέφουσι
3444 5372 3642 5446 μᾶλλον
3684 5372 3781 5445 τὴν

2204 5463 2428 5534 μέμψιν.
2462 5464 2527 5516 El
2551 5463 2662 5535 γὰρ
2690 5463 2891 5533 φαῦλον
2935 5464 2997 5518 τὸ
3036 5466 3258 5536 φεύγειν
3306 5464 3485 5536 πολλῷ
3504 5467 3685 5537 χειρον
3722 5464 3783 5519 τὸ

2199 5557 2437 5613 διώκειν.
2468 5558 2524 5612 Id
2555 5566 2676 5612 est;
2736 5554 2866 5610 Hart:
2901 5573 3017 5610 cum
3065 5557 3148 5611 illi
3191 5569 3373 5629 agant,
3423 5574 3515 5611 nec
3578 5559 3775 5626 pudeat

2200 5650 2463 5704 malorum
2490 5664 2607 5718 qua:
2642 5648 2920 5701 adversum
2944 5663 3037 5700 nos
3073 5648 3247 5702 moliti
3269 5657 3413 5713 sunt,
3454 5664 3549 5702 nos
3580 5648 3773 5702 etiam-

2202 5758 2324 5795 num
2366 5742 2483 5795 ideo
2525 5741 2902 5807 criminantur,
2946 5742 3085 5807 quod
3134 5741 3507 5810 sanguinaria
3561 5739 3770 5793 illorum

2201 5849 2387 5889 manus
2428 5831 2659 5902 cingere
2693 5834 3021 5902 potuerimus
3063 5848 3081 5894 ;
3132 5835 3236 5886 imo
3271 5832 3446 5899 potius
3472 5830 3654 5886 acerbe
3683 5829 3773 5883 lu-
