3998 6508
511 381 639 424 XXVI

1877 365 2403 426 PROLEGOMENA.

515 498 693 554 parem
722 482 864 548 vires
888 482 1221 537 deficerent?
1264 482 1424 549 Quot,
1473 492 1631 554 putas
1656 524 1670 547 ,
1708 494 1786 540 tot
1817 500 2077 539 annorum
2110 494 2156 550 Α
2182 487 2393 541 tudines
2420 484 2803 548 Ecclesiarum,
2838 484 2905 537 ad
2929 498 3136 538 morum
3160 491 3426 552 praecepta
3454 482 3582 537 hinc
3617 480 3753 540 locis

512 576 687 642 Spatio
716 574 1078 638 elucubravit,
1125 578 1194 628 ita
1252 576 1476 645 diligens
1516 586 1569 630 et
1624 591 1819 636 navus,
1876 576 2078 645 advigi-

515 664 632 737 lans
662 679 874 731 semper
898 664 1205 735 frangendis
1244 666 1617 721 haereticorum
1637 667 1909 722 consiliis?
1944 668 2082 723 Anni

513 760 660 804 certe
732 751 997 817 intersunt
1042 754 1112 807 ab
1160 755 1301 809 edita
1345 754 1598 810 Oratione
1645 766 1826 809 contra
1873 767 2078 826 gentes,

513 844 578 895 ad
627 843 901 898 absolutos
965 860 1132 914 usque
1189 845 1389 907 Contra
1434 848 1820 919 Apollinarium
1876 849 2078 913 libros,

515 935 633 999 plus
679 946 911 1003 quatuor
959 947 1013 992 et
1075 938 1462 1008 quinquaginta
1490 977 1503 998 ,
1558 939 1752 1007 quibus
1798 940 2081 996 innumera

516 1024 656 1078 haud
705 1024 865 1080 dubie
909 1027 1150 1096 scripsit,
1203 1027 1257 1081 in
1289 1029 1422 1091 otio,
1468 1027 1521 1081 in
1557 1028 1793 1098 negotio,
1835 1029 2081 1085 homilias

515 1116 787 1180 videlicet,
850 1119 1141 1188 epistolas,
1204 1121 1654 1184 commentarios,
1704 1123 2079 1177 haereticorum

515 1206 933 1271 confutationes.
960 1208 1170 1275 Quanta
1206 1212 1444 1265 :estimas
1477 1211 1709 1266 edidisse
1747 1213 1799 1265 in
1842 1215 2075 1275 deserto,

515 1297 641 1350 dum
695 1298 999 1366 calamitas,
1059 1309 1265 1362 metus,
1322 1300 1554 1355 solitudo
1616 1302 1964 1368 prohiberent
2012 1303 2080 1358 ab

514 1387 710 1452 officio,
743 1398 799 1445 et
826 1391 985 1460 spatii
1005 1392 1230 1446 multum
1258 1404 1403 1447 esset
1429 1392 1492 1445 ad
1518 1394 1892 1460 scribendum;
1922 1405 2081 1465 atque

518 1476 731 1532 aliunde
761 1481 905 1543 curis
949 1482 1226 1535 confectus
1265 1486 1476 1537 animus
1521 1485 1733 1538 nonnisi
1777 1485 2077 1540 litterarum

518 1582 617 1620 usu
648 1583 767 1623 sese
790 1584 1091 1626 exonerare
1121 1576 1337 1640 posset?
1370 1572 1503 1628 Hinc
1538 1575 1813 1644 propalam
1842 1585 1946 1641 est,
1979 1578 2077 1630 etsi

518 1658 681 1710 multa
722 1658 790 1713 ab
820 1662 1055 1730 antiquis
1086 1664 1370 1717 laudantur
1404 1666 1686 1732 Athanasii
1735 1681 1931 1735 opera,
1964 1666 2076 1736 jam

515 1748 710 1818 injuria
753 1760 1053 1818 temporum
1079 1757 1347 1809 exstincta
1368 1795 1383 1819 ,
1425 1756 1592 1811 multo
1624 1758 1777 1826 plura
1812 1773 1933 1813 esse
1954 1774 2072 1828 quae

514 1855 544 1893 a
577 1842 936 1911 scriptoribus
966 1846 1125 1911 tacita
1162 1847 1347 1901 relicta
1382 1858 1530 1902 sunt.

584 1930 638 1984 2.
672 1932 1006 1990 Paucissima
1047 1951 1178 2003 sane
1204 1948 1485 1992 enumerat
1510 1937 1886 2007 Hieronymus,
1916 1939 1960 1993 si
1993 1937 2075 1992 vel

514 2022 689 2077 solum
723 2026 972 2081 conferas
1010 2042 1130 2082 cum
1170 2028 1234 2082 iis
1272 2028 1522 2096 quaejam
1560 2030 1701 2083 edita
1730 2038 1951 2083 exstant
1987 2038 2081 2083 :et

512 2128 576 2167 ex
613 2115 718 2184 illis
768 2127 942 2171 tamen
981 2118 1048 2173 ab
1079 2134 1143 2173 eo
1177 2120 1485 2173 memoratis
1531 2120 1772 2188 quaedam
1816 2136 2077 2189 nusquam

512 2217 848 2273 comparent,
880 2207 1013 2268 liber
1038 2224 1228 2278 nempe
1258 2210 1459 2269 Contra
1490 2208 1767 2279 Ursacittm
1795 2220 1842 2264 et
1893 2209 2081 2264 Valen-

514 2302 637 2358 tem,
682 2295 815 2356 liber
852 2296 927 2359 De
961 2299 1280 2367 virginitate,
1329 2299 1468 2354 alius
1515 2300 1724 2354 scilicet
1770 2300 1838 2354 ab
1876 2314 1940 2353 eo
1988 2300 2080 2369 qui

516 2385 655 2438 inter
684 2384 842 2439 dubia
893 2398 1235 2456 campntatur
1292 2390 1530 2444 secundo
1573 2390 1852 2466 [quarto]
1913 2402 2077 2447 tomo.

516 2475 657 2531 Duos
693 2476 892 2531 Contra
938 2489 1109 2547 gentes
1133 2480 1299 2534 libros
1342 2480 1479 2534 idem
1524 2483 1711 2537 doctor
1756 2498 2084 2541 commemo-

517 2568 675 2632 ravit,
701 2568 966 2636 unusjam
1002 2582 1247 2641 superest
1276 2588 1338 2629 ea
1368 2575 1760 2645 inscriptione;
1808 2592 1875 2631 ne
1901 2586 2081 2633 tamen

514 2656 806 2709 secundum
856 2660 1113 2713 amissum
1161 2663 1490 2731 existimato.
1546 2663 1682 2718 Nam
1738 2664 1829 2733 qui
1884 2663 2080 2718 librum

514 2743 715 2799 Contra
747 2758 919 2816 gentes
954 2752 1177 2820 excipit,
1220 2751 1292 2805 De
1329 2755 1695 2811 incarnatione
1725 2764 2084 2823 nuncupatus,

514 2837 692 2904 quoad
724 2854 969 2908 magnam
1002 2854 1207 2910 partem
1255 2856 1309 2897 ct
1338 2846 1453 2914 ipse
1501 2826 1685 2900 contra
1717 2858 1902 2914 gentes
1931 2847 2085 2911 datus

512 2937 616 2991 est,
672 2936 727 2982 et
776 2931 919 2999 serie
969 2942 1151 2985 mutua
1188 2935 1421 2987 colurret
1468 2951 1587 2987 cum
1628 2934 1984 3004 praecedenti;
2029 2945 2086 2988 ιιι

513 3017 847 3089 exploratum
877 3022 949 3076 sit
976 3023 1076 3102 hos
1110 3040 1229 3077 esse
1267 3025 1422 3080 binos
1452 3038 1638 3081 contra
1675 3037 1863 3095 gentes
1894 3025 2081 3081 libros.

511 3107 671 3165 Liber
699 3110 776 3166 De
810 3112 1141 3175 Psalmorum
1185 3118 1355 3179 titulis
1403 3118 1471 3172 ab
1516 3117 1703 3172 eodem
1755 3118 2084 3190 Hieronymo

513 3200 653 3256 inter
699 3203 1063 3261 Athanasiana
1105 3218 1545 3271 connumeratns,
1593 3209 1637 3264 si
1690 3224 1795 3277 non
1847 3210 2079 3278 idipsum

509 3299 594 3344 est
625 3294 765 3360 quod
789 3284 1121 3364 argumenta
1162 3298 1211 3351 in
1245 3297 1676 3366 expositionibus
1718 3298 2076 3365 Psalmorum,

511 3380 577 3433 ad
604 3380 833 3453 frontem
868 3386 1128 3454 cujusque
1161 3388 1351 3455 psalmi
1392 3389 1562 3457 posita
1585 3426 1599 3451 ,
1629 3387 1711 3440 vel
1740 3389 1881 3456 quod
1910 3403 2079 3457 expo-

512 3470 737 3526 sitiones
766 3473 915 3541 ipsaz,
945 3476 1247 3554 exstinctus
1271 3477 1474 3546 pariter
1498 3477 1598 3531 fuit
1629 3478 1728 3555 (ι).

581 3561 639 3619 3.
675 3562 778 3631 sed
806 3565 947 3619 nulla
966 3608 980 3633 ,
1005 3567 1535 3637 opinamunjactnra
1556 3570 1725 3639 major
1753 3584 1913 3639 quam
1954 3570 2079 3639 Epi-

510 3653 764 3707 stolarum
794 3657 1176 3728 ἑορταστικῶν,
1217 3669 1302 3712 attt
1354 3659 1641 3728 (astutiam,
1691 3662 1803 3727 sive
1843 3662 1893 3714 in
1937 3671 2077 3733 etetu

510 3744 766 3801 Ecclesiae
792 3742 1162 3817 legendarum,
1183 3766 1317 3820 quas
1342 3751 1469 3805 item
1500 3751 1680 3805 laudat
1703 3750 2075 3823 Hieronymus.

512 3834 622 3889 Has
649 3836 848 3907 ingenti
879 3857 1102 3895 numero
1130 3842 1484 3907 Athanasius,
1518 3858 1639 3897 cum
1666 3844 1907 3917 Arianici
1936 3844 2079 3898 furo-

510 3925 587 3978 ris
620 3925 922 3983 declinandi
966 3946 1127 3987 causa
1183 3934 1237 3987 in
1296 3935 1510 3989 deserto
1556 3934 1846 3989 Thebaidis
1908 3935 2087 4014 latens

510 4026 715 4084 ageret,
757 4022 822 4072 ad
851 4021 1062 4089 plebem
1098 4025 1420 4081 catholicam
1451 4025 1871 4081 Alexandrinam
1914 4027 2078 4082 misit.

506 4108 684 4174 Atque
704 4118 762 4162 ut
790 4126 855 4191 es
883 4113 947 4166 iis
983 4129 1100 4184 quae
1132 4116 1398 4186 hodieque
1424 4126 1713 4189 supersunt
1747 4109 2085 4186 fragmentis,

512 4198 825 4266 conjectare
861 4202 1008 4271 licet,
1047 4222 1237 4277 magna
1267 4197 1391 4277 pars
1415 4210 1465 4267 in
1491 4210 1791 4262 enarranda
1816 4219 1868 4264 et
1896 4208 2079 4274 deplo-

506 4289 675 4343 randa
733 4292 988 4351 Ecclesia:
1045 4298 1355 4355 calamitate
1423 4302 1777 4375 versabantur
1832 4300 1929 4371 (2).
1981 4297 2081 4355 llic

515 4386 840 4447 quaestiones
879 4390 945 4443 ab
975 4391 1189 4446 Arianis
1220 4391 1466 4458 injecta),
1512 4402 1571 4445 ut
1607 4392 1813 4461 plebem
1860 4391 2081 4445 absente

2189 578 2507 633 accederet!
2568 577 2636 631 Et
2685 576 2934 631 fortassis
2988 575 3163 653 adhuc
3220 575 3415 630 alicubi
3476 574 3648 629 latent
3698 575 3752 629 in

2186 666 2425 730 Oriente,
2451 668 2542 722 ubi
2569 666 2705 721 bene
2729 664 2892 720 multa
2930 675 3165 720 exstant.
3199 664 3331 720 Nam
3362 665 3487 721 licet
3512 665 3753 735 complu-

2187 770 2273 810 res
2296 755 2418 810 inde
2441 757 2508 811 ad
2542 770 2640 811 nos
2667 754 2856 824 perlati
2888 754 3100 809 codices
3122 755 3345 821 fuerint,
3384 765 3441 809 at
3477 771 3601 810 cum
3643 754 3751 824 ple-

2185 862 2414 919 rumque
2444 855 2500 900 ut
2532 845 2643 904 fors
2671 845 2808 908 tulit,
2847 845 2962 900 sine
3001 846 3207 901 delectu
3243 855 3296 902 et
3328 858 3588 917 apparatu
3622 862 3754 915 quo-

2185 938 2351 1007 piam,
2416 938 2482 990 ad
2527 951 2646 993 eam
2718 950 2831 989 rem
2893 944 3065 991 tamen
3118 952 3373 1007 perquam
3423 939 3748 1004 necessario,

2186 1029 2403 1083 codices
2446 1027 2837 1082 accumularint
2880 1026 2968 1093 qui
3009 1042 3195 1082 curam
3232 1027 3536 1095 hujnsmodi
3563 1042 3752 1084 susce-

2187 1135 2350 1189 pere;
2406 1119 2532 1175 hinc
2580 1120 2780 1174 factum
2815 1124 2872 1171 ut
2918 1132 3061 1187 saepe
3102 1134 3329 1188 quorum
3366 1118 3477 1187 jam
3526 1134 3749 1189 operum

2182 1211 2335 1265 multi
2391 1212 2609 1265 codices
2655 1209 2945 1269 exstabant
3003 1210 3055 1263 in
3114 1211 3453 1265 bibliothecis
3504 1211 3751 1278 nostris;

2182 1301 2490 1355 eorumdem
2523 1300 2657 1360 alios
2690 1300 2906 1354 codices
2950 1299 3069 1353 sine
3114 1300 3218 1353 line
3255 1309 3667 1370 compararent;
3700 1308 3755 1356 et

2184 1399 2369 1446 contra
2428 1405 2654 1459 quorum
2700 1389 2781 1443 vel
2826 1390 2931 1443 rari
2967 1389 3045 1443 vel
3086 1390 3213 1444 nulli
3253 1406 3414 1460 penes
3448 1407 3543 1446 nos
3573 1400 3750 1457 erant,

2184 1496 2246 1534 ca
2277 1479 2771 1548 prmtermitterent.
2813 1478 2893 1553 Ad
2943 1478 3211 1546 Epistolas
3237 1480 3445 1547 {estates
3473 1490 3531 1534 ut
3559 1482 3749 1535 redea—

2185 1585 2325 1632 mus,
2357 1577 2531 1624 exstat
2560 1574 2643 1623 sa‘t
2672 1569 2937 1638 prolixum
2970 1570 3256 1632 tricesima:
3286 1586 3439 1624 nonae
3480 1569 3753 1640 fragmen-

2186 1670 2319 1724 tum,
2350 1676 2450 1729 qna
2478 1660 2802 1715 Arianorum
2837 1660 2987 1721 falsis
3011 1661 3425 1727 rumoribus,de
3455 1660 3752 1731 Scriptum

2185 1767 2353 1807 sacrae
2382 1750 2554 1814 libris,
2604 1763 2928 1806 commetam
2978 1752 3296 1807 catholicam
3346 1754 3552 1821 plebem
3599 1754 3753 1808 sedat

2112 1829 2153 1882 Β
2185 1852 2407 1898 sanctus
2434 1844 2654 1907 Doctor,
2691 1852 2745 1898 et
2778 1858 2963 1897 verum
3009 1842 3415 1915 Scripturarnm
3472 1858 3750 1899 sacrarum

2186 1933 2318 1986 texit
2361 1932 2687 2003 catalogum.
2740 1933 2821 1986 Ad
2872 1933 2986 1988 lucc
3037 1932 3404 1988 Colbertinum
3462 1934 3750 2002 quemdam

2182 2022 2417 2075 codicem
2437 2021 2863 2089 antiquissimum
2887 2022 3200 2087 evolvendo,
3221 2022 3273 2075 in
3303 2021 3444 2075 aliud
3471 2022 3750 2093 fragmen-

2185 2122 2294 2164 tum
2354 2112 2639 2167 incidimus
2691 2111 2879 2167 Latine
2940 2128 3006 2169 ex
3058 2112 3246 2168 ϐιωςο
3306 2129 3554 2178 versum,
3609 2118 3752 2183 quod

2184 2219 2438 2272 perquam
2470 2203 2832 2269 gratissimum
2871 2204 3086 2259 accidit.
3127 2203 3261 2259 Ilinc
3296 2220 3486 2269 cernas
3514 2204 3565 2258 in
3593 2202 3757 2258 Occi-

2184 2295 2400 2348 dentem
2472 2307 2643 2360 ttsqtte
2708 2292 2940 2361 perlatas
2988 2294 3151 2347 fuisse
3208 2293 3472 2363 ejusmodi
3543 2293 3753 2362 festaIes

2184 2383 2452 2452 epistolas.
2506 2382 2629 2449 Ηςεο
2660 2394 2837 2438 autem
2864 2424 2877 2447 ,
2918 2383 3071 2454 cujus
3110 2384 3466 2454 fragmentum
3502 2385 3612 2454 jam
3645 2384 3754 2454 pri-

2185 2492 2329 2529 mum
2358 2476 2714 2544 publicamus,
2767 2477 2832 2530 ab
2863 2478 3157 2539 Athanasio
3200 2487 3317 2546 post
3350 2477 3575 2547 traditas
3612 2491 3759 2543 anno

2184 2568 2287 2622 556
2317 2567 2533 2622 Arianis
2558 2567 2836 2631 ecclesias,
2871 2566 3259 2622 consolationis
3294 2582 3454 2621 causa
3476 2606 3491 2633 ,
3544 2567 3610 2620 ad
3642 2567 3756 2638 ple-

2185 2661 2305 2714 bcm
2360 2658 2675 2714 catholicam
2728 2659 2888 2712 missa
2946 2667 3049 2713 est.
3122 2656 3270 2711 Hand
3328 2656 3760 2725 improbabilitcr

2186 2750 2572 2816 conjectamus,
2606 2748 2967 2817 fragmentum
3004 2747 3128 2815 item
3176 2761 3205 2799 a
3247 2744 3590 2801 Theodorclo
3624 2746 3753 2800 alla-

2189 2849 2320 2901 tum,
2355 2838 2422 2890 ab
2462 2852 2632 2906 coque
2681 2836 2759 2889 Ad
2799 2837 3020 2907 virgines
3056 2826 3415 2907 nuncupatum
3443 2876 3461 2903 ,ν
3503 2836 3671 2891 [uisse
3704 2838 3755 2892 in

2186 2938 2326 2982 cmtu
2376 2926 2628 2983 Ecclesiae
2675 2927 2960 2997 legendum
3000 2943 3164 2980 :nam
3193 2936 3389 2981 C(Bltlm
3435 2927 3754 2995 populorum

2186 3016 2476 3088 alloquitur
2518 3018 2569 3071 in
2624 3016 2921 3085 masculino
2967 3031 3185 3087 genere.
3243 3017 3306 3070 Et
3351 3016 3472 3085 quia
3522 3015 3756 3086 virgines

2190 3109 2423 3162 maxime
2450 3107 2688 3163 omnium
2714 3107 2779 3161 ab
2803 3107 3018 3160 Arianis
3042 3115 3242 3179 vexata!
3284 3104 3516 3169 fuerant,
3552 3121 3670 3160 cum
3702 3106 3751 3158 in

2186 3201 2289 3255 illis
2343 3198 2813 3271 παραμυθητικοῖς
2867 3197 3064 3265 λόγοις,
3126 3195 3178 3249 id
3244 3204 3327 3251 est
3389 3197 3752 3250 consolatoriis

2182 3294 2527 3353 sermonibus,
2577 3290 2826 3358 frequens
2874 3289 3138 3358 virginum
3177 3298 3320 3343 esset
3374 3290 3652 3355 memoria,
3701 3300 3756 3342 et

2181 3398 2321 3450 smpe
2379 3381 2608 3435 fortasse
2666 3380 2897 3451 virgines
2958 3381 3325 3449 alloqueretur
3376 3380 3704 3434 Athanasius
3737 3421 3751 3444 ,

2181 3474 2306 3527 hinc
2337 3472 2534 3525 factum
2562 3482 2618 3523 ιιι
2650 3471 2727 3524 Ad
2750 3471 2969 3541 virgines
3000 3481 3418 3540 nuncuparetur.
3460 3469 3753 3526 Festalinm

2183 3566 2311 3619 item
2342 3564 2681 3633 epistolarutn
2724 3564 2923 3617 mentio
2946 3572 3029 3618 est
3050 3563 3295 3618 inferius.

2250 3657 2303 3712 4.
2341 3656 2665 3709 Athanasius
2712 3655 2825 3724 ipse
2878 3655 2931 3711 in
2985 3671 3081 3711 sua
3127 3655 3205 3710 De
3254 3654 3487 3710 Nictcnis
3534 3655 3754 3709 decretis

2181 3748 2399 3821 epistola
2431 3748 2773 3818 prolixiorem
2806 3747 2985 3801 laudat
3017 3748 3086 3803 ab
3108 3763 3166 3803 se
3185 3749 3250 3801 ad
3284 3750 3516 3803 amicum
3547 3749 3751 3809 datam,

2181 3856 2300 3910 quae
2354 3840 2558 3910 jamdiu
2605 3841 2807 3894 interiit
2863 3850 2918 3894 et
2978 3857 3006 3894 a
3061 3840 3275 3895 nemine
3328 3840 3550 3909 antiquo
3612 3839 3753 3907 quod

2182 3932 2417 4007 sciamus
2445 3942 2738 4003 memorata
2774 3932 2892 3985 fuit.
2934 3931 3060 3985 Item
3102 3933 3153 3985 in
3190 3931 3430 4000 Epistola
3464 3933 3533 3983 ad
3568 3929 3753 3984 Palla-

2182 4024 2347 4088 dium,
2374 4023 2594 4077 alterius
2632 4023 2895 4091 meminit,
2945 4025 3013 4074 ad
3052 4025 3333 4076 monac/tos
3384 4021 3753 4076 Ca'sarienses.

2196 4096 2203 4109 Υ
2252 4116 2304 4171 5.
2340 4114 2417 4168 Ad
2443 4115 2553 4169 haec
2575 4113 2824 4179 Basilius,
2859 4112 3013 4182 Cujus
3047 4111 3284 4180 epistolae
3312 4114 3377 4164 ad
3400 4110 3754 4164 Athanasium

2183 4224 2287 4261 non
2331 4221 2513 4281 paucae
2560 4213 2870 4274 supersunt,
2926 4220 3046 4263 cum
3106 4219 3298 4274 magna
3354 4202 3756 4273 significatione

2183 4297 2596 4363 familiaritatis,
2646 4297 2854 4367 aliquas
2914 4305 3180 4352 memorat
3230 4298 3308 4365 (α)
3350 4294 3420 4349 ab
3468 4308 3531 4348 eo
3580 4294 3645 4348 ad
3699 4307 3757 4347 se

2187 4391 2553 4457 transmissos,
2585 4391 2855 4468 quasipse
2882 4388 3202 4461 asservabat
3241 4400 3406 4458 penes
3438 4400 3496 4439 se
3523 4402 3538 4451 ;
3582 4384 3757 4453 iisque

524 4487 739 4544 pastore
768 4494 796 4531 a
826 4481 991 4548 proba
1020 4484 1286 4554 sententia
1317 4494 1651 4550 excuterem,
1682 4496 1735 4538 et
1769 4483 2083 4539 vacillantes
2117 4489 2161 4543 D
2188 4482 2334 4537 velut
2381 4498 2564 4536 norma
2622 4468 2886 4552 “quadam,
2924 4482 3097 4536 sicubi
3147 4496 3231 4535 res
3276 4478 3610 4549 postularet,
3637 4484 3757 4530 ute-

516 4570 700 4625 animo
740 4573 807 4625 ad
840 4573 1164 4643 deteriorem
1194 4585 1402 4644 partem
1427 4576 1781 4646 applicarent,
1814 4576 1881 4629 ab
1916 4574 2084 4629 Atha-

512 4661 665 4714 nasio
694 4661 1065 4717 solvebantur.
1113 4663 1210 4718 Hic
1250 4681 1367 4733 quae
1394 4666 1720 4732 doctrinam,
1760 4682 1881 4736 qua:
1920 4665 2080 4720 disci-

513 4748 737 4814 plinam,
782 4766 904 4818 quae
934 4768 1113 4811 mores
1142 4757 1481 4823 spectabant,
1507 4770 1603 4824 per
1634 4757 1802 4810 otium
1837 4756 2081 4811 solitudi‘

513 4840 599 4894 nis
632 4841 951 4909 explanabat
985 4844 1092 4898 ille.
1120 4845 1186 4898 Et
1224 4845 1463 4902 demiror
1484 4842 1644 4918 plane
1670 4848 2079 4904 amanuensium

510 4930 877 4999 Graeculorum
906 4944 1119 5002 gustum
1158 4951 1171 5002 ;
1212 4937 1302 5005 qui
1341 4940 1466 4990 dum
1511 4938 1680 4999 aniles
1724 4939 1954 5005 fabulas,
1982 4940 2083 4994 fte-

508 5021 841 5091 dissimaqne
866 5036 1196 5092 connncnta,
1224 5028 1503 5082 Athanasii
1540 5029 1758 5085 nomine
1786 5029 2078 5098 publicata,

510 5110 628 5177 plus
680 5112 874 5167 millies
919 5118 1312 5182 exscriberent,
1370 5135 1488 5190 qua:
1538 5136 1916 5193 nemo_sanus
1964 5121 2082 5175 sine

509 5206 787 5259 stomacho
848 5205 1025 5275 legere
1072 5210 1258 5277 possit,
1317 5212 1432 5268 hinc
1471 5213 1543 5268 ita
1594 5213 1969 5282 neglexerunt,
2026 5222 2083 5265 ut

511 5292 714 5348 incuria
768 5296 1049 5364 perierint.
1114 5299 1212 5356 lloi
1268 5302 1389 5357 hei!
1458 5319 1619 5373 quam
1683 5285 1874 5373 pungit
1930 5303 2083 5357 dolor

509 5384 691 5440 amissi
718 5387 993 5451 thesauri!
1020 5403 1283 5461 quantum
1317 5396 1381 5448 ad
1408 5396 1709 5459 historiam,
1754 5397 1821 5449 ad
1853 5407 2081 5467 consue-

580 5500 655 5569 (a)
692 5501 862 5574 Epist.
893 5507 981 5560 75.

583 5688 638 5751 (ἦ

2183 4573 2364 4628 batur.
2437 4573 2566 4627 Nam
2639 4575 2703 4628 ad
2767 4588 2850 4627 res
2903 4572 3305 4643 ecclesiasticas,
3360 4567 3757 4638 componendas

2186 4667 2386 4721 dabant
2411 4666 2484 4719 illi
2522 4681 2714 4736 operas
2743 4674 2981 4732 mutuas.
3183 4648 3189 4655 ”

2256 4757 2307 4811 6.
2337 4759 2425 4811 Ait
2451 4755 2784 4827 Epiphanius
2812 4755 3171 4810 Athanasium
3194 4760 3382 4808 contra
3402 4749 3755 4805 Manichazum

2186 4852 2488 4921 scripsisse,
2521 4853 2662 4920 quod
2692 4864 2826 4919 opus
2865 4849 3105 4905 funditus
3151 4848 3322 4917 periit.
3374 4845 3498 4910 Ejus
3543 4845 3757 4898 nomine

2187 4957 2455 5010 perpauca
2484 4941 2639 4995 affert
2668 4940 2954 5003 Facundos
2979 4938 3381 4995 Hermianeusis
3408 4936 3545 4990 libro
3586 4934 3757 4989 unde-

2188 5034 2347 5095 cimo,
2369 5047 2489 5101 qua-
2522 5040 2645 5085 sunt
2678 5031 2990 5101 Serapionis
3014 5071 3028 5096 ,
3062 5045 3168 5085 non
3201 5044 3327 5084 vero
3354 5026 3668 5105 Athanasii,
3700 5034 3761 5081 ut

2186 5124 2463 5177 adnotavit
2509 5120 2854 5191 Sirmondus.
2890 5120 3144 5191 Dialogus
3176 5120 3318 5175 enim
3358 5126 3539 5173 contra
3581 5117 3757 5169 Muni-

2186 5214 2375 5281 clta'os,
2406 5214 2495 5282 qui
2532 5215 2671 5268 inter
2696 5212 3015 5267 Damasceni
3057 5226 3220 5281 opera
3255 5218 3454 5274 exstat,
3482 5209 3535 5262 in
3566 5220 3757 5260 manu-

2185 5305 2382 5374 scripto
2429 5306 2661 5373 quodam
2710 5304 3003 5367 ascribitur
3056 5302 3384 5365 Athanasio,
3426 5306 3517 5356 sed
3563 5313 3757 5368 perpe-

2185 5410 2297 5447 ram
2332 5411 2345 5448 :
2373 5404 2455 5450 est
2486 5397 2627 5449 enim
2669 5410 2857 5451 revera
2882 5394 3124 5465 ejusdem
3157 5390 3496 5446 Damasceni.
3545 5390 3660 5455 Qua
3692 5388 3756 5449 de

581 5618 661 5757 ll;
689 5620 739 5676 ls
769 5634 855 5679 est
880 5642 1039 5695 quem
1067 5628 1416 5697 publicijuris
1449 5628 1574 5683 fecit
1601 5624 1865 5682 Antonelli
1894 5643 1907 5679 :
1939 5624 2071 5680 Vide
2109 5625 2224 5695 ejus
2263 5625 2628 5696 praefationem
2670 5621 3103 5703 hujus-editionis
3132 5629 3262 5703 tom.
3298 5616 3383 5675 Ill.
3411 5614 3619 5699 (Ιὲξυιτ.)

583 5688 638 5751 (ἢ
694 5692 970 5751 Athanasii
1023 5697 1289 5757 Epistolas
1362 5698 1569 5757 [estates
1645 5697 1868 5757 Syrisce
1942 5694 2170 5750 Londiui
2214 5712 2380 5757 nuper
2422 5695 2588 5748 edidit
2646 5693 2711 5745 Dr
2763 5692 3063 5747 Willelmus
3108 5691 3379 5753 Lureton;
3437 5690 3619 5756 byrtac

694 5690 970 5773 Athanasii
1023 5690 1295 5773 Epistolas
1361 5698 1569 5765 [estates
1645 5697 1868 5765 Syrisce
1903 5690 2380 5773 _Londiui__miper
2422 5693 2711 5773 ediditnvr
2742 5690 3063 5747 ’Willelmus
3108 5690 3379 5773 Cur‘eton;
3437 5690 3658 5756 Syriacc
3707 5690 3759 5751 ct

515 5750 708 5815 Latine
746 5750 1300 5843 card.Angclol-llai,
1339 5750 1405 5843 est
1452 5783 1557 5837 quo
1596 5750 2061 5841 casd‘accepimus.
2106 5766 2200 5820 Adi
2242 5750 2435 5820 to'mum
2468 5762 2550 5831 lll.
2587 5763 2739 5831 Eutr.
