3998 6520
1223 394 1593 454 ΡΒᾸΣΕΑΉΟ
1634 397 1976 456 ΕυιτιΟΝιδ
2015 400 2514 462 ΒΕΝΕΟΙΟΤΙΝᾸΞ.

3323 425 3464 464 XXVII

191 510 309 567 rein
333 508 677 580 praefatione.
728 513 1241 586 secundi[quarti]
1271 517 1420 569 tomi.
1466 516 1793 573 .‘tlemoratur
1824 517 2000 583 Ajam
2040 526 2277 584 exstant,
2323 521 2505 575 verbis
2561 521 2774 588 paulum
2826 522 3140 576 immutatis.
3186 522 3242 575 In
3284 523 3472 577 codice

192 606 301 659 item
329 603 473 672 apud
505 602 916 673 Epiphanium
947 606 1021 676 (a)
1049 606 1099 660 in
1124 606 1348 674 epistola
1375 610 1561 678 synodi
1596 611 1797 685 Diome-

192 694 433 751 ssrieusis
466 694 727 764 epistola
764 696 1058 765 Athanasii
1098 698 1162 751 ad
1205 696 1443 766 ejusdem
1475 702 1665 770 synodi
1692 702 1793 755 Pa-

195 793 305 837 tres.
334 783 390 836 In
436 784 743 855 Ancorato
775 785 1025 855 ejusdem
1065 786 1115 839 in
1161 784 1384 855 epistola
1408 784 1652 853 Tarsini,
1685 789 1795 844 Ma-

196 874 293 929 tidii
320 882 375 928 et
401 873 656 928 aliorum
705 874 902 936 fertur
945 877 1268 932 Athanasius
1306 866 1501 933 litteris
1521 881 1635 935 suis
1660 881 1796 935 mul-

196 981 286 1029 tos,
319 966 412 1034 qui
441 966 853 1030 circumventi
913 968 968 1021 in
1013 982 1246 1032 errorem
1296 967 1428 1038 lapsi
1460 968 1695 1038 fuerant,
1728 974 1793 1025 ad

193 1072 362 1112 sanum
398 1056 719 1111 consilium
760 1060 1075 1114 reduxisse.

252 1150 303 1227 7.
327 1149 385 1201 In
416 1149 709 1208 Chronico
750 1150 1124 1211 Alexandrino
1148 1150 1387 1218 epistola:
1420 1152 1700 1207 Athanasii
1727 1154 1794 1206 ad

197 1240 536 1317 Epiphaniam
587 1252 941 1312 excerptum
987 1243 1229 1314 legimus,
1257 1245 1459 1305 editum
1506 1261 1609 1300 una
1670 1261 1792 1301 cum

194 1334 298 1405 aliis
320 1332 658 1402 fragmentis
700 1335 773 1388 ad
815 1334 1046 1403 calcem.

246 1422 296 1475 8.
322 1420 575 1476 Meminit
620 1423 875 1491 insuper
903 1422 1271 1478 Theodoretus
1296 1423 1567 1491 Sermonis
1596 1426 1660 1479 de
1687 1426 1794 1494 [ide

190 1514 410 1581 uajuris,
443 1511 697 1582 ejusque
728 1514 865 1569 loca
900 1516 1153 1569 nonnulla
1184 1514 1344 1569 affert
1365 1554 1380 1579 ,
1430 1531 1550 1585 quae
1594 1534 1692 1573 nos
1725 1520 1793 1573 ad

192 1602 370 1656 calcem
396 1603 545 1656 inter
574 1602 919 1673 fragmenta
957 1604 1254 1659 locavimus
1285 1602 1388 1674 (l).

248 1695 295 1749 9.
351 1694 619 1769 Synodus
687 1711 744 1749 νι
815 1697 1154 1750 mcumenica
1222 1698 1515 1751 maximam
1584 1707 1789 1768 partem

192 1785 323 1857 all'ert
352 1787 544 1853 operis
588 1786 649 1841 in
692 1787 821 1853 hau;
867 1788 1159 1861 Scriptura:
1185 1789 1345 1842 verba
1380 1787 1576 1843 :Nunc
1615 1790 1790 1843 anima

193 1892 288 1927 mea
310 1876 524 1927 turbata
566 1886 652 1945 est
663 1914 679 1928 .

254 1965 328 2019 ιο.
388 1966 707 2021 Facundus
732 1967 889 2027 item
924 1966 1325 2039 llermianensis
1354 1967 1469 2025 haec
1508 1970 1788 2037 Athanasii

194 2056 369 2125 scripta
415 2056 535 2124 jam
588 2060 817 2112 amissa
858 2069 1142 2122 memorat,
1181 2059 1486 2128 horumque
1533 2072 1789 2130 excerpta

195 2148 326 2203 all'ert
368 2164 494 2218 qua:
549 2164 665 2205 nos
712 2150 997 2204 edidimus
1047 2151 1113 2203 ad
1163 2150 1368 2205 calcem
1425 2151 1553 2204 tomi
1608 2152 1785 2219 primi,

197 2239 464 2307 Epistulam
494 2242 940 2319 adr'Diodorum
977 2240 1278 2295 Tarsensem
1321 2241 1447 2313 Tyri
1490 2251 1602 2295 tum
1632 2258 1791 2313 agen-

197 2345 304 2394 tem,
327 2332 643 2401 Epistolam
665 2332 934 2387 etiamad
957 2331 1500 2402 Antiochenosmujus
1524 2334 1652 2388 item
1686 2336 1792 2389 fra-

194 2433 445 2493 gmentum
465 2425 724 2478 habetur
748 2425 805 2477 in
830 2424 984 2497 Actis
1008 2425 1221 2480 concilii
1242 2425 1646 2501 Lateranensis.
1663 2429 1792 2486 Am-

196 2518 252 2583 bo
269 2518 403 2571 edita
426 2529 565 2572 sunt
590 2520 665 2570 ad
692 2516 913 2573 calcem
939 2516 1098 2588 primi
1126 2517 1277 2570 tomi.
1301 2517 1458 2571 Aliud
1477 2518 1603 2571 item
1622 2518 1791 2573 Atha-

196 2608 312 2661 nasii
337 2609 689 2677 rescriptum
730 2614 788 2661 tn
833 2608 1027 2661 eodem
1062 2609 1291 2678 concilio
1332 2620 1661 2663 memoratur
1689 2610 1786 2679 (b).

254 2698 273 2751 l
289 2699 329 2751 ι.
346 2698 492 2753 Leon
501 2699 619 2753 tius
645 2696 994 2768 Byzantinus
1012 2688 1062 2750 in
1087 2697 1224 2752 libro
1237 2697 1501 2752 Adversus
1515 2698 1789 2769 Apollina-

198 2789 425 2845 [ἰδιαίτατα
457 2789 732 2857 fraudes,
755 2787 1120 2861 quorumdam
1144 2788 1426 2862 Athanasii
1462 2790 1787 2858 scriptorum

198 2882 432 2943 meminit.
486 2880 627 2936 Haec
687 2889 823 2933 sunt
862 2878 986 2947 ejus
1030 2880 1188 2935 verba
1219 2899 1231 2934 :
1265 2880 1543 2951 Sufﬁciunt
1577 2884 1688 2938 lucc
1723 2884 1789 2938 iis

196 2972 273 3038 qui
306 2989 402 3026 non
427 2983 556 3027 sunt
606 2972 853 3040 nimium
888 2971 1041 3044 rudes
1070 2981 1119 3024 et
1152 2972 1291 3033 tardi
1316 3012 1331 3037 ,
1390 2974 1459 3027 ad
1510 2974 1788 3045 ostenden-

197 3064 300 3129 dum
342 3065 684 3132 Apollinarii
741 3078 860 3117 esse
914 3050 1160 3130 epistolas
1210 3080 1328 3133 qua:
1379 3064 1591 3121 nomine
1648 3065 1789 3128 Julii

198 3156 434 3218 ferantur,
477 3169 694 3223 prater
718 3170 812 3220 eas
837 3152 1086 3219 epistolas
1122 3154 1464 3221 Apollinarii,
1499 3154 1562 3207 de
1599 3156 1789 3223 quibus

197 3244 495 3301 Athanasius
540 3259 595 3302 et
632 3246 895 3300 historici
924 3247 1293 3300 meminerunt.
1340 3245 1599 3311 Discipuli
1648 3248 1783 3321 enim

196 3336 495 3410 Apollinarii
553 3337 908 3405 antiquiores
966 3347 1085 3391 sant
1144 3337 1386 3394 omnibus
1430 3339 1520 3407 qui
1574 3338 1655 3409 his
1704 3339 1786 3392 usi

196 3440 318 3494 tant,
337 3445 490 3498 quas,
525 3440 589 3482 ut
635 3428 939 3483 verisimile
972 3438 1068 3491 est,
1092 3430 1184 3498 qui
1208 3445 1242 3481 α
1264 3426 1415 3497 Iulio
1439 3418 1532 3497 per
1554 3428 1783 3493 schistua

196 3521 554 3591 discesserunt,
583 3521 943 3595 inscripsere.
979 3517 1157 3588 Neque
1177 3518 1347 3573 solum
1376 3520 1472 3573 hoc
1498 3535 1517 3574 :
1542 3520 1633 3574 sed
1663 3531 1783 3576 sunt

194 3626 247 3665 es
276 3612 592 3667 orthodozis
632 3612 755 3681 qui,
807 3608 1154 3677 inscriptione
1192 3611 1412 3678 decepti,
1474 3621 1645 3666 rectas
1696 3628 1785 3679 eos

194 3720 287 3757 me
320 3706 627 3777 intelligere
669 3715 721 3758 et
753 3704 938 3757 dicere
972 3705 1366 3771 perseverabant
1407 3715 1617 3773 propter
1668 3721 1786 3773 per—

194 3812 315 3869 eunte
336 3800 728 3869 auctoritatem
761 3795 875 3863 fide
897 3794 1133 3865 dignam.
1177 3795 1391 3867 Alioqui
1418 3796 1585 3864 magis
1613 3797 1785 3850 ortho-

196 3888 431 3951 doxorum
458 3898 542 3943 est
566 3902 867 3957 agnoscere
889 3883 1009 3939 illos
1039 3903 1303 3940 sermones
1329 3887 1530 3956 proprii
1552 3887 1784 3949 doctoris

196 3995 305 4031 esse.
364 3979 450 4035 Ne
501 3989 696 4034 autem
751 3994 821 4032 ea;
875 3977 988 4031 solo
1033 3979 1331 4037 testimonio
1382 3979 1782 4049 discipulorum,

197 4086 440 4133 sermones
501 4071 687 4139 ipsius
733 4067 1064 4135 Apollinarii
1102 4084 1450 4136 agnoscamus
1482 4108 1498 4131 ,
1549 4072 1785 4138 quamvis

197 4164 338 4230 aliqui
366 4181 454 4218 eos
482 4163 676 4226 Julia,
719 4159 967 4230 quamvis
1020 4159 1295 4228 Gregorio,
1333 4161 1572 4229 quamvis
1619 4162 1783 4215 Atha-t

200 4256 327 4327 nasia
357 4257 502 4329 {also
550 4254 899 4320 inscribant;
934 4252 1024 4304 sed
1068 4253 1223 4305 etiam
1270 4268 1333 4305 es:
1374 4253 1555 4307 eodem
1603 4269 1786 4323 genere

196 4349 425 4401 sermonis
442 4358 497 4402 et
538 4347 709 4416 stylo.
738 4345 797 4399 ln
826 4343 1056 4397 concilio
1083 4342 1459 4409 Lateraucusi,
1496 4354 1533 4399 t.
1555 4344 1620 4399 Vl
1641 4345 1785 4399 Cano

197 4437 440 4505 ciliorum,
475 4454 536 4508 p.
574 4437 707 4501 50!,
737 4444 926 4489 exstat
961 4434 1321 4501 fragmentum
1337 4435 1576 4504 epistolae
1596 4434 1781 4504 cujus-

1899 606 2210 681 Felkmanni
2244 612 2477 680 quodam
2503 611 2725 666 alfertnr
2757 612 2909 668 locus
2933 628 2998 670 es
3028 614 3165 669 libro
3188 614 3467 668 Athanasii

1898 698 1976 761 De
2008 700 2301 761 honorabili
2330 705 2595 774 conjugio.

1969 791 2057 846 li.
2089 792 2313 848 Pbotius
2337 795 2390 848 in
2418 794 2741 863 Bibliotheca
2769 811 2865 851 sua
2895 808 3156 853 memorat
3193 798 3466 851 Commen-

1898 885 2092 938 tarium
2135 885 2415 943 Athanasii
2450 889 2503 941 in
2534 888 2904 957 Ecclesiasten,
2926 890 3035 959 jam
3066 890 3277 959 penitus
3300 890 3468 944 amis-

1897 989 2035 1027 sum.
2089 974 2219 1028 Item
2251 976 2305 1038 in,
2332 975 2548 1031 Cantica
2586 980 2930 1043 canticorum,
2974 980 3125 1051 cujus
3171 980 3468 1047 fragmenta

1896 1065 2160 1127 dedimus.
2194 1066 2308 1129 Alia
2340 1083 2500 1135 porro
2530 1068 2826 1141 fragmenta
2868 1071 3371 1127 Commentariorum
3414 1072 3471 1124 in

1895 1154 2089 1209 Jobum
2120 1166 2174 1209 et
2222 1158 2275 1209 in
2306 1155 2611 1227 Evangelia,
2662 1175 2780 1230 qua:
2813 1161 2998 1217 itidem
3038 1162 3123 1217 edi
3166 1162 3474 1216 curavimus

1894 1252 1960 1301 ad
1985 1247 2207 1311 calcem,
2228 1250 2568 1315 suspicamur
2592 1264 2656 1305 ex
2692 1252 2853 1306 variis
2886 1252 3164 1307 Athanasii
3195 1254 3475 1323 operibus,

1899 1355 2020 1393 cum
2052 1339 2162 1409 jam
2205 1340 2567 1405 exstantibus,
2610 1351 2721 1397 tum
2755 1344 3068 1411 deperditis,
3099 1359 3127 1398 a
3159 1356 3474 1399 catenarum

1895 1431 2275 1486 collectoribus
2309 1442 2565 1501 excerpta
2601 1433 2786 1501 fuisse,
2817 1449 2922 1489 non
2970 1444 3149 1488 autem
3188 1451 3254 1490 ex
3280 1451 3478 1506 perpe-

1897 1521 1999 1576 tuis
2020 1522 2189 1576 sancti
2222 1522 2466 1576 Doctoris
2490 1524 2914 1580 commentariis.
2948 1524 3112 1593 Cujus
3144 1527 3217 1581 rei
3251 1535 3335 1582 sat
3356 1543 3480 1597 per~

1897 1613 2142 1683 spicuum
2178 1622 2555 1680 argumentum
2590 1614 2718 1670 illud
2762 1625 2865 1679 est,
2907 1618 3049 1685 quod
3084 1632 3271 1671 eorum
3313 1619 3477 1674 multa

1898 1704 1949 1756 in
1976 1704 2231 1773 Operibus
2257 1705 2370 1774 jam
2402 1707 2744 1760 exstantibus
2770 1718 3140 1776 compareant.

1967 1794 2054 1849 15.
2085 1792 2305 1848 Librum
2330 1798 2618 1865 quemdam
2649 1796 2720 1849 De
2746 1795 3123 1851 Incarnatione
3156 1798 3336 1853 laudat
3378 1801 3476 1855 Mi-

1895 1886 2047 1942 chael
2076 1886 2291 1956 Glycas,
2325 1903 2379 1956 p.
2414 1887 2540 1953 208,
2564 1887 2785 1956 ejusque
2814 1888 2939 1941 bina
2963 1888 3113 1943 all‘ert
3156 1889 3476 1957 fragmenta,

1895 1994 2014 2046 quae
2044 1978 2095 2030 ni
2130 1977 2283 2045 fallor
2315 1993 2416 2032 non
2439 1988 2649 2033 exstant
2695 1980 2745 2033 iu
2782 1980 2959 2034 editis.
2995 1980 3047 2033 In
3081 1983 3312 2036 concilio
3348 1982 3466 2036 Flo-

1896 2063 2107 2118 rentino
2132 2064 2243 2117 hate
2267 2064 2517 2133 leguntur
2547 2083 2559 2118 :
2593 2066 2763 2119 Τοῦτο
2800 2068 2909 2135 γὰρ
2938 2069 2998 2120 τὸ
3037 2069 3272 2139 πνεῦμα,
3310 2071 3474 2140 φησὶν

1894 2154 1923 2205 ὁ
1957 2152 2101 2223 ἱερὸς
2150 2153 2484 2217 Ἀθανάσιος,
2525 2157 2658 2226 πνοή
2709 2157 2822 2209 ἐστι
2873 2157 2967 2209 "of:
3010 2158 3157 2211 Υἱοῦ.
3194 2158 3305 2213 Hoc
3340 2170 3469 2212 est:

1899 2243 1999 2296 llic
2029 2244 2165 2297 enint
2190 2246 2426 2312 spiritus,
2454 2257 2506 2299 ut
2540 2247 2611 2299 ait
2640 2257 2852 2301 sanctus
2876 2248 3215 2309 Athanasius,
3249 2252 3470 2318 spiratio

1896 2332 2025 2386 Filii
2047 2344 2141 2388 est.
2172 2333 2300 2400 Qua:
2329 2334 2579 2397 videntur
2604 2350 2668 2389 ex
2689 2337 2921 2405 quodam
2944 2339 3285 2406 supposititio
3304 2354 3468 2408 opere

1895 2422 2158 2492 profecta.

1967 2515 2051 2568 l6.
2087 2514 2384 2583 Disputatio
2425 2532 2542 2571 cum
2587 2513 2842 2569 chcharo
2872 2513 3181 2580 iudicarunt
3232 2516 3472 2569 nomodi—

1894 2607 2265 2674 dascalo,qn:e
2289 2615 2467 2661 exstat
2503 2607 2553 2660 in
2588 2607 2907 2661 bibliotheca
2946 2605 3344 2662 Vimlnbonensi
3369 2647 3384 2671 ,
3417 2617 3472 2661 et

1892 2697 2170 2753 Athanasii
2196 2697 2414 2753 nomine
2437 2704 2765 2752 memoratur
2789 2712 2817 2751 a
2847 2698 3007 2753 Petro
3023 2698 3313 2754 Latnbecio
3336 2709 3465 2754 tom.

1896 2786 1956 2847 v,
1993 2801 2092 2855 pag
2146 2786 2269 2841 l55.
3018 2774 3023 2779 '

1965 2878 2050 2931 l7.
2085 2877 2138 2931 In
2174 2876 2389 2931 schedis
2419 2878 2737 2947 quibusdam
2763 2877 2992 2949 Eme-cici
3030 2878 3218 2948 Bigotii
3242 2879 3333 2933 τοῦ
3363 2898 3467 2951 μα·-

1893 2972 2137 3048 κᾳρίιτου,
2176 2988 2296 3043 qua:
2333 2987 2499 3041 penes
2549 2989 2632 3027 me
2676 2984 2819 3041 sunt,
2858 2973 3028 3035 fertur
3059 2991 3177 3034 esse
3218 2977 3465 3045 quantam

1892 3062 2061 3118 beata:
2089 3064 2303 3119 Theclae
2336 3062 2453 3117 Vita
2487 3065 2538 3118 in
2580 3064 2902 3121 bibliotheca
2951 3066 3296 3132 Scorialensi,
3345 3082 3466 3136 quae

1892 3154 2170 3209 Athanasii
2200 3169 2393 3209 nomen
2421 3155 2700 3228 praeferat.

1962 3246 2048 3301 l8.
2082 3245 2267 3300 Exstat
2297 3245 2422 3299 item
2452 3244 2721 3316 Spicilcgii
2761 3258 2888 3301 tom.
2934 3247 2977 3301 Il
3020 3247 3256 3317 Epistola
3293 3247 3460 3302 Pota-

1888 3336 1979 3407 mii
2006 3334 2471 3405 adAtttanasium,
2517 3346 2573 3390 ct
2618 3338 2859 3407 quidem,
2910 3339 2962 3392 ni
2999 3337 3150 3391 labor
3187 3339 3459 3409 Opinione,

1888 3425 2089 3497 ingenti
2119 3426 2423 3496 suspicione
2447 3412 2675 3484 laborat.

1956 3518 2043 3577 19.
2076 3516 2132 3574 ln
2195 3518 2330 3581 Vitis
2376 3530 2679 3575 sanctorum
2708 3520 3050 3583 Siculorum,
3096 3521 3322 3579 Octavio
3363 3523 3463 3581 Ca-

1879 3609 2064 3678 jetano
2124 3609 2466 3682 Syracusano
2518 3613 2835 3679 collectore,
2890 3624 2972 3671 est
3026 3610 3249 3671 nomine
3295 3616 3461 3672 Atha-

1888 3700 2027 3755 nasii
2054 3698 2169 3755 Vita
2195 3700 2252 3754 S.
2294 3700 2524 3771 Philippi
2550 3703 2895 3774 Agyrrensis,
2923 3705 2989 3760 de
3019 3720 3122 3773 qua
3153 3706 3205 3759 in
3237 3707 3462 3774 spuriis.

1955 3793 2048 3847 20.
2090 3791 2184 3847 Vir
2217 3792 2347 3847 clar.
2390 3804 2446 3847 et
2477 3794 2630 3850 nobis
2661 3796 3022 3852 amicissimus
3063 3795 3277 3852 Gabriel
3324 3796 3465 3852 Gro-

1888 3885 2105 3949 decius,
2174 3882 2367 3952 lingua:
2433 3883 2711 3959 Imbraicze
2774 3885 2968 3956 Lipsia:
3036 3886 3343 3956 professor,
3408 3888 3463 3942 in

1888 3975 2131 4043 catalogo
2180 3975 2430 4044 quodam.
2464 3976 2593 4029 mihi
2640 3979 2983 4041 transmisso,
3037 3981 3101 4032 de
3161 3993 3267 4046 quo
3328 3978 3464 4032 alias

1888 4066 2081 4132 fusius,
2138 4075 2370 4122 testatur
2412 4082 2472 4125 se
2521 4067 2805 4124 Mediolani
2857 4069 2911 4124 in
2960 4069 3279 4123 bibliotheca
3339 4068 3467 4121 Am-

1888 4156 2139 4213 brosiana
2194 4158 2395 4232 vidisse
2461 4160 2738 4223 codicem,
2793 4158 2845 4214 in
2909 4175 3016 4229 quo
3069 4170 3247 4216 exstat
3305 4159 3464 4213 Com-

1888 4251 2176 4305 mentarius
2211 4250 2427 4305 nomine
2473 4251 2753 4306 Athanasii
2796 4252 2850 4305 in
2878 4253 3137 4325 canticum
3169 4249 3369 4322 Moysis
3415 4257 3463 4303 et

1890 4340 2101 4396 Merita.

1959 4433 2048 4487 2l.
2086 4434 2291 4502 Agmen
2325 4433 2709 4505 claudatopus
2752 4434 2903 4504 jussu
2937 4436 3214 4490 Athanasii
3261 4452 3289 4489 a
3326 4451 3463 4504 quo-

198 4528 302 4601 dam
335 4534 399 4585 ad
440 4530 840 4585 Antiochenos
891 4526 961 4579 de
1006 4527 1251 4581 doctrina
1295 4543 1422 4581 vera
1470 4519 1706 4599 agentis,
1751 4544 1778 4581 a
1816 4529 1859 4584 D
1890 4524 2013 4578 dam
2047 4524 2163 4594 ejus
2201 4524 2453 4581 familiari
2482 4525 2881 4589 elucubratum,
2918 4527 2984 4581 de
3014 4540 3121 4595 quo
3157 4527 3271 4580 haec
3305 4527 3465 4579 Lam-

198 4621 330 4675 uobis
355 4624 575 4691 pariter
599 4636 800 4675 cusum
831 4619 901 4672 ad
933 4618 1157 4673 calcem.

252 4712 332 4767 η.
360 4714 588 4769 Laudat
617 4712 868 4767 Joannes
915 4710 1280 4765 Damascenns
1326 4710 1379 4764 in
1421 4710 1673 4766 Oratione
1721 4713 1785 4777 de

193 4801 470 4869 defunctis,
510 4803 612 4857 sub
663 4801 861 4863 linem,
896 4799 1089 4854 librum
1118 4801 1398 4856 Athanasii
1443 4802 1523 4856 De
1563 4805 1783 4857 mortuis

195 4898 236 4948 in
266 4896 410 4951 Domi
430 4913 519 4961 no,
553 4897 648 4963 qui
670 4894 791 4962 jam
818 4906 925 4947 non
951 4902 1146 4945 exstat.
1181 4893 1308 4946 Item
1358 4894 1524 4948 alium
1566 4894 1669 4948 hac
1700 4895 1775 4948 in.

195 4990 502 5058 scriptione,
520 4990 627 5054 Εὶς
652 4986 804 5052 τοὺς
836 4985 1225 5053 κοιμηθέντας
1249 4986 1651 5055 παναρμόνιος
1678 4988 1782 5040 λό-

194 5097 303 5145 γες,
324 5082 431 5152 qui
461 5080 702 5135 fortasse
732 5080 904 5133 idem.

254 5173 334 5226 15.
368 5175 437 5227 In
462 5173 712 5226 secunda
745 5168 970 5223 Nicmna
999 5169 1202 5239 synodo
1219 5169 1388 5222 locum
1408 5178 1493 5224 sat
1514 5172 1779 5235 prolixum

200 5264 342 5319 babes
374 5280 448 5319 es
488 5262 744 5328 Epistola
788 5260 1068 5314 Athanasii
1106 5260 1175 5312 ad
1208 5258 1563 5330 Eupsychium
1606 5260 1784 5314 Cresa-

202 5369 285 5409 rea:
309 5361 701 5427 presbyterum,
732 5368 898 5423 quem
935 5352 1134 5418 pariter
1155 5353 1419 5408 edidimus
1456 5351 1524 5406 ad
1556 5354 1781 5418 calcem,

200 5461 290 5501 una
311 5465 429 5503 cum
460 5447 805 5519 fragmentis
841 5459 906 5509 ex
943 5443 1159 5498 Gelasio
1185 5445 1480 5514 desumptis
1510 5463 1521 5498 :
1547 5460 1667 5515 qua:
1704 5454 1785 5497 ta-

201 5552 308 5592 men
352 5552 614 5612 excerpta
647 5537 916 5593 videntur
954 5549 1019 5601 es
1049 5535 1300 5604 aperibus
1326 5536 1628 5603 Athanasii,
1665 5551 1786 5605 quae

264 5657 338 5725 (a)
369 5655 506 5712 Harr.
538 5669 719 5711 un.

1887 4617 2073 4681 becius
2127 4616 2555 4683 adtriccsimnm
2591 4618 2877 4684 septimum
2919 4615 3160 4671 codicem
3204 4616 3464 4684 theologi-

1889 4722 2032 4775 cum,
2061 4721 2115 4774 μ.
2140 4704 2245 4758 58:
2279 4704 2444 4758 Valde
2476 4716 2649 4758 autem
2696 4704 2920 4759 notabile
2960 4714 3055 4767 est,
3099 4706 3151 4757 in
3210 4704 3321 4757 solo
3366 4705 3463 4758 hoc

1890 4798 2063 4852 codice
2088 4796 2154 4851 ’57
2184 4807 2304 4850 ante
2331 4796 2604 4864 epistolam
2635 4797 2804 4851 sancti
2827 4795 3015 4851 Jacobi
3041 4808 3248 4850 exstare
3262 4812 3465 4865 anony-

1892 4890 1960 4941 mi
1995 4888 2274 4957 cujusdam
2298 4888 2577 4957 pervetusti
2603 4887 2837 4941 auctoris
2875 4890 3179 4956 prooemium
3219 4890 3326 4943 sive
3354 4890 3464 4959 epi—

1892 4980 2081 5034 stolam
2117 4981 2495 5035 dedicatoriam
2524 4980 2591 5032 ad
2619 4990 2860 5034 sanctum
2892 4980 3239 5034 Athanasium
3280 4969 3488 5034 archi-‘

1888 5076 2182 5143 episcopum
2228 5073 2665 5138 Alexandrinum,
2711 5090 2814 5141 qua
2848 5073 2987 5128 clare
3022 5085 3177 5143 atque
3224 5091 3464 5143 expresse

1890 5175 2132 5233 testatur,
2150 5182 2207 5219 se
2223 5166 2525 5236 hypotheses
2542 5165 2663 5217 illas
2677 5175 2723 5218 et
2743 5164 2987 5219 lemmata
3004 5161 3235 5234 capitum
3255 5165 3465 5234 Episto-

1890 5257 2061 5310 larum
2086 5257 2461 5310 catholicarum
2482 5256 2713 5324 fraterno
2744 5258 2904 5324 ipsius
2916 5256 3460 5326 jussucomposuisse.

1895 5346 2100 5400 Titulus
2126 5347 2277 5401 istius
2301 5347 2555 5414 prooemii,
2586 5362 2690 5398 ttna
2727 5362 2843 5398 cum
2874 5345 3146 5413 principio,
3178 5355 3255 5397 est
3291 5344 3411 5397 talis
3442 5358 3461 5394 :

1891 5437 2160 5509 Πρόλογος
2212 5436 2320 5489 τῶν
2366 5436 2666 5490 καθολικῶν
2712 5435 3055 5489 Ἐπιστολῶν.
3099 5436 3326 5503 Μικροῖς
3363 5434 3464 5504 μὲν

1891 5534 1993 5585 κᾶν
2014 5530 2187 5602 μικρὰ
2201 5531 2492 5601 τολμῶσιν,
2523 5531 2622 5603 οςδκ
2654 5530 2834 5592 ἀδεές.
2875 5529 2931 5581 '0
2958 5529 3013 5580 δὲ
3054 5526 3332 5599 ἐλάχιστος
3350 5527 3464 5599 ἐγὼ

1973 5649 2045 5718 (b)
2068 5648 2272 5703 Concil.
2300 5649 2573 5710 Laterum,
2600 5656 2637 5699 t.
2656 5644 2717 5701 Vl
2737 5646 2918 5707 (Iona,
2943 5660 2993 5712 ιι.
3018 5646 3115 5705 50!
3140 5656 3189 5699 ct
3222 5661 3273 5715 p.
3290 5647 3413 5703 228.

259 5816 333 5891 (Ι)
377 5820 670 5893 [ntegrum
740 5822 937 5887 postea
991 5812 1154 5875 edidit
1226 5814 1656 5873 Muntlauconius
1695 5812 1747 5867 in
1780 5812 2105 5867 Bibliotheca
2130 5826 2255 5873 nova
2290 5806 2871 5874 l’ntruatnGra'coram.
