3998 6492
497 377 665 417 XXVI"

1873 359 2405 424 PROLEGOMENA.

493 484 606 544 τοῖς
652 480 792 552 ὑπὲρ
824 480 923 551 ἐμὲ
964 480 1147 543 πόνοις
1184 478 1447 551 ἐγχειρῶν
1481 480 1577 549 οὐχ
1622 480 1818 548 ἥκιστα
1856 479 2060 548 πέφυκα

2176 479 2252 534 sci
2285 494 2352 534 ex
2382 478 2664 533 coneinuis
2705 489 2759 533 et
2789 495 2910 534 cum
2952 480 3159 536 ratione
3188 482 3465 537 adornatis
3494 486 3741 554 corporis

492 571 791 635 ἀκινδύνως
815 589 827 602 ο
860 572 1048 643 ὥσπερ
1083 571 1149 625 ἂν
1185 573 1238 624 ετ
1262 588 1362 634 τις.
1398 581 1503 626 etc.
1538 570 1590 623 Id
1634 580 1717 625 est
1763 591 1774 625 :
1817 591 1835 621 ι
1885 568 2071 625 Prolo-

493 682 589 733 gus
619 665 673 717 in
700 664 988 717 catholicas
1022 662 1305 731 Epistolas.
1348 662 1565 716 Pusil’is
1593 674 1639 717 et
1675 663 1871 730 pusilla
1896 680 2072 733 aggre-

492 754 777 821 dientibus,
822 772 904 808 res
932 766 1071 808 metu
1097 772 1199 809 non
1232 766 1400 809 vacat.
1437 755 1590 820 Quod
1624 767 1797 809 autem
1832 773 1922 825 ego
1951 773 2069 821 per-

489 862 649 915 quam
702 848 949 901 minimus
1001 848 1154 900 homo
1185 846 1411 899 laborem
1457 848 1547 916 qui
1586 849 1713 900 t'ires
1742 863 1879 900 meas
1922 847 2070 913 longe

491 949 696 1005 superet
721 938 1021 1007 aggrediar,
1055 954 1155 991 non
1182 940 1375 993 modici
1407 940 1624 1005 periculi
1654 956 1732 992 res
1756 950 1849 993 est.
1879 940 2068 1004 Quem—

493 1029 777 1082 admodum
801 1029 846 1081 si
872 1029 1011 1097 quis,
1046 1048 1063 1080 ι
1109 1038 1218 1083 etc.
1258 1028 1369 1083 Nec
1402 1031 1562 1085 multo
1595 1040 1705 1097 post
1748 1042 1932 1083 auctor
1966 1031 2067 1083 Im-

484 1119 579 1187 jus
619 1120 853 1188 prooemii
901 1129 1141 1174 sanctum
1186 1122 1534 1175 Athanasium
1571 1121 1799 1189 appellat
1847 1123 2066 1189 fratrem

490 1210 573 1263 Itis
601 1212 801 1265 verbis:
832 1212 943 1280 Ἐφ’
974 1206 1054 1274 οἷς
1082 1208 1175 1265 οὖν
1204 1212 1378 1281 ἔγωγε
1412 1212 1593 1281 τολμῶ
1628 1212 1955 1284 συγγνώμην
1985 1216 2069 1268 αι-

489 1304 597 1357 τῶν
648 1303 852 1374 νέμειν,
902 1304 1120 1375 ἀγάπης
1168 1304 1316 1373 νόμῳ
1374 1303 1731 1373 βεϐιασμένος
1784 1304 1888 1357 ὑπὸ
1936 1304 2067 1356 ΣΟΥ

491 1400 751 1451 ΛΔΕᾹΦΕ
804 1398 1143 1451 ΑΘΑΝΑΣΙΕ
1213 1397 1609 1451 ΤΙΜΙΩΤΑΤΕ.
1659 1392 1761 1451 Οἷα
1824 1397 1929 1467 γάρ
1986 1415 2068 1460 τις

488 1492 823 1565 ἡμιθνήτων,
860 1501 964 1545 etc.
995 1491 1048 1544 Id
1086 1501 1168 1545 est
1206 1509 1220 1544 :
1260 1490 1334 1544 De
1367 1490 1463 1543 tali
1524 1508 1657 1543 ausu
1708 1506 1819 1542 meo
1868 1492 2065 1553 veniam

488 1603 703 1656 rogans,
728 1587 777 1638 ei
800 1596 846 1638 et
873 1568 980 1653 lege
1004 1584 1277 1636 charitatis
1302 1584 1392 1635 abs
1416 1596 1461 1635 te
1488 1581 1805 1649 compulsus,
1834 1596 2071 1635 vexetu-

489 1691 755 1730 ntussme
813 1692 1025 1731 runca
1077 1677 1376 1729 ATIIANASI.
1423 1675 1561 1728 Nam
1608 1674 1759 1744 quasi
1795 1674 2067 1726 semimor-

490 1779 631 1821 tuus.
664 1765 944 1821 Clauditur
970 1768 1190 1834 denique
1219 1769 1351 1819 idem
1390 1766 1697 1833 prooemium
1738 1766 1833 1818 hoc
1865 1765 2015 1817 modo
2044 1780 2063 1817 :

2177 571 2425 629 motibus.
2453 569 2558 625 Sed
2590 572 2843 639 quoniam
2875 572 2963 641 qui
2995 573 3294 643 profligatis
3324 576 3566 630 moribus
3596 587 3740 641 sunt,

2173 676 2279 730 quo
2311 661 2531 715 liberius
2571 662 2782 716 vnvendi
2830 663 2900 721 sit
2936 672 3194 732 potestas.
3235 672 3290 717 et
3331 662 3497 718 Deum
3543 680 3665 720 esse
3689 678 3742 722 et

2172 755 2406 808 animam
2425 768 2545 808 esse
2568 753 2934 811 immortalem
2963 756 3315 819 inficiantur;
3344 759 3624 812 contendit
3655 759 3743 813 ille

2177 845 2364 901 validis
2397 846 2726 914 argumentis
2754 847 2831 915 (p.
2858 846 2969 918 25),
3024 848 3258 902 animam
3306 864 3412 903 non
3475 852 3739 920 exstingui

2172 938 2444 992 exstincto
2480 952 2728 1006 corpore.
2761 939 3221 1009 scelestorumqne
3251 942 3553 1010 perfugium
3592 958 3740 995 amo-

2174 1038 2292 1095 vet;
2352 1029 2466 1098 qui,
2500 1030 2635 1098 proli
2671 1030 2856 1083 dolor!
2904 1032 2953 1084 id
2987 1032 3180 1086 summi
3227 1032 3351 1085 boni
3400 1032 3739 1103 locneﬂ'lagi-

2173 1128 2308 1182 tant,
2355 1129 2415 1173 ut
2449 1119 2738 1189 aliquando
2773 1122 3064 1176 exsistendi
3113 1123 3273 1177 finem
3323 1121 3545 1180 faciant.
3578 1126 3739 1195 Cujus

2172 1217 2246 1269 rei
2300 1215 2351 1268 in
2387 1212 2602 1285 propria
2642 1216 2819 1270 salute
2863 1217 3157 1287 periculum
3210 1216 3389 1272 facere
3424 1235 3588 1288 grave
3637 1232 3737 1276 est.

2171 1307 2425 1361 Ferreum
2471 1321 2602 1360 sane
2656 1317 2863 1376 pectus,
2906 1307 3046 1375 quod
3091 1316 3241 1362 tanto
3285 1309 3600 1363 discrimine
3631 1325 3736 1364 non

2172 1406 2481 1465 moveatur;
2516 1413 2639 1452 cum
2669 1397 2754 1452 vel
2808 1398 2906 1467 ipsi
2949 1398 3178 1467 gentiles
3231 1408 3286 1453 et
3350 1399 3559 1467 profani
3602 1415 3738 1468 prte-

2171 1490 2273 1543 mia
2320 1499 2375 1544 et
2413 1503 2625 1558 pmnas,
2655 1488 2961 1543 felicitatem
3018 1497 3071 1542 et
3116 1489 3403 1542 infortunia
3437 1492 3733 1545 secundum

2169 1582 2307 1635 hanc
2340 1583 2504 1635 vitam
2534 1595 2655 1636 esse
2684 1580 2930 1634 arbitrati
2962 1579 3092 1645 sint,
3133 1579 3285 1648 juxta
3314 1580 3443 1633 illud
3481 1579 3691 1651 Tragici
3720 1599 3734 1635 :

2238 1692 2718 1763 Εὐδαιμονοῖτυν,
2745 1692 2880 1746 ἀλλ’
2912 1690 3067 1744 ἐκεῖ’
3104 1690 3171 1744 τὰ
3209 1691 3261 1744 δ’
3288 1692 3431 1745 ἔνθα
3460 1691 3531 1745 δὲ

2240 1766 2441 1833 Πατὴρ
2470 1765 2735 1832 ἀφείλετ’
2766 1764 2842 1832 (a)

487 1859 645 1923 Δέξαι
679 1860 985 1931 τοιγαροῦν,
1011 1860 1154 1926 δέξαι
1192 1861 1317 1930 παρ’
1350 1860 1503 1929 ἡμῶν
1533 1860 1783 1929 ἀσμένως
1815 1858 1919 1911 τῶν
1958 1858 2060 1910 σῶν

2169 1856 2406 1910 Furiosa:
2432 1856 2621 1909 matris
2658 1855 2881 1917 dictum,
2915 1870 3033 1923 quae
3068 1853 3191 1907 dum
3218 1867 3399 1907 necem
3433 1852 3616 1907 liberis
3648 1867 3738 1921 pa-

487 1951 873 2021 ἐπιταγμάτων
916 1953 1015 2022 τὴν
1045 1952 1395 2023 πραγματεία
1409 1969 1445 2011 ι,
1487 1953 1615 2021 εὐχῇ
1650 1954 1713 2021 τῇ
1742 1950 1881 2021 ὑπὲρ
1909 1950 2065 2019 ἡμῶν

487 2045 633 2114 ἡμᾶς
678 2043 777 2113 τῆς
820 2044 1038 2107 πειθοῦς
1082 2043 1342 2115 διηνεκῶς
1392 2042 1764 2112 ἀμειϐόμενος.
1823 2042 1960 2108 Ἐγὼ
2007 2041 2062 2093 δὲ

490 2136 762 2206 στοιχηδὸν
794 2136 890 2199 τὰς
942 2134 1236 2198 καθολικὰς
1298 2134 1528 2203 καθεξῆς
1578 2131 1892 2194 Ἐπιστολάς
1931 2132 2062 2183 ἁνα-

487 2227 786 2299 γνώσομαι,
803 2228 900 2299 τὴν
922 2229 1029 2281 τῶν
1058 2228 1363 2296 κεφαλαῐιυν
1388 2226 1601 2279 ἔκθεσιν
1629 2224 1762 2295 ὁμοῦ
1786 2226 1877 2276 καὶ
1906 2224 2062 2276 Θείων

491 2320 805 2391 μαρτυρίων
859 2318 1067 2371 ἐνθένδε
1117 2317 1454 2388 ποιούμενος.
1496 2316 1547 2369 ld
1575 2323 1655 2370 est
1692 2333 1705 2367 :
1736 2316 1923 2379 Accipe
1962 2315 2061 2383 igi-

486 2420 591 2475 tur,
622 2411 795 2476 accipe
818 2409 1036 2462 libenter
1074 2424 1103 2461 a
1146 2409 1291 2460 nobis
1318 2424 1445 2474 opus
1469 2407 1624 2475 jussu
1652 2417 1741 2458 tuo
1767 2406 1982 2468 editum,
2011 2412 2061 2456 et

487 2501 697 2554 assidue
728 2500 968 2570 precibus
1006 2499 1109 2551 tuis
1143 2484 1527 2565 obsequentium
1564 2506 1796 2550 nostram
1826 2490 2063 2550 remune-

485 2610 569 2646 ra.
625 2590 735 2661 Ego
772 2572 890 2645 vero
922 2590 1205 2644 catholicas
1249 2586 1515 2655 Epistolas
1552 2589 1733 2642 ordine
1777 2588 2056 2657 perlegam,

486 2696 641 2756 atque
688 2685 916 2753 cupitum
964 2700 1067 2736 una
1105 2670 1258 2751 atque
1302 2682 1597 2733 divinorum
1645 2682 2057 2734 testimoniorum

485 2776 857 2847 expositionem
893 2775 1068 2828 edam.
1100 2773 1349 2849 Sequitur
1370 2774 1555 2828 deinde
1590 2773 1886 2841 hypotbesis
1930 2771 2056 2837 Epi-

486 2868 633 2921 stolis
654 2866 821 2921 sancti
850 2865 1035 2919 Jacobi
1060 2858 1138 2919 his
1168 2866 1335 2920 verbis
1367 2884 1383 2921 :
1428 2858 1645 2935 Ἐπειδὴ
1682 2864 1841 2927 αὐτὸς
1885 2864 1913 2915 ὁ
1957 2863 2051 2916 Ἰἀο

485 2958 660 3022 κωὸος
712 2956 912 3026 ταύτην
969 2956 1168 3027 γράφει
1230 2961 1339 3017 τοῖς
1396 2957 1503 3010 ἀπὸ
1554 2955 1660 3008 τῶν
1704 2955 1909 3009 δώδεκα
1955 2948 2083 3025 (po?

483 3050 610 3115 λῶν,
652 3060 753 3105 etc.
792 3050 849 3104 Id
879 3054 961 3105 est
995 3049 1301 3114 {Quoniam
1340 3047 1571 3102 Iacobus
1608 3048 1741 3101 hanc
1779 3048 2055 3102 duodecim

485 3142 720 3196 tribubus
744 3141 995 3205 rescribit,
1029 3149 1134 3196 etc.

1040 3216 1044 3221 ’
1223 3232 1310 3289 tv.

937 3327 1010 3379 De
1043 3310 1284 3378 doctrina
1308 3326 1601 3377 Athanasii.

555 3414 606 3470 l.
647 3412 703 3467 In
728 3413 1050 3469 Christiante
1086 3416 1205 3467 fidei
1246 3423 1434 3467 exortu
1464 3428 1568 3467 non
1606 3422 1761 3465 erant
1784 3411 1899 3481 ejus
1937 3428 2058 3482 my-

484 3502 647 3556 steria
681 3509 954 3581 certarum
982 3517 1175 3555 vocum
1201 3501 1461 3555 limitibus
1487 3492 1897 3569 circumscripta
1921 3517 1935 3565 ;
1964 3501 2057 3554 sed

483 3591 887 3663 emergentibus
929 3591 1142 3645 demum
1186 3590 1461 3646 erroribus
1510 3591 1769 3645 vocabula
1812 3584 2057 3660 quatiam

486 3682 701 3737 definiri
732 3697 1013 3737 necessum
1044 3680 1162 3747 fuit,
1192 3681 1385 3750 quibus
1412 3696 1506 3735 seu
1531 3681 1779 3736 claustris
1813 3672 2059 3735 contine-

484 3782 675 3827 rentur
708 3771 984 3826 temerarii
1028 3771 1274 3825 homines
1321 3785 1502 3824 rerum
1537 3774 1904 3825 novandarum
1944 3782 2059 3825 stu-

484 3862 642 3923 diosi.
670 3862 735 3916 Et
781 3861 1020 3915 indicare
1066 3875 1133 3916 ne
1163 3861 1360 3931 pigeat,
1404 3876 1525 3914 cum
1564 3860 1691 3913 nihil
1726 3860 1956 3931 periculi
1991 3875 2056 3914 ex

474 3953 685 4023 indicio
726 3952 818 4017 sit,
850 3953 1013 4007 salvis
1043 3966 1254 4019 semper
1288 3961 1342 4007 et
1377 3952 1601 4021 integris
1627 3953 1812 4017 rebus,
1858 3966 1921 4007 ac
1956 3952 2059 4006 fide

484 4044 616 4098 nihil
650 4051 875 4107 mutata,
914 4043 1081 4097 multa
1113 4042 1395 4098 Athanasii
1434 4056 1548 4095 tero
1586 4041 1812 4111 ejusque
1843 4057 1944 4111 ope
1976 4043 2059 4098 in-

484 4132 665 4189 ducta
690 4133 853 4187 verba
892 4130 1086 4195 fuisse,
1118 4141 1173 4185 et
1209 4131 1274 4185 ad
1315 4140 1518 4185 certam
1569 4132 1797 4186 formam
1844 4133 2055 4188 redacta

485 4225 607 4279 fidei
641 4224 851 4294 capita;
884 4232 942 4277 ut
990 4232 1143 4292 pater
1190 4224 1466 4277 hodierme
1514 4223 1795 4292 theologia:
1822 4224 1943 4293 jure
1971 4224 2058 4279 ille

486 4315 671 4371 vocari
696 4316 885 4386 possit.
907 4315 1023 4381 Quo
1044 4313 1215 4382 major
1234 4314 1315 4367 vir
1338 4312 1617 4368 habendus
1634 4322 1737 4377 est,
1759 4324 1811 4368 ut
1833 4315 1921 4384 qui
1939 4329 2056 4369 eam

485 4406 607 4461 fidei
631 4409 950 4462 enarranda:
970 4407 1230 4461 rationein
1252 4404 1398 4474 prior
1424 4404 1713 4471 induxerit,
1740 4420 1804 4461 ex
1822 4421 1924 4475 qua
1962 4421 2056 4474 pe-

2170 1957 2270 2010 rat,
2315 1946 2626 2001 felicitatem
2666 1946 2795 2015 ipsis
2836 1946 2889 1999 in
2924 1945 3100 1998 futura
3137 1946 3240 1998 vita
3274 1954 3547 2014 precatur,
3575 1959 3734 2011 quam

2168 2051 2317 2111 pater
2346 2039 2640 2093 abstulerat
2670 2041 2720 2092 in
2750 2038 3018 2109 prms‘enti.
3056 2037 3221 2091 Deum
3269 2050 3387 2091 esse
3425 2051 3587 2087 unum
3622 2034 3737 2103 plu-

2169 2132 2315 2185 ribus
2354 2139 2746 2185 commonstrat
2785 2138 2969 2184 contra
3000 2127 3248 2197 gentiles,
3310 2135 3617 2195 pugnatque
3655 2121 3737 2179 vel

2166 2237 2327 2275 unum
2359 2221 2439 2275 vel
2475 2220 2675 2273 nullum
2708 2234 2829 2274 esse
2861 2237 2873 2272 :
2903 2220 2973 2271 ibi
3015 2217 3091 2286 (p.
3119 2215 3209 2285 50)
3242 2215 3381 2269 hanc
3420 2213 3732 2284 praeclaram

2163 2314 2272 2366 edit
2323 2311 2672 2374 sententiam,
2712 2323 2830 2378 qua:
2884 2307 3054 2361 fertur
3102 2304 3394 2374 inprimis,
3443 2302 3734 2372 Ἐλέγομεν

2162 2406 2259 2477 τὴν
2291 2404 2654 2473 πολυθεὸτητα
2678 2402 2941 2471 ἀθεότητα
2967 2394 3125 2454 εἶναι.
3147 2398 3257 2453 Hoc
3279 2408 3361 2452 est
3384 2413 3398 2448 :
3426 2396 3733 2449 Dicebamus

2161 2496 2601 2563 multiplicitutem
2633 2495 2869 2555 deorum,
2909 2508 3020 2544 esse
3050 2489 3345 2542 nullilatem
3365 2488 3605 2539 deorum.
3635 2484 3731 2539 Cui

2161 2588 2397 2641 alludere
2422 2587 2558 2641 forte
2592 2587 2837 2638 videatur
2864 2582 3158 2651 Gregorius
3190 2580 3562 2634 Nazianzenus
3611 2592 3733 2629 ora-

2164 2679 2309 2733 tione
2339 2678 2428 2744 Bi,
2455 2694 2575 2733 cum
2608 2677 2887 2747 gentilium
2920 2674 3351 2744 superstitionem
3379 2680 3539 2726 vocat
3562 2667 3698 2725 πολύ
3717 2702 3730 2709 -

2160 2771 2279 2823 θεον
2312 2770 2517 2823 ἀθεῗαν.
2553 2769 2750 2838 Lepide
2782 2777 2959 2822 autem
2994 2782 3090 2821 nec
3114 2767 3230 2821 sine
3264 2763 3469 2818 facetiis
3494 2762 3733 2832 exagitat

2161 2863 2303 2916 illam
2342 2852 2623 2932 gentilium
2662 2862 2883 2916 deorum
2936 2857 3171 2922 turbam,
3230 2869 3458 2924 quorum
3504 2853 3732 2921 quisque

2161 2954 2375 3022 ﬂagitiis
2391 2955 2501 3007 suis
2524 2950 2931 3013 noliilitabatur,
2951 2950 3023 3003 ita
3042 2958 3100 3001 ut
3116 2945 3325 3001 nonnisi
3357 2952 3478 3003 nota
3498 2942 3729 3011 quadam

2161 3046 2506 3116 turpitudinis
2562 3044 2699 3098 alius
2724 3050 3094 3099 secerneretur
3133 3039 3199 3093 ab
3234 3037 3359 3091 alio.
3401 3034 3729 3103 Religionem

2161 3152 2290 3192 sane
2324 3137 2542 3206 pulchre
2590 3136 2655 3188 ad
2704 3133 2997 3203 perniciem
3051 3130 3325 3186 hominum
3391 3128 3728 3189 instructam,

2163 3244 2283 3283 cum
2318 3225 2715 3283 nullns'modus
2750 3223 2971 3280 sceleris
3006 3231 3141 3278 esset
3171 3261 3186 3287 ,
3221 3221 3348 3289 quin
3390 3216 3617 3285 alicujus
3645 3216 3728 3271 dei

2160 3318 2403 3391 exemplo
2445 3321 2725 3377 niteretur.

2229 3412 2283 3465 5.
2320 3410 2393 3464 De
2422 3410 2525 3462 Deo
2549 3405 2670 3463 uno.
2706 3440 2775 3448 —
2810 3409 2898 3464 Ait
2956 3410 3080 3464 item
3134 3416 3356 3463 sanctus
3415 3407 3611 3462 Doctor
3651 3405 3726 3475 (p.

2161 3502 2271 3571 ὅθ),
2322 3501 2364 3554 si
2408 3500 2557 3553 nudti
2612 3508 2791 3577 essent
2842 3500 2940 3561 dii,
2978 3496 3225 3553 necesse
3289 3496 3403 3553 fore
3462 3504 3522 3551 ut
3574 3493 3725 3549 multi

2163 3592 2349 3647 mundi
2389 3600 2590 3659 essent,
2628 3606 2725 3645 nec
2749 3605 2911 3661 posse
2936 3590 3261 3661 ἀταράκτως
3287 3604 3316 3642 a
3347 3588 3530 3642 multis
3564 3600 3729 3641 unum

2162 3685 2271 3753 regi
2306 3685 2581 3737 mundum.
2623 3682 2819 3748 Unum,
2850 3682 3023 3751 inquit
3064 3682 3142 3752 (p.
3176 3680 3265 3744 49,
3305 3680 3453 3749 171),
3488 3678 3651 3733 Deum
3678 3688 3732 3731 et

2163 3778 2215 3830 in
2248 3776 2444 3830 mundo
2496 3784 2551 3829 et
2594 3783 2750 3830 extra
2798 3774 3052 3827 mundum
3115 3780 3303 3841 suapte
3344 3779 3533 3823 natura
3585 3782 3730 3831 esse,

2160 3867 2288 3936 quin
2354 3866 2529 3935 spatio
2586 3864 2694 3919 ullo
2748 3864 3244 3919 circumscribatur.
3314 3859 3540 3929 Depellit
3602 3858 3727 3910 item

2162 3958 2235 4028 (p.
2272 3957 2362 4023 '58)
2424 3956 2811 4025 Epicureorum
2870 3962 3257 4009 commentum.
3307 3950 3396 4021 qui
3458 3949 3731 4019 uugaban-

2162 4058 2249 4102 tur
2279 4048 2533 4101 mundum
2570 4045 2791 4099 fortuito
2824 4044 3062 4108 factum;
3108 4051 3163 4096 et
3199 4042 3498 4101 Platonem,
3544 4036 3633 4106 qui
3665 4052 3729 4091 ex

2160 4139 2309 4206 prius
2358 4146 2605 4192 exstante
2661 4136 2887 4191 materia
2942 4134 3215 4189 conditum
3262 4130 3582 4186 aﬂirmabat.
3629 4126 3731 4182 Ge-

2161 4231 2332 4285 nesim
2373 4230 2486 4283 sive
2524 4227 2993 4297 genethlialogiam
3035 4226 3320 4281 exitiosam
3365 4231 3559 4286 artem,
3612 4233 3732 4287 qua

2160 4325 2226 4377 ad
2260 4322 2371 4376 haec
2408 4336 2576 4391 usque
2610 4330 2849 4389 tempora
2894 4326 3225 4388 perseverat,
3281 4314 3514 4387 graviter
3546 4310 3730 4381 exagi-

2162 4424 2240 4469 tat
2274 4414 2346 4485 (p.
2374 4413 2484 4483 46).
3295 4414 3298 4418 λ

484 4496 732 4553 ritissimi
753 4499 972 4569 quique,
998 4506 1254 4566 tanquam
1288 4511 1351 4550 ex
1383 4495 1545 4559 fonte,
1576 4511 1762 4550 verum
1792 4498 2053 4552 sentiendi
2089 4498 2132 4552 D
2230 4507 2283 4560 4,
2328 4505 2405 4558 De
2433 4505 2764 4573 generatione
2791 4501 2939 4556 Filii.
2964 4533 3036 4543 --
3084 4502 3289 4555 Passim
3343 4516 3408 4556 ac
3451 4514 3586 4569 pene
3618 4498 3731 4552 ubi.

481 4587 689 4655 pariter
735 4597 789 4644 et
826 4588 1075 4657 loquendi
1120 4588 1337 4641 modum
1375 4587 1653 4641 haurirent
1689 4606 1701 4640 :
1738 4588 1881 4642 inter
1921 4603 2057 4658 quos

484 4677 742 4734 Ecclesia:
765 4680 966 4734 lumina
990 4680 1223 4735 Basilius
1246 4662 1318 4733 ‘et
1354 4679 1647 4750 Gregorius
1685 4678 2058 4735 Nazianzenus

483 4784 581 4836 pro
607 4770 728 4824 ﬁdei
763 4763 1023 4839 magistro
1064 4774 1239 4824 virum
1272 4772 1529 4825 habuere.
1559 4770 1667 4826 Nos
1691 4781 1748 4825 ut
1776 4771 2054 4825 Athanasii

485 4860 746 4914 doctrina:
778 4862 1053 4927 specimen
1086 4864 1293 4927 demus,
1354 4878 1382 4915 a
1430 4862 1539 4917 Deo
1581 4862 1786 4929 Optimo
1821 4862 2056 4916 maximo

482 4947 616 5010 orsi,
655 4948 722 5001 ad
746 4957 938 5002 ctetera
977 4946 1402 5020 pregrcdiemur.

546 5036 602 5091 2.
628 5037 702 5093 De
720 5038 843 5093 Deo.
860 5039 1121 5095 —Primo
1140 5043 1213 5095 ait
1228 5046 1302 5110 (p.
1318 5040 1386 5095 27
1404 5041 1601 5111 seqq.),
1622 5041 1783 5096 Deum
1803 5042 2051 5112 cognosci

482 5145 547 5184 ex
566 5130 816 5200 opificiis,
831 5145 1006 5199 exque
1021 5133 1301 5188 harmoiiia
1324 5148 1525 5198 rerum,
1550 5149 1667 5202 qua:
1685 5134 1902 5201 quidem
1917 5134 2054 5187 ratio

487 5221 841 5291 cognoscendi
867 5220 960 5275 Dei
998 5222 1191 5291 cuique
1215 5223 1371 5277 obvia
1399 5231 1503 5288 est,
1536 5232 1595 5278 ut
1627 5224 1765 5278 nulla
1799 5224 1868 5277 sit
1897 5223 2053 5277 venia

482 5321 577 5366 aut
613 5312 890 5368 excusatio
918 5313 1004 5375 iis,
1060 5312 1150 5380 qui
1184 5321 1480 5378 tantarum,
1513 5324 1620 5368 tam
1658 5316 2052 5382 disparatarum

485 5418 663 5457 rerum
696 5392 1014 5459 concentum
1044 5413 1098 5458 et
1133 5416 1338 5459 mutum
1367 5407 1608 5477 ἀνοήτως
1636 5414 1691 5461 et
1715 5406 1849 5459 citra
1881 5403 2058 5471 cujus-

486 5494 609 5548 dam
645 5496 1012 5568 intelligentite
1062 5496 1407 5553 moderamen
1471 5500 1578 5570 regi
1634 5508 1689 5553 et
1724 5496 1929 5553 servari
1961 5510 2059 5565 puc

488 5594 625 5639 teat.
662 5587 703 5640 Α
731 5588 891 5643 simili
922 5597 1102 5659 autem
1129 5590 1321 5659 urebat
1350 5592 1425 5659 (p.
1452 5590 1564 5662 29),
1597 5589 1830 5644 animam
1860 5602 2057 5662 cogno-

557 5764 632 5832 (a)
666 5764 873 5833 Eurip.,
904 5765 1105 5828 Medea.

2158 4613 2265 4667 que
2312 4596 2553 4651 locorum
2601 4595 2695 4659 ait,
2731 4594 2940 4648 Patrem
2976 4596 3172 4650 Filium
3216 4608 3371 4646 suum
3424 4592 3491 4646 ab
3528 4599 3731 4645 eterna

2104 4734 2111 4745 .
2158 4691 2417 4759 gignere:
2455 4686 2966 4755 generationemque
3013 4687 3155 4739 illam
3206 4698 3327 4738 esse
3367 4682 3609 4750 passione
3643 4694 3733 4732 va—

2159 4795 2333 4833 cuam.
2382 4777 2590 4847 Pugnat
2647 4778 2772 4830 item
2810 4776 3065 4845 frequens
3100 4777 3176 4845 (p.
3210 4774 3358 4843 3M),
3388 4772 3582 4827 Filium
3612 4784 3732 4825 esse

2158 4869 2440 4940 ὀμοούσιον
2479 4868 2555 4939 τῷ
2611 4868 2807 4939 Πατρί,
2835 4876 3121 4931 aeternum,
3173 4880 3280 4921 non
3330 4864 3557 4926 factum,
3605 4875 3730 4931 per-

2161 4962 2281 5015 inde
2307 4969 2467 5029 atque
2494 4960 2705 5015 Patrem
2737 4976 2751 5009 :
2780 4975 2877 5014 nec
2905 4958 3223 5013 insolentem
3254 4971 3376 5013 esse
3404 4969 3586 5010 vocem
3609 4954 3731 5022 ὁμο-

2158 5050 2355 5110 ούσιον.
2389 5050 2635 5117 exemplo
2666 5049 2905 5120 Dionysii
2937 5048 3289 5103 Alexandrini
3316 5054 3731 5109 commonstrat,

2158 5135 2243 5189 cui
2282 5135 2411 5189 vitio
2443 5135 2624 5189 datum
2660 5133 2779 5197 fuit,
2837 5135 2978 5203 quod
3039 5149 3100 5189 ea
3147 5148 3279 5188 voce
3334 5148 3441 5187 non
3490 5139 3734 5185 uteretur

2160 5241 2281 5280 cum
2348 5225 2415 5280 de
2470 5226 2680 5295 origine
2741 5225 2903 5281 Verbi
2958 5224 3050 5279 Dei
3119 5236 3425 5279 sermonem
3484 5221 3728 5276 haberet.

2156 5318 2211 5372 Id
2274 5326 2591 5389 argumento
2635 5328 2750 5385 est,
2811 5332 2931 5372 eam
2998 5331 3206 5376 vocem.
3264 5314 3390 5370 licet
3452 5328 3481 5367 a
3552 5312 3733 5367 Patri-

2156 5407 2259 5464 bus
2291 5418 2418 5463 ante
2451 5410 2765 5480 Dionysium
2813 5423 2919 5463 non
2960 5415 3310 5472 memoretur,
3348 5405 3517 5463 fuisse
3549 5412 3729 5457 tamen

2156 5508 2315 5552 antea
2349 5499 2767 5569 frequentatam.
2798 5499 2992 5556 Exstat
3020 5514 3183 5570 porro
3209 5498 3350 5552 inter
3371 5494 3728 5566 nugacissima

2159 5588 2659 5649 Valentinianorum
2687 5600 2986 5648 commenta
3022 5606 3121 5645 vox
3157 5588 3463 5660 ὁμοούσιον,
3493 5585 3586 5641 sed
3614 5583 3729 5639 lon-
