3998 6514
1208 398 1582 479 ΡΒᾸΞΕΑΉΟ
1621 394 1967 453 EDITIOMS
2006 393 2505 449 BENEDICTINIZ.

3322 407 3449 447 XXIX

171 536 227 593 ge
249 518 351 575 alio
374 530 500 572 usu.
542 516 834 576 Aﬂirmat
867 530 1051 577 contra
1078 518 1261 574 Arium
1310 526 1364 572 et
1395 514 1630 571 asseclas
1657 513 1773 583 ejus
1803 518 1847 572 Α
1878 521 1978 575 ter,
2039 524 2162 564 mox
2223 507 2723 576 interpretationem
2754 507 2953 576 adjicit
3010 508 3112 562 hoc
3167 513 3327 571 pacto
3373 507 3449 574 (p.

174 606 543 683 (ρ.17ι,598)
606 609 880 665 Verbum
933 626 963 665 a
1016 610 1121 663 Deo
1170 622 1329 661 unum
1379 605 1627 675 proferri,
1669 618 1772 657 non

174 700 345 757 multa.
374 699 551 767 Deus,
584 700 794 769 inquit
828 711 1047 756 sanctus
1074 701 1266 754 Doctor
1299 701 1376 765 (p.
1398 697 1490 763 3|,
1514 695 1629 764 54),
1679 710 1777 763 per

176 793 392 849 Verbum
443 808 618 848 suum
650 796 863 850 omnia
905 795 1028 850 facit
1056 810 1115 847 ac
1150 794 1452 862 dispensat;
1492 806 1555 846 ac
1596 805 1692 859 per
1722 789 1775 843 id

177 885 379 957 intelligi
416 885 616 949 datur,
654 868 823 956 quod
862 888 1077 952 dicitur,
1107 886 1278 956 ipsum
1305 898 1424 940 esse
1455 881 1773 951 principium

178 978 361 1029 viarum
390 974 628 1027 Domini
662 992 679 1027 :
700 990 830 1044 'per
862 977 1035 1045 ipsum
1076 984 1251 1029 movet
1280 974 1441 1027 etiam
1479 969 1776 1025 invisibiles

177 1068 275 1123 illas
303 1075 645 1135 potestates.
681 1066 994 1121 Contendit
1028 1066 1347 1119 Athanasius
1376 1065 1659 1118 adversum
1688 1060 1777 1115 Ju-

173 1160 300 1214 dxos
332 1157 410 1228 (p.
440 1156 542 1227 56)
580 1154 832 1210 Patrem
882 1173 1004 1210 cum
1043 1158 1259 1220 diceret,
1295 1153 1578 1209 Faciamus
1606 1154 1778 1207 Itami-

176 1264 273 1303 nem
295 1251 361 1300 ad
386 1248 846 1300 similitudinem
896 1258 1144 1311 nostram,
1188 1246 1379 1302 Filium
1425 1245 1775 1314 compellasse

174 1356 344 1404 suum;
368 1350 426 1392 ct
448 1338 574 1392 haec
608 1338 751 1391 trita
790 1338 900 1391 fuit
925 1337 1156 1390 omnium
1181 1338 1522 1405 antiquorum
1555 1336 1773 1390 Patrum

173 1430 443 1486 sententia.
475 1427 553 1481 Ut
582 1436 1014 1483 commonstret
1042 1435 1215 1479 autem
1255 1424 1483 1479 Verbum
1519 1440 1623 1479 non
1655 1438 1777 1478 esse

174 1537 270 1576 rem
298 1521 528 1583 factam,
565 1531 643 1572 ex
682 1516 1017 1584 quotidiana
1058 1515 1311 1570 Ecclesim
1354 1530 1450 1567 usu
1506 1513 1779 1583 progredi.

174 1622 269 1669 tur,
302 1620 471 1676 atque
506 1608 623 1660 hoc
657 1606 855 1660 utitur
884 1614 1198 1676 argumento
1229 1606 1303 1672 (p.
1342 1604 1468 1674 588)
1503 1619 1517 1657 :
1551 1605 1664 1657 Non
1709 1602 1775 1656 li-

174 1718 245 1762 cet
275 1722 383 1762 rem
418 1705 644 1760 iactam
674 1705 927 1760 adorare
957 1721 968 1756 :
998 1700 1225 1755 Verbum
1246 1698 1539 1754 adoratur:
1567 1711 1672 1751 non
1696 1703 1781 1749 est

173 1812 287 1867 ergo
316 1813 401 1851 res
438 1796 626 1851 facta.

1888 603 2065 673 1016),
2098 602 2169 655 Ἦ
2195 600 2254 667 ἐξ
2276 600 2467 671 ἐτέρας
2496 599 2861 662 ὑποστάσεως,
2883 600 2916 669 ἢ
2938 598 3123 660 οὐσίας
3148 595 3454 667 φάσκοντας

1882 686 2018 745 εἶναι
2042 693 2133 744 τὸν
2158 691 2286 744 Υἱὸν
2315 689 2409 745 τοῦ
2432 688 2586 753 Θεοῦ,
2625 689 2658 759 ἢ
2685 689 2746 742 τὸ
2778 688 3002 759 Πνεῦμα
3033 689 3094 742 τὸ
3128 687 3302 758 ἅγιον,
3330 702 3454 759 τρια

1881 782 2073 851 πτὸνῆ
2109 781 2415 845 ἀλλοιωτὸν,
2452 780 2676 843 τούτους
2711 780 3195 850 ἀναθεματεζομεν.
3246 777 3302 831 Id
3326 786 3406 832 est
3434 796 3447 829 :

1882 874 1981 925 Aut
2026 873 2113 941 qui
2150 872 2327 923 dicunt
2359 885 2423 922 ea:
2459 870 2564 922 alia
2602 869 2868 939 hypostasi
2908 866 2983 921 vel
3018 868 3311 921 substantia
3343 882 3453 921 esse

1883 960 2081 1015 Filium
2133 960 2251 1024 Dei,
2296 970 2388 1013 aut
2429 958 2679 1026 Spiritum
2712 969 2967 1022 sanctum,
3018 957 3315 1011 mutabilem
3360 966 3452 1009 aut

1882 1052 2206 1117 t'ariabilem,
2249 1054 2341 1106 ltos
2385 1053 2712 1105 anathemate
2753 1052 3086 1104 damnamus.
3141 1049 3207 1102 Et
3246 1050 3296 1101 in
3324 1047 3454 1117 Epic

1880 1142 2019 1196 stola
2066 1143 2135 1195 ad
2176 1141 2329 1211 Afros
2377 1140 2624 1195 similiter
2674 1139 2968 1194 ὑπόστασιν
2998 1155 3094 1208 per
3126 1138 3310 1192 οὐσίαν
3345 1138 3457 1193 sive

1881 1234 2227 1289 substantiam
2252 1232 2504 1300 explicat,
2549 1233 2620 1285 ita
2653 1242 2709 1285 ut
2743 1232 2831 1285 ubi
2862 1232 3179 1302 bypostasin
3214 1231 3456 1285 eamdem

1881 1341 2000 1380 esse
2032 1325 2084 1378 in
2115 1322 2275 1376 Patre
2313 1333 2365 1376 et
2398 1323 2449 1376 in
2474 1322 2611 1376 Filio
2633 1324 2913 1391 praulicat,
2957 1337 3080 1374 mox
3114 1322 3331 1391 adjiciat
3365 1320 3458 1374 oo.

1883 1414 2003 1477 σίας
2046 1413 2159 1466 sive
2194 1412 2965 1481 substantiaeexplicationem.
3009 1411 3329 1481 Hypostasin
3357 1427 3457 1464 au-

1884 1513 1989 1557 tem
2047 1500 2363 1568 simpliciter
2410 1515 2473 1554 ac
2530 1500 2647 1555 sine
2696 1502 2875 1554 addito
2916 1500 3241 1566 hujnsmodi,
3295 1516 3456 1553 uuam

1884 1594 1935 1649 in
1997 1593 2155 1647 Patre
2207 1602 2369 1662 atque
2419 1597 2661 1646 eamdem
2727 1593 2781 1646 in
2818 1592 2953 1647 Filio
3008 1607 3148 1658 esse,
3204 1607 3307 1646 non
3349 1608 3462 1647 nte-

1884 1684 2012 1739 tuiui
2082 1700 2167 1740 me
2233 1684 2429 1755 legisse
2486 1685 2538 1738 in
2605 1685 2877 1755 germanis
2937 1684 3220 1747 Athanasii
3286 1682 3463 1752 operi-

1884 1779 2004 1834 bus.

236 1891 285 1947 5.
320 1888 399 1943 De
429 1887 662 1956 Spiritu
692 1896 911 1941 sancto.
940 1884 1061 1938 Tres
1084 1885 1402 1953 Iiypostases.
1423 1908 1491 1921 —
1520 1876 1779 1948 Spiritum
1811 1869 1854 1925 B
1953 1870 2007 1925 6.
2049 1868 2271 1924 Patrum
2319 1868 2647 1937 antiquioris
2673 1869 2773 1923 aevi
2802 1868 3003 1937 scripta
3046 1881 3459 1939 commemorat,

176 1990 401 2034 sanctum
470 1982 557 2033 ait
611 1980 699 2049 (p.
751 1977 854 2044 86)
886 1990 1004 2030 esse
1035 1975 1374 2045 ὲκπόρευμα,
1429 1970 1582 2040 quasi
1633 1969 1783 2023 dicas

176 2072 494 2126 emissionem
525 2070 755 2123 Patris.
790 2068 870 2121 Ex
907 2066 1042 2120 Filio
1073 2080 1284 2133 quoque
1319 2061 1608 2132 procedere
1641 2059 1782 2114 haud

177 2167 389 2225 obscure
438 2163 755 2233 prmdicat,
789 2175 915 2213 cunt
946 2159 1020 2211 ait
1051 2173 1153 2212 non
1181 2156 1348 2210 semel
1371 2156 1445 2225 (p.
1477 2153 1601 2219 701,
1633 2152 1779 2225 782),

178 2256 301 2325 apud
351 2254 529 2309 Deum
596 2250 841 2311 Patrem
896 2248 1086 2304 Filium
1126 2263 1245 2302 esse
1302 2245 1521 2300 fontem.
1551 2243 1784 2316 Spiritus

181 2346 372 2401 sancti:
405 2355 465 2397 et
501 2332 622 2397 alio
654 2344 787 2395 loco
821 2336 1078 2410 (p.555),
1110 2340 1227 2392 ideo
1252 2337 1511 2405 Spiritum
1535 2344 1780 2391 sanctum

180 2456 205 2492 a
248 2438 401 2493 Patre
429 2437 785 2507 procedere,
831 2434 960 2503 quia
995 2449 1059 2486 ex
1086 2432 1221 2486 Filio
1246 2430 1482 2501 cllulget,
1526 2438 1687 2499 atque
1714 2430 1782 2485 ab

180 2546 235 2583 eo
260 2530 493 2583 mittitur
525 2530 614 2599 (p.
647 2528 776 2595 81).
816 2528 927 2581 lies
952 2540 1075 2580 cum
1102 2523 1288 2593 primis
1313 2523 1598 2578 observatu
1622 2522 1781 2591 digna

179 2630 268 2688 est,
293 2636 387 2676 nec
417 2619 946 2691 przrtertnittenda,
982 2617 1122 2684 quod
1151 2615 1439 2685 Dionysius
1463 2614 1784 2669 Alexandri-

183 2728 269 2766 nos
296 2722 459 2782 atque
495 2710 864 2765 Athanasius
896 2707 973 2777 (p.
995 2705 1121 2777 200)
1161 2706 1377 2770 dicant,
1424 2705 1476 2758 itt
1536 2704 1783 2758 manibus

182 2802 341 2868 Patris
389 2812 447 2858 et
481 2803 620 2857 Filii
656 2815 792 2854 esse
842 2799 1107 2869 Spiritum
1143 2806 1409 2862 sanctum,
1442 2806 1496 2850 et
1544 2811 1716 2866 neque
1751 2812 1782 2849 a

186 2897 411 2951 mittente
438 2896 642 2957 Patre,
679 2907 867 2962 neque
896 2907 924 2944 a
962 2893 1165 2946 ferente
1197 2889 1333 2943 Filio
1369 2888 1557 2941 dividi.
1609 2887 1783 2955 Spiris

186 2996 257 3038 tus
276 3000 496 3054 quoque
520 2983 837 3056 ὁμοούσιος
873 2991 958 3037 est
982 2980 1124 3039 Patri
1153 2981 1227 3050 (p.
1257 2979 1405 3045 510),
1432 2986 1487 3032 et
1517 2984 1624 3032 tota
1658 2976 1782 3031 Trio

187 3078 307 3137 nitas
324 3078 633 3148 ὸμυούσιος
664 3076 879 3131 dicitur
914 3074 987 3144 (p.
1016 3074 1163 3143 741).
1188 3071 1422 3141 Vulgare
1453 3080 1537 3126 est
1568 3080 1623 3125 et
1661 3085 1784 3139 pas-

185 3169 271 3220 sim
298 3170 524 3241 obvium
553 3170 639 3239 (p.
682 3166 815 3232 700,
851 3165 979 3229 558,
1015 3164 1165 3235 718),
1217 3164 1273 3218 in
1321 3162 1499 3226 Patre,
1538 3161 1694 3224 Filio,
1730 3168 1785 3214 et

186 3259 372 3329 Spiritu
424 3272 639 3317 sancto
691 3274 862 3314 unam
915 3272 1035 3313 esse
1087 3257 1366 3317 deitatem,
1402 3268 1561 3307 unam
1595 3261 1785 3322 potens

186 3352 320 3417 tiam,
353 3367 523 3406 unam
557 3349 966 3406 substantiam.
999 3345 1160 3400 Pater
1187 3360 1283 3413 per
1312 3343 1546 3399 Verbum
1580 3343 1634 3397 in
1660 3342 1783 3412 Spi-

188 3444 276 3498 ritu
304 3445 491 3498 omnia
532 3441 797 3495 condidit
834 3439 912 3509 (p.
948 3437 1071 3501 540,
1106 3435 1253 3502 554),
1297 3449 1401 3488 non
1452 3434 1667 3504 quidem
1708 3433 1781 3488 ita

187 3545 233 3589 ut
256 3533 452 3601 Verbo,
496 3534 590 3588 vel
625 3531 847 3599 Spiritu
882 3537 1092 3589 sancto,
1124 3540 1221 3579 cett
1270 3524 1643 3578 instrumentis
1690 3531 1783 3577 aut

185 3626 519 3681 administris
546 3622 852 3693 spiritibus
886 3618 953 3672 ab
978 3632 1037 3672 se
1066 3616 1318 3680 conditis,
1344 3613 1500 3669 Pater
1523 3630 1648 3669 usus
1679 3614 1777 3675 sit;

184 3717 264 3770 sed
296 3727 406 3773 tres
436 3730 706 3787 persona:
745 3710 1004 3783 principii
1045 3711 1203 3763 unius
1242 3707 1503 3761 rationem
1543 3716 1781 3768 tenuere,

188 3818 491 3878 tenentque.
523 3807 673 3869 Tres
703 3805 1050 3876 hypostases,
1070 3799 1417 3862 ὑποστάσεις,
1440 3799 1492 3851 in
1519 3797 1784 3851 Trinitate

186 3915 290 3953 esse
324 3915 433 3961 non
470 3897 658 3954 semel
690 3897 878 3957 docet,
930 3903 986 3947 et
1023 3894 1237 3961 quidem
1276 3890 1543 3959 perfectas
1579 3892 1655 3956 (p.
1691 3887 1781 3953 86,

189 3989 297 4055 lilii,
328 3990 454 4060 701)
483 4006 499 4041 :
537 4003 651 4042 non
686 3985 1036 4039 tameninter
1067 3998 1127 4037 se
1158 3983 1357 4047 divisas
1384 3988 1460 4051 (p.
1483 3980 1601 4049 80);
1627 3989 1785 4034 caute

188 4084 315 4136 enim
350 4084 558 4138 isthmc
594 4080 972 4148 explicantur,
1033 4091 1102 4131 ne
1137 4075 1449 4130 suboriatur
1477 4074 1658 4142 lapsus
1693 4087 1784 4130 οοτ

189 4174 339 4228 casio.
399 4176 475 4229 Et
527 4174 798 4225 advertas
832 4175 1009 4238 'qnant
1059 4166 1360 4222 inconsulte
1415 4166 1633 4233 quidam
1685 4162 1782 4216 aevi

192 4266 347 4318 nostri
377 4265 702 4332 scriptores
726 4258 1089 4316 Athanasium
1111 4258 1299 4332 dicant
1335 4270 1597 4323 nusquam
1626 4253 1785 4323 hypo-

190 4368 347 4409 stases
373 4368 757 4413 memorasse.
809 4349 997 4404 Ariani
1051 4330 1267 4417 quoque
1315 4356 1423 4400 tres
1469 4346 1787 4415 hypostases

190 4450 589 4517 proﬁtebantur
610 4459 758 4509 esse,
794 4456 985 4495 verum
1009 4438 1233 4493 subdolo
1259 4435 1517 4500 consilio;
1547 4450 1611 4488 eo
1640 4435 1785 4501 quip-

1885 1975 1947 2015 ac
1975 1970 2232 2030 excerpta
2264 1975 2449 2014 eorum
2479 1956 2731 2024 atl‘erens,
2779 1959 3039 2014 doctrina:
3071 1974 3182 2019 suae
3221 1960 3459 2015 auctori-

1886 2061 2049 2106 tatem
2091 2061 2266 2121 parat.
2299 2049 2586 2117 Origenetn
2623 2064 2898 2117 nunquam
2927 2049 3042 2103 sine
3070 2048 3224 2107 laude
3253 2064 3459 2103 memo-

1885 2151 1984 2207 rat,
2020 2141 2124 2195 inio
2178 2149 2372 2210 purgat
2422 2155 2543 2194 eum
2589 2154 2619 2192 a
2660 2138 3060 2208 suspicionibus
3109 2138 3220 2207 jam
3267 2148 3455 2193 contra

1884 2232 2017 2285 tanti
2049 2231 2150 2285 viri
2181 2230 2485 2285 doctrinam
2522 2229 2731 2283 obortis
2767 2243 2780 2279 :
2814 2229 3015 2297 aitque.
3065 2244 3200 2297 quas
3238 2238 3456 2283 senten-

1885 2325 1985 2377 tias
2014 2322 2359 2394 problematis
2387 2336 2535 2374 ntore
2562 2323 2589 2373 ὁ
2620 2320 2906 2389 φιλόπονος
2935 2321 3166 2384 dixerat,
3196 2336 3301 2374 non
3334 2335 3455 2389 per-

1886 2415 2009 2469 inde
2048 2429 2111 2468 ac
2140 2414 2185 2468 si
2214 2411 2531 2467 atlirmando
2566 2412 2722 2465 dicta:
2744 2411 2991 2474 fuissent,
3029 2421 3280 2481 acceptas
3304 2426 3437 2480 opor

1887 2513 2016 2558 tere.
2047 2503 2279 2572 ldipsum
2307 2517 2435 2556 vero
2468 2501 2777 2571 Pamphilus
2797 2510 3026 2571 martyr,
3048 2500 3099 2553 itt
3125 2500 3455 2571 Apologetico.

1882 2611 1975 2662 pro
2008 2595 2249 2665 Origene.
2303 2593 2480 2661 Quare
2528 2610 2634 2647 non
2664 2603 2746 2648 est
2772 2593 2914 2662 quod
2951 2592 3298 2648 inclementer
3332 2608 3453 2648 cum

1883 2687 1998 2739 viro
2030 2697 2181 2740 tanto
2209 2696 2433 2756 agatur;
2493 2686 2537 2741 si
2568 2686 2692 2739 dtttn
2719 2686 2945 2739 liberum
2975 2694 3117 2740 esset
3148 2684 3297 2739 varie
3341 2696 3455 2755 my-

1884 2778 2045 2832 steria
2074 2793 2232 2833 sacra
2262 2778 2570 2842 enuntiare,
2612 2792 2675 2830 ea
2718 2776 2934 2841 dixerit,
2969 2790 3088 2845 quae
3127 2776 3193 2829 ad
3239 2774 3455 2830 hodier-

1884 2885 2009 2925 num
2044 2886 2197 2926 usum
2230 2885 2335 2924 non
2368 2870 2503 2925 satis
2534 2868 2813 2924 accedant.
2872 2866 3068 2920 Duram
3119 2864 3451 2935 provinciam

1882 2967 2049 3035 capit,
2107 2965 2195 3034 qui
2244 2967 2311 3020 ad
2344 2975 2519 3020 certos
2568 2964 2852 3018 verborum
2888 2962 3085 3016 limites
3127 2960 3239 3015 vult
3272 2958 3452 3014 omnia

1883 3058 2121 3112 omnium
2171 3055 2487 3111 szeculorum
2538 3054 2695 3109 ell‘ata
2735 3069 3009 3109 revocare.
3056 3052 3182 3116 Res,
3226 3061 3452 3120 tempus,

1886 3150 2097 3204 animus
2127 3159 2182 3203 et
2211 3156 2403 3203 cmtera
2442 3148 2821 3215 ponderanda;
2856 3156 2910 3198 et
2948 3146 3026 3198 sic
3059 3144 3178 3197 odia
3218 3143 3449 3197 minuas.

1886 3240 2088 3300 Praeter
2120 3239 2426 3309 Origenem,
2456 3236 2854 3305 Theognostntn
2880 3237 3002 3288 item
3031 3233 3346 3299 praeclarum
3378 3232 3454 3284 vi.

1885 3347 2000 3386 rutn
2030 3329 2279 3399 Origenis
2310 3327 2569 3398 aqualem
2600 3326 2804 3390 laudat,
2829 3335 2885 3379 et
2909 3324 3109 3391 scripta
3154 3322 3270 3391 ejus
3297 3317 3455 3374 all‘ert

1886 3423 1937 3478 in
1972 3420 2334 3476 testimonium
2371 3418 2631 3474 doctrinm
2655 3432 2784 3470 suae.
2811 3415 2991 3472 Utitur
3022 3426 3234 3483 quoque
3259 3412 3454 3482 Diony-

1884 3514 1947 3569 sii
2000 3512 2230 3575 Romani
2276 3510 2544 3580 pontiﬁcis
2595 3508 2711 3566 loco
2760 3508 2958 3577 eximio
3013 3504 3081 3560 ad
3128 3501 3453 3557 Arianorum

1884 3615 2191 3661 commenta
2223 3601 2603 3672 prepulsanda.
2632 3597 2807 3668 Eque
2838 3597 2964 3652 huic
3009 3594 3085 3649 rei
3121 3600 3454 3661 opportunus

1887 3697 2168 3766 Dionysius
2191 3692 2607 3756 Alexandrinus,
2642 3690 2796 3757 cujus
2828 3686 3150 3741 auctoritate
3177 3681 3239 3733 τὸ
3264 3678 3456 3751 ὁμοσύ-

1886 3805 1998 3841 σιον
2030 3786 2334 3840 confirmat.
2366 3785 2476 3840 Etsi
2502 3785 2646 3839 enim
2676 3782 2763 3836 ille
2792 3781 2845 3834 in
2878 3776 3240 3845 suspicionem
3277 3784 3456 3841 pravas

1884 3879 2023 3932 circa
2044 3876 2237 3937 Filium
2264 3875 2356 3929 Dei
2384 3872 2665 3929 sententia:
2696 3881 2919 3927 vocatus
2947 3868 3146 3931 fuerat,
3173 3862 3453 3943 cujusdam

1884 3970 2010 4024 dicti
2053 3982 2215 4023 causa
2262 3980 2368 4035 quo
2400 3964 2593 4020 Filium
2639 3962 2907 4017 incautius
2964 3960 3105 4014 inter
3164 3953 3457 4010 restfactas

1884 4073 2277 4119 connumerare
2335 4058 2638 4125 videbatur,
2678 4070 2780 4124 qua
2826 4054 2893 4107 de
2943 4064 3102 4104 causa
3149 4047 3204 4100 in
3250 4045 3454 4101 crimen

1884 4160 2105 4207 vocatus
2134 4165 2165 4204 a
2194 4147 2392 4209 Basilio
2422 4157 2540 4215 est;
2576 4155 2631 4199 at
2675 4161 2796 4199 cum
2830 4151 3011 4212 postea
3063 4140 3143 4195 sui
3193 4134 3456 4206 purgandi

1884 4244 2081 4312 gratia,
2136 4249 2189 4295 et
2221 4239 2346 4310 quid
2384 4253 2511 4293 vere
2553 4238 2781 4293 sentiret
2826 4233 3041 4297 ell‘atns,
3077 4241 3130 4285 et
3160 4228 3222 4282 τὸ
3263 4222 3456 4298 ὀμοού-

1888 4350 2003 4389 σιον
2044 4330 2323 4401 professus
2351 4329 2535 4394 fuerit,
2564 4329 2848 4382 adversum
2871 4325 3103 4379 Arianos
3126 4320 3181 4374 in
3216 4318 3451 4374 medium

1886 4424 2159 4494 profertur
2190 4425 2257 4478 ab
2281 4422 2596 4484 Athanasio,
2624 4419 2713 4488 qui
2750 4434 2847 4472 suo
2872 4417 3016 4485 ipsos
3058 4412 3162 4468 telo
3195 4408 3453 4465 confodit.

192 4503 492 4607 penomine
519 4540 778 4593 diversas
813 4543 871 4586 et
910 4532 1109 4585 divisas
1149 4528 1480 4584 substantias
1527 4525 1791 4593 intelligo.
1819 4532 1863 4585 ι)
1893 4517 2026 4569 Nam
2090 4530 2210 4570 cum
2267 4513 2578 4582 Dionysium
2646 4508 2719 4562 illi
2772 4507 2973 4561 erroris
3031 4503 3132 4557 sibi
3180 4509 3455 4603 auctorem

192 4630 308 4683 bant
335 4650 348 4685 :
375 4639 702 4685 monstrum
736 4624 951 4681 scilicet
974 4621 1197 4685 erroris,
1227 4636 1334 4689 quo
1364 4619 1443 4673 vel
1468 4618 1644 4672 unitas
1668 4616 1782 4679 Dei,

190 4722 260 4774 vel
294 4723 526 4776 trinitas
584 4730 952 4789 personarum
1005 4714 1266 4768 elevatur.
1308 4711 1416 4765 Etsi
1470 4723 1632 4778 porro
1680 4718 1785 4765 tres

190 4812 659 4882 hypostasesesse
684 4808 1012 4879 plerumque
1039 4805 1184 4859 dicat
1208 4803 1555 4865 Athanasius,
1592 4813 1787 4868 nequa-

191 4920 337 4971 quam
418 4902 676 4973 repndiat
731 4913 833 4953 eos
873 4898 947 4967 (p.
978 4895 1099 4969 616)
1150 4896 1241 4964 qui
1292 4893 1505 4947 unicam
1548 4891 1784 4944 ὑπόστα-

195 5012 267 5051 σιν
302 4995 617 5051 admissam
654 4990 865 5045 vellent
900 4988 950 5040 in
986 4988 1275 5050 Trinitatc,
1314 4984 1437 5037 dum
1475 4982 1528 5037 id
1560 4983 1624 5036 de
1661 4981 1789 5035 sub-

194 5087 386 5140 stantia
421 5082 705 5139 eotnmuni
734 5094 1093 5149 personarum
1134 5076 1458 5145 intelligant,
1497 5086 1790 5141 earumque

195 5175 605 5230 distinctionem
637 5178 870 5226 servent
898 5169 1147 5231 illaesum;
1180 5167 1288 5222 imo
1318 5164 1432 5236 ipse
1456 5174 1669 5234 quoque
1697 5162 1792 5215 ali-

198 5266 305 5319 rubi
337 5266 422 5336 (p.
449 5263 577 5332 714)
626 5262 730 5323 ait,
766 5257 1066 5311 ὑπόστασιν
1094 5257 1320 5325 idipsum
1353 5268 1475 5308 esse
1510 5253 1651 5321 quod
1701 5252 1790 5303 οὑ-

200 5355 329 5423 σίαν,
362 5370 460 5411 seu
489 5351 898 5414 substantiam,
923 5362 985 5401 ca
1014 5346 1431 5415 videlicetquam
1452 5358 1613 5413 supra
1641 5355 1789 5396 cont-

198 5446 642 5505 memoravimus,
689 5439 983 5497 sententia.
1027 5437 1081 5491 ltt
1112 5436 1316 5508 synodo
1350 5445 1531 5500 autem
1559 5432 1789 5487 Alexan-

197 5535 344 5592 drina
376 5552 525 5593 anno
548 5534 666 5592 562
688 5540 927 5598 utraque
949 5528 1196 5591 formula,
1224 5526 1274 5579 id
1298 5532 1381 5580 est
1406 5539 1513 5578 una
1535 5523 1791 5594 byposla-

198 5626 288 5693 sis,
310 5638 360 5683 et
380 5641 497 5684 tres
518 5628 886 5698 bypnstases,
919 5618 1180 5675 catholica
1225 5616 1442 5680 dicitur,
1479 5614 1605 5667 dum
1630 5623 1790 5681 recta

199 5728 434 5773 servetur
480 5711 805 5773 sententia.
837 5708 902 5762 Et
940 5709 984 5781 si
1018 5707 1232 5777 quando
1264 5715 1409 5762 vetat
1438 5704 1787 5767 Athanasius,

201 5819 263 5877 ne
289 5808 495 5866 dicatur
528 5806 717 5875 Filius
772 5818 837 5863 ex
888 5800 992 5869 alia
1028 5799 1299 5873 hypostasi
1337 5810 1454 5861 esse
1494 5811 1652 5877 quam
1688 5795 1790 5865 Ρο-

1886 4620 2006 4660 esse
2034 4605 2396 4664 clamitarent,
2452 4602 2567 4668 ejus
2598 4599 2916 4651 auctoritate
2962 4602 3227 4646 assertum
3261 4586 3458 4659 ὁμοού-

1890 4713 2001 4748 σιον
2044 4709 2143 4749 nec
2186 4695 2301 4747 sine
2338 4693 2540 4761 pudore
2572 4693 2989 4761 conspexerunt.
3038 4680 3245 4735 Eximia
3298 4693 3459 4749 porro

1891 4787 2124 4857 Dionysii
2158 4760 2456 4853 fragmenta
2487 4760 2651 4834 nobis.
2670 4776 2853 4830 attulit
2872 4772 3225 4836 Athanasius,
3252 4785 3314 4824 ac
3343 4782 3461 4839 per-

1888 4887 2071 4949 optato
2100 4876 2255 4932 nobis
2286 4873 2468 4928 datum
2501 4880 2605 4936 est,
2634 4880 2693 4923 ttt
2722 4869 2968 4924 codicum
3010 4879 3110 4933 ope
3141 4861 3457 4933 praeclaram

1891 4971 2231 5026 deTrinitate
2252 4966 2546 5021 clausulam
2572 4963 3001 5021 restitueremus,
3026 4970 3141 5025 quae
3165 4955 3243 5009 sic
3264 4953 3453 5008 habet:

1892 5063 2047 5117 Οὕτω
2089 5063 2186 5135 μὲν
2211 5064 2367 5133 ἡμεῖς
2401 5059 2476 5121 εἷς
2510 5074 2568 5110 τε
2598 5056 2697 5124 τὴν
2741 5052 2947 5125 Τριάδα
2974 5051 3070 5120 τὴν
3101 5045 3303 5118 μονάδα
3325 5042 3459 5097 πλα-

1890 5157 2135 5226 τύνωμεν
2161 5154 2480 5223 ἀδιαίρετον,
2520 5151 2613 5205 καὶ
2642 5150 2738 5219 τὴν
2767 5143 2974 5219 Τριάδα
3004 5140 3163 5194 πάλιν
3193 5136 3458 5207 άμείωτον

1892 5249 1970 5309 εἰς
2000 5247 2097 5317 τὴν
2130 5244 2332 5316 μονάδα
2379 5236 2947 5310 συγκεφαλαιούμεθα.
2986 5232 3038 5287 ld
3066 5239 3146 5287 est
3178 5249 3191 5283 :
3225 5227 3312 5282 Sic
3343 5226 3456 5294 qui-

1892 5339 2007 5391 dem
2045 5352 2135 5391 nos
2184 5335 2434 5387 unitatem
2478 5348 2594 5401 quo:
2628 5331 2789 5383 dividi
2832 5326 3003 5395 nequit
3055 5323 3108 5373 in
3150 5317 3457 5391 Trinitatem

1893 5434 2197 5497 dilatamus,
2220 5441 2266 5484 et
2298 5444 2505 5485 rursum
2545 5424 2850 5479 Trinitatem
2879 5435 2993 5491 qua:
3018 5412 3257 5469 imminui
3285 5410 3455 5497 nequit

1894 5524 1949 5577 in
1991 5496 2243 5576 unitatem
2280 5516 2655 5572 contrahimus.
2695 5512 2841 5567 lianc
2876 5504 3219 5564 sententiam,
3254 5513 3373 5568 qua:
3401 5496 3457 5561 in

1880 5612 2055 5671 .nuliis
2081 5620 2256 5669 exstat
2287 5608 2446 5665 editis
2475 5605 2701 5667 Graecis,
2733 5619 2799 5659 ex
2828 5598 3075 5673 omnibus
3100 5591 3293 5662 quibus
3321 5589 3456 5644 bene

1896 5702 2089 5759 multis
2125 5702 2430 5777 usi_sutnns
2459 5696 2739 5753 codicibus
2770 5693 2880 5761 jam
2930 5691 3191 5758 integram
3227 5683 3453 5741 damus.

1899 5794 2078 5865 magni
2130 5770 2257 5852 usus
2303 5806 2431 5847 sane
2476 5796 2661 5846 contra
2696 5798 2860 5857 novos
2890 5781 3135 5843 Arianos,
3179 5775 3271 5847 qui
3310 5770 3455 5834 tertii
