3998 6510
527 427 632 465 Si!

1892 393 2424 461 PiiOLEGDMENA.

527 525 709 585 saeculi
747 521 933 577 Patres
983 534 1167 575 secum
1210 516 1519 575 consentire
1554 514 1828 586 iactitant.
1872 514 1955 569 0b
1998 515 2097 567 alia
2128 516 2169 574 Α
2203 509 2549 565 Nestorianos
2607 508 2704 562 fuit
2738 508 3015 563 Athanasii
3060 509 3163 563 hac
3225 508 3278 562 in
3340 525 3395 564 re
3447 509 3762 563 auctoritas.

526 632 656 673 vero
720 628 839 685 quia
903 613 1084 667 minus
1150 609 1493 675 considerate
1557 608 1760 663 dixisse
1812 606 2094 661 videbatur

530 707 838 783 Dionysius,
881 707 931 760 in
964 703 1144 758 Basilii
1176 701 1653 773 reprehensionem
1704 699 1931 773 incurrit
1960 715 1973 751 :
2007 714 2095 755 ve-

527 813 647 853 rum
668 806 749 851 sat
781 795 848 850 ab
872 793 1169 848 Athanasio
1198 801 1460 863 purgatur
1510 790 1579 844 ab
1618 788 1763 843 omni
1812 787 2093 849 adversum

527 890 857 959 suspicione.

600 980 651 1034 7.
675 980 747 1041 De
766 978 1163 1033 lncarnatione.
1185 1006 1254 1015 —
1275 974 1363 1029 Ait
1380 974 1581 1028 Doctor
1602 971 1975 1027 sanctissimus
2014 969 2089 1039 (p.

528 1067 691 1139 737),
733 1066 917 1125 carnis
958 1081 1081 1119 cum
1125 1063 1303 1118 Verbo
1354 1062 1786 1131 coniunctionem
1835 1074 1900 1114 ex
1944 1067 2096 1113 utero

527 1160 721 1214 iactant
754 1157 941 1212 fuisse.
972 1155 1263 1225 Frequeuti
1303 1164 1482 1215 autem
1516 1168 1634 1216 usu,
1671 1152 1851 1213 carnis
1881 1149 2097 1206 nomine

530 1250 854 1303 testiﬁcatur
880 1262 939 1302 se
970 1246 1138 1301 totius
1167 1244 1420 1307 hominis,
1451 1243 1643 1297 animae
1672 1242 1879 1297 scilicet
1901 1247 1956 1295 et
1980 1255 2098 1294 cor-

528 1340 693 1411 poris,
731 1347 984 1392 naturam
1006 1337 1291 1407 complecti
1321 1336 1395 1404 (p.
1420 1334 1569 1401 76%).
1600 1334 1665 1388 Et
1689 1332 1963 1388 contendit
1991 1346 2096 1385 nou

528 1432 698 1499 magis
742 1430 936 1484 rationi
970 1430 1235 1484 absonum
1274 1442 1392 1482 esse
1419 1425 1653 1481 Verbum
1690 1426 1975 1479 humanam
2012 1437 2099 1476 as-

528 1524 821 1593 sumpsisse
862 1532 1131 1590 naturam,
1178 1535 1339 1591 quam
1368 1520 1620 1573 omnibus
1670 1518 1719 1570 in
1764 1517 1925 1571 rebus
1956 1516 2099 1570 essi-

530 1626 673 1668 stere
700 1614 778 1684 (p.
802 1614 914 1681 66).
960 1614 1049 1675 Ait
1076 1623 1256 1668 autem
1294 1612 1370 1682 (p.
1396 1609 1488 1681 42)
1534 1611 1652 1664 ideo
1689 1609 1884 1663 Filium
1928 1606 2100 1661 homi—

531 1720 653 1765 neut
689 1704 890 1758 factum
926 1704 1115 1771 fuisse,
1152 1703 1299 1773 quia,
1340 1716 1458 1756 cum
1486 1700 1666 1755 omnia
1697 1707 1956 1761 creasset,
1986 1712 2101 1752 om-

531 1796 618 1851 nia
670 1795 816 1851 solus
850 1796 1153 1849 instaurare
1194 1794 1389 1863 potuit.
1438 1792 1713 1848 Christum
1746 1805 1867 1847 esse
1897 1789 2100 1843 τέλειον

2198 603 2341 658 Duas
2372 618 2491 657 esse
2532 603 2585 657 iu
2612 600 2829 657 Christo
2871 600 3174 657 voluntates
3215 600 3393 673 ῥητῶς
3425 600 3657 655 allirmat
3685 604 3762 670 (p.

2195 694 2348 763 709),
2387 703 2441 749 et
2488 702 2882 748 commonstrat
2926 707 2992 746 ex
3026 691 3298 761 plerisque
3331 692 3632 746 litterarum
3680 706 3767 745 sa-

2195 801 2405 841 crarum
2431 786 2580 854 locis.
2610 782 2868 853 Morieute
2885 783 3117 855 Christo.
3152 785 3402 839 deitatem
3430 799 3625 851 corpus
3654 783 3769 850 ejus

2196 892 2301 930 non
2344 877 2624 945 reliquisse
2649 876 2790 939 haud
2813 876 2885 932 ait
2912 876 3079 937 semel
3100 876 3175 945 (p.
3205 875 3331 938 725,
3361 874 3486 939 748,
3514 874 3675 943 758);
3713 884 3769 928 et

2196 967 2239 1021 si
2277 967 2403 1037 quid
2444 966 2680 1022 alienum
2719 967 2900 1021 dicere
2928 967 3220 1037 aliquando
3244 966 3495 1022 videatur
3515 1007 3530 1031 ,
3562 979 3649 1021 res
3680 972 3767 1020 est

2198 1058 2318 1112 aliis
2354 1058 2486 1112 locis
2513 1057 2853 1127 explicanda.

2271 1152 2323 1205 8.
2358 1150 2558 1205 Christi
2584 1150 2813 1213 adventu
2827 1166 2875 1202 nt
2914 1149 3303 1219 veritatemque
3328 1148 3653 1205 Christiana:
3685 1163 3768 1202 re-

2201 1228 2418 1312 ligienis
2470 1241 2723 1310 pluribus
2760 1240 3116 1310 comprobat:
3150 1251 3336 1304 contra
3378 1239 3590 1294 Iudaeos
3650 1239 3769 1309 qui-

2200 1333 2321 1386 dem
2358 1336 2433 1401 (p.
2466 1330 2556 1398 60,
2585 1331 2676 1401 64)
2713 1332 2983 1386 sexcentis
3017 1332 3226 1386 Veteris
3247 1330 3576 1385 Testamenti
3611 1330 3765 1394 locis,

2200 1438 2263 1476 ac
2297 1423 2631 1491 potissimum
2679 1435 2746 1476 ex
2799 1422 2999 1477 famosa
3045 1422 3127 1475 illa
3177 1421 3411 1477 Danielis
3462 1423 3762 1491 prophetia.

2200 1515 2398 1577 Contra
2432 1513 2661 1584 gentiles
2690 1524 2871 1568 autem
2905 1515 2981 1581 (p.
3012 1512 3099 1583 7i)
3127 1514 3419 1570 Christiani
3456 1513 3636 1566 cultus
3678 1527 3767 1566 ve-

2203 1611 2411 1666 ritatem
2476 1618 2780 1681 propugnat
2838 1607 2922 1673 his
2968 1608 3299 1678 argumentis
3343 1625 3356 1662 :
3404 1607 3547 1675 quod
3594 1606 3768 1662 ϐιαισί
3808 1630 3811 1633 ν

2199 1701 2501 1770 philosOphi
2527 1710 2673 1755 tanta
2701 1715 2877 1755 rerum
2904 1699 3116 1767 peritia,
3145 1709 3219 1753 tot
3246 1698 3565 1765 conscriptis
3592 1697 3766 1769 libris,

2203 1807 2269 1845 ne
2300 1790 2556 1860 pauculos
2584 1792 2798 1860 quidem
2828 1790 3129 1859 vicinorum
3160 1790 3226 1844 ad
3259 1805 3410 1844 suam
3448 1790 3770 1859 pellexerint

529 1885 817 1957 ἄνθρωπον
868 1886 963 1939 καὶ
994 1885 1199 1939 τέλειον
1230 1884 1363 1938 Θεόν
1400 1884 1474 1953 (p.
1500 1883 1659 1953 747),
1690 1882 1741 1936 id
1776 1889 1859 1936 est
1879 1922 1892 1943 ,
1932 1880 2100 1951 perfe-

2205 1882 2543 1952 opinionem;
2580 1896 2699 1941 eum
2724 1890 2910 1949 contra
2935 1880 3243 1950 evangelica
3279 1880 3523 1935 doctrina
3552 1881 3770 1934 humili-

529 1991 667 2033 ctum
698 1980 953 2033 hominem
987 1988 1036 2033 et
1068 1978 1349 2047 perfectum
1386 1976 1549 2030 Deum
1569 2016 1583 2039 ,
1628 1990 1785 2044 quem
1818 1989 1939 2028 cum
1973 1972 2101 2025 ado-

533 2085 716 2128 ramus
763 2084 866 2123 non
929 2083 1041 2123 rem
1077 2078 1315 2123 creatam
1366 2067 1601 2134 aliquam
1650 2065 1956 2125 adoramus,
2006 2062 2100 2117 sed

530 2163 768 2214 omnium
799 2175 974 2214 rerum
1002 2160 1247 2230 Opificem
1279 2159 1427 2227 (7'29,
1458 2156 1603 2227 732).
1643 2156 1843 2224 Estque
1865 2152 2103 2206 Athana-

531 2251 595 2303 sii
655 2250 783 2304 illud
835 2250 1051 2304 ell'afum
1114 2250 1461 2304 memorabile
1522 2249 1597 2315 (p.
1641 2246 1765 2315 703)
1810 2262 1823 2298 :
1868 2244 2103 2315 Χριστός

532 2344 679 2394 ὲστιν
711 2343 743 2411 ἡ
770 2343 890 2412 χεὶρ
919 2342 1010 2394 καὶ
1049 2343 1105 2393 al
1146 2344 1323 2411 χεῖρες
1355 2339 1450 2395 τοῦ
1479 2339 1707 2409 Πατρός.
1758 2337 1993 2391 Christus
2027 2346 2103 2390 est

532 2444 581 2485 nt
602 2445 717 2481 mus
746 2432 880 2496 ipso,
911 2438 958 2481 et
989 2445 1173 2482 manus
1198 2430 1326 2494 ipsa:
1347 2425 1559 2489 Patris;
1585 2441 1691 2492 quo
1718 2424 1938 2489 indicat,
1972 2424 2099 2477 nihil

532 2516 635 2577 nisi
681 2531 777 2585 per
811 2516 1075 2574 Christum
1110 2531 1138 2572 a
1174 2516 1333 2575 Patre
1368 2516 1506 2572 eﬂici
1546 2516 1628 2571 vel
1674 2516 1869 2569 creari.
1920 2514 2103 2585 Neque

533 2607 713 2666 miluus
764 2616 1061 2661 memoratu
1116 2608 1335 2674 dignum
1392 2616 1507 2673 est,
1555 2606 1843 2673 aliquando
1892 2619 2099 2669 vocem,

533 2698 821 2761 Dominus,
865 2698 917 2751 in
953 2696 1128 2752 Veteri
1168 2698 1515 2752 Testamento
1560 2713 1657 2765 pro
1704 2695 1821 2759 Filii
1873 2712 2099 2767 persona

533 2789 795 2860 intelligi,’
825 2804 946 2843 cum
991 2791 1059 2844 ab
1093 2790 1389 2844 Athanasio
1427 2793 1500 2860 (p.
1538 2790 1688 2859 707),
1740 2802 1849 2844 tum
1885 2788 1953 2843 ah
1982 2789 2103 2845 aliis

532 2881 807 2949 plerisque
858 2881 1124 2937 Patribus.
1170 2882 1351 2937 Multis
1394 2892 1782 2937 commonstrat
1812 2884 1883 2952 (p.
1920 2878 2031 2951 55),
2073 2895 2103 2935 e

532 2986 591 3025 re
636 2970 801 3024 fuisse
839 2980 898 3025 ut
945 2972 1197 3027 Christus
1258 2972 1673 3035 interﬁceretur,
1745 2987 1844 3027 nec
1893 2971 2100 3040 vulgari

532 3061 810 3125 hominum
841 3074 1014 3119 morte
1042 3064 1307 3119 interiret.
1351 3064 1581 3121 Verbum
1616 3064 1784 3133 ipsum
1830 3072 2011 3116 natum
2039 3070 2093 3117 et

535 3169 748 3223 passum
792 3169 913 3209 esse
946 3156 1144 3219 dicitur
1172 3158 1247 3225 (p.
1277 3155 1405 3222 50),
1438 3154 1560 3223 quia
1596 3170 1793 3224 corpus
1823 3168 1926 3211 non
1961 3153 2095 3216 alte:-

535 3247 668 3313 rius,
704 3247 794 3301 sed
837 3247 955 3318 ejus
988 3248 1154 3315 ipsius
1189 3258 1327 3301 erat.
1373 3245 1640 3313 Quoniam
1668 3260 1798 3316 vero
1826 3243 2100 3314 Apollina-

532 3341 679 3401 ri~tze
707 3337 870 3390 Deum
908 3338 1103 3405 ipsum,
1137 3337 1188 3390 id
1212 3346 1299 3395 est
1330 3335 1667 3391 divinitatem
1694 3348 1907 3401 passam
1936 3332 2099 3401 fuisse

534 3424 911 3493 uagabantur,
964 3426 1079 3479 hzec
1124 3425 1383 3479 adversus
1433 3423 1695 3494 lucifugas
1755 3426 1913 3478 verba
1974 3422 2099 3477 facit

532 3514 862 3569 Athanasius
893 3515 967 3584 (p.
995 3514 1122 3587 758)
1151 3534 1164 3569 :
1202 3516 1309 3571 Cur
1344 3531 1435 3584 ego
1461 3515 1743 3582 scripsistis
1775 3515 1936 3569 Deum
1967 3530 2095 3580 esse,

532 3605 619 3673 qui
650 3605 704 3658 in
741 3621 899 3658 carne
921 3622 1107 3674 passus
1141 3616 1215 3660 est
1253 3616 1300 3661 et
1338 3606 1664 3663 resurrexit?
1698 3605 1761 3667 Si
1797 3605 1933 3659 enim
1958 3606 2098 3662 Deus

532 3694 621 3757 sit,
648 3696 739 3764 qui
758 3712 848 3763 per
862 3711 1069 3749 carnem
1093 3712 1279 3765 passus
1297 3696 1362 3750 sit
1383 3710 1444 3753 ac
1468 3695 1772 3767 resurrexit,
1801 3694 2096 3770 passibilem

533 3804 653 3857 ergo
685 3788 861 3841 dicitis
897 3798 942 3840 et
976 3784 1193 3841 Patrem
1221 3797 1269 3841 et
1304 3786 1660 3853 Paracletum,
1697 3804 1812 3840 cum
1840 3804 1998 3841 unum
2032 3789 2097 3842 sit

535 3895 739 3944 nautea,
763 3890 808 3933 et
837 3896 939 3933 una
963 3880 1138 3933 divina
1162 3891 1373 3935 natura.
1402 3881 1541 3934 Ante
1559 3878 1931 3935 Nestorianam
1954 3880 2096 3933 enim

533 3969 785 4033 ha‘rezin,
824 3985 944 4024 cum
986 3971 1221 4025 nondum
1270 3987 1358 4028 res
1408 3970 1790 4025 controversiis
1832 3969 2097 4037 implicata

533 4071 696 4127 esset,
739 4077 836 4116 nec
874 4054 1125 4117 cantiune
1164 4072 1309 4117 esset
1342 4077 1509 4131 opus,
1568 4062 1706 4115 bono
1748 4062 1949 4125 animo,
1998 4059 2100 4125 sal-

534 4166 705 4221 vaque
742 4152 846 4208 ﬁde
881 4152 994 4207 hzec
1022 4152 1198 4207 locum
1233 4152 1498 4207 habebant
1534 4169 1549 4204 :
1588 4153 1724 4207 Deus
1763 4169 1948 4220 passus
1998 4170 2097 4217 non

533 4253 632 4311 est,
666 4242 806 4297 Deus
842 4260 944 4297 non
990 4257 1063 4297 est
1105 4254 1281 4308 natus,
1336 4244 1604 4314 intelligas
1645 4245 1872 4308 scilicet,
1921 4244 2097 4297 divina

536 4344 724 4402 natura
760 4344 851 4387 aut
886 4334 1157 4400 divinitas,
1183 4346 1239 4391 ut
1270 4334 1840 4405 explicatAthanasius
1868 4338 1944 4404 (p.
1983 4336 2096 4399 65),

538 4423 673 4492 llinc
701 4424 872 4493 palam
916 4435 1020 4495 est,
1074 4442 1176 4481 non
1216 4442 1339 4482 esse
1372 4428 1513 4496 quod
1546 4425 1950 4481 Nestorianismi
1976 4436 2097 4480 nuta

538 4526 858 4612 aspergatur
894 4519 1049 4612 liber
1093 4519 1181 4612 ille
1222 4521 1536 4612 Anonymus
1579 4520 1815 4612 secundo
1858 4517 2099 4612 [quarto]
2134 4557 2177 4612 D

536 4618 682 4666 lomo
722 4609 844 4678 quia
892 4610 1031 4663 inter
1072 4611 1209 4665 alias
1266 4610 1533 4666 clausulas
1591 4611 1778 4665 isthmc
1840 4611 2097 4681 rejicitur,

536 4702 761 4769 Passum
792 4713 865 4755 est
896 4701 1119 4756 Verbum
1149 4720 1305 4757 carne
1336 4719 1354 4758 :
1400 4703 1630 4757 nondum
1678 4704 1873 4773 quippe
1916 4719 2001 4756 res
2033 4703 2098 4754 ad

535 4800 741 4855 eertum
784 4807 975 4847 vocum
1032 4809 1188 4848 usum
1232 4794 1457 4848 deducta
1505 4794 1697 4850 fuerat.
1750 4794 1816 4849 Et
1848 4796 1971 4851 dum
2007 4796 2095 4850 Dei

535 4882 752 4950 nomine
792 4884 967 4937 divina
1003 4893 1192 4939 natura
1237 4885 1644 4952 intelligeretur,
1686 4888 1849 4941 Deum
1884 4902 2095 4956 passum

534 4986 653 5036 esse
684 4989 883 5044 negare
926 4976 1007 5030 l'as
1044 4989 1161 5030 erat
1197 4994 1211 5031 :
1248 4978 1347 5031 hoc
1388 4988 1545 5045 pacto
1585 4988 1744 5048 negat
1772 4978 2101 5032 Athanasius

538 5064 612 5133 (p.
643 5065 791 5136 551),
842 5078 1001 5136 atque
1031 5084 1095 5123 eo
1136 5070 1351 5124 nomine
1373 5070 1820 5141 Appuliiuaristas
1862 5071 2096 5124 insecta-

538 5165 644 5209 tur.
684 5156 817 5211 Cum
856 5158 1024 5216 Filius
1064 5161 1290 5216 exaltari
1325 5162 1543 5227 dicitur,
1593 5161 1745 5229 jubet
1776 5157 2103 5215 Athanasius

537 5246 614 5314 (p.
635 5246 725 5316 47)
763 5250 1029 5322 intelligas
1051 5253 1117 5306 de
1134 5253 1348 5309 Christo
1370 5253 1661 5308 secundum
1687 5252 1975 5306 humanam
2010 5262 2105 5300 na-

538 5348 733 5393 turam.
778 5340 891 5406 Qua
932 5343 1200 5397 sententia
1240 5358 1400 5413 porro
1429 5345 1638 5399 dicatur
1668 5341 1836 5398 Filius
1868 5336 2102 5394 hominis

539 5431 792 5499 ignorare
834 5434 1017 5502 judicii
1044 5436 1209 5501 diem,
1242 5435 1488 5504 pluribus
1516 5432 1897 5502 explanat-ille,
1925 5437 1975 5482 et
2004 5442 2102 5481 nos

538 5535 696 5587 spero
727 5539 831 5577 non
873 5525 1214 5594 indiligenter
1259 5526 1311 5578 in
1350 5525 1510 5588 notis,
1547 5522 1644 5577 etsi
1675 5521 1861 5590 paucis
1894 5534 1992 5587 pro
2026 5517 2101 5570 in—

539 5612 710 5665 stituti
761 5615 988 5668 ratione.
1059 5615 1280 5669 Mariam
1325 5614 1594 5680 Virginem
1654 5610 1854 5680 passim
1908 5607 2095 5660 Θεοτό-

539 5715 656 5763 κον,
691 5702 804 5756 sive
832 5703 1109 5773 Dciparam
1142 5714 1413 5774 uuncnpat
1443 5721 1456 5756 :
1494 5702 1787 5771 sapienter,
1835 5701 1881 5754 si
1925 5700 2100 5755 consi-

540 5793 631 5858 lio,
670 5790 916 5861 feliciter,
959 5795 1002 5850 si
1033 5811 1160 5851 casu
1198 5815 1209 5849 :
1248 5802 1641 5865 peropportuna
1680 5792 1875 5864 quippe
1915 5800 2099 5848 contra

2203 1971 2300 2026 bus
2326 1972 2505 2035 dictis,
2543 1982 2706 2041 atque
2738 1986 2833 2025 usu
2866 1972 3077 2042 plebeio
3123 1972 3263 2025 tritis
3302 1971 3407 2026 late
3438 1981 3681 2041 serperet
3716 1972 3780 2046 iu‘

2204 2060 2317 2115 dies
2364 2070 2415 2115 et
2466 2070 2634 2115 totum
2688 2062 3006 2131 pervaderet
3051 2064 3238 2115 orbem
3281 2080 3295 2115 :
3344 2062 3491 2129 quod
3539 2075 3602 2115 ea
3657 2061 3767 2131 ipsa

2201 2151 2446 2206 doctrina
2494 2151 2568 2220 (p.
2599 2152 2709 2223 74),
2757 2152 3045 2206 simulacra
3099 2154 3341 2215 deorum,
3389 2153 3651 2222 magicam
3683 2169 3773 2206 ιιι-ο

2204 2255 2333 2309 tem,
2379 2243 2726 2313 philosophos
2767 2260 2955 2298 omnes
2999 2244 3387 2313 proﬂigaverit,
3436 2260 3539 2298 non
3580 2245 3770 2313 opibus

2203 2335 2496 2405 armisque,
2530 2336 2621 2389 scd
2664 2336 2846 2388 innata
2902 2337 2952 2389 vi
2999 2336 3278 2389 veritatis:
3328 2337 3468 2401 quod
3511 2335 3770 2389 falsorum

2202 2427 2479 2481 numinum
2514 2425 2690 2482 cultus
2718 2427 2786 2479 ab
2810 2426 3041 2479 adventu
3068 2426 3263 2481 Christi
3290 2424 3543 2492 paulatim
3566 2422 3769 2479 fractus

2200 2518 2402 2580 viribus
2430 2517 2496 2570 ad
2526 2516 2807 2587 interitum
2841 2526 3083 2586 pergeret
3113 2515 3186 2584 (p.
3211 2514 3335 2583 76);
3370 2514 3494 2567 dum
3524 2514 3771 2570 homines

2202 2609 2308 2661 alio
2352 2609 2661 2664 conferrent
2713 2591 2954 2675 animum
3003 2606 3443 2676 conﬂuerentque
3480 2607 3545 2660 ad
3581 2622 3771 2661 veram

2203 2699 2539 2768 religionem.

2268 2789 2323 2845 9.
2360 2791 2433 2845 De
2457 2791 2731 2857 Scriptura
2748 2807 2899 2845 sacra
2913 2801 2959 2844 et
2978 2792 3042 2844 de
3056 2791 3181 2858 Iide.
3200 2821 3272 2830 —
3295 2790 3589 2861 Scriptura:
3605 2808 3774 2846 sacras

2201 2880 2521 2949 dignitatem
2567 2882 2711 2936 haud
2762 2882 2926 2937 semel
2985 2883 3262 2951 praedicat,
3326 2883 3509 2951 aitque
3561 2886 3773 2939 caneris

2202 2972 2452 3025 erunibus
2492 2980 2753 3040 praestare
2787 2972 2861 3051 (p.
2891 2970 3014 3041 575)
3048 2990 3060 3027 :
3102 2988 3205 3026 non
3257 2987 3363 3043 quo
3411 2973 3561 3027 tollat
3610 2974 3770 3028 tradi-

2211 3062 2374 3117 tionis
2410 3071 2503 3117 aut
2539 3064 2866 3133 synodorum
2912 3058 3328 3129 auctoritatem;
3374 3064 3593 3119 minime
3638 3080 3773 3135 gen-

2212 3153 2341 3213 tiutn
2370 3172 2383 3217 ;
2426 3153 2532 3209 imo
2567 3168 2694 3208 vero
2725 3169 2828 3208 non
2857 3169 2964 3210 uno
2996 3154 3114 3209 loco
3146 3156 3221 3209 ait
3253 3154 3467 3225 (p.166.
3496 3155 3618 3224 167)
3656 3156 3773 3210 lici-

2205 3254 2317 3298 tum
2355 3246 2573 3319 synodis
2603 3263 2721 3301 esse
2751 3261 2906 3301 voces
2955 3262 3257 3316 proponere
3281 3263 3344 3302 ex
3385 3248 3576 3304 litteris
3606 3250 3787 3319 sacris,

2204 3353 2310 3391 non
2336 3346 2625 3391 mutuatas.
2648 3337 2890 3411 Allirmat
2914 3339 3275 3410 evangelieam
3302 3337 3602 3394 doctrinam
3624 3356 3777 3395 eam-

2204 3427 2325 3481 dem
2356 3440 2497 3492 esse,
2526 3442 2683 3496 quam
2731 3429 3069 3496 antiquorum
3105 3431 3342 3496 Patrum,
3376 3430 3589 3493 Adami,
3629 3433 3774 3487 Abe-

2205 3518 2293 3583 lis,
2315 3518 2545 3584 Enochi,
2575 3518 2719 3585 Nam,
2752 3521 3005 3588 Abrahae,
3040 3521 3254 3593 Moysis.
3277 3521 3465 3577 Libros
3483 3522 3779 3592 Scriptura:

2204 3626 2374 3665 sacra:
2414 3610 2467 3664 iu
2508 3625 2717 3665 canone
2764 3622 3009 3682 receptos
3054 3622 3335 3667 enumerat
3368 3614 3776 3668 accuratissime

2205 3701 2282 3770 (p.
2305 3701 2453 3771 768).
2482 3701 2768 3771 Eleganter
2784 3704 2850 3757 de
2877 3704 2980 3756 [ide
3004 3704 3229 3773 loquens
3254 3705 3323 3757 ita
3352 3703 3498 3757 latur
3519 3704 3772 3774 (p.559):

2204 3790 2286 3843 Τὰ
2327 3791 2437 3863 γὰρ
2490 3792 2668 3844 πίστει
2721 3792 3122 3862 παραδιδόμενα
3184 3792 3612 3864 ἀπεριέργαστον
3664 3793 3775 3864 ἔχει

2202 3882 2301 3952 τὴν
2327 3883 2546 3952 γνῶσιν.
2589 3882 2701 3937 Hoc
2740 3892 2862 3937 est:
2900 3883 3030 3949 Quae
3065 3885 3169 3952 ﬁde
3195 3886 3497 3951 traduntur,
3532 3886 3773 3938 notitiam

2205 3974 2393 4041 [tabent
2424 3991 2527 4027 non
2568 3975 2772 4028 curiose
2802 3974 3237 4041 investigandum.
3276 3972 3641 4027 Memorabilia
3675 3976 3774 4027 ist-

2206 4062 2318 4118 ιιωο
2356 4078 2568 4133 quoque
2612 4073 2735 4118 sunt
2784 4062 2862 4132 (p.
2888 4062 3011 4131 757)
3042 4079 3054 4115 :
3084 4062 3218 4114 Οὔτε
3256 4062 3365 4132 γὰρ
3409 4064 3588 4127 πίστις
3636 4063 3783 4117 κατὰ

2205 4156 2362 4227 δήλου
2390 4154 2686 4225 φαινομένη
2722 4155 2903 4217 πίστις
2930 4154 2994 4207 ἂν
3032 4154 3271 4221 λέγοιτο·
3316 4155 3429 4207 ἀλλ’
3450 4156 3562 4208 ἔστι
3595 4157 3774 4219 πίστις

2204 4252 2236 4319 ἠ
2265 4248 2326 4301 τὸ
2351 4248 2608 4302 ἀδύνατον
2634 4249 2690 4300 ἐν
2718 4246 2940 4317 δυνάμει
2966 4247 3311 4309 πιστεύουσα,
3347 4250 3441 4300 καὶ
3462 4247 3520 4299 τὸ
3551 4247 3774 4309 ἀσθενὲς

2206 4341 2263 4391 ὲν
2300 4338 2472 4407 ίσχύῖ,
2517 4338 2612 4391 καὶ
2648 4338 2709 4389 τὸ
2738 4338 2973 4407 παθητὸν
2998 4340 3062 4391 ἐν
3086 4338 3339 4411 ἀπαθείᾳ,
3385 4338 3475 4390 καὶ
3504 4338 3563 4389 τὸ
3600 4338 3775 4407 φθαρ-

2204 4428 2295 4480 τὸν
2331 4430 2387 4480 ἐν
2420 4427 2715 4500 ἀφθαρσίᾳ,
2763 4430 2855 4481 καὶ.
2898 4428 2959 4480 τὸ
2990 4428 3183 4497 θνητὸν
3221 4430 3279 4480 ἐν
3325 4427 3609 4497 ἀθανασίᾳ.
3665 4428 3775 4481 Iluc

2205 4528 2287 4572 est
2316 4538 2329 4573 :
2370 4519 2552 4587 Neque
2586 4520 2722 4572 enim
2755 4520 2885 4585 ﬁdes
2920 4520 3183 4572 evidenter
3205 4535 3481 4586 apparens,
3509 4519 3639 4585 ﬁdes
3671 4518 3775 4591 dici

2208 4610 2433 4679 potuerit
2464 4625 2482 4664 :
2510 4626 2682 4663 verum
2726 4610 2855 4677 ﬁdes
2892 4618 3000 4673 est,
3030 4625 3145 4678 qua!
3178 4610 3315 4674 quod
3355 4609 3666 4675 impossibile
3697 4620 3775 4661 est

2209 4703 2260 4753 in
2294 4704 2550 4768 potentia,
2614 4702 2749 4773 quod
2793 4701 3054 4766 inﬁrmum
3108 4701 3163 4753 in
3213 4702 3438 4763 uirtute,
3474 4702 3613 4768 quod
3651 4717 3771 4752 cor-

2208 4793 2450 4860 ruptibile
2489 4793 2544 4846 in
2578 4792 2985 4859 incorruptione,
3026 4792 3163 4861 quod
3204 4792 3429 4847 mortale
3468 4792 3523 4844 in
3561 4791 3774 4844 immor-

2206 4884 2409 4937 talitate
2432 4899 2547 4937 esse
2588 4883 2772 4936 credit.
2832 4882 2958 4935 Eam
2985 4883 3300 4953 Christiana:
3341 4883 3458 4936 ﬁdei
3491 4892 3771 4947 tesseram,

2207 4977 2347 5030 hunc
2384 4976 2705 5046 χαρακτῆρα
2757 4988 2877 5027 esse
2929 4976 3005 5027 ait
3056 4976 3132 5041 (p.
3163 4974 3312 5039 550),
3366 4976 3507 5043 quod
3539 4975 3769 5029 Verbum

2209 5070 2299 5122 Dei
2336 5068 2526 5133 Filius,
2561 5076 2781 5136 propter
2813 5075 3057 5131 nostram
3095 5067 3344 5133 salutem,
3385 5068 3435 5120 in
3469 5067 3572 5129 line
3600 5081 3772 5119 sa:th

2211 5161 2383 5213 lorum
2421 5159 2581 5212 homo
2623 5157 2799 5212 factus
2837 5156 2927 5210 sit.

2281 5252 2367 5302 10.
2415 5248 2491 5303 De
2524 5251 2907 5302 restauratione
2943 5248 3157 5300 huntani
3194 5249 3415 5316 generis.
3478 5246 3551 5299 De
3575 5250 3770 5314 gratia.

2212 5338 2289 5391 De
2328 5336 2987 5407 baptismo.-—Iiominem
3013 5346 3203 5405 suapte
3234 5335 3435 5388 malitia
3482 5335 3775 5402 collapsum

2206 5443 2326 5484 esse
2371 5428 2501 5483 dicit
2545 5429 2620 5495 (p.
2649 5429 2752 5495 5):
2798 5444 2920 5480 nam
2970 5442 2998 5479 a
3032 5427 3139 5481 Deo
3172 5436 3387 5480 creatus
3434 5440 3557 5479 cum
3604 5424 3775 5479 libero

2209 5519 2291 5573 vel
2340 5520 2487 5580 boni,
2531 5519 2611 5573 vel
2649 5519 2773 5573 mali
2821 5516 3010 5585 agendi
3055 5516 3304 5578 arbitrio,
3351 5515 3417 5569 ad
3452 5515 3773 5571 deteriorem

2202 5620 2411 5679 partem
2446 5609 2753 5665 declinavit.
2812 5608 2945 5661 iiiuc
3001 5608 3197 5662 l’mdata
3229 5606 3657 5673 labefactataque
3688 5607 3774 5657 di-

2208 5700 2328 5754 vina
2382 5698 2468 5753 illa
2522 5700 2589 5752 ab
2622 5706 2744 5752 ortu
2777 5696 3026 5764 imagine,
3068 5710 3201 5763 imus
3250 5695 3351 5748 fuit
3389 5696 3619 5749 adventu
3651 5694 3770 5749 Filii

2211 5791 2343 5856 Dei,
2392 5791 2480 5859 qui
2519 5789 2748 5845 sarciret
2776 5787 3051 5847 damnum.
3092 5795 3144 5839 et
3174 5788 3443 5840 recrearet
3476 5786 3648 5856 collap
3670 5802 3772 5839 tum
