3998 6524
1192 413 1566 470 PBEFATIO
1604 412 1952 469 EDITIONIS
1991 414 2494 485 ΒΕΝΕυιΟΤΙΝλΕ.

3347 447 3481 499 ιιι]

176 526 456 580 humanum
533 540 735 597 genus
765 568 786 595 ,
848 531 1287 604 instauraretque
1353 535 1592 589 divinam
1649 537 1797 590 illata
1833 542 1870 597 Α
1908 549 2062 592 rante
2087 536 2271 603 llosio,
2319 551 2581 611 quotquot
2612 545 2701 598 tali
2735 546 2880 602 aditu
2921 550 3317 610 ecclesiasticos
3348 571 3476 625 gra-

175 617 447 683 imaginern
482 635 498 673 :
536 618 919 689 Suﬁ'iciebat,
970 625 1139 695 inquit
1173 626 1505 683 Athanasius
1552 631 1630 700 (p.
1671 628 1787 700 46),

174 708 326 779 gratia
382 724 491 773 qua
534 711 614 763 ad
664 713 978 779 imaginem
1008 715 1104 770 Dei
1132 717 1262 785 {acti
1299 734 1501 788 sumus,
1530 722 1598 773 ad
1622 721 1787 775 Deum

185 798 409 863 Verbum,
434 810 486 853 et
514 800 760 858 Patrem
786 822 891 873 per
913 807 1077 876 ipsum
1103 807 1328 863 Verbum
1352 815 1786 880 cognoscendum.

188 887 356 942 Ventus
402 890 592 956 Deus,
648 896 753 947 cui
807 898 1085 953 hominum
1122 900 1407 971 inﬁrmitas
1454 906 1614 971 probe
1664 916 1789 960 nota

176 992 288 1045 erat,
313 996 502 1035 eorum
530 986 909 1056 negligentiw
937 993 1236 1061 prospexit;
1268 1002 1323 1046 ut
1353 1010 1530 1063 nempe
1553 995 1598 1048 si
1624 996 1789 1049 Deum

176 1087 251 1141 per
272 1074 468 1139 seipsos
496 1090 855 1143 cognoscere
887 1081 1219 1151 negligerent,
1244 1095 1451 1151 possent
1487 1101 1552 1138 ex
1582 1095 1790 1141 natnrte

176 1168 377 1235 opiﬁciis
415 1171 761 1226 Creatorem
831 1191 945 1229 non
1000 1176 1259 1246 ignorare.
1319 1176 1506 1233 Gratia
1552 1181 1629 1249 (p.
1661 1179 1788 1252 542)

173 1269 214 1311 et
251 1260 469 1321 donum,
522 1263 686 1330 quod
734 1281 766 1317 ε
806 1263 1079 1320 Trinitate
1120 1267 1302 1335 datur,
1345 1269 1508 1333 datur
1556 1290 1587 1326 a
1628 1271 1791 1327 Patre

174 1368 251 1416 per
274 1349 476 1405 Filium
522 1356 582 1407 in
633 1366 845 1409 sancto
879 1356 1105 1425 Spiritu.
1138 1359 1324 1415 Gratia
1356 1374 1535 1417 autem
1569 1374 1791 1431 peccato

175 1441 426 1495 amittitur
451 1444 534 1511 (p.
563 1446 1101 1516 455),,paenitentia
1127 1452 1501 1520 recuperatur.
1530 1455 1789 1524 Baptismi

175 1534 547 1589 necessitatem
610 1537 845 1607 ubique
900 1541 1196 1610 praedicat:
1235 1544 1331 1599 sed
1373 1546 1447 1600 ait
1477 1546 1679 1601 diserte
1710 1548 1786 1619 (p.

173 1621 285 1691 £03)
322 1623 578 1680 inutilem
634 1644 775 1684 esse
822 1630 1149 1701 baptismum
1182 1636 1506 1693 Arianorum
1550 1656 1615 1695 ac
1657 1656 1791 1711 quo-

176 1715 396 1768 rumdam
444 1717 901 1776 hazreticorum.
963 1723 1061 1780 Ubi
1108 1729 1421 1786 meminisse
1463 1732 1677 1801 juvabit
1724 1750 1787 1790 ea

176 1814 481 1873 tempestate
512 1810 707 1865 moris
744 1810 950 1876 fuisse,
986 1824 1044 1870 ut
1071 1819 1162 1887 qui
1201 1818 1525 1889 baptiSIttttttt
1551 1824 1785 1889 adirent,

1901 630 1999 683 dus
2055 630 2383 698 invaserant,
2421 635 2487 689 ad
2542 635 2798 692 laicorum
2847 640 3210 697 conditionem
3264 646 3475 701 reducti

1876 731 2044 779 sunt.
2077 721 2374 779 Memorato
2412 725 2629 795 dignum
2664 737 2779 797 est,
2809 730 3108 801 episcopos,
3142 749 3265 789 cum
3301 736 3353 790 in
3387 736 3475 790 lit-

1902 813 2030 868 teris
2066 815 2180 869 suis
2224 816 2290 870 de
2335 817 2651 888 presbytero
2694 829 2788 874 ant
2831 820 3061 877 diacono
3109 836 3348 894 agerent,
3401 830 3475 881 ita

1898 918 1992 959 eos
2020 920 2332 975 nuncupare
2370 907 2556 962 solitos
2583 924 2736 975 esse,
2788 913 3299 985 συμπρεσϐύτερος,
3352 933 3477 971 συν-

1896 993 2141 1058 διάκονος
2188 996 2380 1067 ήμῶν,
2429 1001 2827 1071 compresbyter,
2878 1004 3227 1059 condiaconus
3274 1018 3473 1073 noster.

1898 1085 2049 1152 Quod
2097 1086 2306 1155 signum
2339 1101 2441 1152 est,
2481 1105 2542 1144 ea
2571 1090 2693 1147 illos
2732 1093 2899 1147 fuisse
2937 1097 3228 1160 sententia,
3270 1107 3328 1151 ut
3361 1098 3478 1168 epi-

1897 1177 2043 1247 scopi
2079 1178 2307 1248 gradum
2341 1181 2644 1257 presbyteri
2688 1191 2745 1236 et
2791 1184 3005 1238 diaconi
3048 1186 3294 1241 ordinem
3325 1204 3478 1244 com-2

1898 1268 2058 1338 plecti
2097 1277 2378 1337 putarent.
2423 1270 2625 1325 Prteter
2668 1275 2974 1341 episcopos,
3012 1277 3384 1347 presbyteros,
3426 1289 3481 1335 et

1898 1359 2189 1425 diaconos,
2232 1359 2542 1415 subdiaconi
2572 1402 2586 1426 ,
2627 1362 3008 1432 ὑποδιακόνου,
3064 1367 3191 1421 item
3239 1370 3484 1425 meminit

1897 1449 2248 1504 Athanasius.

1970 1541 2059 1596 15.
2094 1542 2348 1596 Animam
2380 1541 2653 1611 iustorum
2686 1547 2869 1601 statim
2906 1556 3027 1617 post
3053 1550 3259 1604 obitum
3294 1554 3347 1606 in
3379 1566 3487 1606 ραι·

1900 1632 2007 1688 Ιιιηι
2032 1633 2163 1689 ferri
2194 1634 2398 1690 dicitur
2426 1635 2478 1690 in
2512 1635 2634 1690 Vita
2659 1637 2876 1692 Antonii
2900 1639 2974 1710 (p.
2997 1639 3147 1711 675).
3189 1641 3485 1713 Suspectus

1899 1736 2080 1781 autem
2105 1737 2189 1782 est
2221 1727 2312 1782 ille
2358 1728 2507 1783 locus
2554 1746 2618 1782 ex
2652 1730 2985 1786 Damasccno
3021 1734 3216 1789 allatus
3249 1751 3299 1803 p.
3323 1734 3483 1801 1024,

1900 1834 2058 1887 quem
2100 1819 2185 1873 hic
2222 1820 2388 1872 etiam
2436 1818 2632 1877 afferre
2672 1837 2738 1876 ne
2774 1823 2954 1891 pigeat
2990 1841 3004 1877 :
3050 1819 3184 1876 Εἶτα
3215 1828 3244 1877 ὁ
3294 1827 3351 1876 ἐν
3386 1823 3489 1895 βίῳ

175 1898 483 1953 Christiana:
511 1902 822 1959 doctrinae
863 1907 1203 1965 addiscendae
1229 1928 1326 1981 per
1355 1925 1571 1969 aetatem
1611 1917 1786 1973 idonei

1899 1910 1984 1963 καὶ
2018 1910 2161 1982 λόγῳ
2193 1912 2577 1986 περίϐλεπτος,
2612 1917 2706 1969 καὶ
2735 1919 2836 1987 τῆς
2863 1916 2955 1968 τοῦ
2984 1916 3118 1969 Θεοῦ
3157 1917 3485 1987 Ἐκκλησίας

174 1998 374 2042 essent:
416 1990 520 2044 ’ἶν’
566 1994 642 2047 ὲκ
690 1996 804 2065 τῆς
846 1997 1169 2069 μαθήσεως,
1226 2002 1401 2073 inquit
1438 2008 1787 2075 Athanasius,

177 2077 204 2145 ἠ
248 2078 421 2144 πίστις
459 2083 609 2157 ὀρθὴ
669 2087 952 2157 γένηται,
1003 2092 1096 2145 καὶ
1150 2096 1288 2164 μετὰ
1336 2098 1573 2162 πίστεως
1621 2102 1652 2170 ἡ
1696 2103 1788 2155 τοῦ

180 2170 541 2245 βαπτίσματος
567 2181 883 2246 τελείωσις
909 2187 1203 2259 προστεθῇ.
1242 2185 1307 2242 Ut
1334 2207 1399 2244 ex
1420 2193 1661 2247 doctrina
1692 2197 1792 2249 ori-

180 2274 302 2316 retur
334 2277 481 2321 recta
521 2268 700 2337 ﬁdes,
754 2282 805 2326 et
848 2290 969 2326 cum
998 2275 1103 2343 fide
1141 2278 1389 2346 baptismi
1424 2282 1658 2336 initiatio
1699 2302 1788 2337 ac-

176 2357 375 2412 cederet.
408 2360 665 2421 Inferius
694 2374 917 2430 autem,
944 2368 1009 2422 de
1033 2369 1328 2426 ltmresibus
1356 2371 1581 2442 loquens
1607 2395 1617 2429 :
1640 2378 1792 2431 Ἀλυ-

180 2447 397 2531 σιτελὲς,
455 2451 577 2514 ait,
634 2453 838 2523 ἔχουσι
892 2456 984 2509 καὶ
1027 2458 1086 2510 τὸ
1126 2462 1256 2531 παρ’
1287 2463 1467 2517 αὐτῶν
1514 2466 1791 2537 διδόμενον

182 2534 325 2607 ὕδωρ,
364 2539 723 2611 λειπόμενον
751 2544 1032 2617 εὐσεϐείᾳ,
1068 2547 1264 2609 idest:
1305 2551 1515 2606 Inutilis
1549 2534 1789 2626 est’aqua

136 2622 141 2627 λ
182 2643 314 2695 quam
336 2630 570 2695 donant,
614 2636 829 2703 quippe
864 2637 953 2703 cui
988 2639 1119 2692 desit
1156 2641 1351 2709 pietas.
1380 2640 1646 2698 Nimirum
1671 2622 1790 2703 ideo

184 2717 369 2775 inutilis
394 2760 410 2783 ,
444 2725 735 2791 quoniam
775 2727 873 2795 qui
928 2726 1015 2781 illa
1068 2729 1365 2800 tinguntur,
1398 2734 1625 2789 salutem
1661 2753 1789 2791 con-

185 2810 312 2877 sequi
365 2828 474 2867 non
530 2817 761 2871 valent.
804 2817 1105 2874 Enimvero
1142 2824 1284 2891 quod
1314 2826 1645 2883 Athanasius
1688 2829 1791 2883 ite-

186 2901 389 2956 randum
414 2918 544 2959 esse
592 2907 889 2976 baptisma
924 2912 1220 2979 censuerit,
1256 2928 1361 2968 non
1394 2925 1644 2983 constat;
1682 2918 1790 2974 into

186 2993 339 3065 ratius
382 2999 703 3053 contrariae
749 3002 1046 3065 sententia:
1090 3018 1212 3057 esse
1257 3006 1469 3060 videtur
1512 3023 1579 3062 ex
1611 3009 1792 3064 Antioo

187 3082 338 3146 {beate
387 3090 594 3158 synodi
649 3102 805 3144 tomo
857 3102 916 3148 et
950 3108 1018 3147 ex
1068 3096 1290 3163 epistola
1320 3099 1389 3150 ad
1422 3098 1785 3170 Ruﬁnianum,

186 3174 260 3235 ιιὺὶ
300 3180 363 3232 de
390 3183 736 3237 conditione
786 3183 1036 3239 haeretici
1085 3187 1378 3256 recipiendi
1423 3192 1635 3261 agitur,
1685 3209 1788 3249 nec

1892 2002 2143 2073 Οεμέλιος
2189 2003 2526 2068 Ἀθανάσιος,
2561 2007 2686 2059 τάδε
2731 2008 2864 2077 φησι
2904 2008 3030 2078 περὶ
3064 2006 3172 2060 τῶν
3205 2010 3261 2060 ὲν
3292 2009 3481 2080 Κυρίῳ

1891 2094 2102 2165 νεκρῶν
2127 2112 2139 2125 ·
2181 2096 2262 2148 ὃτι
2288 2115 2392 2168 περ
2420 2097 2509 2149 διὰ
2549 2099 2708 2151 τοῦτο
2749 2101 2875 2161 τοὺς
2920 2098 3261 2169 σωζομένους
3292 2101 3320 2151 ό
3348 2100 3482 2163 Θεὸς

1891 2184 2210 2255 κεχάρισται
2255 2186 2315 2237 τὺ
2352 2186 2512 2257 μέχρι
2551 2188 2648 2257 τῆς
2692 2189 2877 2259 κοινῆς
2909 2190 3277 2253 ἀναστάσεως,
3322 2190 3479 2260 ψυχι-

1891 2274 2004 2338 κῶς
2059 2274 2313 2346 ἀλλήλοις
2371 2280 2607 2333 συνεῖναι
2672 2280 2764 2331 καὶ
2811 2279 3333 2349 συνευφραίνεσθαι,
3380 2284 3480 2335 ἀπ-

1891 2367 2115 2439 εκδοχὴν
2156 2369 2372 2439 ἔχοντες
2417 2371 2525 2423 τῶν
2573 2371 2874 2442 μελλόντων
2923 2374 3105 2437 αὐτοῖς
3144 2373 3477 2443 ἀποκληροῦ-

1893 2459 2013 2525 σοᾳι
2046 2459 2207 2513 θείων
2230 2460 2471 2535 δωρεῶν,
2508 2462 2558 2515 id
2590 2472 2711 2517 est:
2746 2461 3013 2519 Pra'terea
3050 2464 3361 2533 conspicuus
3389 2463 3477 2515 ille

1891 2551 1995 2604 vita
2023 2560 2068 2602 et
2097 2550 2331 2603 moribus
2350 2590 2364 2615 ,
2392 2561 2546 2619 atque
2579 2552 2828 2608 Ecclesia:
2860 2553 3266 2622 fundamentum
3308 2552 3477 2605 Atha-

1892 2638 2093 2701 nasius,
2142 2640 2252 2692 Itwc
2295 2641 2446 2693 liabet
2496 2641 2561 2695 de
2605 2642 2823 2695 mortuis
2862 2644 2914 2695 in
2949 2641 3171 2696 Domino
3203 2658 3222 2694 :
3270 2640 3475 2696 Idcirco

1893 2730 2057 2785 Deum
2090 2732 2156 2784 iis
2183 2733 2273 2801 qui
2314 2732 2536 2785 salutem
2583 2744 2974 2799 consequuntur
3025 2734 3360 2799 concessisse,
3420 2743 3473 2787 ut

1892 2836 2055 2890 usque
2084 2821 2154 2874 ad
2197 2837 2525 2876 communem
2567 2824 2999 2879 resurrectionem
3023 2863 3038 2889 ,
3072 2825 3386 2877 aninttruno
3421 2824 3475 2877 in

1892 2912 2004 2965 loco
2058 2912 2216 2968 simul
2258 2924 2672 2980 commorantes,
2720 2915 3067 2982 eolltrtentur,
3117 2932 3234 2969 cunt
3276 2930 3366 2984 spe
3414 2923 3475 2968 ut

1892 3002 2189 3071 futurorum
2254 3006 2463 3057 tandem
2510 3006 2764 3061 bonorum
2821 3009 3148 3073 possessione
3203 3007 3471 3075 fruantur.

1890 3095 2020 3167 Quae
2072 3111 2192 3150 cum
2248 3096 2671 3152 millcnariorum
2746 3097 3072 3151 sententiam
3145 3096 3358 3161 oleant,
3420 3106 3475 3152 et

1890 3198 2074 3257 aperte
2111 3197 2409 3257 repugnent
2458 3204 2579 3241 cttm
2623 3188 2741 3242 loco
2778 3189 3057 3242 Athanasii
3112 3200 3233 3241 mox
3270 3203 3475 3243 memo-v

187 3267 360 3335 dicitur
406 3272 699 3344 baptisma
756 3276 829 3330 ab
858 3276 1081 3334 Arianis
1112 3280 1296 3336 datum
1351 3287 1418 3337 de
1458 3284 1669 3356 integro
1703 3302 1787 3343 re-
1814 3260 1857 3315 (δ
1894 3291 2031 3344 r310.
2073 3279 2197 3348 iure
2242 3280 2293 3333 ill
2332 3279 2692 3350 SllspiCionem
2735 3280 2946 3343 νοθείας
2980 3288 3257 3334 Vocem"?-

186 3366 447 3427 petendum
476 3380 781 3438 oportere.
811 3369 881 3424 Et
908 3385 1058 3435 sane,
1083 3373 1209 3426 dum
1242 3375 1311 3427 ait
1348 3376 1544 3431 ibidem
1571 3378 1789 3450 (p.403)

190 3452 230 3504 in
269 3457 579 3524 periculum
650 3461 849 3517 venire
882 3461 1116 3521 Arianos
1165 3465 1477 3522 amittenda;
1533 3469 1789 3540 baptismi

187 3542 519 3618 integritatis,
565 3554 905 3608 subindicat
961 3569 1020 3609 se
1071 3571 1176 3611 non
1216 3572 1280 3620 ea
1329 3574 1449 3623 esse
1495 3564 1786 3629 sententia,

188 3635 467 3697 iterandum
518 3660 657 3700 esse
697 3659 903 3708 eorum
964 3647 1255 3716 baptisma.
1309 3648 1442 3706 Vide
1475 3663 1659 3708 notam
1693 3655 1789 3723 ibi.

188 3726 292 3786 "ac
324 3735 390 3789 de
418 3736 736 3792 iteratione
779 3737 1044 3807 baptismi
1086 3741 1218 3807 satis
1260 3754 1455 3807 sunto;
1501 3761 1613 3801 rem
1642 3750 1787 3802 enim

188 3821 407 3888 pluribus
436 3829 670 3899 agitare
697 3843 802 3897 per
833 3830 1004 3885 otium
1038 3847 1143 3886 non
1177 3833 1323 3888 licet.
1354 3834 1423 3889 Et
1451 3838 1787 3907 exploratum

188 3922 256 3965 est
282 3929 395 3970 eam
448 3919 637 3974 fuisse
686 3919 824 3975 olim
862 3930 948 3973 sat
988 3921 1170 3976 tritam
1228 3924 1281 3978 in
1316 3923 1538 3983 Oriente
1569 3939 1791 3985 senten-

191 4001 321 4068 tiam,
366 4007 782 4064 haereticorum
825 4008 1095 4079 baptisma
1139 4028 1260 4069 esse
1311 4017 1786 4087 redintegrandum

190 4087 252 4156 (p.
276 4091 389 4156 l00,
415 4094 577 4165 706).
618 4096 919 4151 Adeantur
944 4098 1034 4167 qui
1060 4096 1178 4155 haec
1208 4099 1327 4159 fuse
1361 4112 1789 4174 pertractarunt,

192 4181 312 4241 inter
332 4203 472 4256 quos
523 4189 700 4246 facile
735 4191 998 4261 princeps
1025 4194 1381 4264 Augustinus.

250 4277 330 4333 ll.
362 4281 438 4336 De
470 4282 1156 4354 Eucharistia.-—Corpus
1172 4295 1227 4341 et
1246 4288 1565 4359 sanguinem
1585 4290 1787 4346 Christi

192 4368 608 4431 inEucharistia
656 4390 785 4431 esse
831 4377 1037 4432 diserte
1077 4394 1251 4449 neque
1293 4383 1459 4435 semel
1508 4384 1786 4453 praedicat,

192 4466 521 4530 apertissime
576 4482 715 4523 vero
771 4467 870 4523 ubi
929 4470 1048 4533 ait,
1111 4486 1311 4539 corpus
1365 4476 1508 4544 quod
1568 4478 1719 4531 sedet
1758 4493 1786 4531 a

1963 3373 2280 3430 iuramento
2320 3387 2605 3442 perperam
2644 3380 2735 3426 aut
2767 3372 3167 3442 prtccipitanter
3194 3370 3319 3424 dato
3365 3384 3474 3427 non

1892 3467 2143 3523 standum
2185 3478 2307 3521 esse
2337 3464 2495 3521 docet
2535 3479 2639 3521 non
2687 3464 2855 3521 semel
2888 3462 3217 3517 Athanasius
3244 3460 3473 3533 (p.209,

1889 3560 2022 3631 2l0,
2052 3558 2182 3630 235)

2656 3649 2716 3704 ν.

1926 3745 2000 3801 De
2017 3745 2280 3801 Itazreticis
2303 3745 2366 3798 ab
2385 3744 2675 3806 Athanasio
2710 3740 3025 3811 impugnatis
3047 3749 3093 3793 et
3114 3736 3433 3791 memoratis.

1964 3841 2013 3894 l.
2050 3837 2403 3908 lmpuguandi
2444 3833 2730 3889 haereticos
2757 3831 2993 3886 studium
3026 3829 3226 3897 ubique
3254 3824 3476 3897 praefert

1889 3928 2266 3987 Athanasius:
2320 3925 2461 3996 quod
2502 3926 2775 3992 inceptum
2831 3936 2862 3977 a
2916 3934 3083 3993 parvo
3140 3934 3259 3973 cum
3317 3924 3481 3982 aetate;

1890 4018 2132 4075 accrevit
2157 4018 2339 4073 simul.
2384 4017 2547 4071 Arius
2584 4016 2729 4073 enim
2757 4028 2897 4069 unus
2925 4012 3260 4082 perniciosus
3287 4009 3474 4064 Eccle-

1889 4113 1986 4167 siae
2013 4121 2065 4166 et
2098 4110 2289 4180 patriae
2318 4124 2428 4164 suae
2462 4108 2628 4174 civis,
2662 4115 2829 4161 totam
2865 4119 3002 4175 pene
3022 4102 3302 4158 Athanasii
3342 4111 3473 4155 teta-

1892 4214 2000 4259 tem
2025 4202 2204 4268 bellis,
2230 4201 2450 4271 pugnis,
2481 4199 2887 4262 controversiis,
2921 4194 3318 4251 calamitatibus
3342 4207 3473 4245 con-

1891 4297 2040 4351 trivit
2072 4312 2087 4349 :
2131 4309 2255 4348 nam
2284 4292 2524 4348 defuncti
2556 4292 2888 4361 provinciam
2922 4289 2975 4343 in
3006 4274 3193 4344 eadem
3216 4284 3477 4355 palaestra

1890 4397 2261 4458 exceperunt,
2301 4386 2390 4454 qui
2426 4384 2557 4438 Ario
2590 4382 2721 4436 nihil
2755 4380 3127 4436 concedebant
3164 4375 3480 4453 ferocitate,

1891 4479 2113 4542 astutia,
2147 4475 2439 4546 protervia.
2475 4474 2551 4528 Ac
2582 4481 2778 4541 praeter
2820 4471 2973 4535 istos,
3011 4467 3101 4522 alii
3126 4465 3365 4521 ltmretici
3404 4479 3473 4533 es

192 4552 376 4614 dextris
420 4560 554 4625 Dei,
599 4559 737 4614 illud
778 4560 966 4629 ipsum
997 4576 1117 4616 esse
1147 4578 1256 4632 quo
1302 4565 1543 4632 pontifex
1579 4579 1630 4620 et
1659 4583 1787 4636 apo-
1821 4606 1863 4662 Β
1894 4578 2207 4623 transverso
2237 4566 2468 4620 subinde
2504 4563 2859 4631 incxspectati
2889 4561 3227 4662 accc-dentes,
3262 4558 3331 4662 in.
3365 4555 3473 4662 dis-

193 4646 342 4703 stolus
385 4659 521 4715 est,
575 4664 681 4720 per
722 4652 1058 4721 mysterium
1098 4655 1241 4722 quod
1284 4655 1431 4711 dedit
1476 4660 1665 4728 nobis,
1709 4661 1789 4714 di-
1821 4644 1865 4663 ἰ
1892 4661 2098 4714 crimen
2144 4658 2412 4712 vocabant
2460 4655 2720 4708 Ecclesiae
2768 4650 3238 4719 tranquillitatem.
3301 4644 3475 4704 Alba-2

193 4749 302 4792 cens
332 4757 346 4794 :
382 4741 518 4795 Uoc
559 4751 640 4796 est
679 4758 880 4812 corpus
922 4758 1128 4808 meum,
1168 4755 1274 4798 etc.
1329 4745 1429 4801 Ubi
1465 4762 1594 4803 vero
1637 4751 1789 4817 dicit,

193 4841 363 4900 corpus
408 4832 555 4887 illud
586 4848 715 4889 esse
740 4833 1077 4903 spiritualem
1110 4836 1305 4900 cibum,
1354 4847 1406 4892 et
1445 4840 1793 4908 spiritualiter

193 4919 293 4973 deri
318 4924 370 4978 in
403 4939 609 4989 «eam,
645 4924 704 4979 id
739 4924 819 4979 ita
859 4923 1152 4995 intelligas,
1186 4937 1239 4978 ιιι
1276 4929 1520 4997 pluribus
1562 4932 1613 4986 in
1648 4934 1791 4989 notis

194 5011 489 5079 explicatur
516 5032 531 5068 :
562 5029 675 5070 non
722 5029 883 5070 more
919 5015 1022 5071 cibi
1057 5020 1301 5086 corporei
1343 5021 1508 5085 sumi,
1541 5038 1639 5077 nec
1669 5032 1791 5079 esse

197 5102 352 5159 cibum
416 5108 815 5177 corporalem,
876 5107 967 5175 qui
1033 5122 1127 5176 per
1175 5110 1408 5177 partium
1465 5112 1787 5169 divisionem

198 5197 753 5253 comminutionemve
783 5198 1152 5252 comedatur:
1194 5199 1335 5265 Quot
1380 5204 1520 5260 enim
1563 5204 1791 5258 homini-

201 5285 314 5353 bus,
350 5290 572 5358 inquit,
619 5305 825 5358 corpus
856 5290 987 5342 satis
1031 5303 1162 5351 esset
1212 5294 1281 5345 ad
1326 5308 1494 5360 esum,
1533 5305 1589 5348 ut
1629 5297 1790 5350 totius

202 5379 361 5436 mundi
387 5377 537 5445 fieret
567 5379 897 5433 alimentum
922 5378 947 5431 7
974 5378 1049 5432 lbi
1082 5379 1307 5435 videsis.

258 5466 1059 5526 l3.Dsordine.——Ordinatio
1078 5471 1377 5543 presbyteri
1411 5489 1439 5527 a
1474 5473 1790 5543 presbytero

200 5554 344 5628 facta,
390 5564 542 5619 nulla
591 5561 935 5624 habebatur,
995 5570 1053 5615 ut
1088 5564 1364 5633 propalam
1409 5572 1496 5619 est
1545 5565 1791 5634 exemplo

200 5647 410 5713 Collutbi
467 5652 825 5728 presbyteri,
868 5653 957 5721 qui
1008 5668 1139 5709 ausu
1200 5657 1488 5712 temerario
1547 5666 1601 5712 et
1643 5658 1792 5712 inso-

199 5747 311 5802 .cnti
366 5753 739 5820 presbyteros
818 5746 1182 5804 constituendi
1238 5755 1559 5820 potestatem
1620 5749 1793 5803 vindi-

202 5838 333 5895 cabat
375 5843 502 5900 sibi.
566 5840 785 5897 Verum
823 5835 973 5905 jussu
1014 5838 1389 5898 Alexandrina:
1426 5841 1652 5916 synodi,
1699 5856 1793 5897 cu-

1891 4750 2073 4806 nasius
2117 4762 2246 4803 vero
2288 4761 2428 4800 unus
2467 4758 2604 4813 pene
2646 4741 2888 4795 omnium
2933 4741 3191 4807 impetum
3236 4736 3479 4811 excepit,

1892 4858 2030 4897 unus
2056 4841 2367 4894 innumeros
2398 4834 2723 4907 proﬂigavit.
2756 4835 2950 4889 Annon
2975 4832 3301 4887 exstinctam
3331 4831 3473 4900 apud

1889 4933 2136 4989 homines
2171 4945 2315 4986 vera:
2358 4927 2480 4985 lidei
2530 4942 2719 4981 curam
2762 4928 3011 4989 dixisses,
3057 4938 3179 4979 cum
3238 4923 3481 4977 instante.

1896 5027 2195 5085 COIISIaItlil
2229 5034 2373 5081 metu
2410 5025 2565 5081 lracti
2609 5039 2822 5087 omnes,
2856 5030 2948 5075 aut
2978 5020 3169 5075 ccdcre
3192 5058 3207 5082 ,
3236 5027 3328 5073 aut
3359 5017 3472 5071 dis-

1897 5119 2154 5176 simulare
2219 5118 2482 5189 compulsi
2551 5124 2709 5181 snnl;
2786 5111 3177 5179 Athanasiique
3236 5106 3483 5169 solitudo

1898 5220 2044 5263 tanta
2076 5220 2209 5275 erat,
2248 5219 2307 5263 ut
2356 5224 2423 5262 nc
2453 5210 2731 5263 desertum
2772 5204 2994 5276 quidem
3030 5210 3115 5257 sat
3152 5209 3320 5255 tutum
3370 5198 3478 5267 ipsi

1896 5309 2040 5356 esset
2085 5301 2153 5354 ab
2205 5292 2415 5355 insidiis
2459 5295 2989 5354 consceleratorum?
3042 5294 3108 5347 Et
3150 5302 3327 5346 tamen
3384 5289 3482 5343 illo

1899 5404 2150 5446 strenuus
2220 5405 2365 5446 verte
2428 5390 2553 5445 fidei
2618 5398 2899 5458 patronus,
2971 5399 3078 5439 non
3148 5384 3476 5435 Arianorum

1898 5479 2083 5543 modo,
2134 5480 2227 5534 sed
2276 5478 2502 5534 aliorum
2544 5494 2758 5550 quoque
2798 5488 3026 5533 conatus
3070 5473 3247 5540 fregit,
3279 5484 3468 5524 eorum

1898 5569 2105 5625 scilicet
2158 5570 2249 5639 qui
2296 5578 2579 5640 postquam
2613 5579 2939 5624 exoneratus
2975 5564 3063 5618 ille
3092 5561 3295 5615 Ariano
3326 5568 3471 5614 metu

1901 5659 2096 5723 fuerat,
2145 5673 2402 5713 novarum
2443 5658 2753 5729 opinionum
2801 5667 3050 5710 auctores
3102 5651 3275 5705 fuere.
3328 5650 3372 5704 E
3412 5664 3478 5704 re

1901 5760 2079 5803 autem
2124 5750 2238 5805 fore
2280 5766 2586 5821 speramus,
2636 5750 2679 5803 si
2726 5748 2793 5802 de
2836 5745 3165 5809 haeresibus,
3205 5756 3341 5812 quas
3386 5740 3469 5796 vel

1903 5843 2025 5897 data
2055 5853 2221 5898 onera
2253 5841 2568 5908 confutavit,
2610 5840 2693 5897 vel
2737 5836 2965 5908 carptim
3017 5832 3193 5903 tetigit
3230 5831 3468 5887 Athana-
