3998 6532
513 395 666 438 XXXII

1876 379 2414 460 rnoLEGOMENA;

516 498 648 563 sius,
697 496 883 565 paucis
923 510 1019 565 pro
1074 512 1223 569 more
1258 498 1420 566 verba
1467 498 1745 578 faciamus.
1794 499 1927 561 Nam
1968 498 2095 567 Epi-
2122 504 2169 561 Α
2199 498 2534 567 injectasque
2577 497 2919 555 difﬁcultates
2963 500 3181 559 elevat:
3218 501 3449 557 Arianos
3498 517 3628 559 vero
3672 500 3775 561 hoc

514 587 769 665 phanius,
808 589 1019 651 tametsi
1055 604 1249 664 magno
1289 590 1472 645 labore
1508 600 1563 655 et
1595 592 1942 657 aeeuratione
1986 590 2093 646 itte.

512 679 807 739 retieorum
871 682 1170 754 sententias
1218 681 1457 751 collegit,
1514 691 1777 749 attamen,
1828 684 1903 738 uti
1955 683 2093 756 solet

514 773 567 825 in
642 770 949 845 hujusmodi
1022 773 1523 833 enumerationibus
1597 774 1853 839 evenire,
1928 774 2089 847 multa

512 863 859 933 praetermisit
903 863 1126 929 intacta,
1155 878 1276 933 quae
1313 864 1379 918 ab
1404 864 1704 919 Athanasio
1729 865 1956 935 aliisque
1992 865 2093 921 Pa-

513 953 689 1016 tribus
734 963 1013 1008 notantur.
1068 955 1336 1033 Quoniam
1380 972 1510 1024 vero
1544 956 1799 1011 Arianam
1842 960 2090 1036 l'tazresim

514 1039 855 1116 potissimum
897 1036 1117 1113 adortus
1158 1054 1241 1099 est
1270 1044 1602 1100 Athanasius
1637 1059 1652 1098 :
1698 1054 1752 1109 et
1799 1047 1842 1100 si
1878 1049 2094 1116 quando

513 1130 649 1185 alias
698 1132 1016 1203 insectatur,
1059 1134 1143 1190 vel
1184 1136 1473 1213 occasione
1511 1138 1857 1203 Arianorum,
1904 1138 1986 1193 vel
2025 1140 2094 1195 ab

510 1223 730 1279 Arianis
781 1226 1179 1299 proseminatas
1224 1229 1481 1304 exagitat,
1520 1228 1586 1296 de
1612 1229 1810 1307 Aria‘na
1858 1230 2093 1301 primum

512 1324 722 1385 agetur.

582 1406 637 1460 2.
692 1408 987 1464 Arianlsnti
1032 1411 1085 1465 in
1147 1411 1265 1480 ipso
1306 1420 1499 1466 exortu
1556 1412 1671 1467 hac
1720 1412 2093 1477 fundamenta,

512 1498 594 1565 ita:
647 1506 865 1577 tesserae
916 1501 1155 1557 fuerunt.
1215 1502 1322 1558 Ore
1371 1504 1537 1573 impio
1561 1505 1745 1569 Arius,
1800 1519 1937 1577 quos
1982 1506 2096 1573 pri-

511 1600 679 1668 vatim
730 1610 783 1654 et
834 1600 884 1658 in
931 1602 1143 1677 angulis
1183 1613 1566 1675 consperserat
1608 1620 1849 1675 errores,
1903 1607 1955 1659 in
2007 1620 2095 1674 sy-

512 1690 652 1743 nodo
689 1691 905 1747 demum
935 1694 1296 1759 Alexandrina
1330 1695 1548 1762 protulit
1579 1698 1946 1767 audacterque
1979 1711 2097 1764 pro-

511 1782 789 1861 pugnavit.
837 1783 1031 1861 Aiebat
1081 1799 1244 1854 ergo,
1297 1784 1392 1839 Dei
1439 1784 1670 1839 Verbum
1727 1802 1833 1841 non
1883 1800 2097 1856 semper

511 1858 699 1950 fuisse,
725 1872 819 1945 sed
845 1858 907 1929 es
940 1874 1110 1929 nihilo
1138 1874 1337 1955 factum
1368 1885 1415 1932 et
1446 1887 1689 1950 creatum
1714 1876 1955 1949 (p.314),
1988 1892 2091 1931 non

508 1973 795 2039 internum,
838 1981 943 2020 non
978 1965 1121 2021 Patri
1162 1968 1339 2023 simile
1380 1969 1675 2024 secundum
1710 1970 2093 2034 substantiam,

509 2071 685 2125 neque
716 2072 903 2113 verum
939 2057 1031 2113 Dei
1073 2058 1334 2123 Verbum,
1361 2068 1453 2114 aut
1484 2060 1827 2129 sapientiam,
1864 2062 1957 2115 sed
1999 2078 2099 2114 κα-

506 2147 894 2219 ταχρηστικῶς
936 2150 1005 2202 ita
1039 2151 1220 2205 vocari
1259 2171 1279 2214 ε,
1313 2166 1433 2205 esse
1470 2160 1665 2205 natura
1698 2150 1972 2214 mutabile,
2002 2164 2097 2203 ne-

431 2294 437 2303 _
506 2252 613 2305 que
652 2252 813 2294 nosse
842 2238 1082 2307 Patrem,
1119 2240 1227 2295 imo
1261 2254 1329 2295 ne
1375 2256 1527 2295 suam
1556 2240 1771 2310 quidem
1803 2240 1971 2309 ipsius
2004 2254 2097 2294 na-

510 2338 708 2399 turam.
765 2328 995 2399 Propter
1031 2346 1130 2403 nos
1162 2331 1365 2387 factum
1416 2330 1604 2407 fuisse,
1647 2340 1709 2384 ut
1742 2330 1833 2385 illo
1865 2345 1962 2386 ceu
2009 2332 2093 2385 in-

507 2428 812 2477 atramento
873 2412 970 2487 nos
1022 2423 1279 2489 tonderet
1338 2422 1507 2487 Deus;
1566 2438 1740 2492 neque
1795 2424 2091 2479 creandum

507 2525 743 2592 iniquam
794 2510 984 2579 fuisse,
1047 2513 1148 2589 nisi
1205 2529 1303 2569 nos
1344 2512 1484 2568 Deus
1534 2517 1769 2571 condere
1816 2516 2091 2571 voluisset.

511 2602 636 2671 llaec
660 2617 786 2656 vera
818 2604 927 2657 Arii
966 2605 1234 2670 doctrina,
1273 2606 1389 2661 haec
1421 2605 1667 2677 pluribus
1694 2608 1783 2663 ille
1805 2608 1858 2662 in
1880 2608 2090 2675 Thalia,

505 2706 668 2761 quam
716 2707 904 2748 vocem
938 2694 1080 2765 inter
1115 2710 1200 2752 res
1241 2706 1351 2750 tam
1402 2698 1575 2763 serias
1625 2714 1691 2752 ne
1738 2711 2092 2755 memoratam

504 2782 722 2853 quidem
758 2788 1016 2856 oportuit.
1063 2789 1193 2843 Erat
1238 2790 1437 2859 quippe
1482 2789 1567 2842 illa
1611 2790 1935 2847 rii’entinatis
1967 2793 2090 2862 qui—

509 2874 732 2929 busdam
764 2892 829 2930 ac
857 2878 1143 2953 joculariis
1173 2879 1349 2935 modis
1375 2880 1660 2945 adornata,
1708 2883 1953 2951 exemplo
1982 2884 2090 2938 sci-

505 2962 632 3019 licet
685 2966 1038 3037 impurissimi
1094 2971 1329 3034 Setadaa,
1390 2971 1585 3027 nobilis
1641 2974 1745 3041 hoc
1795 2976 1847 3029 in
1894 2989 2091 3045 genere

504 3065 697 3126 poeta.
766 3057 921 3115 Unde
968 3068 1055 3116 est
1105 3063 1250 3132 quod
1308 3079 1338 3121 a
1389 3064 1655 3135 Gregorio
1709 3065 1952 3137 Nysseno
2011 3069 2088 3137 (α)

2194 588 2507 656 dilemmate
2541 598 2815 661 Oppuguat
2847 592 2929 671 (ι).Δ
2971 591 3098 663 167)⁴
3129 613 3141 648 :
3181 592 3415 647 Verbum
3450 592 3529 649 vel
3563 604 3649 650 est
3684 593 3775 651 Βῆ-

2192 678 2299 757 lius
2334 681 2421 733 Del
2453 689 2665 747 natura,
2693 680 2771 734 vel
2804 682 3000 750 gratia,
3022 692 3078 743 ut
3099 691 3223 735 sunt
3246 682 3277 735 ii
3308 684 3372 736 de
3396 680 3593 751 quibus
3617 682 3779 739 Joan-

2196 787 2333 827 nes:
2372 769 2640 841 Quotquot
2664 758 2837 825 autem
2867 783 3167 840 receperunt
3197 790 3315 828 eum
3339 775 3482 828 dedit
3518 776 3595 829 eis
3631 787 3779 842 pote.

2195 875 2381 931 statera
2403 865 2544 934 ﬁlios
2568 862 2666 919 Dei
2691 864 2830 933 fieri.
2858 862 2912 918 Si
2936 866 3116 933 priore
3136 866 3312 927 modo,
3337 874 3422 920 est
3443 865 3607 934 igitur
3629 863 3776 932 ejus-

2196 959 2316 1012 dem
2349 958 2667 1013 substantia:
2696 966 2860 1027 atque
2900 957 3090 1024 Pater;
3127 958 3172 1012 si
3202 959 3524 1026 posteriore,
3547 965 3607 1012 ut
3635 956 3780 1012 volo-

2198 1054 2328 1103 bant
2353 1048 2537 1103 Ariani
2567 1047 2642 1119 (p.
2669 1047 2815 1118 168),
2837 1038 2972 1102 falso
3003 1048 3311 1119 unigenitus
3328 1056 3574 1112 vocatur,
3602 1062 3781 1117 neque

2198 1158 2225 1195 a
2267 1141 2423 1215 nobis
2456 1142 2506 1194 in
2541 1139 2659 1194 Filii
2694 1141 2904 1196 ratione
2934 1139 3133 1209 tliil‘erl,
3173 1139 3775 1209 ReponebantAriani:

2199 1234 2273 1299 ita
2307 1233 2663 1305 intelligimus
2689 1234 2882 1299 Filium
2918 1233 3080 1298 rebus
3114 1233 3315 1291 creatis
3346 1230 3698 1295 antecellere,
3724 1241 3779 1287 et

2200 1328 2321 1383 ideo
2356 1328 2692 1399 unigenitum
2737 1328 2866 1393 dici,
2900 1327 3045 1398 quod
3084 1326 3198 1395 ipse
3245 1324 3393 1380 solus
3427 1341 3457 1378 a
3503 1325 3621 1378 solo
3669 1324 3778 1379 Deo

2201 1419 2378 1477 factus
2425 1422 2535 1482 sit;
2594 1429 2788 1476 cetera
2834 1435 2964 1475 vero
2997 1419 3176 1473 omnia
3210 1434 3238 1470 a
3282 1419 3390 1473 Deo
3442 1431 3540 1488 per
3580 1414 3776 1471 Filium

2198 1511 2307 1564 sint
2331 1520 2533 1565 creata.
2564 1511 2617 1566 id
2640 1510 2858 1579 depellit
2879 1509 3216 1563 Athanasius
3243 1508 3395 1564 hisee
3421 1506 3776 1578 argumentis:

2201 1604 2257 1660 Si
2300 1605 2461 1660 Pater
2486 1605 2658 1661 solum
2691 1614 2845 1659 creat
2867 1601 3108 1681 Verbum
3130 1643 3144 1665 ,
3204 1618 3272 1657 an
3316 1618 3424 1671 prae
3460 1600 3780 1657 lassitudine

2199 1713 2230 1753 a
2262 1697 2476 1752 exteris
2504 1696 2804 1751 condendis
2845 1695 3115 1750 abstinet?
3174 1694 3324 1765 atqui
3374 1695 3596 1764 impium
3651 1692 3779 1749 illud

2199 1798 2283 1846 est
2308 1807 2323 1842 :
2358 1803 2425 1842 an
2446 1788 2570 1858 quia
2598 1802 2696 1842 sua
2723 1788 2961 1857 polentia
2988 1786 3271 1856 indignum
3302 1796 3499 1852 putans
3517 1800 3579 1840 ea
3596 1784 3777 1839 omnis

2200 1878 2457 1943 condere,
2516 1877 2898 1932 administrum
2951 1885 3080 1929 ante
3130 1875 3369 1929 ereavit?
3403 1890 3587 1928 verum
3633 1873 3779 1929 nulla

2203 1972 2254 2025 in
2288 1970 2395 2024 Deo
2419 1968 2696 2039 superbia,
2734 1978 2917 2022 tumor
2940 1966 3118 2021 nullus
3147 1983 3162 2031 ;
3195 1976 3251 2020 et
3296 1966 3781 2036 alioquin‘pngnat

2200 2061 2329 2116 illud
2356 2076 2476 2115 cum
2502 2060 2779 2115 sexcentis
2808 2048 3099 2128 Scriptura:
3122 2058 3277 2122 locis,
3301 2058 3389 2110 ubi
3417 2057 3598 2125 omnia
3624 2072 3650 2109 a
3672 2056 3781 2111 Deo

2201 2152 2341 2208 facta
2373 2152 2651 2216 dicuntur,
2687 2151 2894 2223 scilicet
2918 2166 3017 2221 per
3052 2150 3287 2209 Verbum
3320 2165 3474 2204 suum
3504 2167 3518 2203 :
3560 2164 3628 2203 an
3654 2148 3777 2218 quis

2200 2252 2397 2299 caetera
2431 2243 2646 2312 opificia
2680 2242 2935 2296 invictam
2974 2242 3063 2295 Dei
3110 2240 3203 2294 τοῦ
3248 2240 3517 2311 ἁγενήτου
3541 2278 3557 2303 ,
3594 2239 3646 2293 id
3673 2245 3779 2303 est,

2200 2353 2301 2389 non
2318 2335 2469 2404 facti,
2504 2350 2723 2402 manum
2753 2334 2896 2388 ferre
2926 2348 3029 2388 non
3057 2332 3319 2398 valerent,
3346 2346 3483 2400 Opus
3517 2329 3619 2384 fuit
3644 2331 3780 2386 Filio

2199 2425 2287 2497 qui
2312 2424 2592 2487 conderet,
2620 2435 2678 2477 ut
2696 2423 2942 2478 Asterius
2966 2421 3197 2476 etArius
3226 2419 3543 2475 tradidere?
3575 2418 3771 2481 Verum

2199 2525 2388 2587 argute
2417 2514 2749 2589 Athanasius
2787 2513 2840 2567 id
2875 2512 3149 2582 propulsat
3179 2535 3190 2569 :
3235 2510 3313 2578 Si,
3344 2512 3469 2581 quia
3501 2528 3589 2568 res
3615 2511 3776 2568 facta

2198 2617 2347 2672 sunt,
2380 2621 2482 2660 non
2513 2604 2639 2659 facti
2678 2620 2894 2673 manum
2923 2604 3066 2673 ferre
3088 2619 3193 2657 non
3234 2612 3489 2673 possunt;
3521 2617 3651 2657 sane
3689 2618 3778 2658 nec

2198 2712 2302 2767 que
2335 2696 2525 2764 Filius,
2552 2695 2667 2765 qui,
2710 2704 2769 2749 ut
2801 2710 2895 2750 vos
2928 2694 3127 2759 dicitis,
3178 2692 3357 2748 factus
3397 2702 3500 2759 est,
3555 2708 3774 2747 manum

2197 2786 2319 2855 ejus
2350 2787 2491 2840 ferre
2514 2786 2730 2856 potuit:
2766 2796 2819 2840 et
2858 2782 2965 2845 alio
3018 2784 3195 2848 medio
3247 2784 3354 2843 erit
3387 2799 3545 2853 opus,
3592 2783 3777 2853 itaque

2196 2880 2299 2948 erit
2338 2878 2390 2933 in
2418 2877 2690 2943 iniinitum
2723 2878 3055 2948 progressio.
3086 2877 3221 2935 Aliis
3249 2876 3379 2944 item
3436 2876 3776 2946 argumentis

2195 2977 2307 3031 Arii
2332 2975 2601 3045 insaniam
2629 2974 2845 3044 depellit
2882 2990 2896 3029 :
2931 2973 2986 3033 Si
3009 2973 3179 3031 Filius
3202 2970 3493 3041 aliquando
3520 2985 3626 3026 non
3651 2970 3775 3039 fuit,

2196 3082 2301 3123 non
2327 3066 2431 3121 fuit
2485 3080 2700 3137 semper
2758 3064 3039 3129 Trinitas;
3094 3062 3257 3116 Pater
3292 3061 3417 3116 item
3448 3076 3557 3132 non
3609 3059 3775 3118 fuerit

507 3145 729 3214 Arianae
789 3148 993 3219 Thalia:
1061 3152 1205 3215 dicta
1252 3153 1757 3227 παρατεθρυμμένα
1811 3157 2088 3225 Σωτάδεια

2196 3175 2409 3229 semper
2435 3158 2621 3224 Pater,
2655 3173 2759 3212 non
2799 3156 3099 3211 exsistente
3139 3154 3312 3218 Filio;
3356 3153 3575 3224 insuper
3606 3152 3769 3209 Pater

511 3249 918 3308 nuncupentur.
966 3239 1171 3297 Callide
1224 3244 1353 3298 item
1387 3247 1550 3301 Arius
1572 3262 1693 3301 eum
1718 3248 1865 3318 vulgi
1904 3249 2089 3305 multi-
2125 3239 2157 3260 ἡ
2195 3251 2362 3307 fuerit
2416 3248 2710 3321 aliquando
2742 3247 2972 3316 ἄλογος,
2997 3246 3107 3300 sine
3149 3246 3322 3301 verbo.
3354 3243 3488 3299 Nam
3525 3245 3775 3300 animad-

508 3328 637 3381 tttdo
691 3332 936 3385 nascenti
994 3333 1187 3388 haresi
1251 3351 1447 3405 nomen
1498 3338 1673 3404 daret,
1739 3341 1981 3399 carmina
2035 3351 2090 3397 et

503 3430 698 3483 cantus
721 3422 1072 3491 popularibus
1101 3426 1417 3496 adornavit,
1448 3429 1646 3503 quibus
1681 3446 1923 3505 errorem
1960 3449 2088 3504 pro-

406 3509 410 3512 ‘
506 3508 720 3578 pinaret
752 3528 906 3567 suum
939 3532 952 3567 :
997 3533 1122 3571 nam
1151 3520 1387 3586 priscum
1416 3531 1501 3574 est
1535 3536 1547 3572 :

576 3599 700 3689 .7337-
732 3602 842 3689 γᾴρ
873 3605 1101 3689 ἁοᾳῖὴν.
1108 3607 1352 3677 μᾶλλον
1384 3612 2081 3689 ᾁπικτίεἰουοζῖἆνθρωποι

600 3674 745 3739 Huc
778 3674 1186 3756 ἀκουόντεοξσι
1217 3679 1482 3749 νεωτάτη
1514 3674 1920 3759 ὰμφιπέλητάι
1950 3689 2051 3758 (ὁ).
2084 3736 2089 3743 .

571 3786 626 3842 3.
674 3787 834 3849 liiscc
864 3792 1030 3859 probe
1072 3792 1141 3848 ad
1186 3794 1482 3862 perniciem
1529 3795 1857 3864 instructus,3
1898 3799 2085 3856 multis

501 3878 672 3939 exitio
698 3880 819 3933 fuit.
854 3879 911 3945 Si
943 3882 1164 3952 quando
1188 3899 1316 3941 vero
1338 3896 1462 3955 post
1488 3886 1603 3943 haec
1626 3887 1713 3945 vel
1743 3890 1858 3958 ipse
1876 3892 2041 3948 Arius
2068 3934 2086 3957 ,

504 3968 589 4025 vel
618 3972 737 4041 ejus
764 3987 1053 4044 sequaces,
1081 3974 1133 4031 in
1163 3975 1286 4037 fidei
1315 3976 1563 4034 formulis
1584 3996 1648 4035 ac
1676 3965 2087 4047 controversiis,

504 4063 749 4131 quaedam
782 4067 867 4120 vel
902 4066 1199 4123 ceiaverint
1228 4084 1473 4139 prorsus,
1525 4072 1613 4126 vel
1649 4075 1950 4148 mitigarint
1985 4117 2002 4140 ,
2034 4076 2087 4131 id

503 4152 656 4209 vafre
677 4166 731 4211 et
754 4156 1144 4227 fraudulenter,
1176 4172 1318 4216 metu
1340 4164 1760 4233 impendentium
1796 4168 2086 4233 malorum,

506 4256 564 4303 ut
594 4247 812 4315 paulum
848 4255 1077 4319 tempori
1100 4255 1492 4309 concederent.
1527 4256 1592 4310 Et
1641 4258 1768 4328 quia
1819 4260 1957 4314 solet
1987 4260 2087 4313 ad-

505 4340 780 4394 versarius
829 4341 921 4396 ille
969 4343 1192 4398 humani
1244 4350 1459 4417 generis
1507 4348 1718 4404 litteras
1776 4366 1961 4409 sacras
1992 4350 2088 4406 ob-

507 4431 731 4484 tendere
759 4432 809 4485 in
835 4431 1081 4486 velamen
1112 4449 1384 4502 errorum,
1404 4436 1587 4501 Arius,
1618 4439 1819 4493 diaboli
1851 4440 2084 4493 versutia

2191 3355 2378 3400 vertas
2412 3344 2594 3409 velim,
2652 3358 2774 3397 eam
2809 3341 2922 3396 Arii
2945 3340 3257 3409 opinionem
3289 3336 3477 3401 fuisse,
3502 3336 3646 3406 quod
3678 3337 3780 3391 Pa.

2193 3449 2275 3494 ter
2308 3437 2470 3493 verba
2513 3435 2679 3490 multa
2709 3431 3043 3502 produxerit.
3088 3431 3221 3498 Qua:
3247 3424 3544 3494 sententia,
3578 3430 3773 3491 utim-

2192 3530 2279 3600 pia
2304 3528 2373 3582 ab
2394 3526 2692 3588 Athanasio
2713 3523 2981 3594 rejieitur,
3001 3537 3067 3588 ae
3093 3522 3290 3587 merito
3313 3521 3568 3589 quidem;
3605 3536 3772 3589 unum

2192 3619 2391 3691 quippe
2426 3618 2478 3670 in
2515 3616 2623 3669 Deo
2654 3612 2889 3679 Verbum
2925 3623 3028 3673 est.
3063 3610 3197 3677 Nam
3244 3611 3387 3669 Deus
3441 3608 3661 3679 sapiens
3687 3620 3785 3666 est

2193 3725 2290 3780 per
2315 3706 2632 3778 sapientiam
2665 3720 2842 3771 suam,
2866 3703 2918 3762 id
2942 3714 3023 3758 est
3053 3716 3148 3773 per
3172 3701 3365 3759 Filium
3396 3716 3410 3754 :
3448 3709 3504 3763 et
3532 3699 3774 3753 rationa-

2190 3798 2259 3865 lis
2288 3813 2385 3868 per
2408 3796 2671 3851 rationem
2698 3810 2872 3859 suam,
2913 3793 2964 3847 id
3003 3803 3087 3849 est
3138 3792 3335 3861 Λόγφν,
3382 3805 3477 3843 seu
3508 3789 3774 3861 Verbum.

2192 3890 2417 3944 Detnum
2447 3887 2491 3941 si
2512 3902 2578 3941 ex
2596 3885 2710 3959 Arrii
2744 3884 2930 3939 furore
2976 3884 3193 3954 aliquod
3231 3890 3541 3949 erumperet
3568 3896 3779 3939 novum,

2191 3987 2589 4049 argumentum,
2618 3974 2800 4030 omnia
2831 3974 3134 4030 Athanasio
3176 3982 3333 4027 erant
3364 3972 3429 4025 ad
3456 3970 3585 4027 illud
3620 3969 3773 4035 frau-

2192 4070 2429 4142 geudum
2455 4067 2730 4137 expedita.
3326 4134 3327 4137 η

2261 4161 2313 4214 4.
2342 4158 2518 4214 Sentit
2549 4159 2788 4214 fortasse
2819 4157 2991 4212 lector
3015 4172 3175 4227 quam
3226 4154 3424 4227 procul.
3473 4154 3773 4213 abducere:

2191 4268 2333 4318 mur,
2360 4252 2403 4305 si
2442 4252 2624 4306 omnia
2646 4248 2931 4306 Athanasii
2956 4257 3297 4319 argumenta,
3341 4247 3385 4303 si
3439 4245 3771 4303 Arianorum

2190 4347 2523 4416 sophismata
2552 4358 2966 4400 recenseretnus
2995 4361 3011 4396 :
3047 4355 3241 4413 quare,
3295 4338 3479 4392 missis
3502 4338 3644 4402 aliis,
3688 4338 3771 4397 vi:

2191 4439 2415 4503 deamqs
2444 4452 2553 4507 quo
2584 4447 2743 4506 pacto
2771 4434 3007 4505 depellat
3039 4444 3415 4503 argumentum
3441 4430 3777 4507 Arianorum

505 4534 658 4585 usus,
691 4522 803 4579 base
837 4539 901 4578 ex
940 4524 1225 4592 Scriptura
1260 4500 1414 4583 sacra
1441 4540 1765 4600 argumenta
1800 4532 2083 4585 mutuaba-
2118 4523 2160 4576 Ι)
2190 4547 2255 4591 ex
2289 4500 2391 4584 hoc
2422 4500 3012 4587 Prove'rbiorumvdieto
3041 4500 3421 4594 depromptum
3452 4540 3465 4575 :
3513 4500 3769 4575 Dciminua

500 4620 589 4669 tur
618 4611 690 4684 (p.
720 4613 873 4687 405),
907 4616 990 4670 his
1034 4614 1198 4672 Verbi
1255 4620 1597 4676 divinitatem
1661 4622 1771 4682 tolli
1817 4623 2081 4692 putabat:

502 4703 752 4760 Dilexisti
807 4708 1077 4775 justitiam
1133 4721 1181 4765 et
1239 4714 1397 4768 odisti
1429 4715 1784 4783 iniquitatem,
1807 4725 2085 4784 propterea

503 4797 655 4847 unxit
686 4807 735 4848 le
768 4796 927 4863 Deus,
957 4800 1098 4855 Deus
1129 4813 1250 4858 tuus
1277 4804 1391 4858 oleo
1425 4805 1646 4868 lwtitite,
1673 4823 1783 4872 prae
1828 4808 2087 4860 consorti-

504 4884 600 4939 bus
627 4886 756 4943 tuis.
808 4888 908 4951 Et,
959 4890 1218 4948 Dominus
1254 4897 1450 4949 creavit
1485 4912 1567 4950 me
1620 4897 1831 4949 initium
1876 4899 2084 4951 uiarum

501 4994 728 5032 suarum
752 4982 807 5034 in
829 4998 986 5052 opera
1013 5002 1131 5040 sua.
1160 4987 1313 5055 item,
1339 4988 1535 5041 Omnia
1564 4988 1690 5040 mihi
1737 4988 1936 5041 tradita
1960 4998 2082 5043 sunt

444 5122 451 5129 .
500 5088 533 5124 α
567 5070 725 5126 Patre
751 5089 882 5130 meo.
906 5075 1004 5131 Et:
1030 5077 1186 5132 Nunc
1212 5080 1388 5131 anima
1420 5095 1532 5131 mea
1561 5079 1772 5132 turbata
1793 5087 1893 5142 est,
1926 5088 2087 5147 atque

501 5162 625 5219 aliis
647 5164 785 5220 bene
810 5167 1014 5223 multis.
1057 5186 1178 5236 quae
1214 5172 1264 5225 in
1291 5172 1472 5233 indice
1498 5181 1756 5237 congesta
1782 5170 1966 5223 videre
1981 5180 2084 5224 est.

500 5248 736 5305 Aiebant
769 5252 895 5307 item
924 5272 937 5309 :
973 5256 1030 5310 Si
1057 5257 1224 5311 Filius
1253 5272 1467 5327 semper
1490 5257 1700 5320 fuisset,
1728 5257 2086 5313 fraterl’atris

500 5341 681 5394 vocari
701 5354 903 5411 posset,
931 5356 1117 5417 utpote
1142 5348 1243 5415 ipsi
1277 5363 1512 5405 coaevus.
1544 5348 1633 5411 Et,
1672 5347 1729 5401 Si
1766 5348 1938 5403 Filius
1967 5365 2083 5418 per-

400 5498 403 5501 _
500 5430 639 5493 fecta
672 5444 820 5490 esset
851 5436 1032 5508 imago
1067 5437 1267 5502 Patris,
1294 5439 1459 5493 etiam
1483 5438 1734 5508 gignendi
1768 5438 2077 5493 facultatem

503 5524 745 5580 haberet.
777 5527 881 5583 Eos
914 5530 1197 5599 perspicue
1234 5527 1428 5583 refellit
1452 5528 1785 5583 Athanasius
1822 5530 1895 5599 (ρ.
1926 5528 2076 5599 940),

572 5713 587 5745 ¹
621 5714 777 5769 Prov.
809 5734 924 5781 \‘ili,
955 5722 1045 5773 22.

574 5828 652 5901 (α)
678 5829 877 5890 Contra
913 5836 1247 5894 Ennomium.

2192 4624 2381 4675 creauit
2409 4637 2490 4675 me
2540 4622 2749 4677 initium
2807 4621 3009 4671 viarum
3049 4633 3267 4670 suarum
3324 4618 3376 4667 in
3413 4629 3571 4680 opera
3599 4629 3699 4667 sua
3726 4613 3767 4665 ⁸.

2192 4715 2355 4769 insita
2385 4713 2661 4774 hominum
2698 4711 2970 4765 mentibus
3018 4718 3101 4762 est
3130 4708 3334 4776 opinio,
3388 4705 3767 4763 Athanasium,

2192 4808 2237 4861 si
2270 4806 2533 4865 Hebraice
2563 4805 2770 4874 peritus
2798 4802 3013 4865 fuisset,
3068 4801 3112 4854 si
3140 4814 3323 4853 veram
3376 4796 3598 4864 hujusce
3639 4795 3777 4853 dicti,

2193 4897 2516 4977 sententiam
2558 4895 2820 4948 tenuisset
2871 4903 3016 4977 D‘l’p
3060 4900 3190 4950 D'Tt
3234 4896 3435 4953 nuru-1
3483 4896 3601 4951 ωδ
3643 4892 3775 4947 ττι-ι’.

2191 4998 2311 5050 ml:
2345 4971 2550 5049 1353.131:
2582 5001 2701 5055 qua!
2738 4995 2858 5041 est:
2894 4971 3149 5046 Dominus
3182 4984 3414 5052 possedit
3456 4998 3535 5038 me
3559 4981 3771 5037 initium

2189 5083 2286 5134 vite
2312 5095 2423 5132 sua:
2456 5087 2579 5131 ante
2603 5094 2762 5145 opera
2791 5094 2889 5131 sua
2916 5093 2980 5134 ea:
3004 5086 3145 5141 tunc,
3187 5091 3298 5131 non
3327 5082 3537 5131 tantum
3567 5071 3771 5126 laboris

2189 5176 2562 5236 suscepturum
2592 5167 2758 5222 fuisse
2782 5169 2832 5221 in
2862 5168 3170 5222 enervando
3190 5173 3512 5236 argumento
3535 5164 3773 5218 Ariano-

2190 5274 2331 5322 rum,
2355 5258 2446 5328 qui
2478 5259 2680 5313 dictum
2710 5258 3020 5326 hujusmodi
3056 5276 3069 5311 :
3130 5255 3389 5310 Dominus
3415 5256 3610 5309 creavit
3667 5270 3767 5316 me,

2188 5350 2254 5403 ad
2296 5348 2489 5403 Filium
2548 5351 2687 5404 inter
2718 5361 2933 5406 creatas
2995 5363 3081 5402 res
3133 5346 3639 5402 connumerandum
3676 5346 3771 5399 de-

2190 5441 2531 5510 torquebant.
2568 5440 2767 5497 Verum
2800 5454 3063 5511 perquam
3118 5436 3281 5492 facile
3317 5435 3618 5491 Athanasio
3668 5433 3771 5490 fuit
3870 5494 3873 5497 _

2185 5547 2250 5586 ex
2274 5531 2616 5601 Origenianis
2646 5533 2927 5603 Hexaplis,
2974 5545 3094 5599 quas
3126 5542 3290 5599 penes
3343 5527 3518 5597 ipsum
3570 5534 3771 5590 erant,

2263 5838 2334 5906 (b)
2366 5836 2555 5904 Odyss.
2584 5834 2648 5891 Α.
