3998 6516
1176 393 1544 448 PREFATIO
1585 393 1934 450 EDITIONIS
1972 394 2479 453 BENEDICTIN/ﬁ.

3259 426 3436 468 XXXI"

165 532 456 592 germanam
490 514 817 571 Hebraicz:
847 517 1100 571 lectionis
1145 517 1468 570 sententiam
1507 516 1764 578 mutuari.
1799 522 1840 575 Α
1873 515 2129 572 btet-eses.
2165 517 2253 571 llle
2287 534 2440 582 vero,
2469 519 2795 590 impietatem
2829 538 2982 579 suam
3006 541 3071 582 ex
3097 529 3438 598 superiorum

169 613 223 664 At
247 611 472 663 fortasse
521 609 576 661 id
619 623 744 662 non
810 610 952 663 tanti
1001 609 1250 678 ponderis
1299 607 1540 662 futurum
1600 621 1759 672 erat,

169 703 329 772 quanti
362 701 735 755 arbitrantur
772 701 880 754 illi.
923 701 1053 754 Nam
1096 716 1197 753 una
1235 700 1589 769 Septuaginta
1621 701 1764 754 viro-

171 811 267 847 rum
295 791 700 860 interpretatio
738 793 797 846 itt
826 793 1070 847 Ecclesia
1105 793 1289 847 Grmca
1326 793 1623 857 obtinebat,
1661 809 1762 847 nec

170 885 391 941 sedandae
417 885 848 938 controversiae
885 897 1040 949 pares
1077 894 1231 938 erant
1262 883 1469 952 Aquila:
1500 885 1763 937 aliorum-

169 992 253 1045 que
287 978 660 1043 interpretum
722 975 1039 1027 versiones.
1073 974 1236 1040 (Zujus
1294 975 1370 1027 rei
1405 974 1456 1028 id
1501 975 1760 1028 indicium

170 1077 232 1122 est
262 1067 656 1134 conspicuum,
701 1066 865 1134 quod
905 1064 1165 1119 Eusebius
1191 1063 1476 1132 Pamphili,
1505 1080 1614 1134 quo
1644 1080 1763 1120 sese

169 1175 216 1213 ex
245 1160 335 1212 hac
359 1156 704 1212 difficultate
741 1159 1036 1227 expediat,
1080 1172 1184 1212 non
1219 1155 1539 1211 Hebraicam
1576 1157 1763 1212 lectio—

169 1271 287 1317 nem,
322 1269 424 1307 non
455 1252 822 1324 Origeniana
863 1254 1133 1323 Ilexapla,
1162 1269 1279 1322 quae
1305 1263 1484 1308 tamen
1511 1255 1763 1324 frequens

168 1347 238 1400 ille
262 1346 460 1410 adibat,
493 1346 548 1398 in
605 1346 876 1400 medium
929 1346 1202 1412 attulerit;
1229 1347 1324 1402 sed
1354 1347 1760 1416 interpretatio~

168 1452 266 1491 nem
300 1437 529 1498 dederit,
560 1437 990 1490 Atltanasianae
1019 1436 1298 1490 ﬁnitimam
1344 1438 1442 1504 (a).
1472 1436 1670 1490 Verum
1704 1447 1758 1491 ut

167 1538 213 1581 ut
237 1529 320 1590 sit,
357 1538 756 1597 opportunam
795 1528 1138 1582 Athanasius
1196 1528 1321 1581 huic
1350 1530 1631 1582 sententia:
1665 1544 1759 1583 ex-

166 1619 480 1689 plicationem
509 1621 884 1689 suppeditat,
911 1620 1035 1673 dum
1067 1621 1142 1674 ait
1167 1621 1263 1675 has
1285 1635 1467 1686 voces,
1498 1621 1621 1689 feci,
1640 1639 1759 1689 pos-

166 1714 271 1778 udi,
299 1711 493 1780 peperi,
531 1711 800 1781 idipsum
830 1713 888 1765 in
923 1706 1215 1780 Scripturis
1246 1713 1564 1783 plerumque
1589 1715 1758 1784 signi-

167 1802 323 1864 ﬁcare,
358 1811 410 1855 et
447 1802 521 1856 ad
579 1817 711 1856 rem
748 1802 996 1871 perbelle
1043 1803 1146 1856 hoc
1178 1801 1452 1859 Geneseos
1506 1805 1757 1873 exemplo

166 1896 308 1948 utitur
356 1892 430 1964 (p.
475 1892 668 1965 373):
720 1892 959 1948 Possedi
1007 1896 1266 1948 heminam
1315 1911 1408 1962 per
1446 1896 1635 1961 Deum,
1669 1898 1758 1953 ubi

165 1986 362 2052 praedi,
401 1985 552 2040 idem
586 1994 684 2041 est
716 1985 875 2055 quod
911 1988 1104 2056 genui;
1139 1989 1280 2055 quod
1312 1988 1516 2043 referas
1542 1991 1668 2044 item
1693 1992 1760 2046 ad

167 2091 261 2129 eam
285 2077 627 2130 sententiam
667 2092 684 2130 :
721 2072 994 2130 Dominus
1019 2080 1247 2144 possedit
1276 2095 1357 2132 me
1375 2080 1529 2134 initio
1559 2083 1760 2136 viarum

168 2183 374 2222 mrum.
412 2166 556 2222 Nam
605 2170 927 2239 utrobique
961 2167 1193 2223 Verbum
1223 2172 1329 2257 mp
1361 2171 1578 2242 legitur.
1606 2174 1762 2228 Aria-

169 2277 328 2314 norum
363 2276 494 2316 vero
523 2261 852 2326 sententia,
891 2275 1053 2329 quam
1085 2263 1270 2331 paucis
1295 2279 1457 2332 supra
1491 2265 1760 2334 complexi

169 2369 342 2417 sumus,
378 2370 486 2408 non
519 2369 635 2408 una
671 2369 905 2422 semper
937 2352 1036 2406 fuit
1068 2371 1080 2407 :
1112 2354 1236 2408 dum
1270 2355 1413 2409 enim
1434 2368 1680 2411 manaret
1705 2357 1758 2411 in

169 2444 479 2512 diesiatius,
519 2445 619 2499 alii
663 2445 781 2498 alia
836 2445 1338 2514 apprehenderunt,
1375 2459 1426 2501 et
1475 2448 1526 2501 in
1579 2450 1760 2504 Varias

169 2537 415 2602 Opiniones
443 2537 724 2591 distracti
783 2545 921 2590 sunt
954 2552 969 2588 :
1028 2537 1181 2591 multi
1218 2537 1437 2607 quippe,
1489 2554 1593 2593 non
1627 2555 1761 2608 qna-

171 2625 378 2682 lisinitio
427 2629 759 2698 prodierat,
795 2627 1036 2682 haeresin
1070 2628 1446 2694 vindicabant,
1499 2631 1591 2686 sed
1630 2646 1761 2700 quo-

172 2718 269 2770 tiam
300 2718 586 2773 delinitam
629 2718 947 2772 verborum
987 2717 1189 2773 colore.
1224 2716 1335 2772 Soli
1370 2731 1498 2773 vero
1547 2719 1758 2775 Aetiani

173 2809 460 2865 etAnommi
519 2807 1054 2864 dissimilitudinem
1105 2808 1425 2862 substantia:
1453 2824 1761 2880 propugna-

173 2902 293 2963 bant,
316 2902 440 2954 dum
499 2901 598 2955 alii
639 2911 967 2969 temporum
1005 2899 1298 2952 conditioni
1335 2913 1459 2955 sese
1484 2901 1760 2971 adtempe-

174 3002 339 3055 rantes,
377 3003 434 3046 ut
464 3008 662 3047 rerum
700 3001 941 3046 eventus
971 2989 1198 3054 ferebat,
1239 2992 1358 3060 plus
1397 2993 1644 3047 minusve
1669 2995 1762 3048 de-

175 3082 417 3136 traherent
445 3097 512 3136 ex
563 3095 841 3136 errorum
877 3079 1128 3148 perﬁdia.
1158 3079 1294 3134 Orso
1323 3090 1502 3134 autem
1537 3081 1760 3136 dissidio

174 3172 466 3228 Semiariani
538 3175 614 3228 ab
655 3173 921 3235 Arianis,
951 3172 1188 3240 priscum
1229 3173 1610 3239 retinentibus,
1637 3174 1762 3227 abs-

173 3278 440 3321 cesserunt.
478 3268 665 3322 Erant
695 3280 871 3335 porro
908 3263 1232 3319 Semiariani
1261 3266 1293 3319 ii
1323 3267 1439 3335 qui,
1470 3267 1758 3335 repudiato

170 3357 426 3428 ὀμοσδσῐῳ,
453 3359 668 3414 Filium
705 3354 1076 3427 ὁμοιοούσιον,
1128 3356 1242 3409 sive
1274 3359 1578 3411 substantia
1608 3358 1759 3412 simi-

172 3452 250 3502 lem
270 3467 384 3506 esse
410 3452 862 3522 profitebantur.
906 3447 1078 3514 Quam
1114 3451 1437 3504 sententiam
1463 3466 1568 3504 non
1603 3452 1759 3521 peni-

172 3551 240 3596 tas
264 3545 531 3610 improbat
552 3542 932 3606 Athanasius,
961 3557 1059 3596 nec
1088 3541 1187 3596 nisi
1221 3552 1278 3596 ut
1312 3543 1489 3598 minus
1513 3543 1756 3599 idoneam

172 3636 362 3701 respuit.
399 3635 583 3688 Erant
629 3643 825 3688 tamen
870 3648 938 3686 ex
987 3632 1488 3689 Seminarianortttn
1548 3651 1709 3709 grege
1742 3677 1759 3704 ,

170 3724 240 3788 qui
263 3727 480 3780 obtentu
514 3727 832 3780 verborum
865 3723 992 3780 fuco
1018 3726 1068 3778 in
1095 3725 1208 3779 Arii
1238 3724 1570 3794 impietatem
1594 3741 1753 3800 pror-

172 3829 246 3868 sus
279 3818 693 3873 relaberentur.
730 3816 852 3870 Etsi
887 3817 1033 3870 enim
1067 3816 1283 3870 aiebant
1307 3817 1499 3874 Filium
1529 3835 1648 3875 esse
1681 3819 1758 3876 si?

171 3907 320 3963 utilem
346 3911 524 3978 Patri,
561 3919 621 3963 at
656 3922 939 3964 censensu
978 3917 1029 3962 et
1060 3907 1332 3963 voluntate
1363 3919 1591 3978 tantum,
1650 3929 1754 3967 non

170 4012 318 4058 autem
353 4016 562 4059 natura
574 4043 590 4058 ο

226 4094 270 4148 5.
296 4095 364 4150 Ex
399 4097 762 4166 inauspicata
827 4094 1137 4164 ltujusmodi
1199 4097 1380 4152 radice
1439 4097 1758 4166 prodierunt

173 4183 276 4238 item
305 4186 844 4248 f'nenmatomachi,
880 4185 1125 4255 principe
1163 4186 1478 4242 Macedonio
1502 4189 1757 4258 episcopo

169 4275 798 4348 Constantinopolitano.
825 4277 891 4331 Hi
913 4279 1156 4346 ingentes
1188 4279 1239 4331 in
1267 4277 1487 4333 Oriente
1514 4290 1677 4348 atque
1703 4281 1754 4334 in

172 4362 374 4438 Egyplo
405 4371 612 4423 turbas
665 4368 968 4433 dederunt,
1014 4369 1138 4420 dum
1199 4368 1444 4422 dicerent
1497 4369 1754 4438 Spiritum

171 4469 388 4515 sanctum
428 4474 568 4516 esse
605 4474 725 4513 rem
760 4467 1032 4523 creatam,
1084 4471 1359 4526 unumque
1404 4472 1472 4511 ex
1520 4458 1754 4512 admini-

171 4549 275 4602 stris
289 4553 602 4620 spiritibus,
622 4550 774 4604 Patri
793 4549 1135 4617 dissimilem,
1154 4558 1257 4604 etc.
1282 4549 1412 4603 Rem
1432 4559 1490 4604 ut
1522 4551 1752 4619 primum

169 4646 346 4711 accepit
379 4643 735 4699 Athanasius
765 4684 782 4707 ,
813 4642 1092 4697 indicante
1159 4645 1460 4716 Serapione
1517 4644 1749 4700 Thmui--

169 4742 272 4788 lano
293 4738 585 4807 episcopo,
632 4744 960 4790 nascentem
1006 4734 1257 4801 hmresin,
1288 4734 1472 4789 missis
1499 4735 1561 4787 ad
1595 4750 1750 4788 eum-

166 4827 263 4880 dem
291 4829 666 4898 Serapionem
701 4827 932 4890 litteris,
955 4826 1201 4895 pluribus
1227 4828 1535 4897 exagitavit.
1575 4826 1752 4882 Novos

167 4929 319 4975 autem
359 4922 652 4991 lucifugae
711 4919 1079 4989 Tropicorum
1131 4919 1348 4973 nomine
1408 4921 1748 4983 insectatur,

166 5015 266 5078 qia
289 5015 471 5088 tropis
498 5014 805 5085 figurisque
829 5026 1019 5066 sacras
1045 5010 1666 5066 adulterabantlitteras.
1687 5008 1751 5064 ili

166 5098 376 5176 Tropici,
419 5107 636 5161 exArio
661 5101 946 5176 prognati,
981 5116 1098 5153 cum
1119 5102 1333 5155 Arianis
1365 5102 1600 5156 maxima
1630 5115 1755 5172 pars

166 5199 579 5256 consentiebant.
612 5196 754 5252 Nam
795 5193 1015 5264 plurimi
1040 5193 1370 5246 Arianorum
1421 5193 1535 5261 pari
1566 5193 1620 5246 in
1652 5191 1746 5245 Fi-

167 5288 272 5343 lium
297 5303 462 5363 atque
497 5293 552 5345 in
583 5289 866 5359 Spiritum
901 5294 1146 5338 sanctum
1189 5287 1408 5338 vesania
1443 5286 1751 5341 debaccha-

167 5382 358 5437 ικιηιητ,
385 5383 554 5436 Arius
582 5381 782 5451 igitur,
821 5376 913 5445 qui
946 5383 1004 5426 ιιι
1036 5375 1215 5427 novati
1246 5375 1513 5442 dogmatis
1569 5375 1741 5442 suspi-

165 5475 354 5528 cionem
393 5474 732 5534 declinaret,
763 5469 820 5522 in
847 5467 982 5521 alios
1035 5467 1318 5520 haereticos
1357 5466 1744 5520 declamitabat

164 5565 374 5632 assidue,
405 5566 816 5624 hereticorum
847 5560 965 5628 ipse
1007 5559 1334 5613 deterrimus
1374 5558 1495 5611 fuit.
1536 5558 1575 5612 Α
1635 5573 1744 5627 quo

163 5655 311 5714 ferme
335 5673 507 5716 ortum
532 5661 759 5714 duxere
797 5665 991 5706 omnes
1026 5653 1201 5720 quarti
1249 5661 1302 5705 et
1329 5650 1507 5720 quinti
1560 5649 1742 5706 saeculi

219 5865 288 5934 in)
316 5863 502 5926 Euseb.
533 5858 826 5933 Pamphil.
861 5867 1042 5914 contra
1086 5857 1421 5924 Marcellum,
1450 5856 1623 5948 p245.
1711 5922 1714 5923 ν

1872 614 2088 657 aetatum
2120 606 2386 662 haereticis
2411 609 2685 674 hauserat,
2705 620 2758 664 et
2780 613 3217 683 simplicioribus,
3243 621 3438 688 quibus

1873 711 1968 764 per
1998 698 2160 751 animi
2193 699 2614 756 imbecillitatem
2642 720 2744 758 nott
2773 704 3177 763 licebatbo’nam
3211 727 3238 764 a
3275 727 3440 780 prava

1873 785 2118 839 doctrina
2152 789 2540 856 internoscere,
2574 790 2823 848 haustum
2877 811 3141 851 venenum
3189 802 3443 869 propina-

1874 874 1985 928 bat.
2041 876 2104 929 Et
2152 894 2276 932 vero
2329 880 2459 949 quid
2511 897 2577 936 ex
2632 885 2871 953 qualibet
2936 887 3126 942 haeresi
3165 901 3443 945 mutuatus

1872 969 2038 1022 Arius
2069 970 2158 1032 sit,
2195 971 2374 1026 obiter
2398 988 2787 1030 commemorat
2818 979 3164 1034 Athanasius.
3189 981 3312 1036 Haec
3343 999 3442 1037 nos

1873 1063 2058 1131 paucis
2111 1062 2298 1117 lectori
2335 1067 2402 1120 ob
2447 1069 2634 1121 oculos
2675 1084 2956 1138 ponemus,-
3011 1073 3121 1126 orsi
3158 1073 3226 1127 ab
3257 1075 3322 1130 iis
3351 1076 3442 1147 qui

1871 1151 2061 1220 primis
2109 1153 2363 1210 Ecclesiae
2420 1160 2749 1226 temporibus
2816 1177 2984 1216 novas
3043 1165 3332 1234 opiniones
3388 1166 3442 1221 in

1870 1242 2229 1298 Christianum
2253 1246 2435 1299 orbem
2464 1248 2804 1308 invexerunt.

1940 1333 1991 1388 6.
2018 1333 2281 1388 Basilides
2314 1339 2534 1405 putabat
2588 1344 2808 1410 angelos
2856 1347 3130 1400 creavisse
3184 1352 3446 1408 mundum

1872 1423 1944 1496 (p.
1979 1424 2125 1496 586),
2158 1428 2240 1480 cui
2273 1428 2374 1482 hac
2411 1429 2462 1481 in
2488 1440 2645 1498 parte
2680 1433 2862 1488 aiiines
2894 1437 3078 1491 Ariani
3109 1445 3447 1511 erant,quod

1869 1517 1968 1587 ipsi
1996 1515 2177 1571 aFilio
2210 1519 2325 1583 Dei,
2358 1536 2438 1586 re,
2472 1531 2526 1574 ut
2552 1521 2711 1590 impie
2736 1527 3260 1600 tlichant,condita,
3291 1551 3447 1590 mun-

1869 1607 1993 1660 dum
2022 1618 2263 1661 creatum
2303 1608 2475 1665 fuisse
2506 1616 2928 1672 arbitrarentur.
2985 1619 3222 1688 ldipsum
3268 1624 3452 1679 docuit

1867 1696 2220 1765 Carpocrates
2283 1707 2361 1770 (p.
2408 1703 2557 1773 364),
2593 1705 2820 1778 ideoque
2852 1724 2975 1764 cum
3005 1711 3119 1766 Arii
3177 1717 3450 1786 magistris

1866 1787 2359 1842 connumerandus.

1794 1877 1834 1932 Β
1934 1874 1987 1929 7.
2024 1873 2338 1934 Valentinus
2373 1896 2479 1936 non
2511 1884 2669 1939 modo
2701 1886 2921 1956 angelos
2951 1905 3167 1949 creasse
3186 1897 3448 1952 mundum

1867 1969 2206 2060 autumabat,
2237 1983 2423 2027 verum
2456 1979 2622 2030 etiam
2673 1977 2950 2036 Christum
3005 1985 3243 2054 ejusdem
3284 2000 3448 2060 atque

1863 2059 2082 2126 angelos
2117 2064 2332 2130 generis
2369 2078 2511 2131 esse,
2553 2075 2718 2137 atque
2779 2086 2840 2124 ea
2890 2074 2941 2127 in
2990 2090 3046 2128 re
3077 2079 3324 2144 proxime
3363 2059 3447 2134 ad

1863 2146 2117 2237 Arianam
2145 2150 2373 2205 ltzeresin
2403 2157 2637 2210 accessit
2673 2157 2749 2228 (p.
2775 2158 2903 2225 564,
2946 2162 3096 2232 586).
3136 2167 3252 2220 Duo
3298 2169 3447 2237 prin-

1862 2236 1998 2306 cipia
2030 2238 2082 2290 in
2118 2240 2226 2294 Deo
2263 2245 2590 2312 purgabatur,
2629 2262 2731 2310 qua
2766 2248 2818 2302 in
2865 2262 3020 2320 parte
3056 2269 3180 2310 cum
3224 2236 3444 2311 Arianis

1864 2325 1992 2380 item
2018 2331 2289 2383 consentit
2322 2352 2336 2385 :
2387 2333 2420 2385 ii
2458 2349 2691 2404 namque
2740 2352 2863 2392 cum
2911 2340 3109 2395 Filium
3150 2344 3381 2401 diversa:
3415 2365 3442 2400 a

1864 2414 2024 2471 Patre
2056 2430 2263 2474 natura:
2293 2437 2413 2475 esse
2443 2425 3011 2495 con'tminiscerentnr,
3045 2442 3096 2487 et
3134 2445 3313 2491 tamen
3352 2438 3442 2495 Fl-

1862 2507 1990 2562 lium
2023 2509 2218 2582 ἀρχήν,
2247 2514 2576 2584 principium
2612 2532 2792 2573 rerum
2843 2533 3152 2579 creaturam
3208 2542 3331 2584 esse
3361 2532 3444 2587 die

1863 2612 2048 2655 cerent
2081 2604 2159 2671 (p.
2189 2606 2338 2675 6H),
2374 2607 2482 2661 duo
2531 2611 2790 2681 principia
2845 2631 3042 2683 genere
3079 2619 3443 2690 discrepantia

1867 2693 2222 2753 inducebant.
2264 2697 2346 2751 Ad
2400 2700 2515 2754 haec
2578 2700 2944 2761 Valentiniani
2997 2710 3208 2767 litteras
3257 2729 3443 2772 sacras

1864 2787 2243 2842 adulterabant
2267 2789 2343 2860 (p.
2378 2790 2528 2861 503),
2563 2794 2613 2846 in
2651 2809 2757 2864 quo
2781 2797 2972 2853 iisdem
3008 2801 3223 2858 finitimi
3252 2807 3440 2863 Ariani

1864 2885 2038 2940 erant,
2072 2877 2162 2946 qui
2221 2877 2348 2933 licet
2401 2881 2570 2948 ipsam
2627 2882 3032 2954 Scripturarum
3069 2891 3306 2948 litteram
3337 2912 3443 2950 mt-

1865 2965 2008 3018 nime
2046 2966 2321 3032 vitiarent,
2364 2969 2744 3027 adulterabant
2785 2984 2962 3031 tamen
2992 2981 3059 3033 ad
3093 2997 3314 3050 pravam
3343 2987 3442 3040 do-

1865 3056 2092 3110 ctrinam
2141 3059 2538 3127 detorquendo.
2595 3061 2705 3118 llac
2733 3065 2785 3118 in
2816 3081 2873 3120 re
2902 3083 3116 3138 quoque
3140 3088 3260 3126 cum
3311 3075 3442 3130 Aria

1864 3163 2130 3207 censonat
2162 3152 2484 3210 Valentinus
2519 3158 2596 3226 (p.
2630 3158 2778 3228 486),
2813 3163 2955 3228 quod
2987 3163 3147 3217 Atius
3175 3166 3288 3218 sive
3325 3166 3441 3234 ejus

1787 3242 1829 3299 C
1861 3258 2126 3313 sequaces
2159 3244 2346 3300 Ariani
2382 3248 2490 3302 duo
2526 3251 2687 3304 verba
2737 3253 3137 3319 praedicitrent:
3188 3255 3330 3310 aliud
3385 3259 3441 3311 in

1862 3334 2043 3399 Patre,
2076 3335 2380 3390 ἐνδιάθετον
2407 3337 2636 3406 scilicet,
2669 3341 2786 3396 sive
2815 3342 3094 3397 internum
3122 3359 3137 3408 ;
3163 3344 3308 3399 aliud
3339 3362 3438 3400 cx-

1862 3437 1945 3483 tra
1981 3429 2199 3483 Patrem
2232 3431 2564 3503 προφορικόν
2597 3445 2992 3503 nuncupatum,
3047 3438 3162 3492 sive
3204 3438 3436 3509 prolati-

1864 3521 1993 3575 tium
2029 3533 2124 3574 aut
2164 3532 2472 3591 externum,
2500 3539 2619 3594 qua:
2655 3534 2832 3580 tamen
2875 3542 3038 3582 voces
3069 3543 3172 3582 non
3207 3543 3272 3583 ex
3324 3532 3439 3586 Arii

1860 3611 2071 3667 olllcina
2105 3613 2380 3682 profectae,
2421 3617 2515 3671 sed
2549 3615 2716 3670 multo
2738 3618 3083 3686 antiquiores
3114 3630 3277 3686 sunt;
3335 3620 3438 3674 Va-

1860 3706 2096 3762 lentinus
2121 3717 2302 3762 autem
2330 3709 2670 3778 Unigcnitutn
2703 3719 2859 3764 vocat
2906 3711 3031 3764 νοῦν
3056 3727 3148 3766 seu
3179 3722 3438 3777 mentem,

1860 3809 2022 3866 atque
2047 3799 2114 3854 ab
2138 3815 2202 3854 eo
2241 3799 2399 3869 λόγον
2440 3802 2737 3870 procedere
2783 3803 2941 3868 dicit,
2996 3818 3116 3873 quae
3163 3804 3436 3858 sententia

1861 3907 1984 3946 eum
2022 3894 2222 3947 Ariana
2259 3893 2428 3964 probe
2452 3902 2736 3949 consonat.
2761 3896 2892 3949 Cum
2927 3895 3440 3952 Pnenmatomacbis

1861 3986 1986 4039 item
2018 3987 2150 4040 mira
2191 3985 2478 4041 Valentino
2508 3986 2745 4041 afﬁnitas
2779 3987 2857 4058 (p.
2887 3988 3053 4058 527);
3087 3988 3163 4040 ait
3195 3989 3392 4058 quippe
3419 4001 3440 4042 τ

1858 4075 2024 4130 Misso
2050 4077 2360 4144 Paracleto,
2396 4095 2499 4133 una
2537 4094 2657 4133 cum
2701 4094 2766 4135 eo
2809 4093 3022 4134 comvos
3058 4079 3159 4147 ipsi
3214 4079 3438 4150 angelos

1860 4168 2028 4222 fuisse
2064 4171 2281 4236 missos,
2343 4169 2418 4223 illi
2481 4185 2610 4225 vero
2644 4171 3079 4225 COll’tﬂlllllSli‘llln
3113 4170 3431 4239 angelorum

1861 4259 2119 4328 Spiritum
2179 4273 2427 4318 sanctum
2477 4277 2599 4318 esse
2663 4263 2826 4331 impie
2857 4262 3435 4316 comminiscebantur.

1859 4337 2209 4408 Valentinum.
2249 4356 2301 4409 in
2354 4356 2561 4410 crimen
2614 4357 2884 4410 vocabant
2939 4355 3128 4409 Ariani
3166 4355 3243 4424 (p.
3272 4354 3434 4427 i583),

1858 4448 1999 4515 quod
2026 4445 2304 4501 docuisset
2335 4446 2534 4502 Filium
2572 4463 2690 4502 esse
2715 4447 2893 4503 Patris
2921 4446 3214 4519 προϐολήν,
3259 4447 3309 4499 id
3333 4456 3435 4509 est,

1861 4552 1976 4592 rem
2005 4540 2281 4603 emissam,
2309 4554 2429 4608 quae
2458 4549 2640 4592 tamen
2670 4539 2964 4602 sententia,
2994 4537 3097 4590 nisi
3133 4538 3202 4590 ab
3260 4538 3437 4591 hatre-

1862 4631 1999 4695 ticis,
2027 4642 2282 4699 corrupta
2308 4639 2490 4684 mente
2515 4630 2782 4699 praeditis,
2815 4645 2878 4682 ac
2909 4629 2997 4681 vis
3035 4627 3313 4695 quidpiam
3341 4642 3423 4680 sa-

1857 4738 1983 4778 num
2017 4722 2429 4776 admittentibus
2453 4722 2697 4791 proiecta
2727 4729 2891 4786 esset,
2917 4719 3149 4789 benigne
3202 4719 3436 4775 fortasse

1855 4813 2112 4881 explicari
2147 4824 2346 4882 posset.
2373 4812 2502 4867 Erat
2529 4813 2656 4866 item
2686 4811 3004 4865 Valentinus
3034 4827 3097 4865 ex
3124 4826 3313 4866 eorum
3340 4828 3436 4865 nu-

1859 4923 2026 4971 mero,
2052 4907 2142 4976 qui
2169 4907 2412 4962 dicerent
2433 4903 2708 4961 Christum
2731 4904 2950 4976 δοκήσει
2969 4914 3176 4958 tantum
3200 4903 3432 4975 (p.728),

1860 5003 1911 5058 id
1951 5012 2054 5070 est,
2089 5001 2200 5056 sola
2227 5001 2406 5070 specie
2439 5008 2493 5054 et
2522 5000 2804 5070 phantasia
2832 5001 3045 5053 venisse
3073 4999 3124 5051 in
3154 4998 3432 5060 mundum;

1862 5103 2227 5151 commentum
2271 5092 2557 5147 Valentino
2581 5092 2892 5160 antiquius,
2937 5102 2992 5145 et
3037 5100 3158 5162 post
3189 5088 3434 5145 Valenti-

1859 5205 1983 5243 num
2020 5188 2164 5240 inter
2216 5184 2622 5239 Dirrrtnritarum
2680 5199 2896 5238 errores
2952 5193 3430 5237 connutneratunt.

1855 5279 2121 5334 Putabant
2153 5277 2279 5330 item
2313 5277 2673 5330 Valentiniani
2712 5278 2787 5345 (p.
2823 5274 2946 5344 715)
2973 5274 3192 5327 Patrem
3220 5282 3272 5324 et
3309 5271 3431 5339 Spi-

1855 5372 2016 5424 ritum
2047 5377 2294 5423 sanctum
2325 5376 2564 5435 gestasse
2598 5382 2839 5420 carnem.
2874 5365 2939 5420 Et
2972 5365 3015 5418 si
3040 5374 3427 5427 nonnunquam

1850 5463 1918 5518 iis
1967 5461 2257 5533 pugnantia
2307 5463 2508 5514 sentire
2540 5459 3042 5529 deprehendantur,
3094 5454 3143 5506 id
3188 5451 3429 5504 solemne

1855 5556 2126 5612 haereticis
2161 5563 2264 5622 est,
2303 5565 2380 5616 ut,
2411 5553 2615 5607 amisso
2643 5550 2808 5606 semel
2857 5548 3104 5601 veritatis
3161 5541 3380 5595 tramite
3406 5581 3425 5605 ,

1854 5651 1959 5706 huc
2001 5646 2124 5704 illuc
2149 5648 2426 5713 aberrent,
2465 5655 2518 5700 ot
2551 5659 2617 5699 ne
2644 5657 2824 5698 secum
2859 5637 3075 5707 quidem
3120 5633 3427 5689 consistere
